2498 4075
461 215 614 281 Epist.
650 214 813 266 Anat.
850 211 1066 267 Medica
1101 209 1307 264 XXVI.
1346 208 1469 262 Art.
1489 210 1566 263 26.
1588 210 1641 261 ὅ(
1663 224 1742 270 27.

82 308 132 331 ma
163 293 347 338 priusquam
380 292 498 327 thorax
520 292 729 334 attingeretur
750 313 760 329 ,
795 293 944 334 utrinque
963 316 975 331 ,
1017 301 1081 323 non

81 337 239 372 ascendere
267 360 275 374 ‚
309 337 358 370 sed
382 336 548 369 concidere
571 348 579 366 ι
604 333 689 377 quod
711 333 732 367 fi
756 336 904 367 extremis
927 335 992 368 illis
1015 335 1082 367 die-

83 384 138 416 bus
163 382 359 423 aliquatenus
382 380 446 424 jam
469 379 535 413 fieri
560 379 722 425 inceperat
745 401 757 417 ,
788 378 830 411 ob
854 380 919 410 vim
944 378 971 410 se
997 377 1083 410 resti-

85 423 194 459 tuendi
231 426 263 455 in
286 424 373 457 illius
406 423 555 457 musculis
578 421 772 454 infirmatam
796 433 806 459 3
841 421 936 453 facile
959 420 1046 454 vides
1071 443 1082 459 ‚

83 480 130 502 eas
153 467 402 511 diaphragmatis
426 475 528 508 partes
552 462 634 498 unde
655 464 741 506 jecur
766 476 823 506 per
833 463 1019 503 dexterum,
1042 463 1080 496 si—

82 511 275 553 nistrumque
298 511 461 544 vinculum
484 532 492 545 ‚
529 511 561 541 δε
584 508 646 539 lien
670 519 797 551 quoque
828 518 881 549 per
903 507 993 541 suum
1017 507 1080 541 sus-

84 554 266 596 penduntur
281 578 292 594 ,
315 553 431 587 horum
453 552 605 585 viscerum
635 550 770 591 pondere
792 550 876 583 trahi
898 550 1042 585 deorsum
1066 573 1079 590 ,

81 597 235 640 simulque
257 597 353 630 costas
382 619 392 635 ,
422 596 540 638 quippe
564 593 801 636 diaphragma&
825 605 957 627 annexas
975 617 988 635 ,
1021 594 1083 626 hoc

81 641 169 684 sequi
192 640 350 673 debuisse·
445 645 450 648 “

128 688 178 716 26.
203 687 366 717 Caeterum
388 683 421 715 in
446 681 532 714 casus
555 682 596 715 iis
619 681 734 714 similes
757 681 813 723 qui
839 692 854 712 a
877 679 968 713 nobis
992 679 1080 722 supra

80 727 229 769 descripti
254 727 345 763 sunt,
373 734 460 758 antea
485 736 610 767 quoque
635 726 714 757 alios
737 722 881 757 incidisse
898 746 910 762 ‚
932 735 971 756 ex
993 732 1082 766 parte

81 771 225 811 scimus,
247 782 285 803 ex
309 779 397 811 parte
433 779 537 801 autem
563 768 755 810 suspicamur
775 791 782 798 .
819 765 995 799 Boschium
1020 766 1079 799 sci-

81 826 150 848 mus
173 813 222 847 bis
243 812 374 850 vidisse3
397 811 437 844 sic
460 812 544 844 enim
570 812 635 854 lege
660 813 692 843 in
717 811 861 843 Seetione
885 810 984 842 VIII.
1003 810 1079 842 libri

83 860 130 890 11.
156 856 351 899 Sepulcbreti
377 861 386 895 (
412 858 467 893 x.)
494 879 503 893 ‚
538 854 573 887 id
596 855 796 888 observatum
832 852 870 885 ab
893 852 953 885 illo
977 853 1024 886 tis
1047 855 1079 886 in

81 901 182 933 cordis
201 899 407 941 palpitatione
431 897 668 938 laborantibus,
690 897 747 939 qui
772 904 864 929 aortae
886 897 1005 929 arteria
1028 904 1079 930 tu*-

82 944 162 976 nicis
184 942 351 981 dilatatis,
373 941 476 974 “veluti
499 953 516 972 a
534 940 696 982 subitanea
720 947 818 972 morte
832 940 967 980 correpti
982 938 1081 979 sunt,

79 986 151 1030 quia
158 985 287 1027 sanguis
290 984 480 1026 spirituosus
501 984 730 1026 velutpraeceps
747 1009 754 1021 ,
779 983 810 1014 in
824 983 961 1014 tunicam
984 981 1082 1020 hanc,

75 1028 287 1072 pericardium
311 1027 449 1064 dictam,
474 1028 608 1060 irruerat
628 1050 640 1067 ,
672 1025 755 1060 unde
777 1036 835 1057 cot
868 1023 997 1057 dilatari
1017 1036 1082 1058 non

78 1080 225 1115 poterat.
255 1071 456 1113 Suspicamur
481 1080 608 1109 autem,
632 1081 706 1103 cum
728 1072 761 1102 in
785 1068 931 1101 Seftione
954 1067 1012 1103 hac
1022 1070 1081 1101 XI.

77 1118 94 1154 (
110 1125 134 1156 y
159 1119 172 1154 )
196 1115 352 1157 legimus,
377 1114 414 1145 ab
438 1115 485 1147 ira
511 1121 631 1154 repente
653 1120 811 1146 mortuum
830 1137 838 1150 ‚
870 1112 1082 1152 pericardiunz

72 1158 227 1202 sanguine
250 1159 402 1200 repletum
426 1154 613 1190 ostendisse.-
636 1155 778 1188 inventos
801 1162 905 1187 autem
930 1153 984 1199 effi?
1008 1156 1083 1188 duos

79 1199 227 1244 absceffus
251 1202 281 1234 in
306 1210 414 1234 trunco
436 1201 557 1233 atterite
579 1206 671 1231 aortae
690 1207 785 1239 prope
810 1208 861 1231 cor
882 1221 893 1237 ,
918 1199 994 1231 unde
1011 1197 1084 1240 san-

74 1246 150 1287 guis
173 1244 309 1277 exierat.
334 1245 430 1276 Certe
453 1242 640 1275 credibilius
664 1242 706 1274 est
727 1265 739 1281 ‚
770 1241 987 1282 aneurysmata
1019 1242 1085 1275 duo

79 1287 208 1320 modica
233 1286 323 1321 fuisse
339 1309 347 1323 ‚
372 1285 536 1328 polyposis
561 1283 818 1318 concretionibus
842 1283 964 1321 farfim,
986 1296 1056 1327 quse
1071 1310 1083 1325 ‚

77 1341 143 1363 non
159 1330 307 1373 inspeeta
331 1331 417 1363 intus
440 1331 545 1362 Aorta
561 1355 568 1367 ,
593 1338 719 1370 accepta
742 1326 802 1360 fint
814 1339 872 1369 pro
895 1328 1020 1367 crudis,
1042 1330 1084 1362 (T

68 1372 255 1416 sanguineis
268 1397 278 1412 ,
294 1373 361 1415 five
383 1370 634 1415 inflammatoriis
646 1370 821 1414 absceffibus
833 1372 965 1405 nondum
968 1370 1087 1413 suppu-

79 1417 162 1449 ratis
188 1428 194 1449 :
221 1416 326 1459 quales
353 1417 459 1458 rumpi
484 1416 522 1448 ab
546 1416 614 1454 ira,
639 1418 670 1447 &
695 1415 783 1456 rupti
807 1423 934 1447 tantum
957 1414 1085 1457 sangui-

77 1460 129 1492 nis
153 1459 260 1494 subito
283 1458 438 1493 effundere
461 1470 524 1491 nou
537 1456 729 1501 potuissent:
753 1468 933 1500 quanquam
944 1458 990 1490 vel
1016 1458 1083 1500 spe-

77 1504 166 1536 &ata
197 1505 317 1542 intus,
338 1512 488 1545 extraque
520 1501 570 1535 his
604 1500 716 1534 nostris
739 1501 936 1542 temporibus
970 1504 1083 1533 arteria

76 1545 195 1587 Magna
214 1570 227 1586 ,
258 1549 290 1579 δε
315 1545 404 1579 exesa
426 1547 471 1578 ita
492 1569 503 1583 ,
534 1554 569 1578 ut
594 1544 671 1585 saepe
697 1544 835 1577 vidimus
858 1567 870 1583 ,
904 1555 1002 1586 prope
1025 1555 1082 1577 cor

77 1592 401 1633 utrinque-inventa,
425 1587 506 1622 unde
529 1587 653 1628 sanguis
666 1588 698 1619 in
722 1587 934 1628 pericardiurn
954 1597 1081 1630 repente

78 1633 263 1675 irruperat,
287 1641 357 1665 tum
381 1631 449 1667 haec
473 1631 615 1671 irruptio
638 1640 697 1671 pro
718 1629 853 1662 insolito
875 1630 946 1665 casu
968 1656 977 1671 ,
1011 1639 1081 1664 tum

28 1708 30 1711 ,
77 1676 134 1708 illa
159 1676 262 1709 exefio
284 1686 343 1717 pro
365 1676 478 1707 Aortae
503 1671 637 1706 abscessu
657 1696 670 1712 ‚
696 1673 807 1706 melius
830 1683 934 1708 tamen
957 1675 1084 1708 intelle-

78 1720 155 1755 ἃς),
181 1719 425 1760 explicatoque,
448 1716 610 1759 propofita
634 1715 728 1749 sunt.
754 1718 877 1750 Verum
911 1727 948 1751 ut
975 1718 1012 1751 ad
1037 1718 1088 1751 su-

75 1763 235 1805 spiciones
256 1761 438 1798 redeamus3
463 1759 630 1793 historiam
641 1758 724 1793 forte
743 1759 852 1802 legeris
866 1760 1007 1795 hominis
1021 1773 1089 1796 ma-

76 1808 162 1840 :xime
185 1805 261 1847 obefi
276 1829 285 1844 ,
310 1806 367 1847 qui
392 1802 634 1845 conquerebatur
656 1803 692 1836 de
710 1803 942 1845 palpitatione,
967 1809 1009 1839 (7-
1033 1807 1087 1838 clo-

76 1849 141 1883 lore
163 1848 265 1882 cordis
289 1872 302 1888 ,
336 1858 406 1880 cum
426 1845 521 1889 pulsu
543 1845 687 1888 inaequali
706 1869 716 1884 ,
749 1848 789 1880 &¹
815 1848 989 1890 quandoque
1012 1848 1086 1891 defi-

77 1892 200 1925 ciente.-
222 1890 311 1933 cujus
335 1889 403 1932 post
427 1889 574 1928 obitum,
598 1890 654 1932 qui
675 1912 685 1927 ‚
710 1890 783 1923 dum
805 1890 914 1924 alvum
938 1902 1086 1925 exonera-

78 1942 130 1968 ret
144 1959 152 1974 ,
176 1942 298 1976 repente
321 1933 463 1975 contigit
484 1954 493 1969 ‚
523 1933 738 1976 pericardium
761 1934 925 1967 inventum
957 1933 997 1973 est
1015 1935 1085 1976 ple-

82 1987 158 2011 num
174 1977 340 2019 sanguinis
364 1976 523 2015 concreti,
548 1975 658 2008 coloris
680 1976 871 2018 nigerrimi,
895 1980 936 2010 6*
952 1975 1033 2020 foedi
1053 1990 1086 2011 o-

84 2021 170 2053 doris
189 2033 202 2059 3
223 2022 255 2054 in
274 2027 367 2062 parte
391 2029 495 2052 autem
513 2018 670 2061 superiori
684 2018 728 2051 ita
739 2017 966 2061 confirmatum
988 2030 1087 2063 appa-

39 2093 42 2095 .
81 2064 169 2102 ruit,
192 2071 231 2096 ut
253 2073 340 2097 renes
357 2061 606 2104 succenturiatos
632 2061 663 2094 in
686 2060 863 2111 ⁴substantia
887 2063 1086 2106 repraefhnta-

81 2114 158 2140 ret„
177 2102 337 2149 Equidem
362 2104 447 2139 haud
469 2104 594 2138 inficias
617 2106 750 2143 iverim,
786 2113 926 2140 tumores
950 2118 1086 2149 pericar-

80 2149 139 2183 dio
161 2149 301 2186 innasci,
325 2150 380 2190 qui
406 2150 489 2181 intra
514 2148 575 2182 hoc
599 2147 753 2190 disrumpi
778 2158 894 2190 queant
917 2172 929 2188 ,
965 2149 1084 2182 fateor-

78 2204 161 2235 que,
185 2204 258 2227 cum
283 2191 467 2234 hujusmodi
493 2203 524 2224 re
545 2202 715 2233 congruere
739 2189 848 2224 odoris
874 2191 1055 2225 foeditatem
1078 2204 1091 2231 ,-

76 2236 133 2269 sed
157 2237 218 2271 ha:
240 2246 344 2270 tamen
367 2234 445 2277 ajo,
467 2233 491 2267 fi
513 2239 546 2269 in
570 2246 640 2267 eum
665 2233 770 2266 casum
801 2234 849 2266 vir
881 2235 997 2277 aliquis
1022 2246 1090 2268 rna-

78 2281 131 2321 gis
155 2280 216 2314 Rei
239 2279 445 2312 Anatomicae
468 2276 626 2311 studiosus
659 2275 817 2309 incidisset
838 2300 851 2316 ,
883 2276 1089 2319 quaefiturum

80 2321 172 2355 fuisse
196 2346 206 2360 ,
230 2321 313 2355 unde
337 2330 463 2353 tanturn
487 2321 651 2357 concreti,
676 2322 709 2352 Sc
733 2320 897 2361 nigerrimi
911 2321 1087 2362 sanguinis,

79 2365 145 2398 fine
169 2366 239 2399 ullo
263 2363 412 2396 videlicet
427 2387 439 2404 ,
462 2373 618 2406 quantum
641 2362 781 2406 judicare
805 2364 889 2396 oculi
915 2374 1084 2406 poterant,

80 2408 203 2442 ichoris
217 2433 229 2450 ,
253 2417 306 2441 aut
330 2408 419 2450 puris
441 2406 582 2443 indicio,
607 2408 640 2439 in
652 2406 863 2448 pericardium
887 2416 1012 2449 repente
1030 2419 1085 2441 ex-

81 2451 197 2485 titisset
212 2476 221 2491 ,
248 2453 407 2493 integrave
429 2448 524 2482 essent
548 2450 667 2491 Magna
689 2450 782 2487 vasa,
804 2450 979 2492 anquando
999 2454 1082 2484 circa

64 2495 175 2533 ⁷-liaec5
198 2493 238 2528 fic
262 2495 346 2527 enim
370 2494 424 2525 ille
447 2492 613 2535 pericardii
638 2492 832 2533 superiorem
856 2495 1084 2535 partemintcl-

81 2539 203 2581 ligabat
225 2549 235 2576 3
270 2549 303 2570 ea
327 2546 512 2580 apparuerat
538 2535 706 2568 substantia
728 2561 736 2576 ‚
760 2547 837 2570 num
860 2537 1001 2578 ipsorum
1024 2539 1084 2570 ali..

81 2582 170 2624 quod
197 2579 343 2621 erosum,
369 2588 421 2612 aut
446 2578 606 2620 pertusum
631 2579 722 2612 esset.
858 2579 895 2613 Id
921 2582 1006 2614 enim
1032 2593 1085 2614 ac-

81 2625 185 2663 cidere
210 2624 312 2666 potest
335 2634 400 2656 non
424 2623 535 2655 Aortae
559 2622 659 2655 solum
684 2622 721 2656 de
744 2634 804 2665 qua
815 2623 965 2657 haetenus
988 2626 1082 2659 verba

81 2667 239 2707 fecimus5
264 2666 313 2700 sed
337 2669 367 2700 δε
395 2667 587 2699 Pulmonari'
604 2677 687 2699 venae
706 2688 715 2703 ,
739 2668 771 2699 Sc
795 2668 891 2700 Cavae
914 2691 925 2708 ,
950 2678 983 2701 ut
1007 2679 1085 2701 mox

82 2711 247 2750 dicemus,
271 2713 303 2744 «Sc
326 2710 450 2742 arteriae
474 2721 600 2751 quoque
626 2710 807 2743 Pulmonari
826 2734 838 2750 ,
862 2722 877 2743 a
900 2710 990 2753 cujus
1014 2722 1085 2744 ero-

83 2753 171 2788 fione
196 2763 352 2786 memorat
374 2753 427 2786 Cl.
454 2753 658 2786 Tabarranus
682 2756 753 2797 (z)
777 2752 960 2795 sanguinem
982 2755 1016 2788 in
1030 2766 1085 2797 pe-

85 2797 260 2837 ricardium
286 2798 511 2839 irrumpentem
529 2819 542 2836 ,
578 2795 712 2829 subitam
737 2805 874 2830 mortem
898 2799 1011 2831 Romae
1036 2807 1084 2830 at-

85 2838 189 2875 tnliss‘e
215 2842 244 2873 S.
271 2840 313 2872 R.
339 2841 379 2872 E.
405 2838 570 2872 Cardinali
596 2839 845 2881 Boncompagno
868 2865 876 2880 ,
910 2852 1003 2881 quem
1026 2853 1086 2879 ego

85 2885 243 2919 Bononiae
267 2883 348 2915 olim
370 2882 407 2915 de
431 2881 584 2925 plerisque
595 2893 704 2916 eorum
726 2894 796 2925 quae
809 2884 841 2916 in
853 2884 952 2917 modo
974 2879 1089 2918 descri-

87 2937 142 2971 pta
166 2926 385 2959 observatione
407 2925 533 2967 legisti,
558 2927 649 2968 queri
675 2925 830 2966 solitum,
853 2939 890 2960 ex
914 2929 990 2961 meis
1008 2930 1091 2961 Prae-

86 2969 273 3013 ceptoribus
290 2992 302 3009 ,
324 2968 412 3002 illius
434 2968 594 3008 Medicis,
618 2967 801 3002 audiveram
815 2994 822 3001 .
847 2971 955 3012 Igitur
977 2972 1015 3004 ab
1040 2983 1089 3004 ar-

87 3015 169 3047 teria
194 3012 377 3045 Pulmonari
399 3035 413 3053 ,
445 3022 481 3043 an
505 3023 522 3044 a
544 3013 632 3044 venis
656 3013 747 3054 illis,
770 3024 807 3045 an
833 3013 871 3046 ab
892 3013 958 3055 ipsa
980 3016 1088 3048 Aorta

88 3061 102 3097 (
125 3067 196 3090 nam
221 3058 253 3088 δε
275 3066 347 3088 eum
369 3055 425 3098 qui
450 3054 487 3086 ab
509 3054 565 3088 hac
590 3055 774 3097 prodierat,
799 3056 980 3099 sanguinem
1004 3057 1088 3092 haud

87 3101 299 3138 coccineum,
321 3097 370 3131 sed
382 3099 508 3139 nigrum
518 3096 707 3132 offendimus
730 3103 743 3139 (
766 3112 783 3132 a
806 3103 819 3140 )
837 3104 851 3139 )
873 3099 996 3143 sanguis
1006 3103 1090 3135 exie-

90 3146 155 3180 rit,
180 3153 243 3175 non
268 3143 372 3175 minus
396 3143 429 3174 in
452 3140 607 3182 descripta
629 3141 844 3176 observatione
867 3144 900 3175 in
915 3144 1020 3178 medio
1043 3156 1090 3178 re-

92 3187 288 3229 linquimus,
312 3197 408 3228 quam
430 3186 463 3216 in
486 3185 544 3217 alia
567 3197 635 3227 quse
658 3186 740 3228 apud
754 3188 987 3221 Ramazzinum
1010 3189 1090 3231 legi-

92 3240 146 3264 tur
168 3228 233 3268 (b)
249 3253 260 3269 ,
283 3229 320 3261 de
342 3229 412 3261 *viro
428 3228 627 3270 sexagenario
641 3252 652 3269 ,
671 3230 859 3272 praepinguis
882 3229 1030 3272 habitus,
1052 3245 1091 3266 ex

92 3272 206 3316 cujus,
223 3271 332 3315 subita
354 3278 453 3304 morte
477 3271 612 3304 extinffiti
634 3294 644 3310 ,
672 3273 845 3313 pericardio
861 3271 932 3315 fere
964 3275 1026 3308 dua),
1050 3275 1090 3308 li-

93 3317 151 3350 bra]
167 3316 302 3349 concreti
317 3314 479 3357 sanguinis
490 3314 633 3347 extracta
648 3314 746 3357 sunt,
770 3317 869 3349 autin
894 3318 948 3350 illa
961 3317 1090 3353 demum

93 3372 164 3401 quae
187 3360 220 3390 in
246 3358 303 3391 hac
328 3355 522 3398 Sepulclireti
535 3358 679 3390 Seffione
703 3361 763 3398 (c)
787 3367 874 3392 extat
896 3360 933 3394 de
958 3363 1088 3403 milite,

88 3402 196 3446 subito
217 3401 280 3443 post
302 3400 425 3442 longum
448 3411 605 3434 moerorem
628 3409 746 3435 mortuo
766 3425 775 3440 ,
799 3404 855 3445 qui
878 3428 884 3441 ‚
916 3405 1087 3447 visceribus

95 3445 223 3486 reliquis
241 3444 344 3486 salvis
359 3467 370 3483 ,
394 3442 505 3476 habuit
527 3443 559 3475 in
577 3445 751 3484 pericardio
762 3456 819 3477 non
842 3457 953 3488 aquam
976 3449 1062 3481 niodo
1077 3471 1086 3486 ,

90 3489 199 3533 sed&
222 3486 372 3529 copiofiim
377 3485 559 3528 sanguinem
572 3494 763 3521 concretum.
788 3488 856 3521 Ubi
870 3490 923 3523 etsi
947 3493 980 3524 in
992 3492 1091 3525 Scho-

180 3530 344 3573 Morgagni
356 3530 390 3562 de
403 3529 470 3562 Sed.
486 3531 526 3563 Θ
537 3528 621 3571 Caus.
634 3528 734 3563 Morb.
750 3532 847 3564 Tom.
863 3534 889 3566 Ι.

1785 175 1803 183 s

1957 209 2047 260 281

1134 289 1183 322 lio
1204 299 1331 332 quoque
1354 289 1548 322 inculcatum
1571 286 1715 326 videbis,
1738 285 1912 326 obrutum,
1933 285 2130 328 oppressum·

1133 345 1193 376 que
1218 343 1273 364 cor
1296 330 1386 364 fuisse
1410 340 1477 364 tum
1501 332 1539 364 ab
1561 340 1645 372 aqua?
1666 330 1754 371 copia
1775 353 1787 369 ,
1821 339 1887 362 tum
1911 340 1929 360 a
1945 328 2095 370 sanguine
2117 340 2128 366 3

1132 376 1264 409 minime
1288 383 1393 407 tamen
1416 374 1528 407 necesse
1552 372 1592 406 est
1615 398 1623 412 ‚
1655 373 1752 404 aliam
1776 384 1886 415 aquam
1909 370 1999 405 fuisse
2019 394 2031 410 ,
2061 381 2129 403 cre-

1131 420 1185 452 das
1203 442 1211 455 ‚
1234 430 1330 460 quam
1354 417 1453 451 serum
1476 430 1491 449 a
1513 424 1662 449 concreta
1687 415 1846 457 sanguinis
1871 425 1956 457 parte
1986 415 2127 456 reliqua,

1131 462 1296 501 uberiore,
1321 470 1356 494 ut
1380 472 1444 493 nou
1467 472 1537 493 raro
1560 459 1597 493 fit
1619 483 1632 499 ,
1665 459 1758 500 copia
1783 458 1957 500 separatum
1981 481 1988 489 .
2015 459 2052 489 In
2076 456 2128 489 his

1130 507 1234 548 igitur
1259 504 1398 538 historiis
1423 503 1502 537 illud
1526 513 1647 536 certum
1672 500 1734 541 est,
1760 500 1941 543 sanguinem
1966 512 2004 533 ex
2027 498 2130 542 majo-

1129 551 1178 588 ri,
1201 549 1248 580 vel
1274 547 1382 581 saltem
1405 546 1559 579 mediocri
1583 546 1650 578 vase
1672 545 1807 587 aliquo,
1830 555 1884 576 nec
1909 543 2040 586 perexili
2062 567 2072 583 ,
2107 541 2131 574 si

1134 592 1309 634 praesertim
1332 590 1365 623 id
1389 601 1465 623 vena
1490 589 1574 629 fuit,
1599 588 1755 621 foramine
1780 587 1926 630 pertuso,
1949 589 1982 619 in
1997 588 2131 628 pericar-

1135 636 1225 668 dium
1250 633 1403 677 erupisse3
1426 643 1442 665 e
1465 633 1532 665 vase
1554 634 1639 665 enim
1660 633 1779 674 exiguo
1801 654 1809 668 ,
1849 641 1902 663 aut
1927 641 1979 671 per
2002 631 2129 663 tenuius

1135 678 1297 717 foramen,
1324 681 1356 711 δε
1379 677 1460 709 lente
1478 676 1642 715 defluens,
1664 684 1700 708 ut
1723 673 1845 707 tardius
1868 674 1982 707 adeam
2007 675 2134 714 copiam

1134 720 1274 759 exiisset,
1301 719 1343 754 sic
1366 730 1503 754 mortem
1518 718 1594 751 adeo
1618 718 1757 751 subitam
1768 729 1831 749 non
1854 714 2028 750 attulisset.
2053 716 2134 753 Quo

1134 774 1240 798 autem
1262 776 1300 797 ex
1322 764 1391 797 vase
1416 764 1556 806 eruperit
1576 785 1587 802 ,
1621 762 1776 794 incertum
1800 760 1841 794 est
1864 769 1992 802 propter
2023 768 2134 791 eorum

1132 809 1187 851 qui
1220 808 1410 850 prosectoris
1439 809 1508 840 vice
1541 804 1784 847 fungebantur,
1818 813 1871 837 aut
1904 802 2100 846 imperitiam
2122 823 2135 840 ‚

1131 860 1187 884 ant
1209 852 1457 892 negligentiam.
1485 851 1642 892 Sanguine
1664 850 1749 880 enirn
1772 856 1942 888 exempto,
1966 846 2134 886 elutoque,

1131 893 1309 927 illiusmodi
1333 893 1476 927 foramen
1500 894 1594 926 latere
1618 903 1682 924 nou
1706 899 1849 933 poterat,
1873 889 1933 923 sive
1944 890 1978 923 id
2002 891 2037 921 in
2061 897 2137 921 ven-

1135 938 1281 978 triculis,
1304 937 1492 971 auriculisve
1505 936 1611 969 cordis
1635 934 1730 975 esset,
1754 946 1824 977 quae
1839 934 1891 966 hic
1915 933 2060 967 vasorum
2077 942 2138 964 no-

1137 983 1220 1015 mine
1242 980 1563 1023 comprehendemus,
1588 978 1648 1012 sive
1671 979 1705 1010 in
1729 976 1805 1010 vasis
1829 978 1895 1010 illis
1918 979 2039 1010 caeteris
2064 985 2140 1017 pro-

1135 1025 1203 1068 prie
1225 1024 1343 1064 dietis,
1365 1035 1428 1056 non
1455 1024 1601 1057 maximis
1627 1021 1749 1061 modo,
1772 1019 1820 1054 sed
1845 1023 1875 1053 δε
1902 1018 2139 1057 mediocribus,

1136 1068 1243 1109 qualia
1267 1091 1278 1107 ,
1316 1067 1489 1109 praesertim
1515 1066 1552 1099 ad
1585 1065 1681 1098 basim
1719 1063 1827 1096 cordis
1850 1087 1862 1103 ,
1895 1062 1966 1096 sunt
1989 1065 2138 1095 Corona-

1134 1113 1180 1144 ria
1205 1124 1215 1150 3
1250 1110 1434 1152 sanguinem
1457 1112 1543 1142 enim
1565 1120 1631 1151 quo
1655 1106 1864 1149 pericardium
1879 1105 2051 1140 distentum
2073 1113 2139 1137 erat

1134 1156 1169 1188 in
1194 1154 1346 1188 Matrona
1368 1157 1381 1191 (
1403 1155 1423 1186 d
1443 1157 1487 1194 ),
1509 1154 1649 1195 itemque
1674 1151 1707 1182 in
1733 1150 1843 1182 Milite
1865 1152 1879 1188 ζ
1902 1160 1917 1182 e
1939 1153 1975 1188 ),
1999 1148 2140 1191 repenti«

1136 1210 1175 1232 na
1200 1207 1301 1231 morte
1324 1196 1456 1231 sublatis
1474 1220 1486 1237 ,
1520 1208 1535 1228 e
1558 1205 1650 1238 rupta
1675 1195 1855 1226 Coronaria
1880 1193 1993 1224 arteria
2017 1190 2141 1232 proflu-

1136 1242 1213 1276 xiffe
1229 1265 1237 1279 ,
1260 1241 1457 1284 perspeetum
1481 1239 1522 1273 est
1542 1264 1551 1273 .
1584 1236 1685 1281 Qod
1708 1236 1730 1269 si
1754 1234 1901 1269 foramen
1924 1234 2141 1268 nihilominus

1136 1286 1246 1318 oculos
1269 1285 1316 1317 vel
1341 1285 1459 1326 periti,
1484 1283 1662 1326 arcentique
1685 1280 1830 1314 hominis
1853 1277 2004 1321 fugissem
2028 1288 2077 1310 aer
2103 1277 2144 1308 il·

1137 1329 1212 1367 lud,
1236 1337 1289 1362 aut
1313 1339 1390 1370 aqua
1416 1338 1470 1370 per
1494 1338 1584 1360 venas
1606 1336 1661 1359 cor
1685 1324 1809 1364 versus,
1834 1326 1867 1357 &
1891 1324 1925 1355 in
1951 1333 2026 1358 cor,
2054 1323 2085 1352 ἃ
2104 1331 2144 1352 ex

1137 1372 1233 1406 corde
1256 1373 1290 1404 in
1315 1373 1441 1404 arterias
1463 1393 1472 1408 ‚
1505 1380 1592 1404 extra
1616 1366 1829 1411 pericardium
1853 1367 1984 1399 vinculo
2006 1362 2143 1398 constri-

1137 1417 1225 1451 etas.
1247 1414 1324 1458 justa
1348 1416 1442 1458 copia
1465 1413 1582 1458 injecta
1599 1436 1612 1454 ,
1636 1411 1790 1445 facillime
1817 1408 1974 1443 retexisset
1999 1433 2007 1440 .
2047 1451 2053 1457 ¹
2083 1451 2089 1457 ι
2149 1413 2151 1415 ’

1137 1459 1211 1492 Post
1223 1468 1357 1492 mortem
1380 1467 1486 1499 autem
1510 1468 1575 1491 non
1599 1456 1759 1495 subitam,
1783 1453 1821 1487 de
1844 1465 1909 1497 qua
1932 1452 1985 1486 hic
2010 1460 2144 1484 minime

1135 1503 1236 1536 sermo
1271 1502 1341 1541 est,
1376 1501 1398 1535 fi
1421 1505 1504 1535 intra
1542 1499 1756 1543 pericardiurn
1781 1497 1906 1539 sanguis
1943 1496 2144 1537 reperiatur,

1135 1546 1220 1579 hunc
1255 1558 1292 1580 ex
1332 1545 1516 1579 tenuiffimis
1548 1543 1681 1577 vasculis
1704 1566 1715 1582 ,
1739 1541 1932 1575 meatibusve
1957 1537 2067 1572 sensim
2090 1536 2165 1569 (ἱε-ἱ

1135 1587 1257 1622 stillasse
1280 1614 1293 1630 ,
1324 1589 1467 1625 credito,
1492 1597 1527 1622 ut
1553 1596 1629 1629 puta
1654 1587 1686 1618 in
1710 1584 1829 1619 duabus
1852 1584 1905 1617 Cl.
1929 1582 2047 1615 Laubii
2072 1579 2154 1614 Ob„

1137 1632 1367 1667 servationibus
1391 1630 1475 1673 (f)
1495 1655 1508 1671 ,
1542 1629 1715 1672 praesertim
1738 1639 1813 1663 cum
1843 1628 1877 1660 in
1901 1638 2008 1660 earum
2045 1626 2153 1667 prima·

1142 1678 1321 1718 apparuerit
1354 1674 1440 1718 quasi
1472 1673 1559 1707 exesa
1590 1671 1697 1706 cordis
1731 1669 1911 1714 superficies
1943 1696 1950 1703 .
1996 1667 2148 1711 Idemque

1142 1719 1266 1753 credito
1289 1720 1327 1752 de
1351 1720 1420 1752 aliis
1443 1729 1519 1760 quas
1541 1728 1614 1751 cum
1641 1718 1680 1748 iis
1703 1716 1873 1748 convenire
1897 1715 2037 1747 invenies
2060 1736 2073 1752 ,
2110 1724 2149 1745 ex

1141 1763 1288 1805 pluribus
1312 1774 1390 1806 quas
1416 1771 1562 1803 praeterea
1587 1759 1708 1793 indicat
1734 1760 1797 1793 Vir
1821 1757 2028 1792 Doffiffimus
2054 1759 2151 1789 Sena-

1141 1808 1210 1839 cius
1233 1809 1286 1849 (g
1306 1810 1319 1846 )
1339 1833 1345 1839 .
1381 1807 1469 1845 Qas
1493 1814 1597 1837 autem
1614 1821 1617 1822 ν
1634 1805 1718 1836 inter
1740 1814 1788 1835 eas
1822 1809 2055 1835 commemorat
2080 1799 2151 1841 post

1141 1851 1338 1892 repentinam
1361 1859 1496 1882 mortem
1521 1848 1664 1884 liabitas,
1688 1858 1736 1880 eas
1759 1857 1833 1878 vero
1856 1856 1918 1878 non
1940 1844 2035 1877 facile
2060 1852 2154 1885 puta-

1141 1902 1178 1925 to
1200 1892 1264 1926 fine
1287 1890 1635 1936 praegreffa‘exefionffi
1662 1900 1714 1924 aut
1740 1891 1889 1932 ruptione
1915 1889 2023 1930 magni
2048 1887 2150 1920 alicu-

1139 1936 1190 1979 jus
1203 1959 1212 1973 ‚
1237 1946 1290 1969 aut
1301 1937 1470 1969 mediocris
1485 1934 1561 1967 alvei
1575 1934 1736 1976 sanguinis
1749 1932 1856 1966 haberi
1867 1930 2005 1974 potuisse
2017 1943 2030 1971 ,¹
2043 1941 2153 1964 exem·

1141 1980 1187 2022 pli
1211 1979 1300 2012 causa
1322 2006 1331 2019 ‚
1365 1989 1401 2013 ut
1425 1980 1459 2010 in
1484 1978 1602 2011 duabus
1628 1976 1742 2010 diserte
1764 1976 1862 2009 refert
1881 2000 1890 2016 ‚
1924 1977 2036 2008 Aortae
2060 1998 2072 2014 ,
2097 1982 2152 2007 aut

1141 2024 1234 2056 unius
1256 2034 1294 2056 ex
1317 2026 1404 2056 venis
1417 2020 1680 2056 Pulmonaribus.
1706 2023 1870 2054 Caeterum
1885 2018 1997 2061 saepius
2021 2019 2153 2051 contin-

1140 2069 1193 2109 git
1217 2068 1348 2108 ruptio,
1370 2065 1393 2099 fi
1416 2067 1450 2097 in
1475 2065 1620 2102 arteriis,
1644 2066 1677 2097 in
1702 2065 1844 2108 Magna5
1867 2063 1890 2096 si
1915 2065 1948 2096 in
1971 2063 2059 2095 venis
2084 2088 2092 2101 ‚
2117 2062 2152 2093 in

1142 2112 1251 2141 Cava:
1277 2111 1310 2141 in
1335 2109 1392 2142 illa
1416 2109 1458 2142 ob
1477 2120 1525 2142 eas
1550 2107 1615 2142 fere
1637 2108 1745 2142 causas
1766 2132 1778 2148 ,
1816 2115 1947 2150 propter
1969 2117 2047 2150 quas
2073 2105 2155 2138 alibi

1146 2155 1168 2199 (¹
1182 2152 1202 2184 h
1225 2157 1238 2191 )
1260 2154 1294 2184 in
1318 2152 1383 2194 ipsa
1408 2154 1518 2194 potius
1540 2176 1552 2192 ‚
1585 2164 1680 2194 quam
1703 2152 1737 2184 in
1775 2150 1962 2184 Pulmonari
2000 2150 2116 2183 arteria
2142 2174 2154 2187 ,

1145 2195 1215 2227 heri
1239 2195 1472 2241 aneurysmata‚
1497 2194 1694 2237 scr·ipfimus3
1717 2196 1750 2227 in
1771 2196 1858 2227 Cava
1882 2203 1987 2228 autem
2011 2204 2086 2226 vena
2109 2192 2154 2225 ob

1144 2249 1195 2271 cas
1218 2239 1341 2277 causas,
1363 2250 1439 2281 quas
1461 2239 1617 2272 continuo
1641 2239 1835 2280 attingemus
1855 2263 1861 2270 .
1884 2239 1922 2270 In
1936 2235 2044 2270 Corde
2067 2236 2153 2268 enirn

1144 2292 1201 2315 cur
1213 2281 1373 2314 interdum
1397 2281 1430 2314 id
1451 2282 1596 2321 accidat,
1620 2282 1799 2315 videbimus
1812 2280 1957 2322 Epistola
1981 2282 2125 2321 proxima
2139 2304 2148 2310 .

1189 2336 1240 2367 27.
1268 2324 1335 2357 Etsi
1360 2326 1465 2358 omnis
1500 2324 1625 2368 sanguis
1649 2334 1684 2358 ut
1717 2336 1771 2367 per
1793 2335 1903 2357 venam
1925 2326 2046 2357 Cavam
2070 2347 2082 2364 ,
2106 2323 2150 2355 sic

1145 2369 1242 2400 etiam
1276 2379 1332 2409 per
1356 2370 1580 2401 Pulmonarem
1612 2367 1778 2405 transeat,
1809 2366 1924 2400 necesse
1948 2366 2026 2406 est,
2062 2367 2152 2409 plura

1143 2420 1248 2444 tamen
1274 2411 1344 2444 sunt
1368 2423 1439 2454 quae
1463 2411 1682 2445 difficiliorem
1705 2411 1770 2454 ejus
1797 2408 1965 2444 transitum
1990 2411 2152 2454 perillam

1142 2452 1243 2487 facere
1259 2479 1266 2492 ‚
1291 2466 1386 2496 quam
1410 2466 1464 2496 per
1486 2455 1567 2487 hanc
1593 2479 1601 2492 ‚
1635 2455 1749 2496 poffint
1772 2484 1779 2489 .
1807 2455 1949 2488 Primum
1974 2452 2115 2497 oppositi
2140 2478 2150 2494 ,

1140 2496 1318 2544 adversique
1353 2496 1452 2530 ferme
1474 2499 1558 2530 inter
1593 2498 1621 2530 se
1645 2499 1723 2530 alvei
1755 2499 1933 2540 Superioris
1956 2500 2050 2531 Cavae
2074 2522 2085 2538 ‚
2118 2503 2150 2533 δε

1141 2539 1312 2585 Inferioris
1333 2562 1341 2576 ‚
1374 2549 1409 2573 ut
1434 2539 1473 2573 ad
1498 2540 1637 2574 ascensus
1660 2539 1736 2574 hinc
1769 2541 1993 2575 difficultatem
2017 2564 2025 2579 ‚
2057 2543 2148 2576 illinc

1137 2582 1271 2625 desuper
1305 2585 1424 2616 ruentis
1448 2583 1607 2626 sanguinis
1642 2585 1766 2626 pondus
1790 2608 1797 2620 ‚
1832 2586 2030 2620 &incursus
2063 2597 2148 2620 acce-

1137 2626 1219 2659 dant
1242 2650 1250 2658 .
1285 2626 1407 2660 Deinde
1430 2628 1523 2662 crudi
1558 2627 1659 2661 adhuc
1679 2652 1691 2668 ,
1723 2628 1940 2673 crassioresque
1966 2630 2048 2664 succi
2074 2657 2082 2671 ,
2115 2634 2147 2665 δε

1141 2668 1277 2703 necdum
1301 2670 1442 2712 permisti
1466 2696 1475 2710 ‚
1505 2670 1651 2705 effoetum
1674 2674 1769 2705 Cavae
1803 2672 1985 2715 sanguinem
2017 2685 2149 2708 oneran-

1140 2722 1186 2746 tes
1207 2738 1216 2747 .
1249 2715 1396 2757 Denique
1419 2714 1527 2749 obices
1558 2717 1616 2758 qui
1639 2724 1692 2750 aut
1726 2717 1915 2751 morborum
1938 2742 1950 2758 ,
1985 2727 2037 2752 aut
2072 2717 2147 2752 affe-

1138 2757 1251 2791 &uum
1277 2759 1375 2792 animi
1398 2760 1428 2791 vi
1451 2782 1462 2798 ,
1496 2767 1550 2793 aut
1574 2770 1795 2802 quamcunque
1828 2761 1923 2793 aliam
1947 2761 1989 2793 ob
2021 2762 2145 2795 causam

1139 2799 1290 2845 expedito
1326 2812 1520 2849 per-venam
1543 2804 1662 2835 Cavam
1694 2802 1852 2845 sanguinis
1876 2805 1978 2836 motui
2012 2805 2145 2847 plurimi

1144 2844 1172 2875 se
1196 2843 1321 2886 possunt
1346 2845 1482 2891 objicere
1506 2871 1514 2885 ,
1549 2847 1667 2888 quippe
1690 2857 1752 2878 non
1787 2851 1821 2879 in
1845 2847 1982 2880 dexteris
2017 2857 2145 2882 tantum

1142 2887 1247 2937 cordis
1269 2890 1371 2922 caveis
1394 2911 1406 2927 ,
1438 2888 1488 2922 scd
1513 2892 1550 2935 ὃς
1568 2889 1601 2921 in
1627 2889 1811 2923 Pulmonari
1842 2892 1953 2923 arteria
1978 2916 1986 2931 ,
2019 2894 2051 2924 &
2076 2893 2146 2934 pul-

1142 2930 1316 2980 monibus,
1341 2935 1373 2965 δε
1396 2943 1473 2971 yena
1497 2932 1563 2974 ipsa
1590 2932 1773 2966 Pulmonari
1796 2957 1806 2972 ,
1830 2937 1862 2967 &
1884 2933 2012 2968 sinistris
2036 2937 2145 2970 cordis

1142 2984 1243 3006 caveis
1269 3000 1276 3013 ‚
1312 2977 1344 3007 ὃς
1379 2975 1494 3007 arteria
1521 2975 1668 3017 Magna.
1702 2978 1826 3010 Contra
1858 2978 2058 3011 Pulmonaris
2092 2991 2144 3012 ve-

1142 3027 1189 3049 nae
1212 3017 1362 3067 cauden,
1398 3016 1448 3051 seu
1472 3020 1571 3051 mavis
1592 3019 1704 3053 Saccus
1738 3018 1869 3062 simplex
1892 3021 1933 3055 est
1946 3017 1967 3061 '2
1999 3024 2146 3066 compul.

1142 3059 1471 3109 sumque-agitatione
1495 3061 1685 3102 pulmonum
1720 3063 1901 3107 sanguinem
1933 3067 2053 3107 excipit
2075 3090 2087 3107 ,
2111 3070 2144 3101 ὃς

1142 3102 1227 3136 hunc
1262 3103 1404 3151 vividum
1429 3127 1437 3141 ‚
1481 3108 1719 3140 comminutum
1741 3129 1751 3145 ,
1804 3119 1856 3147 ac.
1876 3108 2003 3142 mistum
2036 3133 2044 3147 ,
2089 3121 2144 3142 ne·-

1141 3157 1203 3189 que
1236 3146 1330 3190 hujus
1364 3158 1420 3188 per
1455 3146 1483 3180 se
1515 3150 1621 3182 motui
1655 3150 1717 3182 alia
1749 3151 1895 3193 opposita
1938 3151 2050 3184 habere
2082 3164 2142 3194 po-

1141 3189 1201 3223 test
1232 3191 1392 3223 obstacula
1426 3198 1540 3237 praeter
1573 3203 1608 3224 ea
1652 3204 1721 3236 quae
1754 3194 1823 3236 post
1856 3194 2021 3236 pulmones
2050 3206 2140 3228 com-

1142 3234 1250 3267 munia
1284 3233 1340 3266 esse
1364 3234 1447 3275 posle
1471 3257 1484 3274 ,
1512 3233 1653 3271 diximus
1676 3262 1683 3276 ,
1717 3239 1813 3270 etiam
1837 3237 1980 3279 sanguini
2012 3249 2066 3280 per
2089 3249 2142 3270 ve-

1142 3287 1214 3309 nam
1247 3278 1374 3326 (lavam.
1391 3277 1535 3311 fluxuro.
1671 3281 1753 3318 Quae
1776 3290 1847 3314 cum
1872 3283 1918 3313 ita
1943 3279 2028 3322 fint,
2050 3292 2141 3315 cum-

1140 3331 1200 3367 que
1224 3320 1435 3353 mlnlommus
1458 3320 1660 3357 dilatationis
1684 3324 2002 3358 Pulmonaris-venae
2027 3348 2039 3365 ,
2072 3327 2141 3359 imo

1141 3374 1207 3403 eius
1232 3365 1329 3396 etiam
1362 3365 1525 3405 ruptionis
1555 3368 1686 3399 minime
1718 3366 1819 3399 desint
1850 3368 1992 3410 exempla
2026 3369 2144 3409 (i),-

1139 3417 1222 3455 nam'
1237 3416 1272 3440 ut
1295 3406 1376 3440 illud
1408 3407 1495 3448 quod
1519 3420 1555 3440 ex
1591 3411 1696 3443 Paraeo
1719 3410 1759 3443 est
1781 3431 1791 3448 ‚
1821 3410 1948 3453 seponas
1971 3415 1982 3450 (
2006 3412 2024 3453 l<
2045 3415 2059 3451 )
2079 3423 2093 3452 ,·
2126 3422 2143 3444 a

1141 3450 1269 3483 Bellino
1303 3450 1388 3490 (l)
1420 3451 1589 3493 aliquando
1619 3457 1653 3485 in
1684 3463 1810 3495 repente
1844 3455 1981 3488 mortuis
2014 3457 2143 3488 inventa

1142 3493 1182 3533 esi
1220 3504 1299 3528 vena
1333 3493 1531 3528 'Pulmonaris
1568 3494 1606 3528 ab
1645 3496 1787 3572 auNricula
1819 3497 1941 3540 sinistra
1983 3496 2107 3540 divulsa
2129 3521 2143 3538 ‚

1725 3549 1745 3571 Ω
2017 3540 2103 3584 quod

92 3627 2153 3655 o———m-——ffl

157 3707 168 3737 (
184 3719 199 3734 x
213 3711 227 3739 )
242 3711 300 3736 obs.
317 3715 356 3737 ²6.
373 3712 395 3743 §.
413 3719 434 3737 ι.
497 3713 512 3742 (
525 3719 542 3744 y
558 3713 573 3742 )
590 3713 646 3737 obs.
664 3715 686 3749 s}-
747 3714 758 3743 (
773 3724 792 3745 z
806 3717 821 3745 )
835 3717 893 3742 Obs.
910 3719 985 3743 Anat.
1002 3727 1026 3745 n.
1042 3722 1067 3745 8.

159 3739 196 3768 (c
211 3742 225 3770 )
240 3742 299 3766 Obs.
317 3750 353 3769 xa.
414 3743 422 3772 (
439 3741 455 3765 d
472 3742 630 3772 )commerc.
648 3745 736 3769 Litter.
755 3749 785 3770 A.
805 3755 870 3778 ¹732·
887 3749 964 3773 Hebd.
980 3758 1018 3776 αι.
1038 3760 1064 3775 n.
1082 3759 1106 3779 4.

162 3772 176 3799 (
189 3770 231 3800 f)
247 3772 308 3807 Epli.
328 3775 361 3797 N.
379 3774 406 3797 C.
424 3775 494 3797 Cent.
513 3782 534 3803 9.
553 3774 610 3810 Qbs.
628 3783 665 3809 ¹32
681 3776 704 3799 δε
721 3776 774 3801 Ast.
790 3780 889 3805 eorund.
905 3782 980 3804 Tom.
998 3789 1019 3803 2.
1038 3781 1096 3806 Obs.
1114 3790 1168 3809 107-
1230 3783 1239 3810 s

166 3801 179 3829 (
195 3801 209 3826 h
227 3804 234 3833 )
253 3804 325 3832 Epist.
345 3806 380 3829 18.
399 3812 421 3828 n.
440 3811 478 3833 24·
539 3802 550 3833 (
566 3813 575 3828 ι
592 3806 605 3834 )
622 3807 695 3835 Epist.
712 3816 748 3837 ²4·
764 3816 788 3833 n.
804 3813 842 3838 36.
902 3811 916 3839 ζ
933 3810 949 3834 k
966 3810 975 3841 )
993 3811 1053 3837 Ibid.
1254 3794 1272 3814 g

1128 3722 1143 3751 ζ
1157 3729 1173 3745 a
1188 3722 1202 3749 )
1219 3721 1287 3749 supra
1299 3737 1307 3751 ‚
1324 3729 1348 3744 n.
1367 3727 1405 3744 21.
1466 3722 1480 3751 (
1495 3721 1508 3745 b
1520 3722 1534 3750 )
1551 3720 1634 3746 Const.
1654 3721 1723 3752 Epid.
1740 3722 1801 3747 Urb.
1820 3723 1849 3746 A.
1868 3725 1933 3752 169!⁹

1171 3754 1181 3777 (
1197 3762 1208 3777 e
1225 3754 1234 3781 )
1252 3752 1303 3777 Αξὶ.
1325 3754 1359 3776 N.
1373 3753 1407 3787 §3
1425 3753 1496 3777 Tom.
1514 3762 1535 3782 ς.
1553 3751 1614 3776 Obs.
1632 3760 1670 3781 37.

1287 3786 1301 3813 )
1319 3784 1406 3806 Trarte
1421 3783 1452 3807 du
1470 3785 1548 3808 coeur
1566 3784 1583 3807 1.
1601 3792 1622 3813 4-
1640 3784 1677 3808 ch.
1694 3792 1716 3813 ς.
1734 3792 1759 3810 n.
1778 3793 1798 3815 3.

1117 3813 1154 3843 [l
1173 3814 1182 3844 )
1199 3816 1234 3839 De
1250 3813 1334 3840 Morb.
1350 3816 1412 3840 Pest.
