2498 4075
453 188 546 252 148

378 261 682 305 ter-tantummodo,
706 259 828 296 rediisse
850 272 890 296 ex
912 272 980 305 quo
1001 274 1118 305 eaquae
1141 262 1380 300 adversusiffist·

380 319 452 348 rum
476 307 620 349 faciunt,
643 303 790 339 adhiberi
813 315 920 348 coepta
943 304 1069 339 fuerant
1091 320 1102 345 ,ι
1136 318 1176 340 ex
1198 308 1247 342 his
1271 318 1379 344 autem

381 349 636 392 animadversum
659 346 737 389 effe,
760 348 988 387 rhabarbarum
1014 371 1027 388 ,
1056 352 1207 392 quamvis
1230 362 1378 395 perparce

376 406 454 436 gum
486 391 615 436 paffitlis
637 391 749 430 datum
772 414 782 430 ‚
816 391 1028 431 lassitudinem
1060 391 1179 429 auxisse
1211 406 1277 429 non
1310 405 1378 429 tam

375 434 457 481 *quia
490 435 592 469 multa
617 445 673 476 per
704 436 812 471 alvum
835 433 993 468 educebat
1017 459 1026 476 ‚
1057 445 1155 477 quam
1178 439 1254 480 quia
1285 438 1378 472 dolo-

379 492 447 521 rem
471 478 680 519 exacerbabat
710 478 751 516 ,ad
774 477 922 511 ultimam
956 479 1144 516 lumborum
1168 481 1346 519 vertebram
1369 503 1379 519 ‚

374 527 408 565 ξε
441 523 625 565 proximam
648 522 735 557 Sacri
766 520 835 554 offis
857 520 956 555 basim
975 546 985 561 ,.
1021 523 1072 556 De
1096 522 1159 557 hoc
1190 525 1274 563 enim
1296 536 1379 567 aeger

374 567 513 607 dolore,
538 565 568 599 se
591 563 761 599 delaffante
780 586 790 602 ,
826 565 1004 606 plurimum
1028 566 1222 607 querebatur
1242 592 1252 607 ,
1276 566 1378 603 hunc-

376 621 440 652 que
463 609 682 649 molestiorem
707 607 777 641 fieri
800 630 810 645 ,
840 605 997 649 ‘siquando
1020 619 1075 650 per
1097 610 1285 651 cubiculum
1309 623 1377 644 am-

376 653 522 691 bularet‚
548 651 698 687 afferebat
718 676 726 684 .
752 650 929 693 Displicuit
951 652 1098 685 dolorem
1123 665 1220 696 quem
1242 655 1378 690 omnino

373 698 536 740 sublatum
562 693 623 736 effe
648 719 657 735 ‚
687 694 886 729 crediderant
902 720 911 734 ‚
945 696 1066 731 iterum
1090 696 1187 738 paulo
1209 697 1377 740 postquam

376 741 463 774 visus
487 747 554 774 erat
577 738 759 782 quiescere,
781 740 812 770 δε
837 736 984 779 rediisse,
1006 741 1037 771 &
1060 740 1242 781 graviorem
1264 741 1298 773 in
1310 741 1377 779 dies

374 782 495 818 factum
529 780 590 815 esse
610 807 617 814 ,
650 781 698 814 At
720 789 836 821 caetera
870 783 921 814 vel
945 782 1050 819 multo
1083 783 1183 825 magis
1203 783 1377 826 displicue-

370 825 471 863 runt.
498 825 586 858 Nam
609 821 810 866 frequentem
834 824 961 866 pulsum
990 847 1001 864 ‚
1030 828 1061 864 δε
1084 826 1260 862 subdurum
1283 852 1293 867 ,
1327 840 1376 867 re-

373 870 583 912 spirationem
608 867 740 908 subinde
765 867 863 901 altam
878 892 887 907 ,
911 868 1040 911 &quafi
1053 869 1237 911 difficilem,
1260 871 1376 912 pedm,

370 917 403 954 ὰ
428 914 532 951 vicina
555 922 648 944 crura
668 933 681 951 ,
710 912 743 943 in
768 909 901 944 dextero
925 911 1104 954 praesertim
1121 922 1197 955 artu
1217 937 1231 955 ,
1266 913 1380 949 subtu÷

372 957 460 997 mida
482 979 492 999 ‚
528 958 559 996 ὅ(
580 952 758 997 depressum
782 953 906 988 admot'i
929 955 1025 998 digiti
1060 956 1227 999 vestigium
1251 957 1377 994 servan-

370 1003 417 1036 tia
434 1026 442 1040 ‚
464 1009 573 1033 cutem
598 1020 607 1036 ‚
641 1000 671 1031 &
695 997 806 1033 oculos
831 997 1013 1038 subflavos‚
1035 1001 1141 1040 urinas
1164 1001 1302 1044 denique
1325 1003 1376 1034 in-

369 1044 478 1083 ,terdiu
503 1067 513 1083 ,
546 1051 582 1076 ut
605 1041 718 1075 oculos
738 1053 868 1084 quoque
891 1062 901 1078 ‚
926 1043 1027 1085 magis
1051 1043 1204 1077 flaventes
1226 1045 1371 1081 animad-

368 1087 533 1122 vertebam
548 1109 558 1124 ‚
580 1087 634 1125 &‚
658 1084 747 1127 quod
769 1087 918 1127 omnium
941 1085 1160 1128 gravissimum
1180 1085 1246 1121 fuit
1266 1111 1275 1126 ,
1299 1100 1374 1128 cum

370 1131 480 1167 ventri
504 1140 635 1170 manum
660 1126 871 1168 admovissem
895 1152 908 1169 ‚
942 1129 1104 1176 a'dextris
1127 1129 1183 1163 sub
1206 1130 1276 1173 ipso
1299 1131 1375 1166 infi÷

370 1184 498 1213 marum
522 1172 683 1214 costarum
707 1172 790 1206 flexu
814 1183 939 1206 tumens
964 1184 1048 1213 Jecur
1072 1172 1111 1207 ad
1133 1173 1261 1213 hoedini
1286 1176 1374 1218 capi-

372 1220 416 1255 tis
441 1215 718 1259 magnitudinem,
741 1215 859 1250 durum
882 1225 1058 1259 praeterea,
1081 1224 1113 1249 at
1136 1215 1200 1250 fine
1223 1215 1339 1257 dolore
1364 1244 1372 1257 ,

367 1261 472 1305 Quod
495 1259 571 1294 dum
593 1260 832 1298 contrestarem
846 1284 856 1300 ,
878 1270 960 1301 aeger
982 1258 1047 1302 jam
1071 1271 1088 1293 a
1111 1260 1254 1295 triennio
1274 1283 1284 1299 ,
1321 1262 1374 1297 in,

369 1306 466 1348 quit,
489 1313 651 1338 tumorem
675 1301 761 1336 hunc
780 1324 792 1341 ‚
824 1303 973 1345 quamvis
996 1313 1061 1335 non
1085 1311 1214 1337 tantum
1238 1326 1250 1344 ‚
1282 1314 1318 1339 ut
1342 1308 1374 1345 ὃς

370 1349 542 1387 oculorum
575 1346 768 1387 flavedinem
801 1346 943 1387 aliquam
977 1346 1224 1385 animadverti3
1261 1350 1292 1382 &
1324 1358 1374 1381 ta.

371 1403 444 1427 men
464 1415 472 1429 ,
507 1398 544 1423 ut
567 1388 668 1423 nostis
690 1399 821 1425 omnes,
844 1389 964 1431 semper
987 1389 1071 1422 bona
1095 1389 1135 1429 ad
1168 1389 1254 1425 hunc
1277 1392 1376 1434 usque

371 1447 491 1469 annum
515 1432 586 1467 usus
611 1432 681 1474 sum
706 1431 889 1466 valetudine
911 1454 920 1469 ‚
952 1432 1059 1466 Caute
1082 1445 1157 1472 cum
1181 1433 1247 1477 ejus
1271 1436 1377 1469 Medi-J

368 1491 409 1521 co
433 1480 472 1519 iis
495 1488 566 1520 quae
591 1488 629 1510 eo
653 1486 799 1517 tempore
833 1476 959 1518 aptiora
984 1476 1051 1510 visa
1076 1476 1149 1516 sunt
1174 1502 1184 1521 ,
1214 1478 1375 1515 constitu-⁴

368 1526 413 1558 tis
434 1545 443 1560 ,
477 1531 601 1563 aegrum
624 1519 725 1559 tertio
748 1519 845 1556 invisi
869 1527 942 1552 ante
967 1520 1111 1558 medium
1134 1522 1342 1562 Qinffilem
1364 1546 1375 1563 ,

367 1578 404 1609 ut
427 1577 502 1606 cum
526 1563 638 1604 eodem
663 1560 818 1603 Medico,
841 1565 871 1597 &
895 1574 969 1603 cum
995 1564 1168 1602 Albertino
1188 1587 1197 1601 ‚
1229 1566 1287 1609 qui
1311 1566 1376 1600 Bo-

366 1612 467 1649 nonia
492 1605 657 1642 accersitus
681 1603 806 1645 fuerat,
829 1605 961 1640 consilia
984 1607 1103 1647 inirem
1128 1633 1135 1640 .
1169 1609 1267 1646 Tunc
1300 1620 1376 1642 vero

365 1655 493 1694 §edema
516 1649 708 1690 inferiorum
732 1658 883 1698 artuum,
905 1649 1003 1689 credo
1028 1651 1117 1693 quod
1140 1662 1223 1695 aeger
1233 1652 1376 1694 plerum-

366 1710 428 1744 que
453 1696 585 1730 cubaret
608 1715 618 1731 ‚
651 1703 984 1729 omnlnorevanuerat
1008 1714 1018 1729 ‚
1041 1695 1190 1730 ciborum
1215 1697 1375 1737 appetitus

366 1741 521 1784 vigebat,
544 1735 726 1780 stomachus
751 1735 835 1776 reste
859 1734 953 1779 fungi
980 1735 1148 1776 videbatur
1163 1737 1273 1772 officio
1297 1738 1375 1772 suo.

367 1790 420 1825 At
454 1782 576 1825 vigiliae
600 1780 698 1813 norstu
732 1780 925 1825 vexabant,-
960 1779 1066 1823 pulsus
1099 1782 1202 1823 magis
1243 1781 1375 1823 quidem

366 1828 553 1872 vespertino
575 1834 721 1866 tempore
740 1846 752 1863 ,
774 1821 826 1856 {ed
849 1833 958 1857 tamen
981 1826 1011 1856 δε
1036 1826 1200 1865 matutino
1223 1821 1375 1867 frequen-

362 1885 434 1911 tes,
460 1870 577 1913 majori
599 1876 697 1911 quam
722 1877 813 1900 antea
829 1866 1072 1907 magnitudine,
1097 1879 1153 1906 nec
1177 1866 1241 1900 fine
1264 1869 1375 1909 aliquo

363 1921 511 1960 impetu:
538 1913 624 1947 fitis:
651 1911 762 1953 lingua
788 1911 959 1951 aridiffima
981 1933 993 1951 ,
1025 1913 1056 1943 &
1079 1911 1190 1950 colore
1213 1921 1252 1945 ex
1276 1912 1383 1949 rubro>

365 1955 547 2005 'nigricante
561 1954 701 1996 infefta:
729 1955 810 1994 cutis
822 1955 957 1988 necdum
980 1953 1044 1993 sine
1056 1953 1235 1994 flavedine,
1261 1965 1378 1997 quamq

349 2005 416 2040 ‘vis
441 2004 504 2041 alvi
531 2008 728 2034 recrementa
755 2009 811 2037 nec
835 1996 932 2038 essent
949 2024 958 2039 ,
983 2009 1038 2037 nec
1062 2009 1153 2033 antea
1176 1996 1311 2044 fuissent·
1331 1997 1379 2031 al-

363 2048 461 2086 bida:
489 2046 589 2080 urinae
615 2043 720 2084 saturo
744 2042 913 2075 etiamtum
926 2041 1056 2082 colore,
1077 2042 1129 2075 sed
1145 2050 1275 2074 tenues.-
1298 2042 1379 2083 Jeci-

366 2086 458 2134 noris
479 2099 590 2123 tumor
607 2111 621 2128 ‚
654 2087 687 2125 in
711 2097 778 2129 quo
802 2085 897 2120 dolor
920 2084 1026 2119 fuerat
1050 2084 1226 2127 aliquando
1249 2095 1289 2119 ex
1311 2095 1380 2127 quo

365 2129 487 2176 aegrum
512 2143 577 2172 non
603 2130 768 2167 videram,
794 2128 889 2168 facile
911 2138 1020 2162 tamen
1045 2128 1170 2164 sedatus
1189 2150 1198 2165 ³
1235 2139 1273 2161 eo
1296 2136 1379 2162 tem-³

363 2175 442 2223 pore
465 2175 662 2212 contrectari
686 2182 811 2216 poterat
836 2173 899 2210 sine
921 2172 1034 2210 dolore
1054 2195 1063 2210 ‚
1094 2172 1153 2205 nisi
1176 2170 1264 2207 forte
1285 2171 1342 2205 diu
1363 2194 1377 2211 ‚

365 2228 396 2259 δι
421 2221 586 2263 subaspere
608 2219 681 2261 quis
706 2216 922 2262 contrectaret
946 2229 955 2253 3
987 2224 1065 2255 tunc
1089 2216 1177 2253 enim
1200 2214 1317 2258 aliquis
1339 2227 1378 2249 o-.

365 2268 511 2302 riebatur
543 2262 638 2298 dolor
661 2260 700 2294 ad
732 2263 835 2295 imum
860 2260 1011 2301 Jecinoris
1034 2259 1173 2293 limbum
1195 2284 1203 2293 .
1238 2259 1276 2293 In
1299 2269 1380 2292 cona

367 2308 535 2346 ucciando
547 2305 632 2342 visus
655 2304 698 2343 est
709 2302 768 2337 fibi
794 2303 983 2336 Albertinus
1007 2302 1263 2345 inaequalitatem
1276 2313 1381 2344 quan-

367 2349 443 2390 dam
475 2349 728 2386 animadvertere
751 2358 815 2380 non
850 2345 936 2380 secus
960 2357 995 2385 ac
1029 2345 1052 2385 fi
1077 2345 1206 2383 visceris
1239 2344 1306 2388 ejus
1328 2344 1382 2378 suq

370 2397 513 2441 perficies
534 2391 730 2437 quibusdam
753 2391 840 2432 quasi
864 2391 972 2431 granis
995 2389 1197 2423 craffioribus
1221 2390 1382 2431 asperare-2

348 2437 350 2439 ’
369 2452 446 2481 tur3
469 2437 556 2473 unde
579 2435 717 2469 tumoris
741 2443 888 2465 naturam
903 2432 941 2465 ad
965 2430 1122 2465 scirrhum
1136 2432 1290 2474 spe&are‚
1303 2443 1382 2465 con-

372 2485 528 2528 jiciebat,
552 2480 652 2513 acinis
677 2477 827 2510 videlicet
853 2476 1010 2518 hepaticis
1034 2487 1050 2508 a
1075 2483 1228 2516 concreta
1253 2475 1318 2508 bile
1330 2475 1383 2508 di-

369 2529 504 2564 stentis3
528 2524 572 2558 ob
595 2522 745 2556 dolorem
768 2529 875 2552 tamen
895 2542 908 2560 ,
943 2529 980 2553 ne
1005 2518 1125 2554 alicubi
1150 2518 1210 2551 alia
1234 2517 1307 2551 esset
1331 2528 1384 2553 tu-

371 2572 472 2608 moris
501 2564 619 2603 'natura
643 2588 652 2603 ‚
688 2563 857 2602 verebatur
878 2586 886 2600 ,
919 2563 1006 2597 Cum
1038 2574 1072 2595 ea
1095 2574 1166 2605 quae
1201 2563 1349 2604 iri-gravi
1372 2587 1381 2602 ,

373 2620 405 2651 ἃ
430 2613 569 2656 ancipiti
602 2607 761 2651 ejusmodi
783 2604 857 2644 casu
892 2604 1107 2644 cautissimum
1129 2605 1285 2639 decebant
1309 2605 1381 2639 Mea

370 2653 481 2697 dicuni
496 2680 505 2695 ‚
531 2654 699 2689 nobiscum
723 2649 882 2694 probasset
903 2671 912 2685 ‚
937 2649 1185 2691 Bononiamque
1204 2647 1347 2693 {rediisset
1371 2674 1380 2689 ‚

371 2715 435 2742 ego
459 2712 535 2735 vero
561 2700 688 2731 Lucum
712 2694 750 2728 ad
766 2693 944 2734 Cicognini
968 2694 1068 2734 patris
1090 2693 1287 2730 curationem
1304 2703 1380 2735 pro,

370 2742 474 2789 faetus
498 2741 612 2780 efferus
636 2739 674 2773 de
697 2737 880 2780 improviso
904 2737 1022 2774 accidit
1043 2761 1053 2776 ,
1078 2745 1114 2771 ut
1137 2747 1220 2778 aeger
1243 2737 1301 2778 qui
1325 2747 1380 2779 per

374 2781 428 2826 eos
458 2781 534 2826 dies*
551 2796 616 2819 non
649 2782 748 2817 modo
772 2792 837 2815 non
862 2780 950 2823 pejus
970 2803 983 2819 ,
1017 2778 1067 2830 sed
1090 2789 1208 2822 quarto
1241 2791 1281 2813 ex
1313 2791 1380 2822 quo

374 2829 508 2871 consilia
531 2831 614 2867 inita
645 2827 773 2865 fuerant
795 2847 807 2864 ‚
839 2823 891 2858 die
916 2824 965 2857 vel
990 2825 1104 2859 melius
1126 2834 1201 2857 curn
1223 2825 1347 2856 caeteris
1372 2846 1381 2863 ,

372 2867 445 2912 tum
469 2874 529 2908 sibi
552 2875 586 2911 in
610 2872 721 2914 primis
747 2868 861 2907 habere
885 2867 1056 2906 videbatur
1077 2888 1087 2904 ‚
1110 2877 1183 2900 cum
1208 2865 1247 2899 ad
1269 2877 1383 2901 coenus

375 2921 442 2954 lam
465 2918 570 2960 prima
600 2915 679 2949 hora
703 2909 1010 2950 nostis'surrexisset
1038 2934 1049 2949 ,
1082 2911 1218 2950 molesto
1242 2909 1384 2953 quodam

376 2961 471 3000 sensu
495 2957 677 2994 stomachi,
703 2959 733 2989 &
755 2954 873 2989 affefiae
899 2956 1000 2998 partis
1011 2956 1250 2999 corriperetur,
1275 2952 1385 2987 fimul-

378 3018 442 3050 que
477 3002 593 3042 sudore
616 3000 741 3043 frigido
772 2997 868 3032 facies
889 3019 898 3035 ,
931 2996 1055 3039 frigore
1087 3006 1174 3032 artus
1216 2995 1385 3031 inferiores

377 3045 666 3092 perfunderentur,
690 3051 799 3081 venter
823 3051 929 3077 autem
954 3041 1044 3077 valde
1066 3040 1295 3076 intumesceret
1312 3065 1319 3072 .
1346 3042 1385 3075 In

377 3093 498 3128 1e5tum
522 3087 680 3131 repositus
711 3086 777 3128 jam
801 3084 904 3124 fuerat
928 3106 938 3122 ,
961 3095 1035 3119 cum
1060 3096 1193 3127 propere
1216 3085 1385 3118 accersitus

376 3135 530 3174 Medicus
549 3128 670 3175 'praeter
693 3130 782 3166 haec‚
802 3129 905 3163 totius
929 3130 1093 3170 epigastrii
1115 3128 1261 3162 dolorem
1279 3149 1290 3166 ‚
1324 3139 1384 3162 vo-.

377 3178 490 3214 mendi
514 3185 671 3212 conatus,
694 3172 853 3218 humiles,
876 3174 906 3204 δέ
934 3171 1100 3214 languidos
1125 3171 1232 3214 pulsus
1258 3192 1270 3210 ›
1291 3179 1326 3203 ut
1350 3174 1382 3203 &

378 3232 493 3257 vocem
512 3245 522 3261 ,
553 3223 585 3254 δι
605 3227 746 3252 mentem
768 3237 778 3256 2
804 3215 927 3257 >faciem
961 3224 1068 3251 autem
1101 3216 1204 3258 qualis
1235 3213 1383 3251 cadaveri

379 3261 455 3304 est,
470 3262 680 3306 deprehendit
702 3286 710 3299 .,
743 3262 857 3303 Itaque
881 3258 994 3292 oetava
1017 3270 1056 3292 ex
1078 3271 1140 3301 qua
1165 3257 1232 3293 haec
1255 3260 1383 3300 incepe,

376 3318 471 3346 rant,
496 3307 575 3341 hora
599 3316 685 3338 mors
707 3304 751 3338 est
774 3303 964 3337 consecuta.
990 3304 1043 3335 An
1068 3314 1107 3343 ex
1129 3310 1227 3345 rupto
1245 3323 1255 3340 ‚
1278 3311 1314 3336 ut
1340 3302 1382 3335 fi-

376 3356 439 3394 gna
471 3349 602 3394 quidem
626 3347 770 3385 indicant
804 3347 951 3389 pleraque
974 3367 984 3385 ,
1017 3357 1073 3380 nec
1097 3355 1205 3379 tamen
1238 3345 1348 3378 omnia
1372 3366 1382 3385 ²,

375 3395 528 3437 jecinoris
553 3391 691 3427 abscessu
716 3395 726 3423 ?
761 3401 801 3426 an
824 3401 864 3433 ex
895 3387 972 3422 vasis
995 3387 1169 3431 sanguiferi
1201 3388 1381 3429 disruptio-2.

375 3442 438 3475 ne?
463 3437 654 3471 Albertinus
675 3434 741 3477 ipse
773 3436 831 3477 qui
854 3432 1094 3474 diligentiffime
1117 3456 1128 3473 ‚
1160 3441 1196 3466 ut
1221 3431 1342 3465 solebat
1369 3456 1379 3472 ,

377 3491 480 3526 nuper
502 3481 612 3513 omnia
636 3479 756 3521 partim
779 3476 1003 3515 observaverat
1021 3498 1034 3516 ‚
1067 3476 1185 3518 partim
1208 3474 1381 3517 inquisive-

380 3535 432 3558 rat
450 3547 461 3562 ‚
486 3535 542 3557 nec
565 3523 625 3557 alia
650 3532 764 3565 praeter
775 3532 809 3554 ea
824 3532 896 3562 quae
908 3519 1054 3557 modoad
1067 3530 1100 3553 te
1112 3519 1240 3562 scripsi,
1265 3516 1379 3557 fuiffe,

327 3575 333 3581 ³
377 3568 497 3603 sciebat
519 3590 528 3604 ‚
560 3577 633 3600 cum
658 3577 698 3598 ex
730 3565 807 3598 meis
830 3564 947 3597 litteris
970 3563 1055 3598 hunc
1090 3562 1232 3601 hominis
1254 3563 1380 3595 exitum

378 3606 565 3653 accepissem
590 3619 626 3643 ut
650 3607 744 3643 facile
766 3606 960 3656 conjiciebat
978 3630 990 3646 ,
1014 3607 1134 3650 aliquid
1155 3628 1167 3646 ‚
1198 3605 1276 3640 dum
1300 3615 1383 3647 aeger

1008 172 1165 241 ‘Liber
1197 194 1280 245 111.
1314 183 1398 245 De
1428 188 1640 247 Morbis
1673 189 1883 248 Ventris

1429 266 1593 308 surgeret,
1615 266 1678 303 illo
1700 265 1810 300 eodem
1833 274 1927 305 motu
1950 262 2009 300 elle
2030 263 2215 309 disruptum
2233 268 2247 306 ’,Ξ
2268 265 2429 304 muitum

1429 321 1491 351 que
1522 311 1557 344 in
1579 311 1700 343 ventris
1729 320 1846 347 ,cavum
1868 309 2038 344 humorem
2068 308 2205 345 effusum
2224 321 2237 352 5
2269 311 2315 344 ita
2347 310 2429 355 quid

1428 352 1612 394 disruptum
1635 351 1709 387 esset
1725 377 1732 391 ,
1756 355 1874 395 pariter
1893 352 2059 395 ,conjicere
2077 353 2107 388 se
2130 351 2237 395 posse,
2257 353 2397 395 negabat
2417 378 2431 389 ,

1429 396 1530 435 Quod
1553 396 1575 431 fi
1598 396 1743 439 quae‘dam
1766 395 1933 438 suppurati
1956 397 2093 432 tumoris
2115 395 2257 434 indicia,
2282 398 2313 429 &
2335 397 2369 432 in
2379 395 2431 432 his

1429 451 1501 482 quae
1536 440 1736 482 potiffimum
1759 440 1974 481 requirebat;
2003 450 2090 474 certe
2112 448 2219 475 autem
2252 439 2339 475 nulla
2372 449 2434 475 uns-

1428 494 1528 525 quam
1562 481 1717 522 fuerant,
1752 493 1864 524 nempe
1896 482 2147 525 horripilationes
2186 479 2428 524 praeceffisl'ent5

1428 535 1499 560 tum
1522 537 1599 564 vero
1622 524 1810 565 fatebatur,
1831 525 1861 563 se
1883 524 1977 560 facile
2000 538 2038 560 ex
2062 535 2157 568 rupta
2177 524 2302 568 hepatis
2325 525 2429 558 vomi,

1428 580 1465 602 ca
1488 579 1556 602 rem
1580 567 1673 607 fuisse
1692 569 1933 612 explicaturum
1948 593 1955 600 .
1981 570 2090 612 Igitur
2115 567 2203 611 siqua
2226 569 2260 602 in
2283 568 2435 610 particu-

1429 613 1461 646 la
1491 612 1617 653 hepatis
1639 613 1724 649 lente
1757 611 1878 654 aliquid
1900 633 1912 649 ‚
1946 623 1981 645 ac
2004 613 2141 650 latenter
2163 613 2202 646 ad
2225 611 2433 659 suppuratio-

1427 655 1609 693 nem‘forte
1634 654 1766 695 venisset
1788 678 1801 696 ,
1832 654 1985 697 suspicari
2008 656 2038 689 se
2058 678 2068 694 ‚
2099 666 2164 691 non
2191 665 2257 688 tam
2291 664 2329 687 ex
2364 664 2433 696 ejus

1429 698 1615 742 particulae‚
1639 710 1736 742 quam
1758 710 1798 735 ex
1820 699 1938 740 attigui
1962 698 2040 733 vasis
2064 697 2197 740 alicujus
2221 695 2398 739 sanguiferi
2420 719 2434 736 ,

1427 742 1516 786 quod
1540 753 1597 784 pus
1619 741 1742 781 laesiffet
1760 764 1769 780 ‚
1803 741 2006 786 disruptione
2027 741 2188 784 ejusmodi
2210 750 2349 776 mortem
2373 738 2433 774 effe

1425 785 1631 829 repetendam
1655 811 1663 819 .
1698 787 1817 828 Neque
1839 793 1949 821 tamen
1973 784 2151 827 suspicione
2173 784 2232 819 hac
2255 793 2345 817 -vetus
2366 785 2435 829 ,βε

1428 830 1578 873 pertinax
1610 829 1664 862 ille
1686 828 1724 862 ad
1759 828 1921 862 vertebras
1942 827 2038 862 dolor
2070 828 2291 870 explicabatur
2306 848 2314 864 2
2335 837 2432 869 cnjus

1428 875 1463 909 in
1486 881 1539 906 tot
1562 871 1687 914 hepatis
1711 871 1896 907 abscessibus
1926 882 2067 913 quorum
2090 871 2241 911 historias
2265 869 2434 913 perpendi-

1430 928 1519 957 muS,
1543 917 1742 953 mentionem
1765 914 1885 951 fastam
1908 925 1974 948 non
1997 915 2223 955 recordamur,
2249 918 2280 949 δέ
2302 914 2329 950 is
2352 924 2434 957 prae-

1427 969 1513 994 terea
1535 970 1632 1002 quem
1656 960 1886 1000 tetigeramus,
1909 967 2020 993 tumor
2042 960 2138 1000 longe
2163 970 2179 991 a
2204 957 2358 992 vertebris
2382 956 2434 990 di-

1425 1004 1528 1044 stabat
1549 1027 1559 1042 ‚
1595 1003 1788 1046 longiusque
1811 1003 1895 1036 imus
1926 1000 2051 1044 hepatis
2085 1002 2205 1038 limbus
2228 1027 2237 1042 ,
2269 1000 2309 1034 ad
2332 1011 2431 1047 quem

1427 1047 1604 1090 praesertim
1626 1046 1791 1082 novissime
1812 1045 1957 1079 dolorem
1980 1043 2094 1082 fuisse,
2117 1044 2297 1086 scripsimus
2323 1067 2330 1075 .
2358 1043 2431 1079 Nec

1426 1101 1503 1124 vero
1527 1089 1569 1124 est
1600 1101 1656 1123 cur
1679 1090 1827 1125 dolorem
1852 1088 1890 1123 ad
1925 1088 2084 1122 vertebras
2105 1088 2233 1122 infimas
2267 1088 2430 1129 praecipue
2472 1094 2481 1102 '

1425 1135 1459 1169 &
1482 1133 1522 1166 ad
1546 1133 1637 1167 Sacri
1659 1133 1730 1166 offis
1753 1132 1853 1166 basim
1876 1131 2043 1169 extensum
2065 1156 2074 1169 ‚
2106 1131 2192 1166 forte
2217 1132 2257 1165 ab
2292 1129 2433 1163 haemor-
2455 1136 2459 1139 ’

1424 1175 1580 1214 rhoidalis
1606 1186 1693 1213 venae
1716 1186 1833 1209 trunco
1854 1173 1997 1218 repetas»,
2018 1174 2112 1218 cujus
2135 1176 2257 1209 radices
2279 1173 2359 1209 adeo
2381 1173 2434 1207 di.

1425 1221 1530 1253 ximus
1554 1218 1647 1253 fuisse
1671 1228 1835 1261 turgentes
1855 1231 1865 1257 3
1891 1229 1965 1253 nam
1989 1220 2060 1262 post
2084 1217 2218 1253 effusam
2241 1226 2367 1251 tantam
2389 1216 2434 1250 il„

1424 1263 1490 1297 lam
1514 1262 1678 1304 sanguinis
1700 1264 1767 1297 vim
1789 1262 1875 1296 haud
1897 1271 1984 1296 certe
2007 1262 2143 1304 amplius
2165 1261 2340 1304 turgebant
2360 1283 2369 1299 ,
2400 1263 2433 1295 &

1422 1306 1661 1344 cummaxime
1686 1315 1878 1348 turgerent‚
1901 1306 1951 1339 vel
1975 1314 2046 1341 tum
2069 1328 2079 1342 ‚
2101 1304 2370 1348 quamvisbreve
2392 1303 2432 1337 ad

1429 1359 1579 1392 tempus,
1603 1349 1786 1387 acciderat,
1810 1358 1846 1383 ut
1869 1349 1964 1383 dolor
1988 1348 2151 1383 videretur
2175 1347 2235 1382 esse
2258 1347 2401 1396 sublatus
2426 1370 2436 1382 .

1428 1393 1530 1436 Qod
1563 1392 1585 1426 fi
1610 1395 1723 1430 Aortae
1756 1393 1881 1431 arteriae
1905 1403 1968 1438 per·
1993 1393 2153 1433 vertebras
2175 1392 2397 1426 descendentis
2425 1414 2436 1430 ,

1430 1436 1642 1480 aneurysma,
1665 1436 1753 1477 cujus
1776 1458 1789 1476 ,
1821 1446 1935 1478 praeter
1957 1437 2112 1477 Jecinoris
2131 1441 2329 1474 tumorem,
2353 1444 2439 1469 non-.

1426 1480 1515 1515 nulla
1538 1480 1643 1514 adhuc
1668 1479 1748 1513 mihi
1774 1479 1912 1521 suspicio
1938 1479 1979 1513 est
1996 1504 2004 1518 ,
2029 1491 2092 1515 non
2117 1480 2144 1512 is
2157 1480 2219 1514 tibi
2244 1477 2437 1514 morbusvi-

1426 1526 1560 1564 deatur‚
1584 1523 1674 1564 cujus
1699 1522 1829 1557 effectus
1852 1523 1900 1556 vel
1926 1524 2020 1559 breve
2032 1524 2070 1557 ad
2094 1533 2223 1565 tempus
2247 1520 2438 1564 usqueadeo

1426 1566 1594 1601 obscurari
1619 1565 1713 1608 po'ffit
1734 1589 1742 1604 ‚
1778 1577 1834 1599 nec
1857 1567 1916 1609 qui
1940 1566 2004 1600 sine
2028 1567 2099 1600 aliis
2124 1566 2294 1609 pluribus,
2319 1576 2356 1607 gr
2367 1566 2441 1597 avi..

1428 1610 1552 1653 busque
1575 1609 1672 1651 lignis
1695 1610 1823 1651 concipi
1847 1618 1944 1652 queat
1964 1621 1974 1647 3
1996 1622 2014 1643 a
2038 1619 2068 1643 te
2093 1619 2171 1652 peto
2195 1620 2233 1642 ne
2255 1609 2436 1651 quidquam

1427 1656 1544 1688 statuas
1566 1653 1753 1699 priusquam
1774 1651 1856 1691 hanc
1889 1653 2002 1696 legeris
2026 1664 2097 1697 quae
2131 1651 2304 1696 subjicitur
2324 1677 2335 1693 ‚
2360 1651 2437 1685 Ob-

1428 1697 1644 1736 servationcm
1657 1720 1666 1728 .
2039 1698 2042 1701 '

1472 1751 1524 1774 20.
1547 1739 1697 1772 SENEX
1719 1739 1777 1782 qui
1799 1740 1881 1774 olim
1904 1740 2092 1774 credebatur
2114 1750 2154 1772 ex
2167 1739 2219 1772 lue
2244 1741 2374 1772 venerea
2386 1738 2435 1772 la.-

1426 1781 1572 1822 borafse‚
1596 1783 1716 1815 multos
1740 1783 1807 1823 jam
1832 1783 1899 1817 dies
1923 1784 1956 1816 in
1972 1782 2034 1816 hoc
2058 1781 2195 1819 cubabat
2207 1782 2434 1819 Nosocomio,

1428 1827 1467 1863 de
1490 1826 1560 1861 aliis
1581 1825 1735 1859 omnibus
1759 1826 1948 1869 conquestus
1968 1850 1977 1864 ,
2010 1836 2109 1868 quam
2131 1837 2202 1867 quae
2228 1835 2281 1859 aut
2309 1825 2348 1858 ad
2369 1836 2440 1863 earn

1429 1872 1538 1910 luem,
1563 1878 1616 1903 aut
1640 1868 1678 1902 acl
1702 1880 1855 1911 magnum
1889 1870 2055 1905 internum
2079 1867 2274 1910 aneurysma*
2297 1868 2437 1912 [perstare

1430 1913 1553 1957 possem
1577 1922 1664 1945 certe
1689 1921 1795 1950 autem
1817 1925 1828 1951 3
1853 1924 1926 1946 nam
1950 1913 2125 1954 diligenter
2150 1911 2308 1954 quaefivi3
2333 1923 2437 1955 neque

1429 1957 1468 1990 de
1491 1956 1627 1994 dolore,
1650 1966 1753 1998 neque
1785 1955 1823 1990 de
1847 1956 1997 1998 ponderis
2020 1955 2110 1990 sensu
2135 1977 2147 1994 ,
2183 1966 2286 1997 neque
2310 1955 2350 1989 de
2374 1955 2443 1997 spi-

1430 2000 1522 2039 randi
1547 1998 1740 2037 difficultate
1760 2022 1768 2029 .
1804 1999 1904 2033 Paulo
1927 1999 1997 2042 post
2033 1999 2205 2042 prandium
2241 2009 2371 2074 regente
2395 1999 2439 2033 est

1431 2053 1581 2076 mortuus
1613 2043 1697 2076 circa
1722 2043 1873 2078 'medium
1904 2043 2121 2080 Decembrem
2144 2044 2185 2077 A.
2213 2044 2268 2074 161
2298 2066 2305 2073 .

1430 2085 1641 2120 VENTRE
1665 2096 1777 2128 aperto
1798 2109 1807 2124 ‚
1843 2089 1874 2119 δι
1896 2087 2039 2120 urinaria
2063 2084 2165 2119 vefica
2188 2096 2262 2120 cum
2287 2096 2364 2127 pene
2386 2085 2441 2121 de-

1433 2129 1534 2165 trafta
1559 2141 1568 2166 3
1607 2137 1696 2162 totus
1719 2131 1806 2163 enim
1839 2141 1926 2163 eram
1948 2141 1987 2165 eo
2023 2139 2168 2174 tempore
2191 2129 2225 2161 in
2249 2129 2442 2171 quibusdam

1433 2184 1507 2215 quae
1531 2173 1570 2209 ad
1593 2172 1761 2209 easPartes
1785 2173 2201 2213 attinent‚sobservandis;
2224 2172 2354 2206 urethra
2373 2174 2438 2206 luis

1433 2217 1524 2251 illius
1548 2216 1689 2258 antiquae
1713 2218 1905 2260 opinionem
1919 2216 2149 2253 confirmavit.
2175 2215 2253 2250 Erat
2264 2214 2349 2249 enim
2373 2217 2445 2259 pas-

1432 2259 1492 2295 fim
1516 2259 1705 2293 cicatricosa
1726 2282 1736 2297 ,
1769 2263 1800 2294 &
1824 2261 1990 2295 Seminalis
2013 2260 2079 2303 ipsa
2111 2260 2281 2294 caruncula
2306 2269 2373 2295 non
2398 2260 2443 2294 se-

1433 2301 1577 2340 cundum
1609 2304 1789 2338 naturalem
1821 2304 2116 2338 conformationem
2145 2303 2174 2336 se
2206 2302 2348 2338 habebat
2370 2327 2379 2341 ‚
2406 2312 2444 2337 ut

1434 2357 1537 2388 neque
1562 2348 1742 2388 perminuta
1765 2347 1833 2381 duo
1855 2346 1964 2382 oscula
1987 2349 2106 2390 quibus
2132 2347 2170 2380 ad
2186 2347 2285 2380 latera*
2309 2358 2445 2390 pertun.-

1433 2389 1548 2428 ditur,
1575 2401 1677 2432 neque
1701 2388 1751 2424 his
1775 2391 1938 2434 interjeffi
1964 2392 2057 2424 Sinus
2079 2391 2247 2424 orificium
2278 2389 2374 2424 facile
2398 2390 2445 2423 es-

1436 2432 1481 2466 set
1504 2433 1737 2468 demonstrare.
1764 2435 1841 2469 Huc
1865 2434 2060 2469 accedebant
2082 2433 2171 2468 fibrae
2193 2457 2205 2474 ,
2229 2436 2315 2468 inter
2339 2433 2368 2467 se
2392 2434 2445 2467 di-

1436 2476 1580 2513 stinctae,
1604 2486 1699 2519 atque
1721 2478 1895 2517 exstantes,
1921 2490 1960 2511 ex
1982 2477 2213 2521 quibusinstar
2238 2479 2329 2521 parvi
2339 2479 2443 2511 trian-

1435 2520 1505 2561 guli
1528 2519 1761 2558 conficiebatur
1784 2543 1797 2561 ,
1819 2521 1910 2564 cujus
1934 2521 2016 2557 bafis
2038 2530 2105 2558 erat
2128 2521 2236 2558 vesicae
2259 2523 2408 2565 proxima
2432 2543 2445 2560 ‚

1434 2571 1549 2600 vertex
1578 2564 1787 2602 carunculam
1823 2565 2006 2607 attingebat
2028 2589 2037 2600 ,
2167 2566 2299 2598 Amoris
2331 2564 2445 2601 deinde

1432 2606 1625 2644 visceribus,
1649 2608 1759 2650 ingens
1782 2607 1912 2650 Magnae
1937 2609 2064 2642 arteriae
2095 2608 2284 2649 aneurysma
2308 2609 2344 2640 in
2366 2619 2446 2642 con-

1434 2650 1576 2693 spectum
1601 2652 1711 2687 venit,
1735 2652 1927 2687 crescentem
1950 2651 2057 2686 lanam
2081 2651 2330 2693 repraesentans,
2353 2662 2444 2694 cnjus

1434 2703 1503 2729 erat
1527 2693 1658 2731 dorsum
1681 2694 1738 2728 iub
1761 2706 1884 2729 annexo
1907 2694 2152 2737 diaphragmate
2174 2696 2208 2728 in
2227 2694 2445 2730 transversum

1434 2737 1578 2773 locatum
1599 2764 1609 2778 ‚
1643 2749 1765 2771 cornua
1788 2748 1895 2777 autem
1929 2734 2077 2772 deorsum
2101 2737 2287 2778 spectabant
2305 2762 2318 2779 ‚
2349 2738 2444 2782 seque

1432 2779 1556 2823 fingula
1580 2793 1662 2823 pone
1687 2780 1827 2824 singulos
1849 2780 2032 2818 condebant
2064 2782 2223 2815 musculos
2246 2793 2328 2825 quos
2353 2784 2446 2815 Psoas

1434 2833 1574 2865 vocant,
1598 2823 1760 2859 sinistrum
1783 2826 1916 2868 quidem
1939 2838 1976 2859 eo
2000 2823 2098 2868 usque
2119 2835 2154 2858 ut
2167 2824 2205 2859 ad
2228 2827 2359 2860 tertiam
2372 2837 2445 2859 mu-

1436 2866 1515 2906 sculi
1528 2876 1651 2911 partem
1666 2868 1814 2904 infimam
1839 2871 2043 2911 perveniret,
2066 2867 2236 2903 dexterum
2260 2879 2444 2902 autemnon

1436 2911 1516 2949 adeo
1539 2910 1673 2946 inferius
1696 2912 1899 2947 descenderet
1922 2937 1929 2944 .
1954 2911 2065 2954 Hujus
2086 2924 2216 2954 quoque
2241 2913 2445 2956 aneurysma-

1436 2957 1480 2988 tis
1505 2956 1661 2998 posterior
1696 2958 1798 2998 paries
1821 2955 1885 2998 jam
1916 2956 2024 2990 nullus
2045 2965 2113 2989 erat
2136 2969 2144 2993 ;
2167 2956 2276 2998 itaque
2299 2957 2444 2990 detraclo

1437 2997 1590 3042 sanguine
1612 3010 1679 3041 quo
1703 3000 1885 3042 replebatur
1901 3022 1911 3038 ‚
1933 3001 2072 3034 maxima
2086 3010 2124 3033 ex
2149 3008 2237 3041 parte
2260 3001 2292 3033 in
2304 3001 2444 3043 polypo-

1436 3041 1483 3080 sas
1505 3041 1638 3076 laminas
1671 3043 1748 3077 alias
1772 3044 1841 3077 aliis
1864 3041 2028 3085 impositas
2062 3038 2270 3079 conformato
2289 3068 2299 3083 ,
2332 3042 2443 3078 statim

1437 3094 1657 3128 apparuerunt
1679 3098 1816 3128 corpora
1827 3086 1985 3127 duarum,
2009 3095 2062 3120 aut
2074 3087 2174 3121 trium
2198 3087 2443 3129 vertebrarum,

1436 3127 1475 3162 ad
1497 3130 1608 3163 imum.
1624 3129 1809 3169 thoracem,
1836 3129 2038 3173 summosque
2053 3130 2179 3164 lumbos
2204 3131 2415 3165 attinentium
2431 3157 2441 3173 ,

1434 3172 1520 3206 nuda
1543 3171 1674 3215 quidem
1689 3195 1698 3211 ‚
1724 3171 1776 3207 sed
1799 3174 1862 3207 alte
1885 3174 1992 3213 erosa,
2015 3182 2143 3207 extante
2167 3171 2220 3206 hic
2245 3176 2366 3216 pariter
2389 3177 2442 3209 in-

1434 3225 1483 3249 ter
1505 3227 1621 3259 corpus
1644 3218 1675 3249 &
1698 3228 1813 3259 corpus
1837 3217 1912 3250 albo
1937 3217 2014 3257 suo,
2036 3216 2223 3259 intaftoque
2247 3241 2256 3256 ,
2290 3226 2327 3252 ut
2352 3220 2441 3253 vide-

1433 3259 1549 3299 batur,
1572 3260 1749 3302 ligamento
1773 3261 1985 3304 cartilagineo
2000 3284 2008 3292 .
2031 3261 2180 3303 Ruptum
2203 3270 2310 3299 autem
2334 3261 2440 3295 fuerat

1433 3301 1497 3341 hoc
1520 3302 1706 3345 aneurysma
1731 3301 1874 3346 suprema
1899 3304 1952 3338 sua
1977 3302 2098 3337 sinistra
2122 3313 2210 3345 parte
2232 3306 2279 3342 ita
2310 3313 2346 3342 ut
2368 3304 2438 3338 san-

1432 3348 1504 3388 guis
1527 3356 1591 3387 qua
1610 3345 1802 3382 concesserat
1826 3358 1987 3382 annexum
2010 3346 2221 3389 diaphragma
2241 3373 2250 3389 ‚
2281 3358 2438 3390 prorupe-

1433 3391 1478 3423 rit
1511 3390 1553 3423 ab
1576 3389 1688 3424 eodem
1719 3391 1818 3425 latere
1840 3392 1875 3426 in
1908 3391 2052 3425 thoracis
2073 3402 2188 3426 cavum
2210 3413 2220 3433 ,
2246 3390 2333 3435 quod
2355 3402 2434 3434 pene

1432 3442 1541 3471 totum
1565 3434 1765 3474 repleverat.

1473 3487 1525 3519 30.
1550 3476 1654 3510 Vides
1676 3478 1780 3519 igitur
1801 3503 1811 3518 ‚
1833 3489 1932 3520 quarn
1955 3477 2124 3512 obscurata
2148 3476 2200 3515 hic
2222 3476 2308 3519 figna
2337 3475 2435 3512 essent

1431 3521 1515 3552 tanti
1542 3520 1773 3562 aneurysmatis
1788 3544 1797 3559 ‚
1820 3534 1891 3565 quae
1914 3522 2017 3559 olim,
2043 3524 2073 3554 δε
2098 3521 2282 3557 lumborum
2307 3521 2436 3563 praeser-

1433 3564 1496 3600 tim
1519 3562 1645 3597 dolores
1667 3566 1747 3606 quin
1771 3565 1996 3599 antecessissent
2015 3586 2024 3601 ‚
2048 3576 2112 3598 non
2136 3565 2177 3597 est
2198 3563 2436 3603 dubitandum.

1564 3606 1622 3640 Sed
1644 3606 1744 3647 hanc,
1770 3611 1803 3642 δε
1826 3620 1898 3651 quae
1920 3610 1953 3642 in
1965 3606 2103 3645 Cisiario
2126 3612 2140 3648 <
2163 3608 2176 3641 ἱ
2198 3611 2209 3647 )
2232 3608 2408 3685 ὴεὼὶεὸἕίὶ
2424 3634 2437 3651 ‚

435 3800 475 3841 ρι’
491 3800 501 3831 )
517 3799 583 3830 supra
594 3815 601 3829 s
617 3807 642 3825 n.
659 3803 700 3828 26,
