2498 4075
443 255 600 323 Epist.-
637 256 798 306 Anat.
833 254 1048 307 Medica
1083 251 1301 307 xxm..
1329 251 1447 303 Art.
1481 266 1561 320 2}
1595 254 1652 306 ὅ(
1685 267 1762 316 ²4·

93 333 151 370 esse
172 334 278 375 duco,
299 342 335 368 ut
346 332 766 369 rationibusexarnina‘ndis
788 332 1003 367 immoremur
1017 359 1025 365 .
1049 333 1104 365 An

97 378 206 423 potius
230 387 321 412 antea
343 376 605 411 considerandum
628 375 671 409 est
689 399 702 416 ‚
725 386 802 409 num
820 387 922 409 revera
946 378 979 409 in
1004 377 1042 410 iis
1065 388 1101 408 o-

96 422 225 456 mnibus
249 421 539 455 Observationibus
563 420 735 462 palpitatio
757 418 894 454 defuerit
915 443 927 460 ,
972 420 1103 462 inqui-

96 466 156 500 bus
179 477 244 498 non
266 465 309 499 est
332 462 524 499 nominata?
547 463 619 496 Alii
643 465 729 496 enim
752 474 807 505 per
830 465 989 498 incuriam
1001 464 1105 497 omit-

94 519 179 545 tere,
203 509 259 542 alii
282 520 346 542 non
370 507 616 542 animadvertere
640 515 815 549 potuerunt
834 530 847 547 ,
882 518 981 554 neque
1004 506 1040 540 hi
1063 505 1106 538 ob

94 553 326 595 negligentiam
347 561 500 590 tantum,
522 561 630 584 verum
653 551 751 585 etiam
773 559 905 593 propter
928 561 997 584 eam
1032 561 1106 584 cau-

94 597 159 631 sam
182 608 253 639 quae
276 596 313 630 ad
337 595 603 630 Observationem
633 594 791 636 quandam
813 598 827 633 (
848 606 864 626 r
886 597 900 637 2
922 595 956 628 in
980 593 1106 627 5εᾶἰο-

97 651 136 674 ne
160 641 261 673 VIII.
287 638 347 673 hac
382 638 580 680 Sepulchreti
603 638 636 671 in
669 636 754 672 hunc
786 636 920 671 modum
951 636 1109 670 adnotata.

96 683 159 718 est:
183 684 343 726 Contingit
367 680 532 723 aliquando
550 680 752 723 praesentibus
771 680 888 723 causis.
910 680 1102 723 palpitatio-

96 738 168 761 nem
191 727 291 760 cordis
315 736 373 758 non
396 726 534 759 accidere
559 749 566 762 ,
591 725 664 767 quia
685 726 772 767 longo
794 732 930 766 tempore
952 724 1027 766 aegri
1049 724 1103 756 de-

95 769 287 810 cubuerunt,
309 776 402 811 atque
422 767 460 801 ob
482 768 617 808 quietem
641 767 809 809 tranquille
825 767 957 810 sanguis
980 765 1103 807 cursum

91 813 187 857 suum
204 813 351 856 peragit.
374 812 577 853 Experientia
590 811 672 845 enim
693 823 727 844 co
749 811 853 847 nitum
867 810 927 851 esi,
950 809 1101 843 cachetti-

98 858 145 890 cis
167 867 241 896 cor,
258 855 286 899 fi
308 855 411 898 quieti
432 855 547 897 degant
561 881 568 893 ,
593 865 666 887 raro
684 863 726 896 pa
737 854 843 895 pitare
866 866 876 886 .·
899 864 918 886 a
941 852 1101 896 qualicun-

97 911 156 943 que
179 909 253 933 vero
276 907 361 935 motu
380 921 393 938 ,
416 900 552 932 maxime
574 899 607 931 in
630 897 801 931 acclivium
823 896 945 939 ascensu
967 919 979 936 ‚
1011 896 1103 929 vehe-

97 951 216 978 menter
237 941 364 975 concuti
387 965 395 972 .
431 942 484 974 Sic
506 940 641 977 inferius
663 940 703 974 ad
738 940 871 974 alteram
894 939 1105 975 Observatio-

96 997 170 1020 nem
191 988 205 1025 (
220 985 247 1029 s
260 989 275 1027 )
296 983 492 1027 adscriptum
516 984 559 1018 est
580 998 589 1017 :
621 986 773 1020 =Arduum
795 983 835 1023 est
860 982 1105 1026 palpitationem

96 1030 201 1063 cordis
219 1038 278 1070 per
300 1026 476 1074 consensum
493 1029 639 1070 partium
662 1024 847 1070 inferiorum
862 1025 1042 1063 inductam,
1065 1025 1105 1059 ab

97 1071 290 1114 idiopathica
313 1072 505 1118 discernere:
523 1072 603 1114 saepe
626 1071 708 1106 enim
729 1070 885 1113 contingit
903 1092 916 1110 ,
947 1076 984 1105 ut
1007 1075 1107 1111 quan-

95 1126 190 1159 quam
212 1126 265 1150 cor
286 1115 371 1149 intra
387 1114 422 1156 se
444 1115 568 1158 causam
590 1115 748 1151 contineat
766 1131 794 1153 ,⁴
806 1123 864 1156 per
882 1112 1026 1155 periodos
1056 1120 1111 1149 ta-

95 1169 166 1193 men
189 1160 294 1195 redeat
316 1156 448 1202 affecflus
462 1181 471 1196 ‚
497 1167 534 1194 ut
555 1169 625 1193 cum
642 1156 749 1200 serum
770 1179 783 1197 ‚
809 1156 984 1198 pericardio
1005 1155 1109 1203 indu-5

88 1202 187 1245 sum,
209 1201 347 1245 orgasmo
369 1203 471 1239 cietur
491 1225 504 1242 ‚
533 1198 706 1245 autflatus
729 1201 879 1235 accedunt
900 1225 908 1232 .
945 1200 1029 1243 Qae
1052 1200 1108 1234 etsi

93 1257 209 1288 magna
231 1257 270 1279 ex
291 1255 382 1288 parte
407 1243 591 1287 accipienda
614 1244 686 1281 sunt
707 1267 719 1285 ‚
750 1246 784 1278 &
806 1243 872 1278 alio
894 1255 1022 1286 quoque
1044 1254 1110 1277 non

92 1290 258 1323 inutiliter
280 1288 497 1324 transferenda
511 1312 519 1326 ‚
542 1288 710 1331 nequando
732 1289 920 1329 organicum
943 1286 1000 1321 esse
1021 1298 1111 1320 mor,-

91 1333 171 1367 bum
186 1356 197 1374 ‚
219 1332 261 1367 ob
285 1331 365 1369 hanc
388 1343 485 1367 unam
508 1332 634 1368 causam
658 1342 828 1374 negemus,
851 1330 940 1375 quod
964 1331 1014 1365 sua
1035 1342 1108 1373 per-

94 1387 193 1420 petuo
218 1386 284 1411 non
306 1375 377 1410 edat
400 1375 542 1414 indicia3
567 1384 673 1410 tamen
696 1386 774 1411 num
800 1383 930 1418 propter
945 1374 1013 1410 haec
1035 1385 1107 1417 quae

93 1419 184 1455 dieta
216 1419 289 1454 sunt
321 1419 421 1454 modo
446 1443 455 1457 ‚
487 1420 587 1454 aliave
619 1417 812 1460 ejuscemodi
837 1418 911 1453 satis
946 1417 1107 1451 infirmari

93 1462 200 1500 credes
231 1463 298 1496 vim
323 1464 469 1497 omnium
500 1463 806 1503 Observationum,
837 1463 871 1497 in
904 1461 1020 1505 quibus
1043 1459 1106 1496 fine

93 1507 161 1541 ulla
184 1507 411 1551 palpitationis
432 1508 595 1540 mentione
629 1504 840 1540 adhaefionem
862 1504 1033 1549 pericardii
1066 1505 1107 1541 ad

92 1562 151 1585 cor
182 1549 382 1594 propositam
418 1549 511 1584 fuisse
535 1573 547 1590 ‚
576 1549 771 1585 ostendimus
792 1549 809 1584 ‚2
830 1548 1009 1593 praesertim
1031 1560 1107 1584 cum

92 1595 165 1629 aliae
186 1593 333 1630 accedant
356 1594 607 1629 Observationes
629 1593 798 1634 diligentis
817 1616 830 1633 ,
863 1596 898 1627 δέ.
917 1593 1011 1627 cauti
1029 1593 1108 1625 Viri

91 1637 259 1674 Albertini
282 1641 296 1676 (
318 1646 333 1672 t
354 1642 392 1679 J,
414 1637 471 1680 qui
495 1638 529 1671 in
552 1636 642 1671 illius
666 1636 856 1670 adhaefionis
879 1634 997 1680 signis,
1022 1634 1109 1679 siqua

92 1681 181 1715 forte
204 1679 299 1714 essent
319 1704 328 1718 ,
364 1678 582 1722 perquirendis
604 1689 731 1716 tantum
752 1679 837 1714 abest
859 1689 895 1714 ut
919 1680 1110 1725 palpitatio-

90 1736 165 1759 nem
187 1724 412 1760 memoraverit
430 1747 442 1762 ,
471 1725 673 1758 contrarium
695 1725 807 1767 potius
828 1747 840 1764 ‚
872 1722 895 1757 si
919 1726 1049 1759 attente'
1072 1735 1108 1756 o-

90 1769 179 1802 mnia
201 1766 391 1812 penfitemus
414 1778 483 1809 quae
507 1767 542 1799 in
566 1778 635 1800 eam
658 1778 726 1801 rem
749 1767 861 1802 scribit
877 1789 887 1804 .
911 1767 1112 1801 animadver-

92 1813 136 1846 tit
159 1835 172 1853 ,
195 1820 303 1846 motus
327 1809 477 1845 videlicet
499 1810 606 1845 cordis
630 1823 647 1843 a
670 1810 852 1854 pericardio
874 1819 952 1844 tunc
975 1810 1109 1845 cohibe-

92 1857 122 1895 rj
154 1866 211 1898 per
235 1853 264 1887 se
293 1853 426 1897 quidem
449 1877 463 1894 ‚
496 1865 531 1886 ac
556 1855 686 1897 reprimi
706 1878 719 1896 ,
753 1863 790 1891 ut
813 1865 831 1888 a
856 1854 948 1888 nobis
972 1855 1108 1889 minime

92 1899 338 1942 percipiantur,
361 1899 393 1932 δι
406 1921 420 1939 ‚
441 1896 465 1929 ss
475 1907 707 1940 nonnunquam
720 1898 967 1941 percipiantur}
989 1899 1028 1933 ab
1042 1898 1109 1931 alio

91 1941 150 1977 esse
170 1943 255 1978 vitio
271 1964 280 1980 ,
304 1949 341 1975 ut
364 1949 441 1983 puta
466 1941 568 1975 austae
591 1940 682 1980 simul
708 1940 944 1985 magnitudinis
965 1941 1075 1976 cordis
1098 1963 1109 1979 ‚

92 1988 126 2019 &
149 1995 332 2029 quanquam
354 1983 470 2028 hujus,
494 1986 529 2017 ὃς
550 1984 697 2026 pulsuum
721 1985 901 2029 perturbati
915 1995 1046 2026 motus,
1069 1994 1106 2019 ut

90 2030 127 2063 in
150 2029 281 2064 Loweri
304 2027 436 2062 historia
457 2029 472 2066 ζ
495 2037 515 2059 u
537 2030 574 2069 ),
595 2027 681 2071 quasi
706 2029 846 2072 polypus
870 2029 1001 2064 subesset
1021 2053 1034 2070 ‚
1057 2040 1107 2061 ac-

90 2072 227 2112 cedant,
250 2080 356 2106 tamen
368 2082 463 2105 manu
486 2070 526 2105 aa
538 2072 640 2105 cordis
662 2072 765 2107 locum
799 2073 937 2117 appofita
949 2096 962 2114 ,
984 2078 1106 2107 motum

89 2116 194 2159 magis
209 2115 327 2157 sentiri
347 2127 370 2149 a
389 2113 533 2154 Medico,
556 2125 631 2150 cum
655 2116 795 2160 polypus
819 2115 938 2158 subest,
961 2117 1107 2159 quamin

90 2160 149 2194 illa
172 2158 349 2194 adhaesione
363 2183 371 2189 .

134 2213 187 2246 23,
211 2204 303 2239 Dum
326 2202 386 2236 hos
410 2202 514 2247 relego
535 2201 699 2235 Albertini
722 2202 839 2243 locos,
860 2214 901 2235 ex
922 2202 1040 2246 quibos
1056 2204 1107 2236 in-

92 2246 199 2289 telligi
222 2245 301 2280 licet
318 2269 331 2286 ,
362 2246 440 2288 saepe
464 2246 569 2288 ipsum
602 2244 714 2279 vidisse
738 2245 818 2278 hanc
841 2257 905 2288 qua
937 2246 974 2279 de
997 2246 1107 2289 loqui-

89 2301 190 2334 mur,
214 2287 385 2332 perita-adii
410 2287 620 2323 adhaefionem
633 2310 646 2328 ,
667 2287 734 2322 duo
755 2288 883 2331 insuper
905 2289 1106 2323 animadver-

92 2344 155 2374 to,
178 2332 340 2369 alterum,
364 2331 478 2373 saepius
500 2331 633 2366 eandem
656 2332 873 2366 Bartolettum
896 2344 1024 2376 quoque
1047 2333 1107 2365 ob-

94 2375 278 2416 servavisse,
300 2373 390 2418 cujus
413 2374 506 2410 libris
528 2386 579 2408 me
598 2377 632 2408 in
656 2375 822 2418 praesentia
845 2386 948 2409 carere
968 2402 976 2415 ,
1001 2377 1107 2410 minus

93 2421 157 2454 tibi
180 2419 363 2453 mirandum
386 2417 430 2452 est
451 2443 464 2461 ‚
495 2430 592 2463 quam
615 2419 736 2461 semper
758 2417 888 2452 caruisse
911 2419 1074 2453 Bonetum
1099 2445 1109 2460 ,

87 2465 130 2498 'ut
161 2463 345 2498 Anotorum
369 2460 470 2497 Index
502 2461 642 2497 ostendit
673 2462 791 2506 quibus
825 2463 859 2495 in
893 2462 1107 2504 Sepulchreto

92 2506 166 2542 usus
188 2505 251 2545 est3
277 2507 438 2545 alterum,
468 2506 503 2539 in
528 2506 675 2548 Principe
699 2507 785 2540 Viro
807 2529 819 2547 ,
850 2507 884 2539 in
907 2505 1000 2549 cujus
1021 2508 1108 2550 peri-

93 2550 203 2584 cardio
227 2559 389 2586 tumorem
412 2549 537 2583 invenit
570 2549 759 2584 Albertinus
775 2549 1014 2594 sanguineum,
1049 2551 1107 2593 qui

93 2605 113 2627 a
135 2594 255 2629 dextris
276 2593 379 2629 corais
395 2591 565 2637 secundum
586 2600 688 2627 t'otam
710 2594 779 2636 ejus
802 2593 1029 2636 longitudinem
1052 2604 1108 2628 ex-

91 2636 275 2672 tendebatur
292 2660 305 2677 ,
327 2635 349 2670 fi
375 2647 413 2669 na
437 2636 619 2671 anteceffiffe
651 2647 723 2712 quae
746 2637 782 2671 de
804 2637 946 2680 organico
976 2636 1108 2680 varicosi

91 2681 215 2725 generis
237 2680 320 2714 vitio
366 2679 435 2714 dem
449 2678 559 2724 facere
580 2680 653 2713 vide
676 2688 769 2714 antur
792 2694 800 2713 ι
826 2679 894 2714 haec
919 2690 1028 2715 autem
1053 2681 1103 2715 su-

94 2734 157 2767 pra
173 2723 230 2759 effe
251 2745 261 2760 ‚
292 2721 417 2759 dixerat
438 2746 452 2763 ‚
483 2734 557 2757 cum
579 2722 723 2766 pulsatio
742 2724 827 2759 nulla
849 2723 893 2758 est
918 2748 931 2765 ,
961 2734 1016 2764 aut
1031 2722 1104 2768 fere

95 2766 301 2810 insensibilis.
324 2765 487 2802 Lancisius
511 2777 617 2801 autem
639 2788 648 2804 ‚
681 2775 719 2802 ut
742 2779 783 2801 ex
803 2766 871 2811 ejus
893 2767 1120 2802 Observatiom

95 2821 136 2844 ne
157 2809 278 2846 constat
297 2833 308 2850 ,
330 2821 428 2852 quam
452 2809 593 2854 superius
616 2813 631 2851 (
655 2820 677 2845 x
696 2815 710 2852 )
734 2811 829 2846 retuli
854 2837 864 2852 ,
898 2824 915 2846 a
938 2810 1107 2854 pericardii

95 2864 223 2889 tumore
245 2853 491 2895 palpitationem
512 2853 620 2889 cordis
642 2854 875 2889 animadvertit
891 2879 901 2893 ,
924 2858 957 2889 &
982 2868 998 2889 a
1021 2855 1107 2890 mul-

97 2909 137 2932 to
158 2898 257 2941 etiam
281 2897 401 2929 minori
426 2899 567 2932 Zacutus
586 2921 598 2939 ,
630 2899 687 2942 qui
711 2900 769 2932 ter'
791 2899 944 2933 morbum
967 2899 1054 2933 hunc
1077 2898 1106 2933 se

97 2941 232 2981 vidisse,
254 2939 426 2974 affirmavit
445 2965 459 2982 ‚
489 2942 523 2974 in
548 2943 697 2984 proxima
722 2941 881 2985 superiore
905 2942 1105 2986 Sepulchreti

98 2985 248 3019 Seerione
270 2984 354 3017 VII.
377 2986 391 3023 (
405 2994 430 3026 y
451 2988 487 3024 >5
509 2997 526 3019 a
549 2995 581 3020 te
604 2983 773 3028 legendus,
798 2997 862 3019 non
875 2985 961 3020 libro
981 2988 1038 3030 qui
1059 2988 1107 3021 ibi

100 3030 221 3063 citatur
239 3052 248 3067 ‚
282 3028 328 3060 II.
354 3025 406 3061 sed
432 3029 459 3060 Ι.
484 3038 520 3062 ut
556 3030 723 3072 intelligas
755 3031 789 3062 in
815 3030 948 3063 Scholio
969 3054 983 3071 ,
1016 3031 1108 3075 quod

100 3072 207 3115 ipsum
229 3082 358 3115 quoque
380 3081 419 3104 ex
430 3072 555 3107 Zacuto
576 3073 620 3107 est
628 3096 641 3113 ,
661 3073 771 3107 locum
794 3074 828 3107 in
850 3085 917 3117 quo
938 3073 994 3107 hic
1015 3086 1109 3109 cura-

101 3118 224 3150 tionem
245 3115 499 3158 qualemcunque
520 3115 707 3159 proposuit.
734 3118 826 3158 Qid
851 3129 929 3161 ergo
951 3117 994 3152 est
1018 3122 1029 3151 ?
1052 3119 1107 3152 An

101 3159 223 3195 humor
245 3159 373 3199 varius,
396 3159 453 3200 qui
476 3167 601 3194 tumore
623 3161 852 3195 continebatur
875 3185 886 3200 ‚
910 3171 947 3196 ut
970 3162 1106 3197 citrinus

101 3201 185 3245 apud
211 3204 386 3237 laentum,
410 3204 442 3235 <Sc
465 3203 683 3239 meliceroides
707 3204 791 3247 apud
813 3205 1023 3246 Lancifium,
1047 3206 1109 3239 ali-

103 3257 152 3281 ter
176 3257 210 3279 ac
234 3248 421 3289 sanguineus
446 3245 530 3288 apud
551 3248 762 3282 Albertinum
780 3271 791 3287 ‚
815 3249 976 3284 irritando
996 3273 1009 3289 ,
1041 3250 1109 3292 pal-

104 3290 298 3335 pitationem
321 3286 451 3322 ciebat?
473 3290 527 3323 An
551 3292 612 3324 alia
635 3293 668 3324 in
692 3292 764 3327 aliis
786 3295 925 3327 tumoris
949 3293 1031 3327 sedes
1043 3293 1108 3336 ejus

104 3334 269 3368 varietatis
292 3332 383 3381 causa
406 3330 471 3366 fuit
492 3332 508 3366 ἒ
529 3334 609 3369 Erat
632 3337 717 3369 enim
739 3336 795 3370 illa
817 3337 899 3380 apud
925 3336 1109 3372 Lancisium

106 3376 278 3421 pericardii
311 3377 389 3410 basis
408 3399 421 3416 ,
453 3376 537 3418 apud
558 3378 767 3414 Albertinum
800 3389 906 3415 autem
939 3381 1108 3423 pericardii

106 3423 212 3461 latus,
235 3420 333 3465 idque
356 3418 544 3459 dexterum3
567 3432 640 3456 nam
664 3425 803 3459 Zacutus
827 3436 974 3468 quaenam
998 3424 1072 3459 esset
1099 3448 1109 3464 ,

107 3465 237 3499 reticuit
261 3488 269 3496 .
302 3465 418 3507 Magni
442 3473 547 3498 autem
569 3464 652 3500 illud
676 3465 847 3501 discrimen
869 3469 1030 3502 momenti
1053 3466 1111 3502 esse

108 3508 230 3553 potest,
253 3506 275 3541 si
299 3507 385 3543 forte
409 3520 425 3542 a
447 3517 573 3542 tumore
596 3510 653 3552 qui
675 3509 713 3544 sit
736 3513 769 3544 in
794 3510 857 3545 basi
875 3535 886 3552 ‚
909 3511 1013 3555 major
1036 3512 1116 3546 alte-

108 3563 194 3586 rutra
219 3562 404 3595 prematur,
426 3555 459 3586 &
482 3552 661 3587 coarecemr
683 3557 795 3588 arteria
817 3579 829 3596 ‚
861 3565 956 3600 atque
977 3559 1023 3590 ita
1046 3559 1116 3591 exi-

109 3606 184 3631 turo
207 3607 224 3629 e
246 3596 341 3630 corde
364 3595 511 3639 sanguini
534 3597 618 3630 obex
641 3607 802 3641 ponat-ur,
824 3599 906 3634 unde
917 3598 1115 3644 palpitati05

1993 264 2089 317 245

1153 330 1243 375 quod
1263 341 1279 362 a
1302 337 1431 365 tumore
1464 332 1522 373 qui
1544 328 1715 373 pericardii
1745 330 1828 363 latus
1851 340 1986 373 occupet
2006 354 2025 372 ,.
2052 332 2158 366 minus

1155 375 1282 409 videtur
1306 373 1503 407 timendum.
1531 374 1602 407 Nec
1625 384 1701 406 vero
1724 371 1811 415 ajas,
1834 373 1871 406 de
1882 375 2069 419 quindecim
2092 376 2157 409 illis

1155 416 1444 452 Observationibus
1478 420 1492 455 ε
1515 429 1538 460 z
1561 421 1574 457 )
1608 417 1640 449 in
1664 417 1783 460 quibus
1807 417 1980 460 palpitatio
2002 429 2157 455 memora-

1155 470 1230 499 tur,
1251 458 1407 493 decimam
1431 461 1559 493 tertiam
1583 470 1741 493 tumorem
1768 471 1952 502 proponere
1968 484 1977 500 ‚
2011 473 2122 497 natura
2145 484 2159 501 ,

1156 508 1190 538 Bc
1222 503 1292 537 sede
1315 501 1381 545 ejus
1414 502 1604 545 persimilem
1625 504 1682 546 qui
1707 503 1746 537 ab
1777 502 1950 539 Albertino
1973 506 2159 548 conspezfms
2211 543 2217 550 α

1154 547 1198 581 est
1218 573 1225 579 .
1261 548 1391 581 Tumor
1413 548 1498 580 enim
1520 548 1553 580 in
1578 547 1634 580 illa
1656 546 1781 581 decima
1804 549 1901 581 tertia
1925 549 2160 585 Observatione
2206 551 2211 554 “

1156 590 1330 625 addebatur
1353 589 1393 623 ad
1415 588 1639 625 dilatationem
1662 601 1811 633 magnam
1830 588 1942 625 sinistri
1965 594 2158 629 ventriculi»

1157 638 1190 668 δε
1213 634 1251 668 ad
1274 633 1392 668 osseum
1423 636 1532 667 Aortae
1555 635 1689 668 initium
1711 646 1720 666 :
1753 637 1786 668 δε
1808 644 1866 668 nos
1898 645 2027 677 praetera
2049 636 2160 679 conje-

1154 680 1262 712 eiuras.
1282 701 1291 715 ‚
1325 690 1395 721 quae
1429 679 1541 712 multis
1575 676 1750 720 praesertim
1773 676 2063 714 Observationibus
2097 691 2161 715 non

1153 721 1214 757 fint
1238 723 1357 756 innixae
1372 742 1382 759 ‚
1406 731 1472 755 non
1496 730 1532 754 ut
1555 719 1909 763 sequarisindicamus,
1935 721 1986 758 sed
2010 734 2046 757 ut
2059 723 2160 761 alias,

1154 774 1249 808 atque
1272 765 1373 806 alias,
1396 764 1649 808 quandocunque
1672 765 1768 799 liceat
1788 787 1801 805 ‚
1834 765 2084 800 Observationes
2108 778 2164 800 na-

1153 810 1224 843 etus
1246 834 1255 847 ,
1287 819 1361 841 cum
1386 808 1437 842 his
1470 818 1637 850 compares
1655 831 1669 849 ,
1700 810 1733 841 &
1758 817 1834 842 tunc
1856 808 1992 852 denique
2015 809 2128 852 probes
2152 833 2164 853 ‚

1153 860 1208 885 aut
1231 851 1362 894 abjicias
1384 876 1391 884 .
1429 851 1530 895 Qod
1556 849 1579 883 fi
1603 849 1690 885 forte
1712 851 1866 886 accideret
1891 874 1900 889 ‚
1934 862 1971 887 ut
1995 851 2164 897 conjeetu-

1154 906 1221 928 ram
1254 894 1346 929 istam
1379 896 1528 930 ultimam
1557 893 1794 934 confirmare53
1826 903 1903 930 tunc
1935 897 2035 939 quaeri
2068 898 2167 931 etiam

1156 936 1276 981 posset,
1302 950 1340 972 an
1363 951 1402 972 ex
1428 937 1787 982 pericardiiadhaesione
1809 950 1867 972 cor
1879 940 2045 982 palpitet,
2065 951 2168 984 quan-

1155 981 1200 1015 do
1222 981 1436 1025 pericardium
1460 994 1524 1016 non
1547 981 1656 1018 cordis
1679 982 1782 1016 solum
1797 1006 1810 1024 ,
1833 982 1885 1018 sed
1909 986 1941 1017 ὃς
1956 984 2101 1021 arteriis,
2128 983 2168 1017 ab

1159 1025 1222 1059 hoc
1246 1026 1501 1068 prodeuntibus,
1526 1027 1571 1061 ita
1598 1024 1745 1067 affigatur
1765 1049 1773 1064 ,
1812 1035 1847 1059 ut
1871 1038 1920 1059 eas
1943 1026 2167 1070 constringen-

1158 1069 1224 1106 do,
1250 1070 1334 1102 viam
1356 1070 1499 1103 coarstet
1533 1068 1679 1110 sanguini
1703 1080 1719 1100 e
1741 1069 1836 1103 corde
1858 1079 2034 1111 eruptum,
2056 1082 2168 1114 quem-

1159 1111 1334 1148 admodum
1377 1112 1558 1148 coaretabat
1602 1109 1729 1146 fortasse
1773 1113 1808 1146 in
1841 1112 2078 1149 Observatione
2112 1114 2170 1148 illa

1159 1155 1264 1193 nostra
1287 1158 1354 1195 (a)
1377 1167 1474 1199 quam
1495 1155 1604 1190 cordis
1629 1154 1820 1197 praecesserat
1841 1156 2036 1199 palpitatio-

1160 1198 1265 1243 Cujus
1288 1200 1351 1233 hoc
1374 1199 1519 1234 nostrum,
1547 1197 1713 1234 causarum
1736 1210 1866 1232 examen
1901 1209 1965 1246 non
1987 1211 2027 1232 eo
2051 1199 2173 1242 speeta-

1160 1254 1211 1282 re,
1234 1242 1360 1278 credito
1375 1267 1385 1282 ‚
1409 1252 1445 1277 ut
1467 1244 1570 1277 ullam
1591 1253 1700 1276 earum
1722 1244 1858 1278 omuino
1881 1244 2006 1286 rejicias
2024 1266 2037 1283 ,
2061 1242 2112 1277 sed
2136 1254 2175 1278 ut.

1161 1286 1256 1320 aliam
1279 1287 1389 1328 aliter,
1413 1286 1555 1330 alibique
1579 1294 1726 1329 agentem
1745 1309 1758 1326 ‚
1789 1297 1866 1320 curn
1889 1286 2015 1332 aliaque
2035 1285 2172 1330 conjun-

1157 1332 1244 1364 etam
1264 1354 1272 1368 ‚
1309 1340 1363 1365 aut
1388 1329 1561 1374 sejunetam
1578 1352 1589 1368 ,
1623 1329 1701 1364 alias
1740 1330 1988 1375 palpitationem
2019 1330 2140 1364 efficere
2162 1353 2176 1369 ,⁴

1158 1374 1236 1408 alias
1260 1385 1326 1408 non
1348 1373 1491 1412 efficere,
1515 1385 1641 1409 mecum
1665 1374 1836 1416 agnoscas,
1858 1372 1941 1407 &de
1964 1372 2097 1414 singulis
2109 1373 2176 1409 fer-2

1160 1430 1211 1452 me
1234 1429 1299 1451 non
1324 1418 1395 1461 plus
1419 1417 1504 1451 dicas
1527 1429 1626 1462 quarn
1658 1416 1746 1460 quod
1771 1418 1804 1451 in
1830 1417 1899 1460 ipso
1923 1418 2025 1451 initio
2049 1419 2177 1452 Sestio&

1160 1463 1210 1495 nis
1236 1460 1353 1505 hujus,
1379 1461 1630 1504 Scholiographi
1650 1484 1659 1498 ‚
1690 1461 1738 1493 vel
1763 1463 1873 1504 potius
1897 1461 2180 1499 Holleriiverbis.

1159 1506 1195 1538 in
1219 1505 1433 1548 Sepulchrcto
1456 1504 1613 1548 scripturn
1647 1505 1731 1546 leges
1756 1518 1764 1536 τ
1795 1506 1943 1539 Excitari
1974 1502 2074 1551 potest
2108 1517 2177 1540 cor-

1158 1549 1209 1584 dis
1237 1548 1414 1592 palpitatio
1449 1560 1467 1582 a
1489 1548 1652 1584 tuberculo
1675 1573 1684 1588 ‚
1720 1547 1852 1593 abscessu
1874 1572 1890 1589 ,
1929 1548 2062 1591 aliisque
2094 1548 2178 1592 ejus.-

1159 1592 1290 1626 cemodi
1314 1617 1322 1625 .
1358 1594 1472 1635 Longe
1506 1592 1592 1628 enim
1628 1590 1726 1627 aliud.
1748 1591 1791 1625 est
1823 1592 1958 1627 excitari
1989 1589 2103 1636 poffe,
2135 1603 2175 1627 ac

1161 1635 1332 1671 necessario
1354 1637 1487 1671 excitari
1511 1661 1521 1670 .
1555 1636 1708 1676 Qorum
1733 1634 1797 1669 hoc
1819 1658 1832 1675 ‚
1865 1644 1930 1670 non
1964 1634 2048 1669 illud
2074 1658 2082 1673 ,
2119 1647 2179 1670 no-

1161 1680 1213 1757 lswis
1246 1681 1354 1757 manus
1376 1691 1451 1716 curn
1481 1690 1558 1713 vero
1581 1679 1760 1716 consentire
1778 1679 1827 1723 sin
1861 1690 1893 1713 re
1926 1677 2091 1725 proposita
2123 1682 2176 1714 vi-

1181 1735 1235 1759 um
1258 1736 1273 1758 e
1315 1748 1323 1756 .

1209 1779 1261 1810 24.
1288 1769 1340 1801 Te
1374 1768 1487 1811 saepius
1519 1770 1673 1803 miratum
1696 1767 1754 1802 effe
1776 1792 1788 1809 ‚
1821 1777 1887 1801 non
1919 1766 2038 1804 dubito
2062 1792 2072 1808 ‚
2097 1768 2178 1803 hanc

1163 1812 1345 1855 Epistolam
1369 1812 1579 1854 relegentem,
1603 1811 1692 1856 quod
1715 1812 1870 1856 nusquam
1883 1823 1933 1845 me
1958 1813 2021 1846 niti
2035 1814 2180 1847 animad-

1163 1855 1297 1888 verteris
1320 1855 1596 1889 observationibus
1615 1878 1627 1896 ,
1662 1854 1811 1892 doetrina
1830 1881 1840 1896 ‚
1876 1857 2071 1891 auetoritate
2095 1857 2182 1890 Exi-

1161 1900 1223 1933 mii
1256 1899 1425 1945 Archiatri
1450 1900 1571 1933 Senacii
1593 1925 1600 1938 ‚
1633 1899 1720 1941 quasi
1742 1898 1781 1934 de
1805 1899 2026 1943 Palpitatione
2059 1901 2183 1939 Coneis,

1161 1941 1247 1976 nihil
1272 1941 1459 1985 scripflslet‚
1484 1952 1540 1976 aut
1564 1943 1658 1986 longe
1681 1944 1744 1977 alia
1766 1942 1825 1986 ipsi
1847 1966 1858 1983 ‚
1883 1955 1918 1977 ac
1944 1943 2029 1979 mihi
2054 1943 2179 1978 senten-

1159 1988 1207 2019 tia
1230 1984 1303 2019 esset
1317 2010 1325 2018 .
1351 1986 1410 2019 Ille
1432 1997 1507 2020 vero
1529 1986 1567 2020 de
1591 1998 1623 2020 ea
1648 1995 1701 2020 tot
1727 1986 1871 2030 scripsit,
1894 1990 1928 2021 δε
1949 1999 2010 2031 ego
2033 2000 2105 2032 quae
2127 1988 2182 2023 his·

1160 2031 1297 2063 Litteris
1321 2029 1548 2077 comprehensa
1580 2030 1621 2064 ad
1645 2040 1675 2063 te
1698 2031 1847 2065 miseram
1870 2055 1880 2072 ,
1914 2042 1991 2066 cum
2013 2032 2081 2066 illis
2115 2032 2181 2066 fere

1159 2074 1269 2106 inveni
1293 2073 1374 2107 adeo
1397 2075 1632 2108 consentientia
1650 2097 1663 2114 ‚
1696 2085 1732 2108 ut
1755 2075 1898 2118 praestare
1920 2075 2101 2111 censuerim
2124 2076 2181 2111 hic

1159 2116 1255 2151 semel
1275 2140 1287 2156 ‚
1310 2116 1362 2151 sed
1386 2118 1484 2158 paulo
1507 2116 1630 2158 fufius,
1653 2117 1691 2151 de
1714 2119 1787 2162 ipso
1809 2117 1915 2153 dicere
1940 2143 1954 2161 ,
1985 2131 2084 2164 qua-m
2105 2132 2181 2155 ceu-

1159 2163 1221 2194 ties
1245 2160 1351 2193 obiter
1374 2162 1561 2195 nominare.
1590 2163 1623 2195 Si
1647 2170 1755 2196 toturn
1779 2164 1884 2206 igitur
1907 2187 1921 2204 ,
1943 2164 2033 2208 quod
2056 2164 2095 2199 de
2118 2165 2180 2200 hac

1159 2202 1268 2237 cordis
1290 2201 1459 2238 affeetione
1482 2204 1670 2248 conscripsit
1691 2216 1789 2248 caput
1812 2209 1826 2245 (
1849 2206 1869 2239 b
1894 2210 1904 2245 )
1924 2229 1935 2245 ,
1962 2210 1996 2242 &
2018 2220 2090 2252 quae
2114 2209 2172 2242 ali-

1159 2247 1194 2280 bi
1216 2257 1348 2291 quoque
1369 2249 1505 2289 attigit,
1529 2259 1593 2281 non
1617 2247 1733 2283 cursim
1755 2273 1768 2290 ,
1792 2249 1844 2283 sed
1866 2258 1995 2284 attento
2012 2276 2025 2292 ‚
2059 2260 2096 2286 ut
2120 2262 2179 2296 par

1159 2290 1203 2325 est
1220 2315 1229 2330 ,
1251 2292 1361 2325 animo
1384 2292 1555 2334 perlegeris
1578 2303 1588 2330 ;
1621 2294 1765 2335 primum
1788 2305 1860 2337 quae
1882 2292 1920 2327 de
1951 2295 2050 2330 causis
2074 2296 2180 2340 palpi-

1159 2334 1300 2368 tationis
1322 2333 1435 2368 doceat
1459 2344 1531 2369 tum
1555 2338 1758 2377 generatim,
1781 2346 1852 2371 turn
1877 2337 2043 2380 speciatim
2063 2362 2073 2378 ,
2106 2341 2182 2374 ani-

1159 2378 1337 2426 madvertes
1359 2403 1366 2410 .
1401 2379 1447 2411 Et
1471 2380 1649 2421 generatim
1672 2380 1805 2424 quidem
1829 2381 1869 2415 ab
1891 2382 2078 2417 irritatione
2100 2394 2179 2417 cor-

1160 2422 1212 2455 dis
1234 2433 1302 2465 ejus
1326 2422 1575 2465 palpitationem
1597 2422 1753 2464 deducit3
1777 2425 1945 2467 speciatim
1967 2438 2044 2460 vero
2067 2426 2106 2461 ab
2129 2438 2180 2460 re-

1160 2465 1219 2499 bus
1243 2466 1462 2499 irritationem
1486 2465 1683 2502 facientibus
1703 2491 1717 2508 ‚
1753 2478 1807 2503 aut
1830 2470 2027 2504 irritationis
2052 2470 2177 2506 causam

1159 2509 1397 2551 praebentibus.
1427 2510 1575 2548 Quarum
1599 2521 1705 2544 terum
1729 2511 1805 2546 alias
1828 2521 1919 2547 extra
1941 2524 2023 2555 cor,
2044 2516 2121 2549 alias
2145 2516 2179 2548 in

1158 2552 1258 2587 corde
1281 2552 1353 2595 ipso
1376 2550 1458 2593 esse,
1480 2553 1639 2588 ostendit.
1665 2557 1704 2588 In
1727 2555 1779 2589 his
1803 2557 1884 2589 vitia
1908 2556 2020 2592 cordis
2044 2560 2140 2601 ponit
2163 2583 2177 2601 ‚

1161 2605 1258 2640 atque
1281 2597 1423 2639 explicat
1446 2596 1530 2645 unde
1553 2599 1699 2631 irritatio
1721 2599 1868 2635 nascatur
1882 2623 1893 2640 ,
1926 2600 1988 2635 five
2013 2602 2177 2646 sanguinis

1160 2638 1294 2683 egressui
1317 2640 1420 2680 obex,
1444 2641 1506 2674 sive
1530 2641 1681 2685 ingressui
1694 2653 1901 2687 opponatur,
1924 2654 1995 2680 tum
2017 2645 2079 2681 five
2101 2659 2177 2682 cor-

1154 2684 1207 2718 dis
1230 2695 1332 2717 caveae
1355 2684 1417 2717 s1nt
1439 2684 1584 2719 dilatatae
1602 2712 1610 2724 ‚
1635 2685 1695 2720 sive
1717 2687 1918 2723 constrietae:
1947 2701 2010 2733 qua
2032 2692 2177 2726 occasio-

1155 2739 1195 2761 ne
1217 2725 1369 2771 egressum
1402 2728 1563 2771 sanguinis
1586 2731 1692 2764 minus
1728 2731 1863 2767 liberum
1888 2734 1931 2767 abv
1960 2734 2177 2770 auricularum

1160 2771 1354 2806 dilatatione
1377 2771 1511 2806 deducit
1530 2797 1543 2814 ‚
1575 2784 1611 2808 ut
1633 2784 1769 2816 quarum
1792 2799 1803 2816 ,
1838 2776 1992 2820 sanguine
2024 2777 2177 2812 distenta-

1160 2826 1234 2850 rum
1261 2838 1269 2853 ‚
1304 2816 1404 2849 moles
1428 2815 1544 2851 adsitos
1568 2819 1756 2851 arteriarum
1791 2823 1986 2863 comprimat
2009 2830 2141 2857 truncos
2163 2847 2177 2865 ,

1160 2859 1249 2901 quod
1272 2871 1310 2892 eo
1334 2859 1462 2893 facilius
1486 2860 1595 2894 credes
1618 2886 1627 2900 ‚
1663 2860 1686 2893 fi
1712 2872 1858 2898 carneam
1881 2864 2042 2900 modicam
2066 2876 2174 2901 excre-

1152 2903 1307 2947 scentiam
1340 2905 1426 2937 inter
1449 2903 1523 2938 illos
1556 2906 1589 2937 in
1613 2905 1720 2939 cordis
1754 2906 1818 2940 basi
1851 2919 1867 2940 a
1890 2909 2056 2943 Garnerio
2086 2912 2102 2949 G
2123 2922 2139 2944 c
2160 2915 2176 2952 J

1158 2957 1342 2990 repertam,
1366 2949 1569 2987 memineris,
1595 2948 1681 2991 ipsos
1691 2951 1960 2993 comprimendo,
1984 2961 2172 2997 perpetuam

1158 2989 1264 3024 fecisse
1288 2990 1536 3033 palpitationem
1557 3016 1565 3022 .
1599 2992 1654 3026 Ad
1677 2991 1827 3035 ingressus
1850 3004 1963 3030 autem*
1982 2996 2075 3032 simul
2095 3021 2107 3038 ,
2141 3001 2176 3032 δε

1159 3032 1293 3076 egressus
1327 3033 1489 3075 sanguinis
1531 3036 1800 3078 impedimentum
1834 3039 2005 3083 quomodo
2049 3040 2173 3076 faciant

1160 3077 1314 3116 valvulae,
1338 3078 1489 3111 auriculis
1513 3078 1688 3123 subjecstae,
1710 3079 1733 3114 fi
1756 3081 1915 3117 induratae
1934 3108 1947 3126 ,
1970 3086 2004 3117 &
2029 3085 2182 3128 aggluti--

1159 3131 1242 3155 natae
1267 3121 1441 3163 parietibus
1463 3123 1571 3157 cordis
1595 3123 1656 3158 sint
1677 3149 1687 3165 ,
1721 3134 1756 3159 ut
1780 3126 1848 3169 ipse
1879 3129 1912 3160 in
1961 3123 2078 3162 uodain
2101 3129 2173 3162 viro

1160 3163 1371 3208 deprehendit
1392 3188 1405 3205 ,
1438 3165 1516 3199 alibi
1548 3171 1562 3207 (
1584 3169 1603 3200 d
1625 3171 1638 3207 )
1673 3169 1849 3211 explicavit
1871 3194 1879 3201 .
1913 3172 1943 3205 A
1962 3172 2009 3205 ibi
2042 3183 2170 3215 quoque

1160 3213 1174 3248 (
1197 3220 1212 3243 e
1236 3212 1246 3248 )
1270 3209 1394 3250 egregie
1416 3207 1529 3244 docuit
1555 3234 1568 3251 ,
1601 3211 1782 3247 illiusmodi
1805 3213 2074 3257 impedimentum
2108 3216 2191 3248 ini-³

1160 3254 1282 3285 merito
1306 3251 1419 3299 saepius
1452 3253 1555 3288 tribui
1578 3255 1741 3298 polyposis
1775 3258 1808 3290 in
1831 3257 1927 3292 corde
1948 3259 2171 3292 concretioni-

1162 3295 1221 3330 bus
1236 3319 1245 3334 ‚
1270 3297 1444 3346 praesertim
1466 3309 1538 3331 cum
1560 3308 1683 3346 certae,
1706 3298 1926 3344 evidentesque
1949 3303 1983 3335 in
2008 3302 2170 3344 valvulis,

1161 3342 1195 3374 δε
1216 3340 1389 3390 auriculis,
1413 3338 1528 3374 vasisve
1550 3343 1728 3385 majoribus
1750 3343 1850 3378 causae
1871 3355 2042 3379 occurrant
2063 3346 2170 3389 palpi-

1161 3385 1321 3423 tationis,
1344 3395 1377 3416 1n
1400 3395 1468 3427 quo
1491 3384 1692 3421 Vieuffenius
1715 3411 1728 3427 ,
1759 3390 1791 3420 ἅτ
1815 3389 2028 3431 Langelottus
2061 3400 2181 3432 pecca-1

1164 3436 1255 3461 runt.
1282 3428 1371 3461 Tum
1394 3427 1433 3460 ad
1456 3428 1562 3463 causas
1584 3442 1655 3473 quae
1678 3438 1768 3464 extra
1790 3442 1848 3464 cor
1871 3432 1942 3467 sunt
1962 3454 1972 3470 ,
1996 3441 2034 3467 ut
2056 3443 2182 3468 nervos

1167 3469 1307 3510 referat,
1331 3470 1476 3512 videbis,
1498 3470 1559 3506 five
1582 3474 1617 3507 in
1638 3474 1790 3512 cerebr0‚
1813 3474 1875 3509 five
1898 3476 1978 3510 alibi
2001 3477 2184 3516 irritatoss

1167 3517 1200 3548 &
1223 3515 1271 3548 vel
1294 3513 1411 3558 absque
1443 3516 1572 3558 nervis,
1594 3516 1632 3550 ad
1655 3515 1827 3561 compressa
1848 3519 2042 3562 pulmonum
2065 3520 2135 3554 vasa
2159 3531 2171 3555 .-

1165 3569 1237 3601 quae
1259 3557 1337 3608 dum
1359 3558 1504 3601 praeclare
1525 3583 1538 3600 ‚
1561 3569 1598 3594 ut
1620 3559 1701 3594 solet
1722 3585 1734 3602 ‚
1768 3563 1941 3605 pertractat
1958 3578 1972 3604 ,
2003 3562 2179 3598 admonere.

1166 3612 1232 3635 non
1256 3604 1406 3641 omittit,
1430 3613 1525 3645 quam
1548 3613 1642 3639 caute
1662 3604 1804 3641 incusare
1827 3605 1907 3641 hanc
1927 3606 2053 3642 causam
2075 3619 2174 3650 opor-‚-

2048 3659 2134 3693 teat,

118 3734 2164 3755 ———---———-=-=--———-———————-——-——-—---—---—---.-„.

172 3809 187 3837 (
201 3815 213 3831 v
227 3809 241 3837 )
259 3811 296 3833 16.
312 3809 338 3833 in
353 3809 437 3844 schol.
498 3810 513 3839 (
524 3809 568 3840 s)
584 3817 622 3840 3¹.
637 3811 663 3837 in
679 3812 758 3838 schol.

174 3839 285 3900 ἓῖἒη
306 3847 335 3869 19
363 3849 387 3864 m
403 3841 445 3865 fin,
507 3841 654 3871 (y)0bs.
672 3850 725 3868 no.

820 3813 835 3843 (

257 3869 317 3895 Sess.
334 3870 379 3896 hac
394 3873 418 3896 8.
436 3871 560 3900 Sepulchr.
578 3872 636 3898 Obs.
652 3880 690 3904 ²3·
750 3872 760 3904 ζ
777 3843 831 3905 ἐξ
848 3845 856 3869 Ἰ
872 3846 956 3877 supm'
973 3856 999 3872 η’
1017 3855 1054 3877 ¹⁹⁷

838 3875 875 3901 ch.
891 3884 915 3907 9.
932 3885 955 3902 n.
974 3887 994 3908 ς.

848 3819 860 3837 ι
874 3815 889 3844 )
904 3816 1048 3842 comment.
1064 3817 1094 3841 de
1110 3818 1207 3843 Bonon.
1225 3821 1264 3844 sc.
1280 3819 1355 3845 Acad.
1371 3822 1447 3847 Tom.
1466 3831 1488 3848 ῐ.
1504 3823 1532 3851 in
1548 3823 1639 3854 opusc.

1116 3849 1159 3876 (a
1177 3849 1283 3880 Nupta,
1300 3859 1324 3875 n.
1342 3860 1380 3877 ιι.
1399 3853 1424 3878 in
1441 3853 1485 3880 fin.

1058 3879 1072 3908 (
1088 3880 1337 3907 e)ch.10.n.1o.

1701 3820 1710 3851 (
1728 3830 1744 3846 u
1763 3821 1843 3850 )Vid.
1862 3823 1930 3852 supra
1943 3841 1950 3853 .
1969 3833 1995 3849 n.
2015 3827 2049 3848 18.

1548 3859 1562 3887 ζ
1577 3856 1591 3881 b
1609 3855 1621 3884 )
1637 3854 1724 3882 Traite
1739 3852 1771 3878 du
1788 3855 1868 3889 Coeus
1884 3857 1898 3880 s.
1916 3863 1938 3885 4.
1957 3856 1994 3881 ch.
2014 3862 2053 3888 ¹11.¹
