2498 4075
419 216 570 284 Epist·
611 219 773 270 Anat.
809 214 1020 269 Medica
1058 211 1231 269 XVII.
1265 208 1384 262 Art.
1404 222 1568 278 ¹3·¹4·
1590 210 1646 262 δε
1667 223 1741 270 ις.

73 296 219 331 vularum
242 295 323 329 vices
347 295 492 338 supplere
516 293 661 337 possent,
684 294 860 336 egredienti
877 293 1022 336 sanguini
1035 302 1086 324 ce-

78 340 205 379 dendo,
230 337 403 380 regressuro
424 348 530 372 autem
556 336 731 371 obstando.

125 393 176 425 13.
199 382 288 414 Huic
314 384 411 415 etiam
436 384 569 424 Virgini
593 381 657 424 jam
682 380 756 414 inde
788 381 826 413 ab
861 381 961 413 initio
992 376 1083 412 fuiss'e

79 425 308 460 inchoamenta
331 425 543 463 crediderim,
566 425 633 468 ejus
657 424 734 457 vitii
761 424 798 457 ad
821 424 940 457 ostium
962 423 1084 456 arteriae

80 469 304 505 Pulmonaris,
329 471 382 502 cui
407 470 515 511 vitio,
540 468 650 502 sensim
675 469 775 510 magis
800 467 962 510 magisque
987 465 1085 499 adau-

78 512 154 548 ἃο,
177 513 286 544 omnia
310 524 380 553 quae
402 513 519 547 vivens
534 511 734 555 patiebatur,
759 513 791 545 &
814 522 883 554 quae
906 512 939 543 in
962 517 1090 542 mortua

78 554 271 596 deprehensa
296 555 390 593 sunt,
416 565 543 598 accepta
568 554 662 588 facile
698 554 759 587 sint
794 553 974 588 referenda.
1021 551 1090 585 Sci-

77 598 154 630 licet
199 599 307 631 minus
362 598 531 640 expeditus
567 598 730 641 sanguinis
765 598 798 631 in
831 608 899 630 eam
936 596 1087 630 arteriam

76 640 228 684 ingressus
253 642 329 674 hinc
351 640 533 683 efficiebat,
554 652 591 675 ut
616 654 709 685 :equo
733 642 842 675 minor
874 640 963 673 illius
994 640 1089 687 copia

76 696 132 726 per
154 685 283 718 candem
308 686 454 718 arteriam
474 708 484 722 ,
530 685 707 728 sociamque
751 695 863 718 venam
897 682 934 716 ad
967 692 1091 716 auricu-

78 729 143 761 lam
167 728 343 768 sinistram,
366 726 589 770 sinistrumque
613 728 849 767 ventriculum,
871 739 909 760 ex
932 726 995 759 hoc
1028 735 1088 758 au-

78 782 144 805 tern
168 773 202 804 in
224 783 319 805 omne
341 782 459 814 corpus
484 775 692 812 mitteretur,
714 771 788 805 inde
810 781 912 810 vem,
934 779 970 803 ut
992 779 1089 811 aequo

78 813 183 857 major
207 815 367 856 sanguinis
389 817 482 858 copia
507 817 542 848 in
565 815 698 849 dextero
720 813 903 848 ventriculo
928 837 942 858 φ
980 811 1090 845 dexte-

78 869 174 901 raque
199 858 339 892 auricula
362 882 371 897 ,
394 861 426 891 δι’
464 860 554 892 venis
586 858 737 893 omnibus
769 857 923 892 restitaret
949 881 957 888 .
993 854 1090 888 Unde

78 903 179 935 totius
203 903 288 936 cutis
312 902 404 934 color
426 903 513 945 quasi
538 903 678 938 lividus,
703 905 736 935 δε
769 901 893 935 dexteri
929 900 1091 933 ventricu-

79 948 132 984 li,
154 945 356 988 dexteraeque
380 946 528 979 auriculae
553 945 728 985 dilatatio,
753 948 785 978 δε
810 943 978 977 foraminis
1001 944 1091 975 Ova—

78 989 119 1022 lis
145 988 283 1030 perstans
318 987 425 1022 hiatus
449 1013 460 1030 ‚
495 990 618 1032 quippe
652 989 742 1031 cujus
780 987 936 1021 valvulam
970 985 1091 1019 multus

79 1031 204 1072 sanguis
229 1044 245 1064 a
268 1030 389 1065 dextris
416 1031 627 1067 finistrorsum
651 1040 779 1075 urgeret
804 1053 813 1069 ,
838 1040 955 1073 paucus
985 1037 1092 1062 autem

79 1087 95 1108 a
118 1073 248 1109 sinistris
272 1076 457 1118 repelleret,
483 1076 521 1109 ad
556 1087 708 1119 oramque
741 1074 913 1121 foraminis
950 1073 1092 1115 applica-

79 1127 150 1151 ret·
177 1121 361 1152 Contrariis
384 1131 461 1152 vero
496 1119 533 1153 de
565 1119 663 1153 causis
695 1118 837 1153 auricula
870 1115 988 1149 {mistra
1013 1140 1025 1157 ,
1060 1119 1092 1148 &

81 1160 205 1195 sinister
229 1163 424 1196 ventriculus
448 1173 504 1196 nec
529 1162 604 1196 satis
627 1172 715 1196 erant
738 1159 896 1204 explicata
916 1182 926 1197 ,
959 1171 1015 1193 nec
1047 1158 1094 1191 sa-

79 1207 124 1238 tis
147 1205 254 1238 valida
270 1227 279 1243 ‚
305 1209 337 1239 δε
359 1206 529 1240 deficiente
552 1206 633 1248 justo
656 1206 818 1249 sanguinis
841 1204 881 1237 ad
904 1203 1093 1243 cerebrum,

82 1249 252 1294 omnesque
284 1259 390 1291 partes
422 1250 548 1284 influxa
570 1272 580 1287 ,
613 1252 645 1283 ἃ
669 1248 835 1292 appulsu,
866 1248 985 1279 virium
1009 1246 1093 1280 sum-

80 1303 150 1325 mus
184 1292 320 1335 languor
340 1317 353 1333 ‚
386 1295 419 1326 &
453 1293 562 1326 anhela
597 1292 767 1334 respiratio
796 1290 1092 1334 consequebantur,

79 1336 210 1378 haecque
248 1347 317 1369 eam
353 1338 451 1370 etiarn
487 1336 531 1370 ob
564 1336 687 1370 causam
718 1335 805 1378 quod
839 1335 879 1369 ab
911 1334 987 1366 exili
1020 1332 1094 1366 sub-

77 1380 183 1413 euntis
219 1378 380 1421 sanguinis
414 1382 565 1422 portione
600 1380 742 1423 amplum
765 1401 775 1416 ,
811 1381 843 1412 &
866 1376 997 1411 firmum
1019 1387 1092 1415 vas,

80 1423 172 1465 quale
206 1421 248 1455 est
283 1422 488 1457 Pulmonaris
524 1424 637 1456 arteria
658 1446 668 1462 ,
702 1432 739 1457 ut
774 1422 877 1464 urgeri
920 1420 995 1454 satis
1019 1445 1029 1460 ,
1060 1423 1094 1454 &

77 1466 209 1500 dilatari
242 1477 307 1498 non
342 1475 469 1509 poterat
496 1492 508 1508 ‚
541 1467 580 1500 sic
615 1478 714 1510 neque
749 1465 778 1499 se
819 1473 945 1508 poterat
990 1463 1095 1496 valen-

77 1520 127 1544 ter
161 1509 321 1543 restituere
345 1534 354 1550 ,
386 1510 539 1554 illamque
562 1534 574 1550 ,
614 1519 650 1544 ut
683 1521 739 1553 par
770 1509 812 1543 est
834 1532 846 1549 ‚
883 1519 936 1549 per
961 1507 1094 1550 pulmo-

77 1564 151 1586 nem
187 1564 375 1594 promovere
399 1579 408 1587 .
542 1553 644 1591 Quod
677 1562 781 1587 autem
814 1552 848 1584 in
882 1550 939 1584 hac
975 1551 1093 1592 Virgi-

76 1609 115 1630 ne
150 1595 259 1629 senfim
280 1619 290 1633 ,
325 1599 358 1630 &
390 1608 406 1629 a
439 1597 627 1640 primordiis
654 1619 667 1636 ‚
701 1602 774 1630 cum
821 1595 942 1627 laxiora
988 1593 1090 1629 adhuc

40 1678 42 1681 v
76 1649 164 1674 erant
189 1641 298 1672 omnia
314 1665 321 1678 ,
345 1638 415 1672 fieri
448 1650 592 1681 coeptum
623 1648 690 1672 erat
711 1662 723 1679 ‚
757 1638 868 1678 idem,
891 1647 986 1681 atque
1011 1638 1090 1672 adeo

76 1685 149 1726 plus
183 1684 291 1716 multo
324 1682 362 1714 ab
394 1693 459 1716 non
493 1683 634 1716 dissimili
655 1707 668 1723 ‚
692 1681 742 1715 sed
766 1682 845 1715 alibi
871 1681 1001 1724 posito,
1024 1684 1088 1716 im-

76 1725 261 1769 pedimento
294 1725 418 1759 factum
452 1725 574 1760 videbis
606 1728 689 1759 intra
711 1737 887 1769 perpaucos
914 1724 1030 1759 menses
1054 1728 1089 1759 in

77 1772 163 1804 Viro
187 1793 199 1810 ,
236 1770 374 1811 triginta
406 1771 536 1803 circiter
583 1781 682 1804 annos
725 1779 803 1803 nato
831 1793 844 1809 ,
875 1768 966 1811 cujus
990 1767 1090 1802 histo-

79 1814 160 1847 riam
197 1812 351 1846 describit
385 1813 588 1849 Vieufl‘enius
625 1814 707 1856 (s)
734 1837 742 1845 .
776 1813 866 1847 Narn
903 1812 1090 1846 Mitralibus

75 1856 211 1890 valvulis
232 1880 245 1897 ,
278 1855 368 1890 offeis
413 1856 507 1890 saetis
531 1881 544 1898 ,
576 1856 741 1891 orificium
775 1855 865 1890 valde
896 1857 1092 1891 imminuen-

75 1900 163 1933 tibus
185 1922 197 1938 ,
229 1910 284 1942 per
316 1899 407 1943 quod
431 1899 557 1943 sanguis
580 1900 739 1934 sinistrum
764 1899 831 1933 adit
854 1900 1067 1934 ventriculum
1082 1924 1095 1941 ‚

77 1943 175 1986 hujus
201 1953 271 1978 tum
293 1944 478 1983 capacitas,
503 1953 574 1979 tum
597 1943 765 1978 craffitudo
788 1943 971 1985 parietum5
1006 1944 1096 1987 quod

75 1987 194 2029 Figura
219 1998 248 2020 2.
274 1988 362 2020 Tab.
390 1998 438 2031 13.
463 1996 647 2030 comparata
678 1998 752 2021 cum
788 1988 906 2029 Figura
944 1998 973 2019 2.
1009 1988 1094 2021 Tab.

80 2041 130 2063 11.
159 2030 233 2063 satis
256 2030 417 2070 ostendit3
442 2030 568 2065 fuerant
593 2032 774 2064 imminutae
801 2053 812 2069 ‚
846 2040 959 2064 contra
992 2041 1100 2065 autem

75 2074 181 2108 ambae
204 2074 354 2108 auriculae
376 2086 452 2109 cum
475 2074 634 2118 adjunc'tis
658 2074 781 2108 truncis
800 2085 814 2114 ;
844 2072 886 2106 sic
919 2074 1005 2107 enim
1041 2087 1099 2107 vo-

78 2125 153 2159 cat;
178 2118 378 2151 Pulmonaris
404 2130 491 2151 venae
515 2141 528 2158 ‚
564 2121 595 2152 &
631 2120 795 2152 Cavarum
828 2120 942 2159 (quos
967 2118 1096 2150 Valsal-

76 2171 116 2194 va
153 2172 219 2194 uno
251 2163 467 2196 auricularum
491 2163 625 2195 nomine
657 2160 940 2202 comprehendit)
964 2163 995 2194 δε
1020 2162 1097 2195 Pul-

77 2206 220 2238 monaris
243 2206 366 2238 arteria:
390 2216 546 2244 truncus,
580 2207 613 2238 ὃ(
644 2203 839 2237 ventriculus
872 2203 983 2237 dexter
1014 2204 1096 2237 mul-

77 2258 148 2282 tum
172 2257 261 2280 erant
284 2249 420 2281 dilatata
442 2271 455 2287 ‚
486 2246 688 2289 ejusdemque
711 2246 886 2279 ventriculi
912 2247 1095 2286 columnae,

77 2294 110 2324 &
145 2292 256 2323 lacerti
288 2291 461 2324 craffiffirna
497 2290 581 2323 faeta
606 2313 620 2331 ,
653 2300 731 2323 num
774 2289 817 2321 ob
851 2289 946 2322 aliam
970 2312 979 2327 ‚
1023 2302 1093 2334 quae

79 2333 158 2366 alibi
182 2336 194 2372 (
218 2334 266 2374 r)
291 2333 511 2371 indicabitur,
536 2332 687 2366 causam?
711 2342 749 2365 an
772 2333 847 2375 quia
880 2333 1056 2367 crebriores
1084 2359 1093 2373 ‚

78 2380 112 2411 &
136 2376 311 2410 validiores
336 2387 469 2417 motus,
492 2385 529 2411 ut
553 2377 585 2408 in
610 2376 742 2410 artubus
777 2375 922 2409 videmus
943 2401 952 2415 ‚
992 2376 1095 2420 major

78 2419 298 2453 musculorum
321 2420 489 2453 crasiitudo
513 2419 654 2461 sequitur
675 2417 688 2452 ?
712 2427 796 2451 certe
820 2426 925 2452 autem
948 2418 997 2452 hae
1020 2431 1094 2453 cor-

79 2463 129 2497 dis
152 2464 316 2506 particulae
339 2463 459 2505 jugiter
479 2485 492 2502 ,
528 2461 804 2505 vehementiusque
837 2461 989 2495 contrahi
1012 2487 1024 2503 ,
1059 2466 1092 2496 &

79 2508 216 2540 exerceri
241 2506 412 2540 debuerant
433 2529 448 2546 ,
480 2515 516 2538 ut
547 2515 740 2539 conarentur
773 2514 895 2538 tantam
918 2506 1092 2540 restitantis

78 2551 240 2593 sanguinis
265 2550 393 2591 copiam
415 2550 448 2581 in
477 2548 683 2582 Pulmonaria
697 2548 768 2582 vasa
780 2548 997 2590 contrudere,
1020 2561 1092 2592 quae

53 2633 55 2636 .
77 2596 122 2627 ob
143 2590 312 2627 difficilem
336 2594 369 2625 in
392 2590 551 2626 sinistrum
575 2593 792 2627 ventriculum
816 2591 988 2634 ingressum
1023 2605 1089 2627 non

80 2636 177 2671 facile
224 2635 440 2670 admittebant
460 2646 474 2675 ,·
506 2635 560 2669 hic
606 2646 714 2670 autem
759 2636 957 2671 ventriculus
1002 2638 1094 2671 nullo

72 2681 176 2716 'ferme
209 2690 329 2714 conatu
362 2690 442 2722 opus
477 2678 612 2722 habebat
634 2704 647 2721 ,
681 2689 717 2713 ut
749 2681 900 2722 exiguam
931 2681 1094 2723 sanguinis

78 2728 262 2769 portionem
294 2725 329 2757 in
352 2724 508 2766 Magnam
543 2725 691 2763 arteriam
714 2723 915 2766 conjiceret,
936 2724 1094 2768 quamob-

80 2781 146 2802 rem
182 2768 281 2801 exiles
316 2791 329 2808 ‚
372 2766 553 2811 debilesque
594 2767 702 2810 pulsus
745 2766 801 2800 hic
846 2779 978 2811 quoque
1022 2779 1093 2800 ner-

78 2825 193 2846 vorum
218 2837 226 2852 ,
261 2814 293 2844 &
325 2812 426 2844 totius
459 2811 604 2854 corporis
637 2812 822 2854 languorem
865 2811 1058 2845 testabantur
1082 2836 1090 2844 .

79 2859 167 2889 Cum
199 2855 258 2888 hac
294 2853 427 2888 historia
449 2877 462 2894 ,
496 2857 529 2887 &
562 2855 777 2896 explicatione
812 2855 910 2888 velim
943 2854 1091 2889 conferas

81 2899 352 2933 Observationem
386 2897 545 2941 quandam
568 2899 644 2932 satis
667 2897 889 2939 consimilem,
913 2900 948 2931 in
971 2911 1091 2942 quam,

79 2943 248 2986 postquam
271 2940 339 2975 haec
364 2941 569 2983 scripseram,
596 2941 681 2975 forte
703 2940 808 2975 incidi
833 2942 954 2975 versans
980 2944 1093 2985 Sepul-

80 2986 186 3020 chreti
211 2986 331 3020 librum
359 2987 404 3019 II.
429 2989 442 3024 (
465 2997 486 3019 u
507 2990 540 3026 ).
675 2987 840 3020 Ha&enus
863 2985 1008 3030 quaedam
1023 2998 1093 3020 cor-

81 3030 131 3063 dis
154 3030 431 3070 ventriculorum,
454 3032 486 3062 &
510 3030 726 3064 auricularum
751 3031 969 3072 aneurysmata
980 3040 1094 3072 protu-

81 3075 128 3114 li,
153 3086 168 3106 a
192 3073 341 3107 Valsalva
366 3072 575 3114 deprehensa.
602 3075 702 3108 Nunc
725 3073 1000 3115 alia'subjiciam,
1023 3086 1093 3118 quae

81 3119 198 3161 reperit
222 3119 255 3151 in
281 3117 394 3150 arteria
418 3118 559 3160 Magna.

131 3172 179 3205 14.
225 3164 243 3196 S
269 3162 297 3193 E
322 3161 356 3193 N
384 3162 413 3193 E
436 3162 466 3193 X
511 3173 612 3197 annos
644 3171 737 3196 natus
769 3161 972 3205 septuaginta
996 3164 1092 3206 quin-

83 3217 145 3249 que
166 3230 176 3244 ,
222 3203 457 3247 promptissimo
500 3206 635 3247 ingenio
667 3232 675 3246 ,
717 3207 891 3248 sanguineo
933 3215 1095 3248 tempera-

83 3258 194 3282 mento
217 3271 229 3289 ,
269 3259 400 3291 procera
433 3246 581 3287 statura,
615 3250 773 3284 laudabili
810 3252 912 3284 totius
948 3251 1093 3293 corporis

84 3291 319 3326 constitutione
355 3291 538 3334 praeditus,
571 3294 698 3337 aliquot
733 3302 805 3326 ante
855 3305 995 3329 mortem
1037 3305 1092 3327 an-

85 3337 137 3370 nis
160 3358 170 3374 ,
202 3338 234 3369 &
260 3337 361 3378 magis
385 3333 438 3368 his
461 3335 586 3370 ultimis
610 3338 799 3371 macilentus
823 3339 866 3373 est
889 3337 993 3373 factus
1011 3361 1024 3378 ,
1053 3336 1092 3370 si-

87 3380 215 3422 mulque
239 3379 366 3413 dolores
398 3377 555 3422 quosdam
585 3392 752 3423 gravantes
780 3407 790 3422 ‚
819 3394 900 3425 quos
933 3380 996 3424 jam
1034 3379 1091 3415 diu

89 3424 271 3466 patiebatur
294 3425 329 3456 in
351 3422 470 3456 sinistra
493 3422 636 3458 thoracis
660 3434 773 3468 parte,
797 3435 814 3458 a
838 3426 976 3460 flatuum
997 3424 1091 3458 durn-

88 3476 178 3501 taxat
202 3468 369 3510 eruptione
392 3466 615 3508 mitescentes‚
637 3471 799 3511 graviores
821 3469 964 3504 redditos
998 3468 1089 3502 sensit

91 3509 151 3544 hac
175 3511 352 3553 praesertim
386 3510 502 3553 hyeme
535 3512 662 3545 ineunte
685 3539 692 3545 .
724 3511 859 3547 Molesta
893 3515 991 3547 etiarn
1026 3511 1096 3545 tussi

90 3548 335 3589 ‘corrfliffitabatur
346 3579 360 3596 ,
382 3565 438 3598 per
478 3565 575 3598 quarn
614 3557 803 3590 creberrime
826 3568 911 3592 nunc
936 3557 1092 3594 serosam,

89 3608 172 3633 nunc
196 3598 363 3640 globosam
386 3621 400 3638 ,
434 3601 466 3632 δε
502 3600 755 3641 compactiorem
789 3600 960 3644 exspuebat
991 3606 1093 3634 mate-

176 3644 342 3685 Morgagni
352 3643 387 3676 de
397 3643 466 3676 Sed.
478 3641 619 3685 &Caufi
633 3644 735 3677 Morb.
749 3646 850 3678 Tom.
868 3648 895 3680 Ι.

1980 220 2068 267 155

1135 289 1215 324 riam
1230 312 1238 318 -
1262 289 1302 321 In
1324 286 1539 321 concitatiore
1573 293 1687 320 motu,
1709 281 1796 325 gravi
1826 279 2059 323 corripiebatur
2090 289 2137 312 re-

1135 332 1328 375 spiratione,
1350 341 1473 375 eoque,
1495 328 1533 363 de
1555 340 1621 371 quo
1643 327 1805 362 diximus,
1832 323 1973 359 thoracis
2004 322 2138 360 dolore,

1138 374 1311 418 aliquando
1333 376 1430 407 etiam
1453 372 1558 407 cordis
1582 371 1820 414 palpitatione,
1840 368 1884 401 ob
1905 379 1977 418 quae
2001 364 2139 399 subsiste-

1137 431 1169 453 re
1190 418 1386 459 cogebatur.
1414 416 1563 450 Tandem
1589 416 1650 448 ΙΙΙ.
1678 414 1789 446 Nonas
1805 411 1952 455 Januarn
1976 410 2072 458 paulo
2084 418 2140 440 an·
2183 453 2194 459 ..

1140 472 1171 496 te
1194 461 1256 495 diei
1282 460 1377 494 finem
1400 460 1541 503 quodam
1565 459 1663 492 animi
1689 455 1774 498 quasi
1797 455 1945 498 deliquio
1977 461 2106 495 capitur
2127 472 2137 488 ,
2178 460 2189 469 ²⁴

1139 504 1274 548 copioso
1288 504 1447 546 sanguinis
1457 504 1573 547 sputo,
1598 499 1836 544 gravisiirnaque
1848 497 2053 547 respiratione
2065 505 2139 528 cum

1139 549 1291 583 stertore.
1316 549 1347 581 A
1371 558 1455 581 venae
1480 547 1618 580 sec'tione
1639 545 1724 577 circa
1748 544 1887 585 primam
1912 541 2015 573 noffis
2027 539 2139 572 horam

1141 592 1208 627 haec
1233 590 1428 630 mitescunt,
1450 589 1615 632 superstite
1639 587 1743 621 solum
1765 585 1876 620 dolore
1900 582 1985 632 quasi
1999 592 2140 625 pungen-

1141 646 1173 669 te
1197 635 1312 669 sinistri
1336 634 1466 671 lateris,
1488 635 1522 666 in
1547 630 1662 674 quod,
1684 629 1743 663 nisi
1766 640 1838 663 curn
1863 627 2006 662 molestia
2029 625 2142 675 cubare

1141 691 1205 712 nou
1229 687 1376 722 poterat.-
1401 676 1508 720 pulsus
1530 685 1598 708 erat
1621 674 1762 714 debilis,
1786 682 1873 706 rarus
1893 695 1902 710 ,
1935 669 2033 718 durus¹
2051 692 2063 708 ,
2094 677 2144 717 vt·

1141 721 1248 756 bratus
1274 746 1287 763 ,
1321 731 1386 754 non
1423 720 1501 762 saepe
1523 718 1709 761 inaequalis.
1734 718 1826 762 Hora
1849 715 1962 758 quinta
1986 711 2146 756 priorati-

1142 768 1171 799 la
1193 764 1415 800 recrudescunt
1439 763 1655 806 symptomata
1673 785 1686 802 ‚
1721 761 1884 792 resonante
1916 757 2084 805 siertore).
2110 756 2144 787 δε

1143 810 1274 843 materia
1299 808 1367 842 alba
1391 807 1488 850 sputo
1512 806 1687 848 sanguineo
1709 802 1877 846 permista.
1904 799 1976 834 Post
2010 807 2144 833 mitiora

1143 854 1306 896 aliquanto
1329 852 1433 891 fiunt,
1454 850 1555 883 donec
1578 848 1656 882 hora
1679 847 1822 894 decima,
1852 845 2006 894 stertore‚
2029 841 2146 892 &.spu‘

1144 906 1180 930 to
1203 894 1437 935 desinentibus,
1462 904 1516 927 ore
1539 891 1647 927 hiante
1669 915 1678 930 ,
1711 892 1794 934 quasi
1835 900 1936 922 aerem
1970 884 2147 919 identidem

1143 948 1306 982 captaret,
1328 938 1371 972 est
1394 946 1558 971 mortuus.
1593 978 1599 983 ·
1692 935 1804 969 DUM
1839 930 2045 983 THORAX
2077 938 2149 971 ape-

1143 983 1284 1017 riebatur
1298 1005 1308 1021 ,
1333 994 1372 1016 ex
1394 980 1520 1015 sinistro
1541 980 1636 1023 hujus
1658 990 1736 1012 cavo
1748 975 1896 1020 prosiluit
1910 976 2036 1013 serum,
2058 983 2149 1017 quo,

1142 1030 1175 1061 &
1197 1034 1347 1060 concreto
1371 1024 1521 1067 sanguine
1544 1032 1652 1056 totum
1676 1022 1710 1055 id
1732 1033 1845 1055 cavum
1869 1020 2026 1063 repletum
2059 1024 2124 1049 erat
2136 1038 2150 1055 ,

1145 1072 1248 1104 altero
1281 1067 1401 1102 illaeso.
1428 1068 1599 1100 Pulmones
1633 1077 1744 1108 parum
1777 1064 1816 1097 ab
1848 1063 1991 1112 naturali·
2025 1059 2151 1109 recede-

1144 1114 1222 1147 bant
1245 1111 1501 1146 constitutione.-
1523 1109 1627 1143 solum
1650 1110 1736 1141 circa
1758 1107 1935 1143 bronchia,
1959 1116 2050 1148 nigra
2069 1113 2150 1154 'anr-

1144 1155 1425 1191 madvertebantur
1448 1163 1604 1195 corpora,
1626 1151 1713 1194 quasi
1743 1150 1921 1194 glandulae.
1948 1151 1986 1182 In
2010 1157 2150 1198 pericar-

1144 1201 1200 1234 dio
1220 1209 1283 1233 tres
1306 1199 1363 1232 seri
1388 1197 1511 1232 unciae:
1537 1197 1571 1229 in
1594 1195 1700 1228 cordis
1722 1195 1910 1228 ventriculis
1922 1193 2047 1234 sanguis
2057 1190 2153 1225 dum-

1145 1253 1235 1278 taxat
1260 1241 1452 1284 grumosus‚
1485 1251 1541 1273 nec
1563 1239 1704 1272 multus.
1729 1238 1860 1272 Arteria
1892 1245 1999 1271 autem
2031 1236 2154 1277 Magna

1146 1296 1222 1321 toto
1244 1282 1304 1320 illo
1326 1286 1431 1319 tractu
1454 1295 1519 1326 quo
1543 1294 1559 1315 a
1579 1280 1675 1316 corde
1699 1282 1837 1325 pertinet
1870 1280 1910 1315 ad
1941 1278 2154 1322 diaphragma

1146 1331 1270 1374 usque,
1290 1330 1326 1362 in
1346 1338 1473 1362 enorme
1497 1325 1632 1360 dilatata
1658 1333 1725 1358 erat
1747 1325 1930 1368 aneurysma
1942 1348 1954 1364 ,
1978 1334 2042 1357 non
2063 1332 2155 1372 :eque

1147 1385 1252 1410 tamen
1277 1373 1397 1416 ubique
1421 1372 1546 1412 latum,
1578 1369 1629 1404 sed
1660 1369 1732 1402 aliis
1765 1371 1800 1401 in
1829 1369 1912 1402 locis
1947 1369 2056 1400 miuus
2077 1387 2086 1403 ,
2116 1375 2154 1398 in

1147 1419 1219 1452 aliis
1243 1417 1374 1450 viciffim
1396 1416 1516 1457 magis.
1540 1412 1737 1448 Adhaerebat
1771 1412 1961 1446 tenaciffime
1994 1418 2156 1459 quartae)

1146 1467 1178 1496 δε
1203 1461 1343 1504 quinetae
1365 1460 1509 1494 thoracis
1531 1457 1705 1497 vertebris,
1728 1468 1799 1500 quae
1823 1453 2026 1489 dextrorsum
2038 1463 2157 1487 nonm-

1144 1506 1192 1539 hil
1218 1504 1378 1539 incurvari
1400 1501 1613 1536 videbantur:
1638 1504 1669 1535 &
1693 1499 1784 1543 juxta
1805 1499 1861 1532 has
1872 1498 2053 1540 disruptum
2064 1505 2157 1537 erat,

1145 1549 1317 1591 amploque
1341 1546 1435 1580 hiatu
1458 1545 1643 1586 sanguinem
1666 1545 1699 1576 in
1733 1542 1876 1576 thoracis
1911 1539 2067 1574 sinistram
2100 1551 2155 1573 ca-

1143 1604 1232 1626 veam
1255 1589 1535 1626 effuderat.Circa
1559 1588 1622 1621 hoc
1646 1585 1790 1620 foramen
1813 1586 1979 1619 concretio
2003 1592 2069 1617 erat
2093 1595 2155 1626 po-¹

1142 1636 1275 1679 lyposa,
1301 1635 1337 1668 in
1369 1632 1478 1667 tubuli
1515 1630 1655 1665 formam
1687 1639 1868 1664 excavata:
1903 1629 2011 1672 ipsum
2043 1636 2159 1662 autem

1140 1679 1285 1714 foramen
1328 1677 1434 1712 ulcere
1477 1674 1736 1709 circumdabatur
1759 1686 1770 1713 5
1802 1682 1839 1708 ut
1881 1673 1975 1707 succo
2003 1669 2154 1715 quodam

1141 1722 1290 1757 erodente
1315 1723 1403 1764 prius
1427 1720 1622 1754 exulceratus
1648 1718 1770 1751 arteriae
1794 1718 1895 1761 paries
1915 1741 1929 1759 ,
1951 1715 2067 1750 deinde
2100 1715 2158 1749 ul-

1140 1779 1211 1801 cere
1237 1767 1337 1808 magis
1360 1788 1371 1804 ,
1404 1763 1565 1807 magisque
1590 1760 1754 1805 profundo
1777 1760 1867 1796 facto
1890 1786 1899 1801 ,
1935 1759 1974 1794 ad
2007 1771 2076 1793 earn
2108 1768 2156 1792 tea

1143 1813 1303 1845 nuitatem
1346 1807 1490 1842 redaetus
1536 1806 1627 1841 fuisse
1664 1805 1857 1847 videretur,
1889 1816 1959 1849 quae
1993 1803 2158 1847 sanguinis

1143 1857 1304 1898 impetum
1329 1852 1411 1886 ferre
1438 1851 1576 1894 amplius
1598 1862 1662 1883 non
1695 1850 1836 1892 potuerit
1861 1873 1869 1881 .
1981 1890 1988 1896 ⁸
2006 1850 2044 1881 In
2068 1849 2160 1881 Ven-

1148 1909 1197 1933 tre
1221 1897 1428 1931 adnotatione
1451 1894 1567 1937 dignus
1589 1893 1655 1928 fuit
1679 1903 1733 1927 ren
1754 1893 1867 1927 dexter
1893 1918 1900 1931 ‚
1934 1904 2027 1935 cujus
2058 1891 2160 1925 dimi-

1147 1943 1238 1977 dium
1264 1940 1400 1974 inferius
1423 1938 1596 1972 secundum
1628 1947 1775 1972 naturam
1811 1935 1841 1970 se
1876 1936 2047 1977 habebat;
2079 1936 2164 1969 alteo

1149 1998 1220 2020 rum
1245 1994 1349 2019 autern
1374 1991 1481 2016 totum
1504 1991 1571 2015 erat
1595 1983 1628 2015 in
1653 1982 1791 2024 amplam
1815 1979 1948 2015 vesicam
1970 1988 2131 2014 mutatum
2146 2002 2164 2017 ,t

1150 2043 1188 2063 ex
1210 2030 1300 2062 tenui
1326 2036 1451 2061 tantum
1476 2027 1657 2059 membrana
1690 2025 1810 2060 saetam
1832 2049 1841 2065 ‚
1874 2035 1931 2068 per
1964 2034 2061 2068 quam
2096 2024 2166 2057 ele«

1150 2085 1228 2110 gans
1244 2096 1254 2112 ,
1275 2071 1421 2115 quamvis
1444 2071 1653 2113 inaequalium
1679 2080 1843 2108 arearum,
1866 2068 2068 2103 vasculorum
2093 2076 2160 2101 rete

1150 2111 1347 2155 ducebatur,
1369 2114 1482 2158 quod,
1506 2123 1687 2148 atramento
1720 2124 1775 2156 per
1806 2112 2038 2155 Emulgentem
2072 2121 2161 2145 arte-

1150 2162 1232 2194 riam
1253 2157 1398 2201 injecto,
1421 2158 1454 2191 in
1477 2157 1683 2201 conspe&um
1705 2158 1814 2191 venit.
1840 2156 2013 2200 Turgebat
2038 2168 2072 2190 ea
2105 2166 2162 2188 ve-

1148 2203 1209 2237 sica
1232 2201 1302 2236 fero
1325 2201 1362 2236 ad
1386 2204 1496 2235 uncias
1518 2203 1647 2234 circiter
1669 2210 1732 2234 tres
1753 2224 1766 2243 ,
1798 2199 1887 2244 quod
1924 2200 1996 2243 igni
2027 2198 2162 2243 impoli-

1148 2257 1240 2284 tum,
1265 2244 1434 2279 urinosum
1472 2244 1640 2279 exhalabat
1672 2243 1807 2278 odorem
1827 2267 1840 2284 ‚
1874 2245 1907 2277 &
1939 2243 2124 2277 ebulliendo
2146 2266 2161 2283 ‚

1147 2293 1180 2323 &
1204 2288 1401 2333 spumand0‚
1424 2290 1458 2321 in
1482 2300 1572 2322 auras
1595 2288 1695 2321 abiit.
1830 2286 1917 2321 Illud
1940 2299 2069 2331 quoque
2079 2287 2162 2320 Val-

1147 2334 1238 2367 salvae
1261 2333 1405 2366 occurrit
1440 2333 1487 2366 vel
1525 2333 1625 2374 magis
1659 2330 1796 2373 dignum
1828 2330 1917 2373 quod
1952 2330 2125 2365 adnotetur
2149 2355 2159 2363 .

1146 2379 1232 2410 Cum
1256 2377 1327 2410 vasa
1348 2374 1509 2419 chylifera
1532 2387 1548 2409 e
1571 2375 1741 2409 Tenuibus
1776 2374 1935 2408 intestinis
1971 2375 2009 2408 ab
2039 2376 2160 2408 οᾶὶεινο

1147 2419 1233 2454 infra
1257 2420 1407 2462 pylorum
1430 2419 1539 2462 digito
1575 2419 1614 2452 ad
1646 2418 1736 2451 ulnas
1771 2418 1904 2450 circiter
1937 2417 2014 2452 duas
2049 2418 2159 2452 crebra

1145 2464 1582 2505 nascerentur,centrumque
1606 2470 1749 2505 peterent
1772 2460 1973 2502 mesenterii‚
1997 2462 2052 2495 ille
2062 2473 2158 2506 quem

1148 2507 1247 2541 modo
1271 2506 1530 2549 designavimus,
1553 2505 1780 2539 intestinorum
1804 2505 1923 2538 tractus
1956 2508 2051 2539 certis
2083 2508 2157 2549 qui-

1145 2550 1280 2585 busdam
1325 2551 1495 2584 distintftus
1528 2559 1593 2583 erat
1628 2548 1856 2582 albescentibus
1889 2549 2025 2584 maculis
2045 2573 2057 2590 ,
2089 2551 2157 2583 imo

1170 2593 1259 2635 uafi,
1284 2603 1320 2628 ut
1344 2595 1411 2632 ait,
1436 2593 1637 2633 cavernulis,
1661 2592 1852 2635 irregulari,
1877 2602 1973 2636 atque
1997 2595 2059 2627 alia
2082 2594 2157 2629 aliis

1171 2650 1270 2680 gnra,
1295 2641 1327 2671 ἃ
1351 2636 1574 2681 magnitudine
1598 2635 1765 2679 praeditis,
1790 2645 1824 2669 ut
1838 2636 2035 2671 aliaelentem
2051 2650 2158 2681 aequa-

1146 2691 1241 2722 rent,
1264 2682 1333 2715 aliae
1357 2682 1459 2724 duplo
1483 2680 1578 2715 essent
1605 2679 1762 2723 majores,
1789 2680 1951 2714 nonnullae
1977 2684 2157 2716 autemmi-

1146 2737 1265 2760 nores.-
1289 2737 1328 2758 ex
1352 2726 1471 2769 quibus
1494 2724 1550 2758 etsi
1574 2724 1646 2758 vasa
1669 2724 1725 2757 illa
1749 2723 1929 2757 viderenon
1943 2728 2053 2767 potuit
2066 2737 2157 2768 egre-

1144 2770 1289 2807 dientia·‚
1312 2781 1346 2802 ea
1369 2779 1475 2804 tamen
1497 2767 1634 2803 credidit
1658 2767 1772 2802 iisdem
1796 2778 1868 2801 cum
1880 2767 2054 2807 elsternulis
2064 2781 2155 2804 com-

1145 2816 1329 2854 municare,
1353 2824 1389 2849 ut
1412 2826 1482 2857 quae
1505 2811 1673 2846 certiffime
1694 2811 1796 2854 chylo
1819 2810 1912 2846 essent
1926 2812 2154 2855 turgidae,cu-

1144 2858 1195 2901 jus
1218 2859 1361 2900 saporem
1383 2869 1456 2892 cum
1482 2857 1661 2899 exploraret
1676 2878 1687 2895 ‚
1709 2854 1864 2894 similem,
1887 2854 1945 2888 nisi
1969 2855 2058 2899 quod
2084 2868 2153 2891 ma-

1143 2903 1193 2944 gis
1216 2902 1254 2935 ad
1279 2902 1391 2936 salsum
1413 2900 1584 2943 vergebat,
1608 2899 1700 2932 laetis
1722 2900 1868 2932 invenit.

1191 2955 1239 2987 15.
1266 2947 1316 2979 Ut
1348 2957 1486 2989 quaerere
1529 2944 1719 2977 omittamus
1741 2966 1756 2983 ,
1789 2954 1828 2976 an
1874 2944 1966 2986 nigra
2010 2944 2067 2977 illa
2113 2945 2153 2980 ad

1144 2989 1297 3023 bronchia
1319 3000 1456 3031 corpora
1477 2987 1636 3031 glandulae
1660 2998 1764 3020 revera
1788 2984 1882 3020 essen-t
1909 2987 2117 3023 Bronchiales
2141 3013 2155 3030 ,

1144 3042 1259 3075 praeter
1283 3044 1412 3076 asquum
1434 3030 1562 3065 fortasse
1589 3030 1754 3069 adamitae3
1779 3030 1848 3064 noli
1883 3032 1995 3065 mirari
2017 3056 2031 3074 ,
2062 3034 2153 3076 quod

1144 3078 1229 3109 inter
1251 3087 1354 3110 cetera
1376 3084 1446 3118 quae
1473 3075 1587 3118 procul
1612 3073 1713 3108 dubio
1747 3074 1892 3108 morbosa
1927 3075 1999 3110 sunt
2019 3099 2029 3115 ,
2062 3088 2152 3119 quae.

1144 3119 1217 3153 dam
1263 3119 1427 3153 noviffime
1468 3118 1725 3161 descripserimus
1757 3142 1770 3159 ,
1814 3130 1886 3160 quae
1931 3119 1969 3153 ad
2022 3128 2152 3154 natura-

1146 3164 1209 3197 lem
1241 3163 1358 3197 statum
1382 3164 1485 3206 magis
1508 3164 1643 3196 attinere
1667 3162 1854 3196 videantur.
1884 3162 1954 3197 Istae
1986 3164 2073 3197 enim
2105 3165 2152 3197 ci·-

1139 3206 1280 3248 sternulae
1303 3207 1409 3241 multo
1431 3206 1495 3241 huc
1519 3207 1622 3249 magis
1647 3205 1785 3249 spe&are
1820 3204 1946 3248 possunt
1979 3218 2078 3249 quam
2109 3208 2153 3240 il·

1145 3252 1175 3284 la
1207 3262 1328 3294 magnae
1364 3253 1464 3294 partis
1498 3251 1633 3284 alterius
1665 3251 1748 3284 renis
1789 3251 1824 3282 in
1868 3247 1999 3283 vesicam
2041 3260 2150 3286 muta-

1145 3296 1197 3328 tio
1218 3318 1230 3336 ,
1275 3294 1312 3328 de
1355 3306 1419 3338 qua
1464 3294 1542 3328 alibi
1585 3303 1657 3328 tum
1703 3291 1884 3336 scripsimus
1907 3315 1920 3333 ,
1964 3301 2035 3327 tum
2076 3293 2151 3328 scri-

1145 3339 1254 3372 bemus
1278 3338 1367 3382 (x)
1393 3362 1401 3368 .
1535 3337 1693 3380 Suspicari
1716 3338 1803 3369 enim
1828 3337 1904 3368 licet
1927 3358 1939 3376 ‚
1971 3336 2045 3370 ideo
2076 3339 2148 3372 illas

1143 3383 1321 3422 cisternulas
1345 3379 1518 3425 apparuisse
1542 3382 1630 3425 quod
1655 3393 1670 3414 a
1694 3389 1786 3413 tanto
1808 3380 1922 3412 Aortae
1953 3382 2039 3415 intra
2072 3381 2149 3415 tho-

1143 3436 1245 3458 racem
1291 3424 1507 3467 aneurysmate
1551 3423 1743 3467 compressus
1779 3423 1990 3458 —Thoracicus
2033 3423 2150 3459 duffus

1148 3469 1361 3512 angustiorem
1384 3470 1469 3502 viam
1503 3466 1604 3512 chylo
1636 3468 1830 3509 relinqueret
1855 3491 1865 3507 ‚
1908 3477 1946 3501 ut
1989 3466 2151 3502 subsistere

1146 3516 1181 3547 in
1205 3513 1261 3547 suo
1284 3524 1337 3555 per
1360 3513 1493 3555 parietes
1526 3511 1748 3546 intestinorum
1780 3509 1918 3554 trajectu
1949 3520 2120 3554 cogeretur
2137 3535 2151 3554 ,

1146 3560 1182 3591 in
1225 3555 1340 3598 eosque
1384 3555 1432 3588 ibi
1476 3555 1564 3600 quafi
1607 3556 1727 3589 varices
1750 3554 1803 3587 sua
1856 3553 1979 3588 vascula
2032 3554 2150 3590 dilata-

1143 3612 1177 3635 re
1199 3624 1213 3642 ‚
1245 3608 1298 3634 aut
1326 3622 1336 3639 ,
1366 3598 1388 3633 si
1413 3602 1534 3638 mavis,
1557 3598 1736 3676 lacuscuxlfos
1758 3596 1913 3640 quosdam
1936 3620 1948 3637 ‚
1978 3596 2153 3634 secundum

1416 3656 1420 3658 ’
1754 3651 1772 3673 2
2019 3650 2114 3677 natu-

153 3827 167 3856 (
179 3826 217 3856 s)
233 3829 318 3853 Traite
333 3830 364 3854 du
381 3830 460 3854 coeur
475 3828 512 3853 ch.
530 3833 566 3855 16.
629 3831 645 3861 (
660 3838 671 3855 t
687 3830 697 3862 J
714 3831 788 3861 Epist.
809 3833 844 3856 18.
863 3840 888 3858 n.
907 3841 944 3865 35·

1005 3836 1020 3865 (
1036 3843 1052 3858 u
1067 3832 1076 3865 )
1095 3834 1121 3859 ἱη
1138 3834 1261 3861 Additam.
1279 3837 1309 3862 ad
1326 3836 1389 3862 Sest.
1407 3838 1430 3863 8,
1445 3838 1509 3864 Obs.¹
1527 3847 1549 3869 3.

1610 3837 1623 3867 (
1640 3844 1654 3860 x
1669 3836 1683 3867 2
1698 3833 1755 3860 vid.
1772 3834 1843 3865 Epist.
1861 3837 1901 3866 38.
1919 3841 1944 3859 n.
1963 3841 2000 3864 39.
2019 3831 2042 3857 ἃ
2056 3829 2119 3861 seqq.
