2498 4075
559 217 569 229 ο
716 215 719 221 ·
1005 217 1016 226 ι
1046 224 1050 232 1

462 218 627 287 Epist.
663 217 829 274 Anat.
863 217 1080 273 Medica

74 292 125 339 ius
147 292 295 330 dissectio
317 294 492 329 indicavit.
520 295 570 329 lbi
593 295 678 328 enim
700 296 834 330 cervicis
857 294 997 330 vesiculae
1010 308 1082 331 rnu-

74 349 149 371 cum
173 336 299 374 fortasse
323 338 555 382 liquidiorem,
580 348 637 371 nec
660 347 768 372 tamen
791 338 948 376 lacteum,
973 342 1080 373 conti-

73 381 208 414 nebant.
235 382 546 424 Superiusnullaevel
558 379 719 415 dissecanti
743 381 954 426 apparebant.
985 384 1080 417 Circa

79 423 223 459 medium
249 424 473 469 longitudinis
488 425 645 464 cervicis,
668 423 796 459 duobus
819 426 898 458 locis
921 425 982 459 alte
999 427 1082 459 intra

76 468 235 509 parietum
258 467 491 503 crassitudinem
512 467 697 505 conditam,
740 467 920 502 dissecando
937 495 945 507 ,
976 469 1082 503 inveni

71 509 224 545 cellulam
248 512 374 545 inanem
389 537 398 551 ‚
419 510 671 550 subrotundam,
706 512 791 553 parvi
817 510 960 554 phaseoli·
991 524 1082 554 capa-

74 562 166 594 cem,
188 553 252 588 fine
275 555 349 588 ullis
372 564 426 588 aut
449 554 518 591 ibi,
541 562 595 589 aut
620 553 698 587 alibi
732 553 883 589 erosionis
916 554 1045 589 indiciis
1069 570 1081 589 .’

208 598 361 632 Thorace
384 597 552 638 adaperto,
575 597 609 630 id
654 595 719 631 uod
743 609 781 633 ex
800 597 982 633 lumborum
1014 609 1081 632 ver-

73 639 175 674 tebris
199 640 415 682 praesenseram
439 641 552 673 leviter
574 609 786 676 siniskrorsum
819 639 849 673 se
872 640 995 676 flectere
1028 643 1081 675 in-

70 682 281 725 cipienti-bus,
303 682 497 718 manifestius
520 685 685 725 cognovi,
708 683 839 725 gibbam
863 682 952 719 fuisse
963 686 1082 719 mulie-

72 736 162 764 rem3
186 726 329 761 thoracis
351 729 437 760 enim
461 727 610 761 vertebrae
644 727 748 762 multo
779 727 879 768 magis
912 726 941 760 se
973 728 1081 762 fleRe-

70 767 151 802 bant
174 769 391 806 dextrorsum.
416 769 515 810 Quod
536 768 561 803 fi
584 780 697 803 contra
719 780 766 803 res
789 768 816 802 se
838 768 1079 808 habuiffet‚aut

71 810 96 844 fi
121 822 247 850 uterus,
275 825 367 856 quem
392 811 592 856 dextrorsum
615 813 807 848 inclinatum
831 812 941 850 fuisse,
975 814 1044 848 dixi
1067 839 1078 853 ‚

69 853 203 891 fuisset,
228 866 263 891 ut
288 857 475 891 lumborum
499 856 652 889 vertebrae
675 881 683 896 ‚
716 856 889 889 inclinatus
922 855 1080 893 sinistror-

71 897 165 939 sum‚·
187 899 267 932 hanc
292 899 330 932 ad
353 911 402 933 eas
427 898 577 933 foeminas
598 898 788 941 adjicerem,
812 910 888 942 quas
903 924 911 939 ‚
933 900 970 936 de
994 902 1078 934 uteri

70 941 280 975 inclinatione
300 941 461 979 scribens,
485 942 548 975 tibi
573 943 653 976 alias
689 945 756 985 (p)
791 945 1045 977 commemoravi
1068 970 1077 978 .

67 982 132 1017 Sed
154 984 300 1019 levissima
324 985 378 1020 hic
401 989 467 1019 erat
491 986 562 1020 imae
586 986 895 1028 Spinaeinclimu'o,
918 997 974 1020 nee
986 998 1082 1029 quam

68 1027 278 1062 Innominata
300 1027 386 1069 ossa,
408 1037 443 1063 ut
468 1029 501 1062 in
525 1030 592 1063 illis
608 1051 617 1066 ‚
643 1028 737 1062 facile
758 1027 980 1072 sequerentur.
1008 1032 1081 1067 Cae-

70 1077 178 1104 terum
203 1083 267 1105 non
292 1080 326 1107 ut
350 1073 384 1105 in
409 1081 539 1110 ventre,
565 1072 605 1106 sic
629 1073 663 1105 in
687 1071 817 1106 thorace
832 1094 843 1110 ‚
866 1082 919 1105 aut
942 1074 1081 1115 pericar-

71 1111 130 1146 dio
153 1112 282 1150 effusam
307 1126 419 1159 aquam
443 1114 584 1149 offendi.
611 1116 778 1151 Pulmones
803 1116 964 1155 anterius,
987 1120 1018 1150 δε
1042 1116 1082 1149 ad

72 1156 171 1191 latera
193 1169 267 1193 cum
290 1159 397 1203 pleura
421 1158 584 1193 arstiffime
595 1161 730 1193 connexi
742 1167 849 1191 erant:
874 1159 990 1193 tumidi
1003 1170 1083 1201 prae-

71 1208 180 1241 terea,
202 1201 320 1236 sinister
342 1201 537 1246 praesertim,
561 1202 611 1236 sed
636 1202 673 1235 ab
696 1213 760 1236 aere
772 1201 958 1239 dumtaxat,
981 1203 1081 1235 &ad-

60 1243 175 1285 ,misto
198 1245 354 1283 humore,
378 1245 530 1287 nusquam
552 1245 644 1282 duri,
670 1257 725 1278 nec
736 1247 834 1288 magis
846 1255 938 1287 quam
949 1256 1077 1288 aequum

73 1285 172 1328 esset,
195 1290 361 1324 rubentes.
393 1287 511 1322 Cordis
533 1289 703 1324 ventriculi
734 1297 917 1323 concretum
954 1289 1076 1329 sangui..

72 1339 147 1364 nem
171 1329 370 1372 habuerunt,
401 1331 595 1375 eundemque
628 1341 731 1365 atrum
754 1353 763 1369 ,
794 1331 896 1375 qualis
930 1334 962 1366 δε
997 1331 1074 1365 alibi

64 1372 140 1414 *fuit
158 1398 166 1407 .
298 1376 421 1409 Cranio
444 1373 553 1414 secto,
576 1387 645 1418 quae
667 1376 751 1408 intra
774 1374 881 1417 ipsum
903 1384 989 1407 erant
1005 1400 1014 1414 ,
1036 1387 1075 1407 o-

69 1417 159 1450 mnia
183 1418 304 1452 laxiora
326 1419 390 1452 visa
414 1417 507 1457 sunt,
528 1430 624 1462 quam
647 1419 781 1458 ostavo,
805 1416 891 1451 haud
914 1418 1076 1462 amplius,

71 1460 112 1492 ab
133 1460 228 1496 obitu
250 1462 325 1501 die3
349 1471 399 1495 tot
423 1462 508 1495 enim
541 1469 684 1495 accurata
718 1471 902 1494 caeterarum
935 1464 1075 1503 partium

67 1500 214 1538 dissectio
236 1506 423 1546 abstulerat;
444 1503 501 1539 esse
524 1502 698 1539 debuissent
713 1530 720 1538 .
745 1503 828 1537 Vasa
851 1515 907 1546 per
930 1505 1076 1538 Tenuem

64 1548 252 1592 meningem
277 1550 439 1591 repentia,
463 1546 611 1591 sanguine
635 1547 786 1590 turgida2·
810 1548 843 1580 in
853 1546 1075 1581 Choroidibus

65 1599 178 1624 autem
202 1592 345 1634 plexibus
367 1590 513 1625 vesiculas
539 1602 626 1633 aquae
649 1591 775 1633 plenas,
798 1590 951 1632 plurimas
975 1614 986 1631 ‚
1019 1601 1074 1624 nec

67 1634 233 1675 minutas,
258 1633 488 1668 animadverti.
513 1634 662 1676 Denique
682 1632 831 1667 omnibus
854 1647 863 1672 5
898 1645 968 1675 quae
990 1634 1074 1667 intra

67 1679 212 1711 cranium
235 1687 347 1717 erant,
370 1675 540 1717 detraffis,
574 1675 693 1709 Petrosi
728 1674 890 1718 utriusque
926 1676 1082 1718 processus

69 1730 103 1751 ea
127 1718 223 1754 facies
246 1732 308 1764 qua
331 1720 410 1753 alter
434 1719 569 1754 alterum
594 1720 735 1762 specstat,
758 1718 875 1762 illaque
887 1719 1004 1763 vicinia
1015 1731 1078 1755 non

71 1762 173 1803 levis,
197 1763 245 1797 sed
268 1763 437 1805 inaequalis
460 1762 624 1805 conspe&a
648 1761 709 1797 est.
823 1797 824 1802 ¹
875 1762 886 1808 J
1015 1776 1016 1779 ¹

62 1835 66 1838 .
117 1818 167 1840 11.
191 1807 419 1850 BAJULUS‚
445 1806 588 1840 mulieris
610 1805 647 1839 de
670 1818 731 1848 qua
754 1805 853 1839 modo
875 1804 1075 1846 di&umest‚

66 1852 227 1890 maritus,
249 1851 298 1882 vir
321 1860 494 1891 procerUS,
529 1851 562 1883 δέ
587 1851 731 1891 quamvis
755 1848 927 1892 subpallida
960 1848 1040 1883 facie
1063 1873 1073 1889 ,

67 1900 102 1930 δε
125 1894 268 1937 corporis
292 1891 406 1927 habitu
427 1891 465 1926 ad
488 1892 696 1926 macilentum
717 1892 893 1926 inclinante
915 1905 927 1931 3
972 1902 1075 1927 tamen

61 1935 235 1977 robustus,
259 1937 367 1969 eadem
389 1934 490 1969 ferme
514 1945 608 1978 atque
631 1935 687 1968 illa
711 1959 724 1977 ,
746 1944 839 1974 aetate
863 1960 873 1976 ,
899 1939 931 1970 δι
955 1938 1073 1978 pariter

62 1980 162 2016 bibax
177 2003 187 2018 ‚
211 1979 320 2014 eadem
345 1990 407 2022 qua
429 1979 484 2012 illa
500 2005 509 2019 ,
533 1978 634 2012 scabie
665 1988 830 2021 correptus
851 2003 864 2019 ‚r
899 1979 1073 2024 eodemque

59 2035 138 2059 cum
162 2024 216 2057 illa
240 2021 400 2063 remedio,
423 2022 474 2056 sed
496 2033 560 2065 non
585 2022 679 2064 pari,
703 2019 790 2065 quod
814 2021 911 2056 sciam
931 2046 940 2060 ‚
976 2026 1072 2067 copia

59 2067 158 2106 nsus3
183 2066 380 2110 posteaquam
403 2065 459 2099 illa
483 2074 622 2098 mortem
643 2065 726 2099 obiit
743 2091 752 2106 ‚
776 2065 827 2099 sex
839 2068 1070 2109 propemodum

60 2110 181 2145 menses
205 2110 278 2143 satis
303 2109 476 2143 commode
500 2106 627 2151 valuisse
650 2107 734 2142 visus
758 2118 823 2143 erat
848 2132 856 2145 ‚
890 2121 963 2143 curn
987 2112 1071 2144 circa

59 2149 210 2192 medium
232 2151 358 2194 Maium
383 2153 444 2185 levi
468 2151 505 2185 ad
529 2150 663 2196 speciem
689 2150 769 2185 febri
795 2152 959 2194 prehensus
995 2154 1037 2187 est
1062 2180 1071 2195 ,

58 2193 116 2232 sed
138 2196 236 2239 reipsa
260 2196 339 2229 adeo
364 2196 508 2232 exitiali,
528 2197 568 2229 ‘ut
591 2206 655 2228 non
678 2195 760 2228 ultra
784 2194 918 2229 biduum
940 2198 973 2229 in
998 2197 1072 2230 No⁴

58 2241 210 2275 socomio
232 2239 434 2274 decubuerit.
462 2239 573 2273 Primo
595 2238 648 2271 die
672 2238 797 2280 pulsus,
822 2247 996 2281 caeteraque
1008 2252 1070 2275 non

59 2285 108 2317 ita
131 2284 232 2322 mala,
255 2281 313 2316 nisi
336 2281 379 2314 ob
402 2284 594 2316 anxietatem
620 2282 800 2325 quandam,
826 2282 1070 2325 &inquietudi-

58 2339 135 2360 nem
157 2326 253 2360 essent
276 2324 415 2367 suspeffita
432 2350 441 2358 .
466 2327 519 2359 Eo
540 2325 592 2358 die
614 2326 699 2358 idem
720 2325 807 2368 quod
830 2324 986 2368 plerisque
997 2327 1068 2361 aliis

58 2371 162 2410 ,initio
185 2368 286 2409 solet,
309 2368 420 2403 datum
442 2368 484 2402 est
507 2370 573 2402 leve
598 2368 862 2403 medicamentum
873 2369 958 2412 quod
982 2370 1072 2404 blan-

59 2413 99 2447 de
122 2412 333 2454 ventriculum
348 2436 357 2449 ‚
380 2416 411 2445 <Sc
438 2412 582 2446 intestina
604 2413 767 2454 expiaret.
795 2410 950 2446 Postridie
965 2423 1069 2448 autem

57 2456 126 2499 jam
148 2468 181 2489 ea
204 2458 317 2490 omnia
339 2467 410 2498 quae
434 2454 538 2489 dicam
562 2454 688 2489 aderant
703 2457 808 2492 mala,
831 2463 866 2490 ut
881 2458 990 2490 uxoris
1004 2469 1069 2491 me-

61 2512 190 2536 mores,
213 2500 260 2532 lac
284 2498 449 2533 dederint.
475 2499 638 2532 Vomebat
662 2498 914 2542 enim:angust1·a
937 2499 992 2533 illa
1016 2513 1069 2534 ea-

67 2543 142 2577 dem
166 2543 406 2585 respirationis,
432 2553 494 2586 qua
517 2553 600 2585 uxor
623 2543 725 2583 olim,
749 2542 968 2584 premebatur:
995 2552 1068 2577 toto

55 2599 192 2629 corpore
213 2586 475 2621 convellebant,
508 2584 666 2619 delirabat
697 2585 824 2628 insuper
857 2585 1070 2621 vehementis.

55 2628 157 2668 fitne,
184 2633 213 2664 &
238 2630 323 2662 inter
345 2627 567 2665 delirandum,
589 2627 648 2662 fibi
674 2630 887 2663 ventriculum
911 2630 983 2668 uri,
1007 2631 1072 2663 cla-

55 2673 186 2707 mabat.
213 2675 271 2706 Per
294 2671 362 2705 haec
385 2680 456 2705 ante
480 2671 567 2705 diem
590 2683 606 2704 a
632 2671 784 2707 decubitu
807 2674 939 2706 tertium
963 2674 1070 2706 viven-

56 2716 93 2750 di
116 2716 212 2750 finem
236 2715 335 2748 fecit.
359 2715 472 2759 Quam
495 2715 539 2748 ob
561 2714 667 2749 morbi
694 2717 882 2750 brevitatem
917 2715 1011 2756 facile
1033 2717 1068 2752 id

55 2759 178 2792 accidit
200 2757 287 2800 quod
309 2768 391 2799 aegre
415 2759 499 2795 tuli,
526 2768 562 2793 ut
587 2759 673 2800 prius
697 2757 861 2794 dissectum
886 2758 945 2793 esse
976 2759 1068 2793 cada-

56 2813 134 2842 ver,
158 2802 290 2836 scirem,
312 2812 407 2842 quam
431 2800 596 2835 hominem
620 2802 782 2843 aegrotasse
802 2825 810 2834 .
834 2800 993 2837 Dissecuit
1017 2813 1068 2835 ta-

52 2856 129 2878 men
153 2843 296 2878 Auditor
319 2854 404 2877 meus
417 2866 424 2880 ,
452 2853 613 2883 attentus,
637 2845 888 2887 &intelligens‚
904 2855 987 2879 nunc
999 2857 1066 2879 me-

51 2890 128 2923 ,rito
150 2885 368 2920 Feltriensium
391 2885 537 2921 Medicus
560 2888 724 2921 Antonius
758 2889 959 2923 Guilermius
984 2900 993 2922 :
1026 2901 1064 2924 ex

56 2944 125 2973 quo
148 2931 215 2964 haec
227 2931 351 2972 accepi.
481 2930 688 2964 VENTRE
712 2940 836 2973 aperto,
863 2933 896 2964 in
920 2941 1065 2970 omento,

44 2979 96 3009 f&
119 2973 294 3017 pinguibus
318 2972 458 3007 intestini
481 2973 558 3006 Coli
583 2973 798 3015 appendiculis
815 2997 825 3013 ,
860 2975 962 3019 iisque
985 2986 1064 3017 prae-

55 3017 168 3053 sertim
190 3028 259 3059 quae
284 3017 414 3058 propius
437 3017 553 3049 lienem
566 3026 653 3049 erant
667 3042 675 3054 ,
698 3016 791 3051 sicuti
816 3019 911 3052 etiam
927 3019 959 3051 in
982 3018 1064 3052 Adi-

58 3061 160 3105 posa,
184 3069 220 3094 ut
244 3060 404 3101 appellarat
426 3082 438 3099 ,
470 3061 553 3093 renis
574 3058 688 3093 sinistri
723 3061 904 3094 membrana
929 3062 1060 3103 pingue-

52 3104 125 3144 xtin,
147 3108 221 3147 quae
244 3114 309 3136 non
333 3102 434 3136 multa
457 3112 545 3140 erat,
567 3101 674 3143 fusca,
698 3105 730 3137 δε
753 3103 909 3138 sublivida
921 3104 1062 3139 animada

54 3147 144 3181 versa
166 3146 208 3180 est
231 3171 239 3178 .
274 3146 382 3179 Colon
407 3154 511 3180 autem
532 3146 636 3188 ipsum
660 3146 698 3179 ab
720 3146 845 3181 incluso
867 3156 934 3181 aere
962 3148 1063 3190 triplo

56 3201 154 3233 quarn
179 3189 295 3228 soleat,
319 3188 433 3223 latius.
457 3190 662 3223 Ventriculus
684 3191 869 3224 contractus
891 3214 903 3231 ,
926 3193 1062 3225 exterius

54 3232 244 3272 subfuscuj„
268 3233 402 3265 interius
427 3241 555 3272 autem,
578 3232 639 3266 sine
662 3233 726 3267 ulla
747 3233 879 3276 quidem
901 3233 1039 3268 erofione
1053 3259 1063 3275 ,

54 3276 273 3310 inflammatus
299 3274 336 3309 ad
359 3275 472 3322 palmae
497 3275 740 3315 amplitudinem
754 3278 809 3318 qui
832 3278 949 3310 lienem
960 3277 1060 3320 respi-

54 3319 184 3354 ciebat.
210 3322 277 3352 Ima
301 3329 354 3350 ora
378 3320 527 3360 Jecinoris
551 3319 672 3355 livida,
708 3323 740 3354 δε
762 3320 936 3363 nigrescens
957 3342 970 3359 ‚
1002 3332 1059 3354 nec

55 3372 163 3398 tamen
208 3360 364 3404 profunde
397 3387 406 3394 .
621 3363 771 3397 Thorace
811 3363 930 3398 recluso
954 3385 964 3400 ‚
994 3375 1059 3397 non

52 3407 159 3442 minus
182 3416 278 3446 quarn
301 3402 507 3445 diaphragma
531 3404 569 3437 ab
591 3407 740 3441 utralibet
765 3406 846 3439 facie
867 3406 1057 3448 inspectum,

138 3447 304 3492 Morgagni
326 3447 360 3481 de
383 3448 450 3481 Sed.
476 3448 519 3481 ὠ
540 3448 626 3489 caus.
650 3449 750 3484 Morb.
776 3450 877 3484 Tom.
904 3451 949 3483 ΙΙ.

1114 217 1226 274 LV.
1263 217 1380 273 Art.
1418 220 1492 276 nsi
1514 217 1571 275 δε
1608 234 1686 277 1-2.
1992 219 2073 285 3³⁷

1158 297 1322 336 ulmones,
1345 299 1377 331 δε
1397 308 1453 331 cor
1475 306 1597 339 reperta
1620 295 1692 329 sunt
1728 290 1899 328 secundum
1933 301 2078 329 naturam
2108 292 2139 326 se

1134 307 1306 373 habentia.
1345 343 1383 374 In
1406 338 1510 377 cordis
1543 337 1734 373 ventriculis
1769 337 1945 370 mediocres
1975 335 2141 381 polyposae

1134 384 1352 421 concretiones
1367 410 1389 416 ..
1507 384 1614 426 Caput
1637 379 1805 415 dissectum
1828 391 1892 413 non
1915 379 1977 424 est..

1182 438 1231 460 12.
1267 426 1444 467 Quaesivi,
1476 437 1553 460 num
1584 426 1668 460 cutis
1701 424 1816 457 scabiei
1852 423 2031 467 quidquam
2062 424 2137 458 reti-

1134 468 1247 503 nuisset
1272 494 1281 508 ,
1312 472 1389 503 item
1422 481 1498 504 num
1529 469 1692 512 postquam
1722 479 1794 502 cum
1818 478 1915 501 uxore
1949 469 2062 502 vinum
2096 468 2140 500 il-

1132 513 1189 546 lud
1221 512 1392 555 sumpserat
1413 538 1423 553 ,
1457 512 1558 547 homo
1597 514 1714 545 iterum
1747 508 1919 553 sumpsisset
1955 535 1962 541 .
2000 512 2146 546 Utrum-

1131 567 1194 599 que
1226 565 1372 598 negatum
1403 556 1445 592 est
1469 582 1476 591 .
1511 555 1597 590 Illud
1629 566 1704 588 vero
1727 555 1873 588 additum
1896 576 1905 592 ‚
1939 556 2049 589 vinum
2072 566 2140 598 quo

1133 599 1226 632 ambo
1261 600 1303 634 usi
1336 599 1460 634 fuerant
1483 623 1493 638 ,
1538 600 1571 631 in
1606 598 1672 631 vase
1718 610 1799 632 aereo
1851 596 1976 632 servasse
1999 623 2006 629 .
2055 599 2141 634 Quae

1131 654 1204 676 cum
1237 641 1386 677 audissem
1422 666 1435 682 ,
1467 652 1503 676 ut
1533 640 1824 683 perniciosiffimum
1861 639 1945 674 hunc
1989 641 2139 675 morbum

1135 684 1254 719 febrem
1288 684 1379 721 fuisse
1416 685 1699 719 inflammatoriam
1726 709 1734 722 ‚
1765 695 1828 717 non
1863 683 2008 717 dubitavi
2041 707 2051 722 ‚
2096 683 2141 718 sic

1133 727 1275 762 dubitari
1307 728 1389 771 posse
1412 752 1425 769 ‚
1456 728 1524 761 vidi
1557 750 1567 766 ‚
1601 739 1639 760 an
1670 726 1783 760 scabies
1814 726 1942 768 depulsa
1974 728 2105 770 quidem
2126 751 2141 768 ‚

1132 771 1184 808 sed
1217 783 1351 815 corpore
1384 783 1447 806 non
1479 771 1556 807 bene
1588 780 1700 805 curato
1736 797 1746 812 ‚
1783 781 1818 803 ea
1851 771 1885 802 in
1921 770 2071 812 sanguine
2093 783 2141 804 re-

1116 814 1270 858 *liquisset
1294 837 1303 853 ,
1334 826 1405 858 quae
1436 814 1525 849 causa
1549 826 1587 848 ex
1620 824 1707 857 parte
1737 814 1840 856 aliqua
1874 811 2002 847 fuissent
2036 815 2141 856 perni-

1130 859 1190 891 ciei
1222 857 1316 900 hujus
1349 867 1445 891 tantae
1471 884 1479 898 ‚
1511 859 1651 900 itemque
1681 869 1756 892 cum
1778 857 2044 891 inflammationis
2077 856 2140 891 hu-

1130 902 1181 945 jus
1217 901 1298 935 sedes
1336 902 1530 936 ventriculus
1563 900 1660 935 fuerit
1684 923 1693 938 ‚
1730 913 1767 934 an
1799 899 1872 933 ideo
1904 900 2033 935 facilius
2069 899 2140 935 fue-

1133 946 1176 977 rit
1206 945 1291 988 quod
1323 943 1388 986 jam
1420 944 1494 978 inde
1529 944 1567 979 ab
1597 945 1685 977 illius
1721 945 1787 978 vini
1821 945 1953 985 potione
1989 944 2140 978 nonnihil

1133 987 1205 1022 esset
1239 987 1418 1023 infirmatus
1442 1011 1450 1018 .
1488 988 1613 1021 Uxoris
1646 997 1728 1021 certe
1762 988 1957 1022 ventriculus
1988 987 2068 1030 quid
2099 987 2140 1020 ab

1133 1031 1193 1065 illo
1214 1030 1397 1065 detrimenti
1430 1032 1586 1072 acceperit
1613 1053 1622 1067 ,
1654 1031 1744 1073 supra
1779 1029 1882 1072 legisti
1907 1055 1917 1071 ‚
1950 1030 2012 1064 sive
2035 1031 2073 1064 ab
2096 1042 2141 1064 ae-

1135 1086 1190 1107 reo
1227 1073 1295 1106 vase
1325 1075 1417 1107 noxii
1448 1073 1570 1117 aliquid
1605 1083 1746 1108 traxerat
1766 1097 1778 1114 ,
1812 1073 1873 1106 sive
1906 1075 1950 1108 ob
1972 1073 2140 1109 admistum

1135 1114 1267 1158 sulphur
1302 1116 1469 1150 dumtaxat
1502 1118 1612 1151 nocuit
1647 1140 1654 1148 .
1691 1118 1860 1154 Quantum
1902 1120 1986 1152 enim
2030 1129 2142 1151 nocere

1134 1160 1266 1203 sulphur
1297 1159 1424 1201 possit,
1460 1159 1522 1203 jam
1558 1161 1639 1193 olim
1672 1170 1825 1193 noverant
1861 1162 1986 1204 antiqui
2034 1160 2142 1194 Medi-

1126 1206 1161 1242 ci
1185 1212 1266 1244 ‚ex
1295 1203 1412 1246 quibus
1443 1205 1564 1245 accepit
1600 1203 1722 1237 Plinius
1758 1203 1847 1246 (q)
1891 1204 1938 1238 lac
1985 1204 2142 1238 asininum

1125 1246 1199 1281 'usui
1231 1245 1288 1284 esse
1319 1253 1426 1280 contra
1457 1245 1589 1289 gypfiam
1613 1268 1622 1282 ,
1655 1248 1696 1279 &
1720 1245 1866 1290 cerussam
1887 1270 1897 1286 ‚
1932 1247 2144 1290 &sulphum

1126 1290 1169 1323 Θ·
1199 1297 1361 1333 argentum
1396 1290 1507 1324 vivum
1543 1315 1552 1329 ,
1594 1287 1708 1323 frustra
1744 1299 1868 1323 verente
1908 1290 2145 1333 Dalechampio

1127 1335 1142 1371 (
1165 1344 1180 1366 r
1202 1337 1213 1374 )
1236 1356 1249 1373 ,
1280 1343 1317 1366 ne
1350 1343 1424 1365 cum
1456 1332 1506 1365 illi
1540 1331 1725 1374 scripsissent
1758 1331 1886 1367 fortasse
1909 1336 2023 1375 θρύον,
2045 1334 2079 1368 id
2101 1334 2144 1368 est

1125 1374 1269 1410 solanum
1292 1376 1463 1415 manicon5
1485 1386 1646 1419 perperam
1677 1376 1800 1410 Plinius
1831 1377 1944 1421 legerit
1977 1383 2053 1412 θεῖον
2075 1400 2085 1416 ,
2109 1377 2145 1412 id

1127 1419 1171 1452 est
1204 1418 1372 1461 sulphur;
1405 1430 1503 1461 neque
1537 1421 1621 1453 enim
1654 1420 1738 1453 inter
1770 1420 1825 1453 ista
1869 1432 1941 1465 quae
1984 1431 2142 1454 memorat

1128 1462 1167 1496 ad
1199 1462 1348 1496 minerale
1384 1473 1515 1504 regnum
1546 1487 1559 1503 ,
1595 1472 1632 1497 ut
1662 1463 1839 1505 loquuntur
1872 1488 1885 1505 ,
1928 1464 2098 1498 attinentia
2130 1487 2142 1502 ‚

1128 1505 1301 1548 vegetabile
1338 1504 1427 1538 fuisse
1472 1505 1677 1548 interjectum
1721 1507 1754 1539 in
1800 1519 1837 1540 eo
1879 1518 1972 1550 quem
2018 1508 2142 1542 Plinius

1128 1548 1329 1590 descripserit
1354 1573 1363 1587 ,
1397 1548 1470 1581 loco
1494 1571 1503 1585 ‚
1535 1550 1601 1581 veri
1633 1548 1734 1582 simile
1768 1549 1810 1583 est
1835 1575 1844 1589 ‚
1875 1562 1973 1594 neque
2007 1559 2074 1584 tam
2099 1552 2144 1584 le-

1128 1603 1162 1625 ve
1201 1592 1244 1626 esl·
1288 1591 1450 1633 scriptura:
1497 1591 1665 1625 discrimen
1689 1614 1701 1630 ‚
1735 1601 1770 1625 ut
1816 1592 1909 1627 facile
1943 1593 2020 1627 adeo
2057 1596 2142 1628 inter

1125 1634 1365 1668 describendum
1399 1633 1505 1668 fallere
1527 1635 1640 1669 oculos
1674 1634 1764 1675 poffit
1788 1661 1797 1669 .
1842 1637 1900 1671 Sed
1935 1640 1967 1670 ἃ
1999 1638 2141 1672 Galenus

1134 1677 1216 1721 (s)
1249 1677 1384 1719 sulphur
1414 1678 1499 1710 inter
1534 1690 1568 1711 ea
1603 1677 1713 1720 posuit
1767 1690 1836 1722 quae
1881 1680 1973 1713 ulcus
2010 1678 2142 1724 faciunt

1130 1720 1242 1763 quibus
1273 1722 1393 1756 diucius
1429 1720 1610 1763 adhaeserint
1634 1745 1643 1760 ,
1677 1723 1708 1753 &
1742 1722 1833 1765 Haly
1866 1723 1976 1757 Abbas
2001 1749 2010 1764 ‚
2045 1737 2140 1768 quem

1127 1763 1237 1798 laudat
1260 1788 1272 1804 ,
1306 1767 1338 1798 &
1371 1763 1510 1806 sequitur
1541 1764 1713 1806 Ardoynus
1750 1769 1801 1806 (t
1823 1770 1838 1806 )
1861 1791 1872 1807 ‚
1916 1768 1944 1801 ei
1978 1769 2033 1810 qui
2080 1769 2140 1803 sul-

1129 1806 1214 1850 phur
1244 1807 1364 1841 biberit
1386 1830 1399 1847 ,
1431 1808 1571 1842 ardorem
1599 1806 1672 1850 fieri
1702 1808 1734 1840 in
1761 1808 1918 1849 stomacho
1940 1835 1953 1852 ‚
1988 1810 2138 1854 scripsit,

1128 1851 1164 1886 Θ·
1217 1848 1388 1893 inczfionem
1432 1874 1445 1891 ‚
1502 1849 1718 1893 torsionemque
1762 1877 1774 1893 ,
1821 1853 1863 1887 ά*
1891 1854 2046 1894 intestinis
2089 1852 2144 1890 ul-a

1126 1904 1195 1928 cera
1220 1917 1227 1925 .
1262 1893 1382 1927 Nolim
1414 1903 1518 1928 tamen
1554 1893 1661 1927 credas
1684 1919 1693 1934 ‚
1726 1907 1776 1929 me
1809 1897 1985 1940 cuicunque
2009 1898 2140 1941 sulphu-

1126 1938 1169 1971 ris
1202 1937 1308 1980 generi
1336 1963 1344 1977 ,
1379 1939 1411 1970 δε
1441 1939 1619 1980 cuicunque
1652 1947 1709 1972 aut
1743 1938 1811 1973 dosi
1844 1963 1854 1978 ‚
1891 1950 1944 1974 aut
1981 1953 2138 1986 praepara-

1125 1982 1209 2017 tioni
1236 2006 1245 2021 ,
1276 1988 1331 2014 aut
1368 1979 1504 2015 misturae
1539 1982 1619 2014 vires
1653 1979 1708 2017 has
1740 1985 1852 2017 noxias
1887 1984 2024 2019 tribuere
2049 2013 2057 2025 ,
2081 1989 2137 2030 qui

1125 2025 1256 2059 minime
1288 2026 1467 2067 ignorem,
1523 2023 1655 2067 sulphur
1689 2037 1706 2059 a
1748 2027 1885 2061 Medicis
1928 2039 1992 2061 non
2038 2030 2139 2065 modo

1125 2068 1302 2102 recentibus
1327 2092 1337 2109 ‚
1370 2071 1401 2102 &
1434 2078 1545 2102 contra
1576 2067 1713 2103 scabiem
1746 2071 1875 2114 quidem
1899 2095 1912 2112 ,
1951 2072 2003 2107 sed
2028 2077 2059 2106 δι’
2084 2086 2137 2108 an-

1124 2112 1226 2155 tiquis
1256 2111 1417 2146 interdum
1449 2112 1518 2146 dari
1550 2112 1740 2148 consuevisse
1767 2139 1774 2146 .
1807 2114 1866 2149 Sed
1900 2117 2064 2151 mulierem
2098 2119 2136 2152 de

1123 2166 1184 2198 qua
1217 2154 1323 2195 dixi,
1353 2167 1391 2189 ex
1424 2157 1500 2189 vino
1523 2180 1536 2196 ‚
1570 2156 1605 2189 in
1637 2156 1704 2191 vase
1737 2169 1820 2193 aereo
1860 2158 2011 2194 asservato
2047 2188 2056 2202 ‚
2103 2166 2134 2197 δε

1123 2198 1223 2232 nimia
1255 2199 1348 2241 copia
1380 2198 1539 2246 sumpsisse
1560 2223 1574 2240 ,
1607 2200 1731 2235 constat
1776 2214 1788 2242 5
1821 2214 1936 2246 purum
1970 2215 2074 2239 autem
2121 2230 2137 2246 ‚

1123 2253 1161 2275 an
1194 2243 1358 2285 impurum
1390 2242 1559 2286 sumpserit
1582 2266 1593 2283 ‚
1625 2245 1757 2279 minime
1793 2246 1913 2280 constat
1938 2274 1945 2281 .
1979 2249 2134 2292 Inspicias

1123 2293 1227 2318 autem
1259 2286 1356 2320 velim
1388 2288 1444 2330 qui
1479 2288 1512 2319 in
1558 2286 1681 2322 fodinis
1725 2288 1799 2332 ipsis
1842 2302 1913 2332 quae
1960 2292 2133 2326 admisceri

1121 2328 1234 2378 possint
1259 2352 1269 2368 ,
1303 2329 1490 2365 admonuere
1526 2352 1536 2368 ,
1569 2340 1622 2365 aut
1660 2332 1770 2366 saltem
1804 2344 1874 2376 quae
1920 2335 2014 2377 presse
2047 2336 2134 2370 indi-

1125 2382 1209 2418 cavit
1245 2371 1430 2408 Waltherus
1461 2376 1553 2413 (u)
1586 2398 1594 2411 ‚
1650 2387 1724 2410 cum
1760 2376 1979 2419 explorandum
2010 2403 2023 2420 ,
2057 2379 2136 2413 scri-

1125 2417 1184 2457 psit
1207 2438 1216 2453 ,
1250 2426 1289 2448 an
1303 2414 1419 2460 fodinae
1438 2444 1445 2457 ‚
1475 2428 1540 2460 quae
1565 2418 1701 2461 sulphur
1736 2421 1849 2453 vivum
1877 2422 2016 2463 praebent
2038 2446 2048 2461 ,
2072 2425 2134 2457 mi-

1121 2469 1218 2491 naeras
1249 2469 1365 2503 quoque
1394 2460 1488 2494 aliter
1518 2463 1646 2495 nocivas
1681 2474 1742 2496 una
1784 2474 1853 2497 cum
1893 2465 2041 2508 sulphure
2075 2465 2131 2509 fe-

1121 2509 1224 2534 rant:
1258 2504 1450 2545 maximeque
1482 2502 1650 2545 arsenicum
1681 2506 1802 2549 jungi,
1835 2508 1868 2540 in
1895 2507 2046 2550 plurimis
2066 2509 2131 2554 sul-

1121 2543 1232 2585 phuris
1256 2544 1418 2587 speciebus
1452 2548 1581 2581 metui:
1617 2548 1664 2581 ita
1690 2548 1727 2590 se
1760 2548 1872 2594 noviffie
1895 2574 1905 2589 ,
1940 2566 1958 2588 a
1996 2553 2132 2596 scrupu-

1124 2586 1153 2619 lo
1180 2587 1339 2630 sulphuris
1374 2591 1465 2630 crudi
1490 2590 1595 2632 sumto
1620 2616 1629 2631 ,
1663 2594 1819 2627 vomitum
1856 2619 1865 2632 ‚
1898 2595 1940 2628 ύ-
1973 2598 2130 2635 tormina,

1123 2630 1166 2679 &J
1198 2631 1366 2673 tenesmum
1390 2631 1487 2675 fusffe
1509 2635 1670 2669 excitata.-
1707 2636 1785 2678 quin
1821 2637 1941 2682 etiamsi
1972 2651 2052 2682 aqua
2071 2640 2131 2682 sae-

1120 2683 1196 2721 pius
1227 2674 1345 2708 coslum
1374 2676 1508 2718 sulphur
1529 2674 1637 2720 fuerit
1661 2702 1673 2719 ,
1705 2679 1748 2712 ὠ·
1780 2677 1891 2714 blando
1931 2682 2000 2725 igne
2026 2681 2131 2725 fluxe-

1123 2723 1189 2754 mt5
1224 2725 1326 2751 tamen
1350 2721 1383 2751 in
1415 2719 1527 2753 multis
1550 2731 1608 2753 non
1631 2728 1699 2755 tam
1720 2722 1788 2755 alvi
1808 2722 2009 2764 devestientes,
2035 2738 2130 2768 quam

1122 2761 1256 2808 torminfz
1290 2761 1360 2795 inde
1386 2761 1495 2804 secuta
1528 2761 1583 2806 effi?
1607 2788 1614 2795 .
1652 2764 1690 2797 Id
1725 2775 1799 2798 vero
1830 2777 1971 2808 quocum
2016 2769 2131 2803 arseni-

1120 2813 1192 2835 cum
1225 2805 1378 2850 Juntfium·
1403 2805 1440 2837 sit
1465 2829 1475 2844 ‚
1511 2817 1547 2838 ne
1580 2808 1717 2840 exterius
1751 2807 1883 2850 quidem
1915 2810 2129 2847 scabiosorum

1119 2844 1289 2880 ulcusculis
1327 2848 1387 2893 ‚efle
1422 2847 1634 2883 adhibendum
1669 2872 1678 2887 ‚
1722 2851 1886 2886 cobaltum
1930 2855 2082 2889 monstrat
2114 2880 2127 2896 ‚

1117 2890 1204 2931 quod
1235 2898 1270 2922 ut
1301 2890 1433 2932 ejusdem
1455 2903 1525 2925 cum
1547 2892 1683 2934 arsenico
1716 2894 1829 2936 iudolis
1849 2894 1928 2938 effe,
1950 2896 2018 2940 jure
2041 2899 2127 2933 affir-

1116 2942 1182 2965 mat
1209 2933 1264 2965 Cl.
1282 2933 1339 2979 Jo.
1363 2933 1444 2967 Acir.
1470 2936 1670 2978 Sproegelius
1693 2938 1764 2979 (x)
1790 2962 1801 2977 ,
1834 2941 1879 2972 ita
1904 2950 2009 2975 narrat
2031 2966 2044 2983 ,
2075 2944 2126 2976 in-

1115 2975 1252 3024 spersum
1285 2976 1425 3010 scabioso
1459 2978 1571 3019 puellae
1603 2981 1702 3021 capiti
1733 2981 1947 3017 miserrimam
1987 2995 2125 3020 mortem

1113 3027 1198 3052 intra
1229 3030 1340 3061 paucas
1371 3019 1465 3054 horas
1497 3021 1634 3056 attulisse
1658 3047 1669 3062 ,
1702 3023 1849 3066 idemque
1882 3036 1950 3061 tum
1982 3029 2126 3064 scabioso

1113 3063 1185 3095 cani
1208 3073 1224 3094 a
1245 3062 1397 3104 cobalto,
1422 3073 1491 3098 tum
1514 3066 1583 3098 aliis
1607 3067 1727 3103 tribus,
1763 3070 1879 3111 quibus
1901 3081 2010 3106 cutem
2044 3074 2125 3107 leni-

1112 3113 1161 3138 ter
1183 3104 1338 3155 inciderat
1360 3130 1374 3148 ‚
1411 3106 1448 3140 ad
1471 3107 1608 3150 insperso
1632 3109 1771 3145 arsenico
1804 3113 1947 3148 accidisse
1972 3127 1979 3147 .·
2015 3116 2124 3151 addit-

1111 3160 1174 3192 que
1195 3148 1349 3197 vrscerum
1372 3150 1455 3183 labes
1478 3161 1533 3192 per
1553 3150 1770 3188 dissec'tionem
1794 3157 1841 3189 vel
1863 3157 1996 3198 majores
2014 3160 2124 3193 inven-

1112 3200 1182 3233 tas,
1203 3203 1299 3236 quam
1321 3193 1345 3225 si
1369 3193 1556 3227 tantundem
1580 3195 1709 3230 arsenici
1733 3197 1948 3234 devorandum
1972 3202 2123 3243 praebnis-

1109 3234 1156 3268 set
1172 3260 1179 3267 .
1203 3237 1365 3270 Caeterum
1387 3236 1423 3269 ad
1439 3238 1649 3277 puellaeillius
1671 3241 1796 3279 casum,
1820 3242 1917 3276 addes
1939 3243 2074 3279 similem
2085 3248 2120 3280 in

1112 3278 1360 3326 alteralpuella,
1381 3278 1552 3321 phthiriasi
1578 3285 1694 3324 capitis
1718 3282 1831 3317 affec‘ta
1846 3311 1854 3324 ‚
1880 3287 2018 3321 Harderi
2041 3290 2119 3327 Oba

1109 3321 1316 3355 servationem
1339 3322 1429 3364 <y)3
1454 3323 1491 3356 ad
1514 3327 1726 3367 experimenta
1750 3336 1855 3363 autem
1881 3333 2022 3373 exempla
2057 3333 2116 3368 illa

1107 3376 1177 3406 quae
1202 3375 1240 3396 ex
1263 3365 1411 3399 Fabricio
1444 3366 1589 3401 Hildano
1613 3392 1623 3408 ‚
1651 3371 1736 3414 Jano
1753 3372 1899 3411 Antonio
1932 3375 2084 3409 Saraceno
2104 3402 2118 3418 ,

1107 3410 1228 3441 Amato
1273 3407 1425 3443 Lusitano
1470 3432 1481 3449 ,
1536 3411 1688 3489 aliisquz,
1710 3414 1848 3455 protulit
1901 3416 2116 3456 Ettmiillerus

1710 3467 1729 3489 v
1985 3460 2071 3495 filius

74 3601 2113 3630 Q
2128 3604 2131 3606 a

110 3701 126 3729 (
139 3708 155 3730 ρ
170 3701 242 3730 Epist.
261 3703 300 3730 48.
318 3708 344 3725 n.
359 3709 398 3730 33.
461 3701 470 3729 s
486 3709 502 3730 q
520 3700 528 3730 )
544 3703 604 3727 Nat.
624 3702 684 3727 nist.
701 3703 717 3727 l.
733 3705 772 3727 ²8.
804 3712 853 3734 ⁶·9-

109 3732 126 3759 t(
137 3731 180 3761 s)
196 3735 231 3757 De
246 3731 352 3766 compos..
365 3731 488 3766 medic-Ul.
504 3734 527 3755 6.
543 3740 564 3756 c.
579 3740 603 3756 2.
665 3734 679 3763 (
695 3736 730 3763 t)
747 3736 783 3758 De
799 3737 889 3761 Veneri.
908 3739 926 3761 l.
943 3745 965 3762 ι,
980 3744 1004 3762 c·
1022 3745 1062 3766 ις.

107 3764 121 3785 t
135 3769 150 3785 e
168 3766 177 3793 )
194 3765 318 3793 Experim.
332 3769 395 3788 cirea
411 3769 476 3790 vam
493 3770 582 3789 venena
598 3764 643 3789 ἃς.
662 3764 686 3795 §.
701 3766 739 3790 28.
756 3767 778 3790 Se
795 3768 855 3796 Exp.
874 3769 911 3796 36.

915 3706 929 3735 (
942 3714 954 3730 r
966 3707 981 3734 )
1009 3707 1035 3731 in
1052 3707 1144 3732 Adnot.
1161 3707 1190 3732 ad
1205 3715 1260 3732 eum
1275 3706 1372 3732 locum.

1122 3738 1131 3763 (
1148 3746 1164 3760 u
1179 3743 1192 3766 ᾗ
1211 3740 1294 3767 Progr.
1309 3737 1428 3767 deSulph.
1443 3741 1466 3763 Se
1481 3741 1558 3765 Mart.

975 3767 984 3798 (
998 3775 1016 3798 ι
1033 3768 1042 3798 )
1061 3768 1183 3798 sepulchr.
1199 3768 1225 3794 in
1241 3768 1366 3795 Additum.
1383 3769 1413 3794 ad
1428 3769 1490 3797 sest.
1507 3778 1544 3797 ιι.
1560 3773 1579 3796 l.
1594 3770 1664 3801 hujus
1678 3778 1703 3801 4.
1719 3771 1781 3800 ΟΜ.
1798 3780 1835 3804 13.
1851 3773 1912 3801 nist.
1930 3779 1972 3807 13.v
2017 3786 2023 3794 =
