2498 4075
481 265 707 333 Epistola.
742 265 906 320 Anat.
940 265 1158 323 Medica
1191 268 1286 323 ΠΙ.
1322 271 1462 325 Art.
1490 275 1566 327 16.
1599 274 1655 327 &
1689 289 1707 325 t
1719 290 1766 336 7.

124 337 206 380 stum
219 343 288 377 est.
310 341 407 386 -de
427 353 502 375 vero
524 342 615 385 possit
636 342 677 375 -ad
701 344 879 378 nocendum
901 367 913 384 ,
928 347 969 378 «δε
990 356 1127 388 quomo-

127 389 170 423 do
192 387 283 429 poffit
306 389 355 420 vel
381 397 492 428 parum
514 386 674 429 sanguinis
698 387 783 420 intra
806 388 977 421 calvariam
999 397 1126 430 repente

121 430 228 470 effusi,
253 430 431 467 ostendetur
454 429 528 462 alias
551 432 620 470 (u)
642 441 650 462 ,·
683 441 756 463 nam
777 440 890 464 caetera
912 443 981 474 quae
1004 433 1037 464 in
1061 431 1125 465 hoc

121 476 252 511 cerebro
275 475 425 509 adnotata
451 471 547 512 sunt,
571 472 649 515 saepe
671 475 768 507 etiam
791 475 847 507 ubi
885 475 972 508 nulla
996 475 1125 516 apople-

119 520 173 554 xia
197 517 239 552 est
260 543 271 560 ,
303 514 596 551 animadvertuntur
614 541 621 547 .
660 517 760 555 Quod
783 527 890 550 autem
922 520 948 552 is
970 515 1084 551 effusus
1109 529 1124 550 a

119 564 266 603 dextris,
289 560 511 596 resolutionem
535 561 679 592 attulerit
703 572 718 592 a
741 560 871 594 sinistris
892 572 902 598 3
929 572 1039 603 nempe
1063 560 1127 595 hoc

117 606 302 643 Valsalvae‚
336 607 369 638 ἅτ
392 603 469 636 meis
501 601 565 635 fere
587 604 738 637 omnibus
770 603 1042 637 observationibus
1078 615 1127 637 re-

114 649 273 694 spondet.
298 648 445 684 Quarum
468 646 544 680 alias
567 645 606 680 ad
630 646 692 680 alia
714 646 860 690 quaedam
875 648 1052 691 apoplexiae
1063 659 1118 689 ge-

117 706 190 728 nera
214 693 408 730 attinentes,
432 690 498 723 alio
520 688 654 733 quidem
676 700 819 733 ternpore
841 694 855 730 (
878 702 899 725 x
918 694 932 730 )
954 691 1084 737 habebi-s
1109 702 1118 724 :

104 748 199 772 1nunc
223 743 326 769 autem
351 745 390 766 ex
413 733 542 776 reliquis
567 733 604 766 ad
619 734 820 777 sanguineam
842 735 1121 777 apoplexiamspe-

110 779 273 815 &antibus
300 790 348 811 eas
370 776 480 810 saltem
501 789 578 819 quas
600 777 677 818 ille,
699 780 730 811 ἃ
754 789 815 821 ego
839 777 964 819 scriptis
986 778 1122 811 commi-

114 824 230 862 fimus,
253 824 285 854 in
311 820 522 864 superioribus
544 824 599 863 (y
621 827 661 863 )‚
684 824 716 854 &
739 822 773 854 in
795 820 846 855 his
870 822 1005 855 Litteris
1026 824 1041 860 <
1063 834 1087 865 z
1108 824 1122 862 2

110 868 284 908 descriptas
308 865 404 899 habes
426 888 438 905 ,
471 864 638 899 habiturus
661 865 765 899 multo
797 865 899 907 plures
919 890 927 905 ‚
960 864 983 898 si
1005 865 1059 897 ubi
1083 866 1122 897 de

111 908 269 954 >ejusmodi
293 908 571 942 observationibus
593 910 721 952 agitur,
744 908 808 942 suis
819 919 894 942 cum
918 908 1123 942 circumstan-

113 956 170 987 tiis
192 954 303 995 utique
318 951 558 994 proponendis,
582 952 650 995 post
660 952 794 993 aliquod
816 951 1020 995 interjeGmm
1038 961 1120 984 tem-

112 1009 170 1040 pus
190 1020 199 1034 ‚
238 1007 315 1029 meae
339 995 398 1028 soli
424 997 584 1029 memoriae
620 995 775 1029 confidere
799 996 872 1028 satis
895 993 1086 1028 consuessem
1109 1018 1117 1027 .

109 1043 235 1074 Earum
257 1041 360 1081 igitur
388 1039 461 1072 loco
483 1051 559 1081 quas
583 1038 627 1071 ob
649 1050 718 1073 earn
739 1038 863 1073 causam
885 1040 1007 1072 omitto
1027 1060 1037 1076 ,
1061 1038 1117 1071 ab-

107 1084 232 1117 solvam
255 1083 308 1117 hic
332 1082 393 1116 tibi
416 1094 512 1117 unam
534 1082 693 1126 quandam
711 1106 724 1123 ,
758 1081 915 1116 Valsalvae
936 1107 945 1122 ‚
978 1085 1010 1115 &
1032 1081 1117 1115 mihi

110 1137 338 1164 communem;
362 1137 435 1159 nam
457 1126 609 1168 morbum
631 1137 691 1168 ego
701 1124 883 1164 observavi,
903 1135 1001 1168 caput
1013 1135 1118 1159 autem

108 1184 235 1206 mecum
257 1169 322 1214 ipse
347 1169 496 1203 dissecuit
517 1194 529 1212 ,
554 1169 754 1212 historiaeque
776 1169 866 1202 illius
898 1178 1025 1203 tantum
1048 1169 1118 1202 edi-

107 1216 158 1248 dit
181 1220 195 1256 (
219 1228 236 1248 a
258 1219 272 1257 )
296 1234 308 1252 ‚
338 1222 494 1255 quantum
525 1225 592 1246 erat
624 1213 759 1256 proprio
790 1212 941 1247 instituto
972 1212 1046 1246 satis
1077 1224 1117 1246 eo

108 1269 254 1302 tempore
281 1284 287 1290 .
324 1258 375 1291 Sic
400 1267 507 1292 autem
539 1269 599 1301 ego
622 1257 788 1290 memoriae
820 1256 910 1291 causa
943 1255 1117 1291 adnotave-

105 1314 191 1336 ram.

155 1349 202 1378 16.
229 1346 315 1379 VIR
337 1343 547 1388 quadraginta
572 1354 671 1377 annos
695 1346 787 1377 natus
804 1365 817 1382 s
854 1354 892 1377 ex
915 1344 993 1376 meri
1018 1342 1117 1378 abusu

104 1390 256 1432 vertigini
280 1388 462 1426 obnoxius,
486 1388 652 1430 apoplexia
663 1396 827 1429 correptus
847 1386 890 1421 est
900 1385 958 1420 sub
982 1388 1116 1422 initium

105 1434 271 1468 Februarii
294 1433 338 1466 A.
367 1442 459 1474 1703.
487 1431 606 1465 Eadem
629 1430 727 1465 ferme
752 1432 829 1464 hora
853 1433 887 1464 in
911 1430 1113 1464 Bononiense

107 1479 139 1511 S.
164 1477 279 1511 Mariae
302 1477 337 1509 de
360 1475 432 1508 Vita
457 1474 699 1509 Nosocornium
725 1474 848 1509 delatus
870 1498 884 1515 ,
916 1485 992 1521 curn
1015 1474 1081 1517 ipse
1104 1499 1114 1515 ,

105 1530 142 1555 ut
164 1519 312 1564 quotidie
333 1528 427 1551 mane
450 1527 520 1552 tum
544 1517 683 1554 solebam
699 1542 708 1557 ,
731 1517 889 1559 adessem,
917 1529 984 1560 jam
1007 1529 1063 1561 per
1085 1517 1114 1552 se

105 1564 257 1598 nonnihil
282 1563 403 1596 levatus
429 1562 621 1604 apparebat.
645 1565 808 1606 Imperant
822 1561 971 1602 Medici,
995 1573 1115 1600 crura,

104 1612 137 1642 &
160 1607 252 1651 pedes
277 1606 479 1638 vehementer
504 1604 696 1647 perfricari,
721 1606 870 1649 spiritum
893 1604 965 1651 salis
989 1616 1113 1639 ammo-

102 1653 186 1686 niaci
206 1649 340 1684 >naribus
365 1648 533 1691 supponi,
566 1650 646 1691 quin
683 1653 716 1684 &
753 1658 863 1692 guttas
886 1660 953 1691 ejus
985 1650 1112 1692 aliquot

101 1708 140 1728 ex
162 1705 243 1737 aqua
266 1693 381 1726 idonea
406 1692 441 1724 in
464 1703 500 1725 os
523 1694 662 1727 immitti
684 1717 697 1735 ,
731 1692 915 1737 sanguinem
938 1705 954 1726 e
975 1692 1113 1727 brachio

100 1739 213 1772 educi.
242 1737 388 1770 Edrfflus
413 1735 457 1768 est
480 1748 496 1769 e
521 1735 671 1778 sinistro,
694 1749 756 1780 qua
780 1749 819 1770 ex
844 1736 1057 1780 parte.major
1080 1749 1113 1770 e-

100 1793 149 1815 rat
175 1782 322 1823 corporis
345 1779 499 1813 resolutio
521 1806 527 1812 .
553 1781 634 1814 Haec
658 1780 735 1814 dum
759 1780 876 1814 fiebant
895 1806 907 1822 ,
940 1779 1041 1814 horno
1063 1781 1113 1815 bis

100 1836 240 1859 tremore
263 1832 430 1866 correptus
454 1822 517 1861 est,
544 1826 707 1867 coepitque
730 1825 845 1858 buccas
859 1847 866 1860 ‚
892 1830 920 1859 δι
947 1837 982 1859 os
1005 1836 1112 1858 move-

101 1880 156 1909 re,
179 1872 211 1902 &c
234 1868 356 1910 magis,
380 1876 417 1900 ut
441 1866 630 1908 videbatur,
655 1868 819 1910 magisque
842 1868 941 1901 solvi.
969 1869 1027 1903 Sed
1037 1880 1115 1903 mox

99 1913 221 1946 levibus
243 1914 277 1944 in
301 1920 390 1954 parte
411 1909 539 1945 dextera
573 1911 765 1945 convulsivis
786 1912 929 1946 motibus
961 1912 990 1945 se
1013 1912 1115 1945 osten-

98 1957 276 1994 dentibus‚
309 1955 440 1997 gravior
463 1954 678 1997 apopletfticus
711 1955 849 1989 insultus
873 1955 970 1989 rediit
1006 1954 1115 1989 eadem

98 1999 175 2040 die,
197 2000 254 2043 qui
278 1998 445 2032 hominem
468 1997 590 2032 sustulit
613 2000 698 2032 circa
731 1999 845 2033 horam
869 1999 1033 2033 secundam
1057 2011 1115 2032 no-

99 2045 182 2078 ἂίς.
272 2042 437 2076 CAPUT
459 2041 535 2076 dum
559 2052 800 2085 amputaretur,
822 2044 961 2077 multum
986 2042 1113 2086 sangui-

96 2089 148 2122 nis
173 2085 326 2120 effluebat
347 2109 358 2125 ,
378 2083 481 2128 'cujus
506 2097 576 2129 pars
610 2098 649 2120 ex
672 2098 725 2119 ore
757 2098 886 2131 quoque
911 2086 1079 2129 prodierat
1102 2111 1110 2116 .

98 2133 190 2165 Tum
213 2129 362 2163 Valsalva
384 2129 471 2163 mihi
501 2142 510 2162 .·
548 2130 614 2163 haec
638 2130 806 2173 apoplexia
835 2157 842 2169 ‚
879 2128 939 2163 nisi
962 2141 1012 2163 me
1036 2141 1111 2163 meae

98 2174 218 2208 fallunt
240 2173 477 2207 observationes
491 2199 499 2212 ‚
524 2172 649 2206 facilea
674 2172 824 2215 sanguine
848 2173 933 2207 faeta
947 2173 1011 2212 est,
1034 2172 1112 2206 dex-

97 2218 339 2252 teramcerebri
359 2227 488 2258 partem
511 2216 662 2249 laedente.
689 2218 814 2249 Interea
837 2217 1022 2250 communia
1045 2227 1114 2248 cra-

101 2264 150 2296 nii
173 2262 338 2294 involucra
361 2258 581 2295 detrahentes,
604 2261 639 2292 in
663 2260 857 2293 membranis
881 2258 940 2293 hoc
964 2260 1111 2302 proxime

97 2303 391 2347 complectentibus
423 2300 600 2344 sanguise-ra
632 2302 701 2335 vasa
733 2303 781 2335 vel
813 2303 946 2335 minima
973 2302 1111 2344 perbelle

98 2347 264 2382 manifesta
287 2344 594 2380 animadvertimus.
620 2346 680 2380 Sed
704 2357 738 2378 ea
761 2348 863 2389 magis
874 2346 1009 2380 distenta
1033 2358 1109 2379 mox

97 2391 239 2425 vidimus
262 2402 331 2433 quae
355 2400 411 2432 per
443 2391 605 2431 meninges
638 2388 789 2432 repebant
809 2413 822 2429 ,
856 2389 1032 2431 praesertim
1054 2400 1108 2431 per

98 2436 223 2470 Tenuis
247 2443 368 2476 partem
392 2432 567 2472 sinistram,
589 2431 644 2465 ubi
670 2441 818 2474 praeterea
842 2433 876 2465 in
902 2433 1027 2466 summo
1052 2432 1108 2466 he-

97 2477 285 2521 misphaerio
306 2486 371 2510 erat
396 2476 516 2519 aliquid
542 2472 629 2508 effufi
663 2475 824 2518 sanguinis
847 2499 856 2514 ,
894 2478 993 2519 nigrae
1017 2475 1112 2509 instar

96 2521 330 2564 sugillationis.
357 2521 480 2554 Verum
504 2519 559 2552 ubi
583 2529 716 2552 ventum
738 2518 779 2553 est
802 2519 839 2553 ad
856 2521 1013 2553 Lateralcs
1038 2530 1112 2552 ven-

97 2566 233 2599 trimlos
255 2588 267 2604 ,
299 2573 406 2597 veram
437 2563 611 2596 admiratus
645 2563 713 2596 sum
738 2563 898 2596 Valsalvae
923 2563 1110 2607 praedictio-

95 2619 169 2642 nem
187 2635 195 2642 .
227 2607 317 2641 Nam
349 2616 417 2640 erat
447 2606 577 2650 quidem
601 2607 634 2638 in
668 2605 791 2640 finistro
812 2608 920 2650 aliqua
944 2607 1108 2650 sanguinis

76 2647 183 2688 'effufi
204 2653 340 2696 porti03
365 2649 414 2684 sed
436 2661 506 2693 quae
530 2662 546 2683 a
569 2649 704 2683 dextero
725 2651 805 2684 illuc
828 2649 994 2685 defluxisse
1017 2651 1107 2684 vide-

97 2705 204 2733 retur.
230 2697 269 2728 In
293 2695 355 2728 hoc
380 2695 465 2727 enim
490 2705 555 2727 non
578 2693 678 2727 modo
698 2692 765 2728 fuit
798 2695 904 2728 multo
926 2693 1028 2737 major
1050 2706 1106 2727 co-

97 2743 151 2783 pia
174 2741 239 2772 atri
263 2737 446 2781 sanguinis,
468 2740 501 2770 &
523 2738 691 2777 concreti,
717 2736 767 2771 sed
798 2741 831 2771 &
865 2750 1000 2782 magnus
1023 2737 1106 2771 unde

96 2785 166 2819 haec
188 2784 363 2823 extiterat,
384 2781 513 2821 hiatus,
535 2779 622 2825 quasi
647 2782 763 2823 aliquis
787 2780 914 2815 rudiore
937 2782 1046 2815 cultro
1067 2782 1107 2816 ad

98 2830 181 2862 latus
204 2835 370 2860 externum
392 2825 525 2858 demisso
547 2826 695 2867 corporis
715 2826 854 2865 striati,
888 2829 917 2859 ἃ
946 2825 1105 2859 Thalami

98 2871 185 2905 nervi
211 2870 347 2912 Optici,
370 2878 541 2911 utrumque
564 2869 682 2903 horum
714 2867 805 2911 super
835 2870 1003 2902 Fornicem
1028 2892 1036 2906 ‚
1072 2872 1105 2902 &

100 2915 237 2948 tertium
259 2914 474 2950 ventriculum
496 2909 693 2947 revolvisset.
715 2914 839 2945 Caetera
864 2924 934 2955 quae
959 2914 997 2946 ad
1020 2913 1105 2945 viam

98 2960 238 2991 attinent
262 2955 421 2998 sanguinis
444 2958 500 3000 qui
522 2967 561 2989 ex
584 2966 638 2988 ore
652 2955 811 2997 fluxerat,
835 2955 909 2989 satis
921 2956 1013 2990 habes
1025 2956 1109 3000 apud

95 3000 279 3036 Valsalvam
301 3002 316 3039 (
337 2999 355 3032 b
376 3003 390 3040 >
412 3000 576 3035 indicata.

147 3055 193 3086 17.
216 3046 284 3077 Cur
307 3055 322 3076 e
346 3046 447 3087 magis
469 3043 611 3078 resoluto
631 3041 767 3075 brachio
803 3043 973 3077 maluerint
998 3043 1104 3077 Medi-

99 3090 131 3122 ci
154 3087 339 3130 sanguinem
360 3089 449 3120 mitti
471 3113 479 3124 .
516 3098 553 3120 an
577 3086 621 3119 ob
645 3088 806 3120 rationem
838 3087 904 3129 ejus
936 3086 1072 3121 similem
1096 3113 1105 3128 ‚

99 3143 217 3176 quam,
241 3140 277 3164 ut
301 3133 333 3163 in
359 3130 565 3173 Sepulchreto
586 3132 601 3169 (
623 3141 639 3162 c
661 3134 677 3170 )
698 3129 813 3171 habes,
835 3130 1020 3173 sequebatur
1045 3132 1106 3165 Ba-

99 3177 229 3218 glivus,
251 3185 288 3206 an
315 3174 359 3207 ob
380 3175 456 3209 alias
476 3198 488 3215 ,
520 3173 603 3208 haud
629 3171 724 3207 facile
754 3173 893 3208 dixerim
913 3199 921 3206 .
954 3174 1107 3209 Necdum

100 3227 188 3252 erant
213 3217 372 3252 Valsalvae
395 3217 628 3252 observationes
645 3241 658 3258 ,
690 3217 806 3261 quibus
829 3217 954 3262 pondus
979 3218 1108 3254 additur

99 3262 222 3296 Aretaei
249 3265 263 3301 (
285 3262 305 3295 d
327 3265 341 3303 )
363 3271 546 3303 praecepto,
569 3260 795 3295 &doctrinm
817 3261 955 3305 resolutae
974 3264 1008 3295 in
1032 3274 1108 3305 apo-

101 3306 241 3349 pleffico
262 3314 371 3346 partes
393 3304 608 3382 confiderundae
625 3304 723 3347 sunt,
746 3306 854 3348 inquit
877 3327 885 3342 ‚
920 3307 953 3338 in
970 3305 1108 3348 finzflro-

101 3360 139 3383 ne
157 3374 165 3389 ,
188 3359 227 3381 an
253 3349 285 3382 in
308 3350 417 3382 dextro
452 3355 536 3382 atere
557 3348 705 3391 resolutio
711 3349 775 3392 fit:
799 3360 818 3381 a
820 3347 1004 3391 salubribus
1025 3350 1108 3382 enim

99 3391 246 3436 partibus
269 3395 331 3430 (ut
362 3393 461 3426 dicere
484 3401 548 3424 mos
578 3391 640 3434 est)
657 3391 842 3435 sanguinem
863 3391 988 3426 haurire
1020 3401 1108 3434 opor-

107 3443 155 3471 tet
172 3447 186 3476 ,·
216 3434 272 3468 hac
295 3435 377 3469 enim
391 3434 521 3478 sanguis
546 3432 645 3477 facile
668 3435 824 3469 delabitur
847 3448 857 3467 :
889 3434 946 3468 hac
969 3435 1065 3469 etiam
1087 3446 1106 3468 a

103 3477 180 3521 laefis
202 3478 350 3519 partibus
373 3478 507 3512 materia
531 3479 713 3520 derivatur,
737 3478 772 3511 id
795 3477 837 3512 est
860 3490 876 3511 a
890 3477 966 3512 laeso
988 3479 1109 3512 cerebri

104 3519 350 3564 hemisphaeri03
398 3522 494 3564 uippe
516 3520 604 3567 quod
628 3522 702 3555 sano
725 3522 871 3568 corporis
895 3521 1008 3560 lateri,
1044 3533 1109 3555 non

105 3565 268 3605 resolute,
291 3565 357 3608 ipse
402 3573 529 3599 ocuerat
541 3564 748 3607 respondere,
771 3575 807 3599 ut
828 3577 895 3608 eJus
918 3566 1028 3608 locus,
1053 3566 1114 3600 ali-

2053 292 2110 331 21

1174 346 1209 380 bi
1232 347 1250 390 (
1266 357 1282 380 e
1303 351 1319 387 )
1341 359 1358 381 a
1381 360 1430 382 me
1454 349 1651 393 productus,
1673 348 1831 385 ostendit.
1858 352 1918 387 De
1940 361 2101 396 praecepto
2118 367 2180 390 ⁴au-

1174 399 1267 430 tem,
1289 393 1323 424 &
1345 392 1492 427 ,do6trina
1514 406 1584 436 quae
1607 393 1706 427 modo
1729 395 1850 429 Aretaei
1884 395 1987 430 verbis
2010 396 2181 439 proposui-

1176 445 1245 468 mus
1261 456 1270 472 ,
1295 435 1350 467 Cl.
1376 436 1520 470 Oederus
1538 435 1606 480 (f)
1627 439 1672 470 ita
1697 435 1815 477 sentit,
1836 447 1874 472 ut
1898 449 2094 483 praeceptum
2104 444 2179 484 qui-

1174 476 1245 511 dem
1267 477 1431 519 probabile
1452 481 1608 514 existimet
1623 504 1636 521 ,
1658 482 1878 524 rationemque
1901 482 1988 516 illam
2008 486 2146 527 primam
2168 507 2180 523 ,

1175 519 1262 564 quod
1285 520 1376 554 esani
1399 523 1622 558 brachii-venis
1638 523 1901 567 faciliussanguis
1924 524 2059 568 effluat,
2080 540 2178 572 quam

1173 576 1188 597 e
1212 566 1297 598 venis
1320 564 1477 603 resoluti,
1502 568 1590 600 ultro
1612 567 1746 602 illustret
1760 589 1769 605 ,
1791 577 1885 610 atque
1905 568 2075 605 ⁴confirmet
2099 583 2108 604 ε
2130 583 2180 606 ra-

1174 609 1298 641 tionem
1323 618 1429 642 autem
1454 609 1604 649 alteram.
1628 613 1773 654 quamvis
1797 611 1954 646 Valsalvae
1978 614 2178 649 observatio-

1175 652 1289 692 nibus,
1311 664 1387 695 quas
1410 664 1496 686 veras
1520 654 1688 696 agnoscit,
1712 655 1879 688 subnixam
1902 678 1915 695 ,
1945 656 1989 689 ob
2010 657 2045 690 id
2078 669 2178 692 unum

1176 695 1299 737 respuat
1319 718 1329 733 ‚
1352 695 1438 739 quod
1461 696 1588 740 vulgata
1611 709 1739 741 quoque
1762 700 1886 732 nitatur
1918 698 1957 732 de
1979 698 2177 735 derivatione

1172 737 1341 777 donftrina,
1365 750 1461 782 quam
1484 739 1577 773 doffte
1597 743 1707 784 utique
1722 765 1734 782 ,
1758 745 1790 775 δε
1813 742 1942 775 nervose
1964 744 2069 785 quoad
2106 743 2179 787 pos-

1173 782 1216 814 set
1240 783 1488 825 impugnandam
1510 783 1575 825 ipse
1599 784 1773 827 susceperat
1796 811 1803 817 .
1840 785 2048 829 Qapropter
2070 797 2107 821 ut
2138 798 2178 821 ex

1173 826 1244 858 aliis
1283 824 1502 860 Praestantium
1525 828 1684 862 Virorum
1718 828 2005 863 Observa-tionibus
2028 852 2038 869 ‚
2071 831 2179 865 itarex

1172 880 1232 902 una
1257 870 1353 901 etiam
1380 871 1466 904 Pauli
1492 872 1595 905 Salani
1619 871 1792 915 consequi,
1815 873 1942 914 negavit
1962 897 1975 914 ,
2007 874 2096 918 quod
2117 885 2178 916 pro

1174 924 1207 944 ea
1228 912 1374 945 dostrina
1398 914 1550 956 consequi
1574 914 1731 949 Valsalvae
1754 939 1764 953 ,
1800 918 1833 949 δε
1856 914 1939 949 mihi
1955 918 2016 960 (g
2038 921 2053 958 )
2074 918 2178 951 visum

1176 964 1263 988 erat.
1288 956 1346 988 Sed
1369 968 1442 990 curn
1466 967 1551 990 tanta
1575 956 1776 992 humanitate
1800 959 1886 992 suam
1902 970 1916 991 a
1939 971 1990 993 me
2014 959 2178 995 dissensio-

1176 1009 1248 1031 nem
1270 998 1463 1043 conjungst,
1487 1011 1523 1034 ut
1544 1001 1716 1035 inurbanus
1741 1001 1824 1036 mihi
1849 1003 1971 1036 viderer
1992 1027 2005 1044 ‚
2028 1004 2086 1038 nifi
2109 1003 2178 1048 ejus

1172 1040 1295 1083 judicio
1317 1045 1534 1082 permitterem
1559 1042 1626 1077 haec
1651 1057 1749 1086 pauca
1772 1071 1781 1085 ‚
1805 1057 1876 1088 quae
1899 1045 2004 1080 dicam
2026 1072 2033 1079 .
2069 1048 2181 1081 Veriti

1170 1085 1275 1120 sumus
1299 1085 1469 1126 Valsalva,
1493 1090 1525 1120 &
1548 1099 1607 1129 ego
1631 1088 1664 1120 id
1689 1088 1775 1131 quod
1800 1089 1929 1122 Salanus
1951 1089 2036 1123 vid-it
2056 1114 2069 1131 ,
2091 1091 2180 1125 casui

1170 1128 1332 1168 tribuere,
1354 1129 1484 1172 quando
1505 1142 1579 1164 cum
1603 1131 1674 1164 aliis
1699 1141 1769 1165 turn
1791 1143 1868 1174 quas
1879 1132 2028 1167 Valsalva
2053 1134 2179 1168 indica-

1167 1174 1215 1206 vit
1234 1196 1247 1213 ,
1270 1182 1341 1206 tum
1364 1184 1443 1216 quas
1464 1175 1575 1206 omitti
1601 1186 1616 1205 a
1649 1186 1699 1207 me
1721 1198 1729 1213 ,
1763 1174 1863 1215 dixi,
1898 1175 2179 1212 observationibus

1167 1227 1366 1259 congruere,
1391 1217 1670 1251 animadvertimus
1691 1241 1703 1258 ,
1726 1221 1760 1252 &
1782 1230 1856 1252 cum
1880 1220 2007 1253 ratione
2028 1231 2176 1265 quoque,

1167 1258 1323 1303 siquidem
1344 1259 1468 1294 brachii
1499 1260 1621 1295 dexteri
1647 1273 1732 1295 venae
1763 1273 1838 1296 cum
1864 1263 2015 1308 Jugulari
2049 1266 2180 1298 Interna

1166 1302 1294 1336 dextera
1318 1305 1438 1344 magis,
1462 1316 1556 1347 quam
1567 1303 1681 1339 sinistri
1698 1329 1711 1346 ,
1732 1307 1969 1340 communicant
1982 1333 1990 1347 ‚
2010 1306 2047 1340 id
2070 1307 2113 1343 est
2125 1307 2179 1341 sua

1170 1346 1351 1389 depletione
1375 1349 1477 1391 magis
1501 1349 1649 1383 videntur
1672 1348 1776 1386 favere
1799 1349 1976 1392 depletioni
2010 1352 2099 1386 illius
2118 1353 2181 1397 Ju-

1169 1391 1311 1434 gularis,
1334 1394 1366 1424 &
1389 1391 1478 1435 quod
1498 1392 1590 1425 conse
1616 1394 1706 1427 uitur
1729 1416 1739 1431 ,
1762 1405 1912 1428 venarum
1933 1406 2005 1438 quae
2029 1407 2044 1428 a
2067 1395 2181 1430 dexte-

1166 1436 1210 1468 ris
1231 1434 1350 1468 cerebri
1373 1436 1516 1478 partibus
1538 1436 1572 1469 in
1594 1405 1743 1471 dexteros
1766 1436 1907 1471 influunt
1931 1439 2046 1472 Sinusr
2070 1450 2086 1472 e
2108 1438 2181 1472 bra-

1164 1478 1249 1512 chiis
1273 1487 1378 1512 autem
1401 1477 1585 1522 sanguinem
1606 1479 1719 1513 misisse
1744 1481 1911 1518 Salanurn,
1936 1482 2080 1523 intelligi
2102 1482 2181 1517 satis

1167 1521 1273 1565 posse,
1296 1520 1570 1563 existimavimus,
1593 1535 1667 1557 cum
1691 1525 1725 1556 in
1748 1524 1891 1557 sermone
1915 1536 1931 1556 a
1945 1524 2119 1566 Valsalva,
2144 1528 2178 1560 ὃ(

1164 1577 1182 1600 a
1205 1577 1254 1599 me
1277 1565 1316 1598 de
1341 1565 1538 1609 hemiplexia
1562 1567 1713 1601 instituto
1732 1590 1745 1607 ,
1768 1565 1806 1600 de
1830 1567 1923 1601 nullo
1947 1568 2012 1602 alio
2035 1569 2110 1602 loco
2133 1568 2180 1602 se-

1163 1610 1270 1643 candae
1293 1619 1381 1643 venae
1403 1609 1504 1643 sermo
1527 1608 1603 1644 fiat.
1628 1613 1752 1644 Interea
1773 1609 1854 1645 illud
1881 1610 1966 1645 mihi
1989 1612 2030 1646 ab
2050 1613 2182 1647 Huma-

1164 1652 1288 1687 niffimo
1321 1653 1409 1686 Viro
1439 1664 1503 1687 non
1537 1663 1687 1698 negatum
1709 1655 1753 1686 iri
1785 1653 1976 1690 crediderim
1999 1680 2012 1697 ,
2045 1665 2082 1690 ut
2105 1667 2181 1690 cum

1163 1695 1358 1731 Graviffirno
1379 1696 1499 1731 Medic.
1526 1699 1559 1730 δε
1582 1695 1720 1732 Mathes.
1736 1696 1913 1732 Professore
1926 1700 2065 1743 Segnero
2076 1724 2088 1740 ,
2111 1698 2181 1743 ejus

1165 1738 1295 1774 Praeside
1324 1742 1341 1779 (
1363 1739 1383 1773 h
1404 1743 1421 1781 >
1452 1742 1608 1775 communi
1630 1742 1768 1785 opinioni
1787 1764 1797 1780 ‚
1833 1742 1908 1783 quia
1930 1743 1963 1776 in
1986 1754 2023 1777 ea
2045 1742 2180 1783 periculi

1163 1785 1286 1818 omnino
1308 1782 1390 1817 nihil
1412 1784 1451 1824 eft
1465 1810 1474 1825 ‚
1498 1783 1661 1818 inhaeream
1684 1786 1770 1819 circa
1798 1797 1831 1818 ea
1864 1797 1937 1829 quae
1957 1786 2119 1821 auctores
2137 1786 2181 1830 ft-

1165 1827 1247 1861 deles
1269 1827 1305 1860 de
1326 1826 1473 1861 eleei‘ione
1495 1838 1645 1861 venarum
1670 1829 1701 1862 in
1725 1827 1844 1863 morbis
1861 1830 2066 1871 secandarum
2089 1837 2180 1863 attu-

1165 1871 1291 1911 lerunt,
1307 1871 1337 1913 fi
1359 1881 1419 1903 non
1438 1870 1532 1913 plena
1545 1872 1756 1912 certitudine,
1781 1883 1892 1914 magua
1903 1880 2009 1906 tamen
2027 1871 2180 1915 probabi-

1165 1914 1281 1948 litate.
1372 1913 1432 1947 Sed
1457 1913 1494 1948 ad
1516 1913 1714 1956 propositam
1738 1913 1959 1950 diffeetionem
1983 1925 2020 1950 ut
2032 1916 2180 1957 redeam;

1165 1968 1284 2001 quaeres
1308 1955 1455 1994 fortasse,
1481 1969 1558 1991 num
1581 1969 1696 2000 praeter
1720 1969 1776 1992 nos
1800 1959 1855 1993 alii
1880 1961 1914 1993 in
1948 1958 2107 2002 ejusmodi
2131 1972 2182 1996 res

1168 2000 1368 2040 inciderint,
1391 2004 1423 2034 &
1447 2000 1653 2043 hemiplexiae
1682 2004 1840 2036 internam
1863 2003 1991 2037 causam
2013 2006 2049 2038 in
2071 2016 2179 2049 oppo-

1165 2044 1250 2085 sito,
1272 2045 1384 2077 nonin
1407 2044 1517 2078 eodem
1534 2047 1657 2079 cerebri
1682 2045 2075 2089 lateredeprebenderint.
2104 2051 2181 2092 Ego

1166 2100 1244 2121 vero
1265 2089 1321 2130 qui
1349 2097 1420 2121 ante
1436 2089 1621 2123 Valsalvam
1645 2088 1678 2123 id
1702 2090 1842 2123 viderint
1855 2091 2012 2134 quidem,
2035 2091 2087 2126 sed
2121 2105 2179 2128 ua-

1163 2133 1186 2166 fi
1210 2130 1387 2165 fortuitum
1410 2133 1628 2174 neglexerint,
1653 2133 1845 2176 Wepferum
1860 2135 1936 2168 alias
1959 2137 1974 2174 (
1996 2136 2009 2169 i
2029 2140 2043 2176 )
2067 2139 2099 2170 &
2144 2148 2178 2169 a-

1162 2176 1289 2219 glivum
1317 2174 1456 2208 indicavi
1480 2177 1533 2217 (va
1553 2180 1586 2217 ).
1613 2176 1722 2210 Postea
1733 2189 1809 2212 vero
1830 2189 1927 2220 quam
1937 2179 2095 2214 Valsalvae
2117 2179 2178 2213 ob-

1165 2220 1302 2253 servatio
1324 2218 1453 2260 vulgata
1477 2219 1544 2260 est,
1568 2218 1653 2253 idem
1675 2220 1871 2263 conspexisse
1884 2224 1991 2265 plures
2006 2247 2016 2263 ,
2038 2234 2103 2257 non
2114 2222 2175 2259 du-

1162 2264 1253 2296 bito.-
1280 2262 1404 2304 aliquos
1428 2263 1495 2297 scio
1518 2267 1532 2302 (
1554 2264 1565 2295 l
1587 2267 1602 2302 )
1625 2289 1632 2295 .
1667 2265 1756 2297 Intra
1779 2265 1865 2298 enim
1888 2264 2025 2300 eundem
2058 2278 2177 2303 annum

1162 2318 1228 2350 quo
1252 2306 1286 2337 in
1309 2306 1442 2339 muliere
1464 2306 1519 2339 illa
1543 2309 1667 2340 Veneta
1700 2307 1739 2342 de
1762 2319 1828 2351 qua
1850 2309 1952 2342 initio
1984 2309 2109 2345 difflmm
2132 2310 2177 2347 est

1160 2352 1174 2388 (
1196 2361 1227 2383 m
1247 2352 1265 2388 >
1279 2371 1287 2384 ,
1311 2348 1470 2383 Valsalvae
1494 2349 1675 2384 dofftrinam
1686 2350 1873 2385 confirmavi
1890 2376 1903 2393 ,
1920 2355 2175 2391 cumPatavium

1164 2393 1250 2426 forte
1273 2390 1443 2433 venissem,
1466 2395 1584 2426 certior
1609 2393 1676 2428 sum
1701 2392 1831 2434 faetus,
1852 2394 1939 2429 idem
1961 2397 2053 2440 quod
2074 2400 2109 2433 in
2132 2401 2176 2433 il-

1162 2437 1191 2469 la
1215 2459 1222 2473 ,
1260 2434 1314 2468 hic
1338 2447 1464 2479 quoque
1487 2448 1587 2480 nuper
1617 2438 1652 2470 in
1675 2439 1747 2471 viro
1769 2448 1971 2481 compertum
1993 2440 2051 2476 effe
2069 2466 2082 2483 ,
2114 2444 2176 2478 nisi

1162 2478 1253 2523 quod
1275 2489 1390 2512 cavum
1412 2482 1445 2512 in
1471 2479 1626 2522 opposito
1650 2480 2087 2527 resolutionihemisphaerio
2110 2485 2171 2522 fibi

1163 2535 1178 2554 a
1204 2522 1354 2564 sanguine
1376 2532 1522 2565 paratum
1545 2548 1557 2564 ,
1591 2524 1676 2559 hunc
1700 2526 1785 2559 inter
1822 2527 1983 2571 meninges
2006 2529 2137 2572 quidem
2160 2555 2176 2574 ,

1162 2567 1272 2599 Tenui
1296 2575 1465 2608 perrupta,
1489 2566 1541 2601 sed
1564 2578 1628 2601 non
1651 2569 1685 2601 in
1709 2570 1926 2605 ventriculum
1949 2573 2071 2615 pariter
2089 2598 2102 2615 ,
2135 2587 2171 2609 a-

1159 2610 1286 2653 lioquin
1298 2611 1504 2651 proximum,
1526 2609 1697 2646 effuderat.
1722 2613 1792 2646 Vix
1801 2613 1862 2649 hoc
1875 2626 2076 2658 acceperam,
2097 2630 2173 2654 cum

1158 2654 1309 2686 Veneriis
1331 2652 1464 2693 litterae,
1489 2666 1566 2697 quas
1590 2653 1691 2690 adhuc
1715 2655 1830 2697 servo,
1855 2659 1956 2693 allatae
1980 2659 2074 2700 sunt,
2096 2664 2172 2706 qui-

1157 2696 1215 2730 bus
1238 2694 1322 2729 mihi
1345 2697 1526 2731 Alexander
1548 2699 1648 2732 Bonis
1671 2699 1788 2734 doetus
1810 2702 1979 2743 Medicus,
2002 2706 2036 2737 δε
2050 2704 2171 2748 [ρεᾶει-

1158 2748 1209 2773 tus
1233 2741 1367 2774 Amicus
1389 2752 1459 2784 quae
1483 2741 1549 2783 ipse
1572 2751 1642 2776 turn
1666 2742 1813 2784 viderat,
1835 2743 2034 2788 significabat
2056 2769 2066 2785 ‚
2089 2749 2170 2783 Mo-

1157 2782 1298 2818 nachum
1320 2786 1407 2817 inter
1428 2785 1687 2820 concionandum
1710 2787 1883 2830 apoplexia
1916 2799 2102 2834 correptum
2125 2792 2169 2827 sic

1157 2835 1193 2860 ut
1216 2828 1300 2860 intra
1324 2827 1419 2862 horas
1441 2852 1454 2869 ,
1485 2829 1603 2870 quibus
1625 2829 1742 2862 debinc
1766 2831 1851 2865 vixit
1873 2856 1886 2873 ,
1917 2832 2009 2868 haud-
2028 2835 2171 2878 amplius

1155 2879 1292 2912 quatuor
1315 2882 1445 2905 manum
1470 2871 1639 2906 dumtaxat
1662 2872 1818 2907 sinistram
1840 2886 1983 2910 moveret
2002 2900 2017 2918 ‚
2037 2878 2170 2914 habuis..

1159 2915 1188 2948 se
1214 2915 1248 2947 in
1271 2913 1394 2948 sinistro
1416 2915 1535 2949 cerebri
1560 2916 1741 2951 ventriculo
1763 2926 1830 2952 tres-
1836 2941 1849 2959 ‚
1871 2920 2044 2955 minimum
2067 2944 2076 2959 ‚
2108 2935 2170 2958 un.

1158 2958 1224 2992 cias
1248 2959 1388 2991 concreti
1412 2958 1594 3001 sanguinis,
1618 2961 1752 3002 parietes
1775 2971 1881 2997 autern
1892 2963 2030 3006 ejusdem
2051 2969 2173 3001 ventri-

1160 3003 1227 3034 culi
1248 3002 1436 3035 dilaceratos
1456 3026 1468 3042 ,
1505 3013 1581 3036 curn
1605 3003 1714 3037 dexter
1736 3003 1810 3039 esset
1834 3007 1956 3050 integer
1973 3032 1986 3049 ,
2012 3009 2169 3054 ‘nihilque

1158 3053 1272 3087 praeter
1295 3047 1443 3088 exiguam
1468 3045 1631 3089 sanguinis
1653 3049 1839 3091 portionem
1860 3052 2041 3085 contineret
2060 3076 2074 3093 ,
2096 3065 2169 3096 quae

1156 3088 1233 3122 illuc
1256 3100 1272 3121 e
1296 3088 1418 3123 sinistro
1450 3100 1505 3132 per
1528 3089 1708 3135 disruptum
1731 3092 1896 3128 Lucidum
1918 3095 2050 3138 septum
2065 3097 2168 3131 trans-

1157 3133 1236 3165 ierat
1258 3156 1266 3165 .
1290 3133 1358 3166 Hic
1380 3133 1435 3166 ille
1459 3134 1550 3166 Sacer
1572 3136 1697 3168 Orator
1730 3135 1776 3170 est
1791 3159 1800 3175 ‚
1836 3137 1997 3181 superiore
2019 3139 2166 3181 Epistola

1158 3179 1170 3216 (
1194 3186 1213 3208 n
1235 3174 1454 3223 >designatus
1478 3200 1491 3217 ,
1521 3176 1560 3211 de
1583 3190 1648 3221 quo
1672 3178 1738 3221 ipse
1755 3203 1770 3220 ,
1798 3181 1895 3223 paulo
1917 3181 1988 3224 post
2010 3182 2166 3218 venetias

1157 3221 1315 3259 reversus,
1338 3219 1421 3254 illud
1445 3220 1571 3263 insuper
1592 3225 1733 3266 cognovi
1753 3247 1766 3264 ,
1788 3235 1863 3258 cum
1885 3224 1990 3267 plures
2011 3223 2077 3268 J'am
2099 3227 2168 3263 dies

1159 3275 1175 3297 a
1196 3264 1422 3298 concionando
1446 3264 1640 3300 abstinuisset
1663 3275 1828 3309 propterea
1841 3269 1916 3311 quia
1939 3267 1968 3301 se
1991 3270 2097 3304 minus
2110 3271 2166 3305 be-

1158 3317 1197 3340 ne
1220 3305 1332 3340 habere
1355 3306 1545 3351 querebatur
1564 3332 1579 3349 ,
1609 3320 1649 3342 eo
1671 3309 1799 3343 demum
1822 3322 1889 3354 quo
1903 3311 1997 3346 ¹obiit
2021 3312 2076 3346 die
2098 3313 2164 3349 suis

1157 3349 1380 3391 confirmasse,
1405 3362 1567 3395 nunquam
1590 3352 1619 3386 se
1641 3353 1776 3390 melius,
1799 3364 1897 3396 quam
1917 3363 1989 3389 tum
2011 3355 2163 3398 valuisse,

1157 3395 1265 3437 itaque
1288 3395 1428 3428 ereetum
1452 3404 1543 3438 atque
1566 3397 1700 3430 alacrem
1722 3395 1888 3432 ascendisse
1920 3400 1955 3432 in
1977 3399 2088 3433 locum
2111 3399 2165 3434 su-

1159 3441 1316 3480 periorem
1340 3437 1377 3471 ad
1400 3449 1469 3471 eam
1491 3441 1678 3473 concionem
1700 3440 1919 3484 incipiendam
1940 3453 2038 3483 quam
2062 3443 2164 3476 mini-

1159 3492 1208 3513 me
1231 3491 1297 3514 erat
1320 3481 1541 3516 absoluturus.
1569 3485 1670 3516 Venit
1693 3492 1770 3517 tunc
1793 3483 1879 3518 mihi
1889 3487 1922 3519 in
1945 3494 2086 3519 mentem
2097 3487 2165 3520 At-

1163 3524 1223 3557 tali
1247 3526 1329 3567 regis
1352 3527 1366 3564 (
1388 3537 1404 3558 o
1423 3528 1439 3565 )
1455 3548 1468 3565 ,
1500 3537 1569 3560 cum
1592 3531 1712 3560 Boeotos
1733 3528 1774 3560 ad
1786 3526 1973 3569 societatem
1996 3529 2165 3564 Romano-

1163 3579 1234 3602 rum
1258 3567 1383 3602 Thebis
1404 3567 1603 3609 hortaretur,
1629 3571 1662 3603 z'n
1683 3569 1751 3613 ipsa
1781 3571 1924 3605 concione
1960 3572 2165 3609 intermortua·

2078 3615 2122 3650 fic

101 3700 2172 3718 ——-—-——-————-—---—-—-——————————--—-——--------...

212 3755 221 3787 )
237 3757 311 3786 Epist.
327 3765 353 3788 4.
368 3765 392 3782 n.
409 3763 447 3787 3²·
463 3757 487 3782 ἔς
503 3756 552 3787 seq.

204 3788 220 3817 )
234 3789 317 3814 Trast.
333 3789 363 3813 de
378 3790 443 3813 Aure
457 3795 479 3813 ο.
497 3797 522 3814 2.
538 3796 562 3813 n.
579 3795 617 3818 ¹4·
633 3796 660 3812 m
675 3787 720 3812 fin.

234 3819 306 3848 Epist.
321 3821 394 3843 Anat.
414 3826 447 3848 ¹3·
463 3826 487 3843 n.
504 3827 540 3849 ¹7-

236 3848 261 3872 in
278 3849 350 3879 Epist.
367 3849 463 3874 Differt.
480 3849 561 3875 citatae
575 3849 678 3874 subnexa
691 3867 697 3872 .
758 3849 812 3882 (i)
827 3850 902 3879 Epist.
920 3852 993 3876 Anat.
1012 3858 1045 3881 ις.
1062 3859 1085 3877 n.
1101 3858 1141 3876 ιι.

217 3878 228 3911 )
244 3888 269 3905 n.
287 3888 308 3905 ι.
370 3881 423 3911 (n)
440 3887 462 3904 n.
480 3888 517 3911 ²3·
578 3881 626 3911 (a)
639 3880 702 3911 apud
716 3880 814 3907 Livium
830 3881 890 3906 Hist-
906 3881 922 3908 Ι.
940 3889 977 3913 37.

163 3758 201 3788 (u
618 3757 672 3791 (ῃ)
688 3757 764 3787 Epist·
780 3765 818 3784 11·
878 3759 934 3791 (y)

164 3791 200 3848 ἑ,
782 3788 837 3819 (b)
854 3790 917 3815 lbid.

163 3850 175 3904 ἑ

189 3826 201 3842 ε

185 3848 200 3872 h

184 3887 207 3903 m

700 3818 705 3822 .
948 3759 1029 3820 Ερζιῐεξ)
1040 3766 1070 3814 in
1080 3766 1168 3816 ¹intigit.
1184 3791 1214 3817 ad
1230 3793 1274 3817 cit.
1289 3800 1313 3816 2.
1329 3791 1391 3817 Sest.
1406 3792 1467 3817 obs.
1487 3802 1523 3824 13.

601 3820 615 3848 (
622 3818 659 3848 J)
674 3818 768 3845 Dissert.
784 3821 815 3845 de
830 3820 910 3845 Deriv.
928 3820 953 3845 δι
967 3820 1064 3846 Remus.
1081 3828 1122 3850 per
1137 3824 1167 3847 V.
1182 3825 1206 3848 S.

1167 3768 1202 3786 11.
1219 3768 1309 3792 ¹3·15·
1329 3769 1367 3791 17.
1431 3761 1482 3794 (z)
1499 3771 1523 3787 n.
1539 3770 1561 3788 2.
1582 3771 1616 3788 ιι.
1636 3771 1673 3793 ¹4·

1484 3824 1490 3829 -
1584 3794 1644 3829 (a.)
1659 3796 1695 3829 De
1711 3795 1796 3821 Morb.
1811 3795 1883 3823 Aeut.
1899 3799 1959 3823 cur.
1974 3799 1994 3823 1.
2011 3805 2036 3824 1.
2054 3804 2078 3823 c.
2094 3806 2120 3828 a.

1267 3829 1305 3852 29·
1366 3823 1430 3853 (g)
1446 3825 1518 3853 Epist.
1534 3825 1607 3849 modo
1624 3825 1700 3850 indic.
1716 3833 1741 3851 n.
1756 3834 1794 3857 ²4.

1276 3853 1345 3879 Adde
1360 3861 1413 3895 quae
1427 3853 1491 3882 infra
1506 3855 1578 3885 Epist.
1597 3863 1632 3883 u.
1649 3864 1674 3882 n.
1694 3864 1732 3882 10.
1793 3858 1842 3890 (ι)
1858 3858 1915 3885 Vid.
1930 3865 1985 3890 qua
2005 3865 2066 3886 mox
2080 3863 2109 3887 na·
2124 3859 2165 3887 19,

1205 3823 1260 3884 (ἓ)
