<?xml version="1.0" encoding="UTF-8"?>
<!DOCTYPE html PUBLIC "-//W3C//DTD XHTML 1.0 Transitional//EN"
    "http://www.w3.org/TR/xhtml1/DTD/xhtml1-transitional.dtd">
<html xmlns="http://www.w3.org/1999/xhtml" xml:lang="en" lang="en">
 <head>
  <title>
</title>
<meta http-equiv="Content-Type" content="text/html;charset=utf-8" />
  <meta name='ocr-system' content='tesseract 3.04.00' />
  <meta name='ocr-capabilities' content='ocr_page ocr_carea ocr_par ocr_line ocrx_word'/>
</head>
<body>
  <div class='ocr_page' id='page_1' title='image "./desedibusetcausi00morg_0185.png"; bbox 0 0 2498 4075; ppageno 0'>
   <div class='ocr_carea' id='block_1_1' title="bbox 2016 187 2082 251">
    <p class='ocr_par' dir='ltr' id='par_1_1' title="bbox 2016 187 2082 251">
     <span class='ocr_line' id='line_1_1' title="bbox 2016 187 2082 251; baseline 0 0"><span class='ocrx_word' id='word_1_1' title='bbox 2016 187 2082 251; x_wconf 81' lang='lat'>87</span> 
     </span>
    </p>
   </div>
   <div class='ocr_carea' id='block_1_2' title="bbox 105 301 2125 381">
    <p class='ocr_par' dir='ltr' id='par_1_2' title="bbox 105 301 2125 381">
     <span class='ocr_line' id='line_1_2' title="bbox 105 301 2125 381; baseline -0.001 -2"><span class='ocrx_word' id='word_1_2' title='bbox 105 301 655 379; x_wconf 79' lang='lat' dir='ltr'>EPISTOLA</span> <span class='ocrx_word' id='word_1_3' title='bbox 728 314 1907 381; x_wconf 77' lang='lat' dir='ltr'>ANATOMICO-MEDICA</span> <span class='ocrx_word' id='word_1_4' title='bbox 1976 316 2125 379; x_wconf 85' lang='lat' dir='ltr'>XII.</span> 
     </span>
    </p>
   </div>
   <div class='ocr_carea' id='block_1_3' title="bbox 359 448 1896 569">
    <p class='ocr_par' dir='ltr' id='par_1_3' title="bbox 359 448 1896 569">
     <span class='ocr_line' id='line_1_3' title="bbox 359 448 1896 519; baseline 0.001 -16"><span class='ocrx_word' id='word_1_5' title='bbox 359 449 542 503; x_wconf 88' lang='lat' dir='ltr'>Sermo</span> <span class='ocrx_word' id='word_1_6' title='bbox 576 451 646 501; x_wconf 86' lang='lat' dir='ltr'>est</span> <span class='ocrx_word' id='word_1_7' title='bbox 681 450 745 504; x_wconf 88' lang='lat' dir='ltr'>de</span> <span class='ocrx_word' id='word_1_8' title='bbox 783 448 1208 517; x_wconf 71' lang='lat' dir='ltr'>szdrocephalo</span> <span class='ocrx_word' id='word_1_9' title='bbox 1229 487 1242 508; x_wconf 88' lang='lat'><strong>,</strong></span> <span class='ocrx_word' id='word_1_10' title='bbox 1275 450 1330 500; x_wconf 61' lang='grc' dir='ltr'>ὃς</span> <span class='ocrx_word' id='word_1_11' title='bbox 1364 451 1428 501; x_wconf 89' lang='lat' dir='ltr'>de</span> <span class='ocrx_word' id='word_1_12' title='bbox 1463 451 1667 519; x_wconf 78' lang='lat' dir='ltr'>Aqueis</span> <span class='ocrx_word' id='word_1_13' title='bbox 1701 450 1896 519; x_wconf 42' lang='lat' dir='ltr'>Spinae.</span> 
     </span>
     <span class='ocr_line' id='line_1_4' title="bbox 817 515 1301 569; baseline -0.01 0"><span class='ocrx_word' id='word_1_14' title='bbox 817 533 820 535; x_wconf 66' lang='grc'>“</span> <span class='ocrx_word' id='word_1_15' title='bbox 955 515 1301 569; x_wconf 78' lang='lat' dir='ltr'>TumoribuS.</span> 
     </span>
    </p>
   </div>
   <div class='ocr_carea' id='block_1_4' title="bbox 87 657 1092 766">
    <p class='ocr_par' dir='ltr' id='par_1_4' title="bbox 87 657 1092 766">
     <span class='ocr_line' id='line_1_5' title="bbox 87 657 1092 766; baseline -0.007 -72"><span class='ocrx_word' id='word_1_16' title='bbox 87 657 438 766; x_wconf 84' lang='lat' dir='ltr'>HYdrocephali</span> <span class='ocrx_word' id='word_1_17' title='bbox 460 670 576 693; x_wconf 86' lang='lat' dir='ltr'>nomen</span> <span class='ocrx_word' id='word_1_18' title='bbox 599 658 654 692; x_wconf 87' lang='lat' dir='ltr'>etsi</span> <span class='ocrx_word' id='word_1_19' title='bbox 679 669 778 692; x_wconf 89' lang='lat' dir='ltr'>unum</span> <span class='ocrx_word' id='word_1_20' title='bbox 810 658 852 691; x_wconf 86' lang='lat' dir='ltr'>est</span> <span class='ocrx_word' id='word_1_21' title='bbox 875 669 885 696; x_wconf 77' lang='lat'>3</span> <span class='ocrx_word' id='word_1_22' title='bbox 918 657 1021 699; x_wconf 88' lang='lat' dir='ltr'>plures</span> <span class='ocrx_word' id='word_1_23' title='bbox 1045 664 1092 688; x_wconf 83' lang='lat' dir='ltr'>ta-</span> 
     </span>
    </p>
   </div>
   <div class='ocr_carea' id='block_1_5' title="bbox 57 699 1101 3567">
    <p class='ocr_par' dir='ltr' id='par_1_5' title="bbox 235 699 1092 743">
     <span class='ocr_line' id='line_1_6' title="bbox 235 699 1092 743; baseline -0.006 -7"><span class='ocrx_word' id='word_1_24' title='bbox 235 715 327 743; x_wconf 76' lang='lat' dir='ltr'>men,</span> <span class='ocrx_word' id='word_1_25' title='bbox 351 713 385 736; x_wconf 82' lang='lat' dir='ltr'>ut</span> <span class='ocrx_word' id='word_1_26' title='bbox 409 703 513 742; x_wconf 84' lang='lat' dir='ltr'>nosti,</span> <span class='ocrx_word' id='word_1_27' title='bbox 537 706 568 735; x_wconf 71' lang='grc' dir='ltr'>δε</span> <span class='ocrx_word' id='word_1_28' title='bbox 592 702 682 741; x_wconf 82' lang='lat' dir='ltr'>sede,</span> <span class='ocrx_word' id='word_1_29' title='bbox 716 704 748 734; x_wconf 64' lang='grc' dir='ltr'>ὃς</span> <span class='ocrx_word' id='word_1_30' title='bbox 772 699 935 734; x_wconf 73' lang='lat' dir='ltr'>effeetibus</span> <span class='ocrx_word' id='word_1_31' title='bbox 958 701 1039 732; x_wconf 88' lang='lat' dir='ltr'>inter</span> <span class='ocrx_word' id='word_1_32' title='bbox 1063 700 1092 731; x_wconf 93' lang='lat' dir='ltr'>se</span> 
     </span>
    </p>

    <p class='ocr_par' dir='ltr' id='par_1_6' title="bbox 59 743 1101 1829">
     <span class='ocr_line' id='line_1_7' title="bbox 235 743 1092 789; baseline -0.007 -9"><span class='ocrx_word' id='word_1_33' title='bbox 235 746 445 789; x_wconf 74' lang='lat' dir='ltr'>discrepantes</span> <span class='ocrx_word' id='word_1_34' title='bbox 468 743 835 786; x_wconf 70' lang='lat' dir='ltr'>affefflonesfignificat‚</span> <span class='ocrx_word' id='word_1_35' title='bbox 859 745 998 786; x_wconf 89' lang='lat' dir='ltr'>primum</span> <span class='ocrx_word' id='word_1_36' title='bbox 1019 743 1092 786; x_wconf 87' lang='lat' dir='ltr'>qui-</span> 
     </span>
     <span class='ocr_line' id='line_1_8' title="bbox 90 786 1091 832; baseline -0.005 -9"><span class='ocrx_word' id='word_1_37' title='bbox 90 789 185 828; x_wconf 75' lang='lat' dir='ltr'>dem5</span> <span class='ocrx_word' id='word_1_38' title='bbox 212 799 247 823; x_wconf 89' lang='lat' dir='ltr'>ut</span> <span class='ocrx_word' id='word_1_39' title='bbox 271 802 336 823; x_wconf 87' lang='lat' dir='ltr'>rem</span> <span class='ocrx_word' id='word_1_40' title='bbox 358 791 392 822; x_wconf 89' lang='lat' dir='ltr'>in</span> <span class='ocrx_word' id='word_1_41' title='bbox 417 789 596 832; x_wconf 80' lang='lat' dir='ltr'>pauciffima</span> <span class='ocrx_word' id='word_1_42' title='bbox 619 786 828 824; x_wconf 78' lang='lat' dir='ltr'>contraham3</span> <span class='ocrx_word' id='word_1_43' title='bbox 865 798 950 829; x_wconf 84' lang='lat' dir='ltr'>aquae</span> <span class='ocrx_word' id='word_1_44' title='bbox 973 797 1091 826; x_wconf 83' lang='lat' dir='ltr'>conge-</span> 
     </span>
     <span class='ocr_line' id='line_1_9' title="bbox 90 829 1090 875; baseline -0.005 -9"><span class='ocrx_word' id='word_1_45' title='bbox 90 833 222 866; x_wconf 87' lang='lat' dir='ltr'>stionem</span> <span class='ocrx_word' id='word_1_46' title='bbox 248 834 331 865; x_wconf 86' lang='lat' dir='ltr'>inter</span> <span class='ocrx_word' id='word_1_47' title='bbox 353 834 520 872; x_wconf 83' lang='lat' dir='ltr'>cranium,</span> <span class='ocrx_word' id='word_1_48' title='bbox 544 831 670 875; x_wconf 79' lang='lat' dir='ltr'>ejusque</span> <span class='ocrx_word' id='word_1_49' title='bbox 693 833 913 873; x_wconf 86' lang='lat' dir='ltr'>integumenta</span> <span class='ocrx_word' id='word_1_50' title='bbox 932 842 945 869; x_wconf 90' lang='lat'>,·</span> <span class='ocrx_word' id='word_1_51' title='bbox 978 829 1090 862; x_wconf 88' lang='lat' dir='ltr'>deinde</span> 
     </span>
     <span class='ocr_line' id='line_1_10' title="bbox 87 872 1089 918; baseline -0.003 -11"><span class='ocrx_word' id='word_1_52' title='bbox 87 878 173 908; x_wconf 86' lang='lat' dir='ltr'>intra</span> <span class='ocrx_word' id='word_1_53' title='bbox 196 878 300 909; x_wconf 84' lang='lat' dir='ltr'>cranii</span> <span class='ocrx_word' id='word_1_54' title='bbox 321 887 435 911; x_wconf 85' lang='lat' dir='ltr'>cavum</span> <span class='ocrx_word' id='word_1_55' title='bbox 450 900 461 916; x_wconf 80' lang='grc'>,</span> <span class='ocrx_word' id='word_1_56' title='bbox 483 876 578 918; x_wconf 84' lang='lat' dir='ltr'>idque</span> <span class='ocrx_word' id='word_1_57' title='bbox 603 885 657 908; x_wconf 78' lang='lat' dir='ltr'>aut</span> <span class='ocrx_word' id='word_1_58' title='bbox 678 874 791 908; x_wconf 76' lang='lat' dir='ltr'>ossibus</span> <span class='ocrx_word' id='word_1_59' title='bbox 806 898 816 913; x_wconf 91' lang='lat'><em>‚</em></span> <span class='ocrx_word' id='word_1_60' title='bbox 857 873 944 916; x_wconf 88' lang='lat' dir='ltr'>quod</span> <span class='ocrx_word' id='word_1_61' title='bbox 968 872 1031 905; x_wconf 90' lang='lat' dir='ltr'>fere</span> <span class='ocrx_word' id='word_1_62' title='bbox 1056 874 1089 905; x_wconf 93' lang='lat' dir='ltr'>in</span> 
     </span>
     <span class='ocr_line' id='line_1_11' title="bbox 88 917 1090 961; baseline -0.005 -9"><span class='ocrx_word' id='word_1_63' title='bbox 88 918 222 952; x_wconf 77' lang='lat' dir='ltr'>foetibus</span> <span class='ocrx_word' id='word_1_64' title='bbox 247 919 305 960; x_wconf 82' lang='lat' dir='ltr'>fit,</span> <span class='ocrx_word' id='word_1_65' title='bbox 329 923 360 953; x_wconf 65' lang='grc' dir='ltr'>ἃ</span> <span class='ocrx_word' id='word_1_66' title='bbox 384 921 489 961; x_wconf 85' lang='lat' dir='ltr'>pueris</span> <span class='ocrx_word' id='word_1_67' title='bbox 504 944 512 959; x_wconf 90' lang='lat'>‚</span> <span class='ocrx_word' id='word_1_68' title='bbox 536 918 676 952; x_wconf 72' lang='lat' dir='ltr'>diductis</span> <span class='ocrx_word' id='word_1_69' title='bbox 687 917 938 960; x_wconf 84' lang='lat' dir='ltr'>amplificatum,</span> <span class='ocrx_word' id='word_1_70' title='bbox 963 926 1015 949; x_wconf 91' lang='lat' dir='ltr'>aut</span> <span class='ocrx_word' id='word_1_71' title='bbox 1026 917 1090 948; x_wconf 89' lang='lat' dir='ltr'>mi-</span> 
     </span>
     <span class='ocr_line' id='line_1_12' title="bbox 88 959 1089 1003; baseline -0.006 -7"><span class='ocrx_word' id='word_1_72' title='bbox 88 963 174 996; x_wconf 89' lang='lat' dir='ltr'>nime</span> <span class='ocrx_word' id='word_1_73' title='bbox 196 961 336 997; x_wconf 59' lang='lat' dir='ltr'>diductis</span> <span class='ocrx_word' id='word_1_74' title='bbox 359 962 395 996; x_wconf 89' lang='lat' dir='ltr'>ad</span> <span class='ocrx_word' id='word_1_75' title='bbox 420 974 492 996; x_wconf 87' lang='lat' dir='ltr'>eum</span> <span class='ocrx_word' id='word_1_76' title='bbox 516 962 646 995; x_wconf 83' lang='lat' dir='ltr'>modum</span> <span class='ocrx_word' id='word_1_77' title='bbox 670 962 804 1003; x_wconf 85' lang='lat' dir='ltr'>perstans</span> <span class='ocrx_word' id='word_1_78' title='bbox 828 959 865 993; x_wconf 90' lang='lat' dir='ltr'>ad</span> <span class='ocrx_word' id='word_1_79' title='bbox 896 970 989 1001; x_wconf 88' lang='lat' dir='ltr'>quem</span> <span class='ocrx_word' id='word_1_80' title='bbox 1012 970 1089 991; x_wconf 87' lang='lat' dir='ltr'>con-</span> 
     </span>
     <span class='ocr_line' id='line_1_13' title="bbox 92 1003 1089 1048; baseline -0.004 -10"><span class='ocrx_word' id='word_1_81' title='bbox 92 1003 213 1038; x_wconf 62' lang='lat' dir='ltr'>sistente</span> <span class='ocrx_word' id='word_1_82' title='bbox 236 1015 328 1039; x_wconf 84' lang='lat' dir='ltr'>aetate</span> <span class='ocrx_word' id='word_1_83' title='bbox 350 1006 495 1040; x_wconf 85' lang='lat' dir='ltr'>videmus</span> <span class='ocrx_word' id='word_1_84' title='bbox 519 1020 527 1040; x_wconf 90' lang='lat'>:</span> <span class='ocrx_word' id='word_1_85' title='bbox 560 1016 741 1048; x_wconf 86' lang='lat' dir='ltr'>quanquam</span> <span class='ocrx_word' id='word_1_86' title='bbox 765 1004 827 1037; x_wconf 90' lang='lat' dir='ltr'>hoc</span> <span class='ocrx_word' id='word_1_87' title='bbox 852 1003 1004 1037; x_wconf 89' lang='lat' dir='ltr'>ultimum</span> <span class='ocrx_word' id='word_1_88' title='bbox 1037 1014 1089 1044; x_wconf 83' lang='lat' dir='ltr'>ge-</span> 
     </span>
     <span class='ocr_line' id='line_1_14' title="bbox 90 1046 1087 1092; baseline -0.004 -12"><span class='ocrx_word' id='word_1_89' title='bbox 90 1059 150 1082; x_wconf 85' lang='lat' dir='ltr'>nus</span> <span class='ocrx_word' id='word_1_90' title='bbox 175 1059 212 1080; x_wconf 89' lang='lat' dir='ltr'>ne</span> <span class='ocrx_word' id='word_1_91' title='bbox 235 1049 259 1080; x_wconf 91' lang='lat' dir='ltr'>ii</span> <span class='ocrx_word' id='word_1_92' title='bbox 283 1049 411 1091; x_wconf 89' lang='lat' dir='ltr'>quidem</span> <span class='ocrx_word' id='word_1_93' title='bbox 444 1052 500 1092; x_wconf 87' lang='lat' dir='ltr'>qui</span> <span class='ocrx_word' id='word_1_94' title='bbox 531 1047 710 1090; x_wconf 82' lang='lat' dir='ltr'>hydropem</span> <span class='ocrx_word' id='word_1_95' title='bbox 741 1047 859 1081; x_wconf 78' lang='lat' dir='ltr'>cerebri</span> <span class='ocrx_word' id='word_1_96' title='bbox 893 1046 1053 1088; x_wconf 87' lang='lat' dir='ltr'>appellant</span> <span class='ocrx_word' id='word_1_97' title='bbox 1078 1068 1087 1083; x_wconf 89' lang='lat'><em>‚</em></span> 
     </span>
     <span class='ocr_line' id='line_1_15' title="bbox 89 1088 1091 1134; baseline -0.005 -9"><span class='ocrx_word' id='word_1_98' title='bbox 89 1090 367 1134; x_wconf 77' lang='lat' dir='ltr'>hydrocepbalum</span> <span class='ocrx_word' id='word_1_99' title='bbox 403 1104 511 1126; x_wconf 86' lang='lat' dir='ltr'>omnes</span> <span class='ocrx_word' id='word_1_100' title='bbox 546 1100 664 1125; x_wconf 85' lang='lat' dir='ltr'>vocant</span> <span class='ocrx_word' id='word_1_101' title='bbox 686 1115 694 1121; x_wconf 89' lang='lat'>.</span> <span class='ocrx_word' id='word_1_102' title='bbox 829 1090 974 1122; x_wconf 81' lang='lat' dir='ltr'>Primum</span> <span class='ocrx_word' id='word_1_103' title='bbox 1009 1088 1091 1121; x_wconf 91' lang='lat' dir='ltr'>illud</span> 
     </span>
     <span class='ocr_line' id='line_1_16' title="bbox 89 1133 1092 1178; baseline -0.002 -12"><span class='ocrx_word' id='word_1_104' title='bbox 89 1144 185 1176; x_wconf 88' lang='lat' dir='ltr'>atque</span> <span class='ocrx_word' id='word_1_105' title='bbox 208 1137 347 1169; x_wconf 83' lang='lat' dir='ltr'>exterius</span> <span class='ocrx_word' id='word_1_106' title='bbox 372 1134 645 1178; x_wconf 78' lang='lat' dir='ltr'>hydrocephalum</span> <span class='ocrx_word' id='word_1_107' title='bbox 668 1133 722 1166; x_wconf 87' lang='lat' dir='ltr'>etsi</span> <span class='ocrx_word' id='word_1_108' title='bbox 746 1135 780 1166; x_wconf 90' lang='lat' dir='ltr'>in</span> <span class='ocrx_word' id='word_1_109' title='bbox 812 1133 990 1166; x_wconf 83' lang='lat' dir='ltr'>viventibus</span> <span class='ocrx_word' id='word_1_110' title='bbox 1015 1143 1092 1165; x_wconf 87' lang='lat' dir='ltr'>con-</span> 
     </span>
     <span class='ocr_line' id='line_1_17' title="bbox 88 1176 1096 1221; baseline -0.002 -11"><span class='ocrx_word' id='word_1_111' title='bbox 88 1177 268 1220; x_wconf 75' lang='lat' dir='ltr'>speximus,</span> <span class='ocrx_word' id='word_1_112' title='bbox 291 1182 323 1212; x_wconf 80' lang='lat'>&amp;</span> <span class='ocrx_word' id='word_1_113' title='bbox 348 1178 578 1221; x_wconf 77' lang='lat' dir='ltr'>praesertimin</span> <span class='ocrx_word' id='word_1_114' title='bbox 603 1178 707 1211; x_wconf 91' lang='lat' dir='ltr'>nobili</span> <span class='ocrx_word' id='word_1_115' title='bbox 729 1176 875 1216; x_wconf 79' lang='lat' dir='ltr'>infante,</span> <span class='ocrx_word' id='word_1_116' title='bbox 906 1187 1000 1219; x_wconf 83' lang='lat' dir='ltr'>quem</span> <span class='ocrx_word' id='word_1_117' title='bbox 1023 1187 1096 1209; x_wconf 84' lang='lat' dir='ltr'>cum</span> 
     </span>
     <span class='ocr_line' id='line_1_18' title="bbox 88 1218 1098 1267; baseline -0.002 -14"><span class='ocrx_word' id='word_1_118' title='bbox 88 1222 160 1253; x_wconf 85' lang='lat' dir='ltr'>aliis</span> <span class='ocrx_word' id='word_1_119' title='bbox 181 1222 320 1255; x_wconf 78' lang='lat' dir='ltr'>Medicis</span> <span class='ocrx_word' id='word_1_120' title='bbox 344 1222 509 1263; x_wconf 77' lang='lat' dir='ltr'>consulti,</span> <span class='ocrx_word' id='word_1_121' title='bbox 544 1222 605 1255; x_wconf 85' lang='lat' dir='ltr'>sine</span> <span class='ocrx_word' id='word_1_122' title='bbox 637 1220 794 1262; x_wconf 79' lang='lat' dir='ltr'>Chirurgi</span> <span class='ocrx_word' id='word_1_123' title='bbox 830 1219 918 1267; x_wconf 75' lang='lat' dir='ltr'>ferro</span> <span class='ocrx_word' id='word_1_124' title='bbox 937 1243 948 1259; x_wconf 78' lang='lat'><em>,</em></span> <span class='ocrx_word' id='word_1_125' title='bbox 980 1218 1098 1252; x_wconf 84' lang='lat' dir='ltr'>sanavi-</span> 
     </span>
     <span class='ocr_line' id='line_1_19' title="bbox 89 1264 1100 1308; baseline -0.001 -12"><span class='ocrx_word' id='word_1_126' title='bbox 89 1275 192 1308; x_wconf 48' lang='lat' dir='ltr'>mus)-</span> <span class='ocrx_word' id='word_1_127' title='bbox 228 1266 260 1297; x_wconf 91' lang='lat' dir='ltr'>in</span> <span class='ocrx_word' id='word_1_128' title='bbox 284 1267 423 1299; x_wconf 86' lang='lat' dir='ltr'>mortuis</span> <span class='ocrx_word' id='word_1_129' title='bbox 446 1277 549 1300; x_wconf 85' lang='lat' dir='ltr'>tamen</span> <span class='ocrx_word' id='word_1_130' title='bbox 584 1264 785 1299; x_wconf 87' lang='lat' dir='ltr'>examinandi</span> <span class='ocrx_word' id='word_1_131' title='bbox 818 1265 1013 1297; x_wconf 82' lang='lat' dir='ltr'>occasionem</span> <span class='ocrx_word' id='word_1_132' title='bbox 1046 1274 1100 1295; x_wconf 89' lang='lat' dir='ltr'>nec</span> 
     </span>
     <span class='ocr_line' id='line_1_20' title="bbox 91 1308 1101 1351; baseline -0.001 -12"><span class='ocrx_word' id='word_1_133' title='bbox 91 1308 267 1349; x_wconf 78' lang='lat' dir='ltr'>Valsalva,</span> <span class='ocrx_word' id='word_1_134' title='bbox 290 1321 344 1342; x_wconf 88' lang='lat' dir='ltr'>nec</span> <span class='ocrx_word' id='word_1_135' title='bbox 369 1308 425 1351; x_wconf 87' lang='lat' dir='ltr'>ipfi</span> <span class='ocrx_word' id='word_1_136' title='bbox 450 1309 637 1343; x_wconf 82' lang='lat' dir='ltr'>habuimus.</span> <span class='ocrx_word' id='word_1_137' title='bbox 771 1309 893 1341; x_wconf 87' lang='lat' dir='ltr'>Interni</span> <span class='ocrx_word' id='word_1_138' title='bbox 920 1316 1024 1340; x_wconf 84' lang='lat' dir='ltr'>autem</span> <span class='ocrx_word' id='word_1_139' title='bbox 1036 1308 1101 1348; x_wconf 88' lang='lat' dir='ltr'>pri-</span> 
     </span>
     <span class='ocr_line' id='line_1_21' title="bbox 88 1348 1100 1396; baseline -0.003 -12"><span class='ocrx_word' id='word_1_140' title='bbox 88 1361 179 1384; x_wconf 88' lang='lat' dir='ltr'>mum</span> <span class='ocrx_word' id='word_1_141' title='bbox 203 1363 323 1393; x_wconf 83' lang='lat' dir='ltr'>genus,</span> <span class='ocrx_word' id='word_1_142' title='bbox 347 1352 456 1386; x_wconf 86' lang='lat' dir='ltr'>saltem</span> <span class='ocrx_word' id='word_1_143' title='bbox 479 1348 645 1396; x_wconf 74' lang='lat' dir='ltr'>postquam</span> <span class='ocrx_word' id='word_1_144' title='bbox 669 1364 746 1395; x_wconf 86' lang='lat' dir='ltr'>aqua</span> <span class='ocrx_word' id='word_1_145' title='bbox 770 1353 908 1390; x_wconf 84' lang='lat' dir='ltr'>exierat,</span> <span class='ocrx_word' id='word_1_146' title='bbox 929 1351 968 1382; x_wconf 84' lang='lat' dir='ltr'>iis</span> <span class='ocrx_word' id='word_1_147' title='bbox 992 1351 1025 1382; x_wconf 88' lang='lat' dir='ltr'>in</span> <span class='ocrx_word' id='word_1_148' title='bbox 1038 1348 1100 1396; x_wconf 69' lang='lat' dir='ltr'>foe-</span> 
     </span>
     <span class='ocr_line' id='line_1_22' title="bbox 89 1392 1101 1439; baseline -0.002 -12"><span class='ocrx_word' id='word_1_149' title='bbox 89 1394 176 1429; x_wconf 87' lang='lat' dir='ltr'>tibus</span> <span class='ocrx_word' id='word_1_150' title='bbox 200 1395 308 1429; x_wconf 83' lang='lat' dir='ltr'>vidiffe</span> <span class='ocrx_word' id='word_1_151' title='bbox 332 1407 381 1429; x_wconf 89' lang='lat' dir='ltr'>me</span> <span class='ocrx_word' id='word_1_152' title='bbox 402 1420 414 1436; x_wconf 86' lang='grc'>,</span> <span class='ocrx_word' id='word_1_153' title='bbox 437 1397 530 1429; x_wconf 88' lang='lat' dir='ltr'>credo</span> <span class='ocrx_word' id='word_1_154' title='bbox 556 1422 564 1434; x_wconf 82' lang='lat'>,</span> <span class='ocrx_word' id='word_1_155' title='bbox 598 1407 678 1439; x_wconf 87' lang='lat' dir='ltr'>quos</span> <span class='ocrx_word' id='word_1_156' title='bbox 702 1394 831 1428; x_wconf 88' lang='lat' dir='ltr'>cerebro</span> <span class='ocrx_word' id='word_1_157' title='bbox 853 1404 989 1427; x_wconf 82' lang='lat' dir='ltr'>carentes</span> <span class='ocrx_word' id='word_1_158' title='bbox 1012 1392 1101 1426; x_wconf 80' lang='lat' dir='ltr'>disie-</span> 
     </span>
     <span class='ocr_line' id='line_1_23' title="bbox 88 1438 1098 1480; baseline -0.003 -9"><span class='ocrx_word' id='word_1_159' title='bbox 88 1439 164 1476; x_wconf 89' lang='lat' dir='ltr'>cui,</span> <span class='ocrx_word' id='word_1_160' title='bbox 189 1439 274 1472; x_wconf 90' lang='lat' dir='ltr'>velut</span> <span class='ocrx_word' id='word_1_161' title='bbox 300 1439 405 1480; x_wconf 82' lang='lat' dir='ltr'>postea</span> <span class='ocrx_word' id='word_1_162' title='bbox 428 1439 612 1473; x_wconf 75' lang='lat' dir='ltr'>declarabo.</span> <span class='ocrx_word' id='word_1_163' title='bbox 638 1439 783 1472; x_wconf 85' lang='lat' dir='ltr'>Alterius</span> <span class='ocrx_word' id='word_1_164' title='bbox 794 1449 869 1470; x_wconf 86' lang='lat' dir='ltr'>vero</span> <span class='ocrx_word' id='word_1_165' title='bbox 891 1438 1013 1478; x_wconf 87' lang='lat' dir='ltr'>generis</span> <span class='ocrx_word' id='word_1_166' title='bbox 1032 1448 1098 1469; x_wconf 90' lang='lat' dir='ltr'>cre-</span> 
     </span>
     <span class='ocr_line' id='line_1_24' title="bbox 92 1481 1098 1522; baseline -0.001 -8"><span class='ocrx_word' id='word_1_167' title='bbox 92 1481 165 1515; x_wconf 76' lang='lat' dir='ltr'>bras</span> <span class='ocrx_word' id='word_1_168' title='bbox 190 1490 261 1516; x_wconf 89' lang='lat' dir='ltr'>turn</span> <span class='ocrx_word' id='word_1_169' title='bbox 283 1482 461 1522; x_wconf 81' lang='lat' dir='ltr'>Valsalvae,</span> <span class='ocrx_word' id='word_1_170' title='bbox 486 1493 554 1515; x_wconf 86' lang='lat' dir='ltr'>tum</span> <span class='ocrx_word' id='word_1_171' title='bbox 577 1482 660 1516; x_wconf 83' lang='lat' dir='ltr'>mihi</span> <span class='ocrx_word' id='word_1_172' title='bbox 685 1481 742 1515; x_wconf 80' lang='lat' dir='ltr'>esse</span> <span class='ocrx_word' id='word_1_173' title='bbox 765 1481 998 1513; x_wconf 84' lang='lat' dir='ltr'>observationes</span> <span class='ocrx_word' id='word_1_174' title='bbox 1020 1504 1031 1520; x_wconf 78' lang='grc'>,</span> <span class='ocrx_word' id='word_1_175' title='bbox 1060 1492 1098 1513; x_wconf 82' lang='lat' dir='ltr'>ex</span> 
     </span>
     <span class='ocr_line' id='line_1_25' title="bbox 90 1524 1098 1570; baseline -0.003 -12"><span class='ocrx_word' id='word_1_176' title='bbox 90 1525 307 1568; x_wconf 88' lang='lat' dir='ltr'>superioribus</span> <span class='ocrx_word' id='word_1_177' title='bbox 330 1525 484 1569; x_wconf 82' lang='lat' dir='ltr'>Epistolis</span> <span class='ocrx_word' id='word_1_178' title='bbox 509 1537 571 1558; x_wconf 91' lang='lat' dir='ltr'>non</span> <span class='ocrx_word' id='word_1_179' title='bbox 595 1537 655 1558; x_wconf 89' lang='lat' dir='ltr'>una</span> <span class='ocrx_word' id='word_1_180' title='bbox 678 1524 832 1558; x_wconf 88' lang='lat' dir='ltr'>ostendit.</span> <span class='ocrx_word' id='word_1_181' title='bbox 860 1525 1005 1563; x_wconf 81' lang='lat' dir='ltr'>Qarum</span> <span class='ocrx_word' id='word_1_182' title='bbox 1027 1524 1098 1570; x_wconf 75' lang='lat' dir='ltr'>nul-</span> 
     </span>
     <span class='ocr_line' id='line_1_26' title="bbox 91 1568 1099 1609; baseline -0.003 -7"><span class='ocrx_word' id='word_1_183' title='bbox 91 1569 136 1602; x_wconf 82' lang='lat' dir='ltr'>las</span> <span class='ocrx_word' id='word_1_184' title='bbox 160 1570 193 1601; x_wconf 91' lang='lat' dir='ltr'>in</span> <span class='ocrx_word' id='word_1_185' title='bbox 218 1571 325 1602; x_wconf 78' lang='lat' dir='ltr'>animo</span> <span class='ocrx_word' id='word_1_186' title='bbox 350 1569 391 1603; x_wconf 87' lang='lat' dir='ltr'>est</span> <span class='ocrx_word' id='word_1_187' title='bbox 415 1568 468 1602; x_wconf 77' lang='lat' dir='ltr'>hic</span> <span class='ocrx_word' id='word_1_188' title='bbox 493 1571 628 1606; x_wconf 80' lang='lat' dir='ltr'>iterare3</span> <span class='ocrx_word' id='word_1_189' title='bbox 654 1568 704 1601; x_wconf 84' lang='lat' dir='ltr'>sed</span> <span class='ocrx_word' id='word_1_190' title='bbox 728 1579 822 1601; x_wconf 83' lang='lat' dir='ltr'>unam</span> <span class='ocrx_word' id='word_1_191' title='bbox 846 1569 955 1609; x_wconf 82' lang='lat' dir='ltr'>potius</span> <span class='ocrx_word' id='word_1_192' title='bbox 977 1569 1099 1607; x_wconf 71' lang='lat' dir='ltr'>proser-</span> 
     </span>
     <span class='ocr_line' id='line_1_27' title="bbox 90 1609 1098 1654; baseline -0.001 -9"><span class='ocrx_word' id='word_1_193' title='bbox 90 1623 144 1648; x_wconf 87' lang='lat' dir='ltr'>1·e,</span> <span class='ocrx_word' id='word_1_194' title='bbox 172 1614 224 1644; x_wconf 87' lang='lat' dir='ltr'>cui</span> <span class='ocrx_word' id='word_1_195' title='bbox 250 1613 358 1645; x_wconf 87' lang='lat' dir='ltr'>locum</span> <span class='ocrx_word' id='word_1_196' title='bbox 382 1615 415 1645; x_wconf 90' lang='lat' dir='ltr'>in</span> <span class='ocrx_word' id='word_1_197' title='bbox 438 1614 478 1645; x_wconf 81' lang='lat' dir='ltr'>iis</span> <span class='ocrx_word' id='word_1_198' title='bbox 503 1611 659 1653; x_wconf 74' lang='lat' dir='ltr'>Epistolis</span> <span class='ocrx_word' id='word_1_199' title='bbox 682 1621 793 1654; x_wconf 88' lang='lat' dir='ltr'>aptum</span> <span class='ocrx_word' id='word_1_200' title='bbox 817 1622 880 1644; x_wconf 88' lang='lat' dir='ltr'>non</span> <span class='ocrx_word' id='word_1_201' title='bbox 903 1609 994 1644; x_wconf 72' lang='lat' dir='ltr'>fuisse</span> <span class='ocrx_word' id='word_1_202' title='bbox 1010 1634 1018 1647; x_wconf 93' lang='lat'><em>,</em></span> <span class='ocrx_word' id='word_1_203' title='bbox 1044 1622 1098 1644; x_wconf 89' lang='lat' dir='ltr'>co-</span> 
     </span>
     <span class='ocr_line' id='line_1_28' title="bbox 92 1654 1100 1698; baseline -0.001 -11"><span class='ocrx_word' id='word_1_204' title='bbox 92 1654 255 1698; x_wconf 78' lang='lat' dir='ltr'>gnosces.</span> <span class='ocrx_word' id='word_1_205' title='bbox 289 1656 371 1688; x_wconf 75' lang='lat' dir='ltr'>Eam</span> <span class='ocrx_word' id='word_1_206' title='bbox 394 1666 469 1689; x_wconf 87' lang='lat' dir='ltr'>cum</span> <span class='ocrx_word' id='word_1_207' title='bbox 503 1655 666 1697; x_wconf 78' lang='lat' dir='ltr'>protulero</span> <span class='ocrx_word' id='word_1_208' title='bbox 687 1679 700 1696; x_wconf 86' lang='lat'><em>,</em></span> <span class='ocrx_word' id='word_1_209' title='bbox 736 1665 805 1688; x_wconf 91' lang='lat' dir='ltr'>turn</span> <span class='ocrx_word' id='word_1_210' title='bbox 839 1654 1100 1687; x_wconf 70' lang='lat' dir='ltr'>commemorabo</span> 
     </span>
     <span class='ocr_line' id='line_1_29' title="bbox 59 1695 1099 1741; baseline -0.001 -10"><span class='ocrx_word' id='word_1_211' title='bbox 59 1701 62 1706; x_wconf 91' lang='grc'><em>“</em></span> <span class='ocrx_word' id='word_1_212' title='bbox 90 1709 162 1740; x_wconf 81' lang='lat' dir='ltr'>quae</span> <span class='ocrx_word' id='word_1_213' title='bbox 188 1698 276 1737; x_wconf 79' lang='lat' dir='ltr'>vidi,</span> <span class='ocrx_word' id='word_1_214' title='bbox 300 1698 337 1731; x_wconf 86' lang='lat' dir='ltr'>ad</span> <span class='ocrx_word' id='word_1_215' title='bbox 363 1700 528 1741; x_wconf 86' lang='lat' dir='ltr'>primum,</span> <span class='ocrx_word' id='word_1_216' title='bbox 553 1708 588 1731; x_wconf 88' lang='lat' dir='ltr'>ut</span> <span class='ocrx_word' id='word_1_217' title='bbox 615 1708 713 1740; x_wconf 90' lang='lat' dir='ltr'>puto,</span> <span class='ocrx_word' id='word_1_218' title='bbox 739 1700 856 1731; x_wconf 78' lang='lat' dir='ltr'>interni</span> <span class='ocrx_word' id='word_1_219' title='bbox 875 1695 1099 1739; x_wconf 54' lang='lat' dir='ltr'>hydro&#39;epha-</span> 
     </span>
     <span class='ocr_line' id='line_1_30' title="bbox 91 1742 1098 1784; baseline 0 -10"><span class='ocrx_word' id='word_1_220' title='bbox 91 1742 114 1774; x_wconf 89' lang='lat' dir='ltr'>li</span> <span class='ocrx_word' id='word_1_221' title='bbox 161 1752 236 1775; x_wconf 86' lang='lat' dir='ltr'>enus</span> <span class='ocrx_word' id='word_1_222' title='bbox 260 1742 430 1774; x_wconf 76' lang='lat' dir='ltr'>attinentia</span> <span class='ocrx_word' id='word_1_223' title='bbox 454 1756 461 1775; x_wconf 74' lang='lat'>2</span> <span class='ocrx_word' id='word_1_224' title='bbox 493 1754 548 1776; x_wconf 91' lang='lat' dir='ltr'>nec</span> <span class='ocrx_word' id='word_1_225' title='bbox 571 1742 632 1774; x_wconf 82' lang='lat' dir='ltr'>alia</span> <span class='ocrx_word' id='word_1_226' title='bbox 654 1744 691 1775; x_wconf 88' lang='lat' dir='ltr'>de</span> <span class='ocrx_word' id='word_1_227' title='bbox 727 1743 822 1784; x_wconf 82' lang='lat' dir='ltr'>Spina</span> <span class='ocrx_word' id='word_1_228' title='bbox 844 1764 852 1778; x_wconf 84' lang='lat'>‚</span> <span class='ocrx_word' id='word_1_229' title='bbox 887 1752 922 1774; x_wconf 87' lang='lat' dir='ltr'>ut</span> <span class='ocrx_word' id='word_1_230' title='bbox 947 1751 1063 1774; x_wconf 86' lang='lat' dir='ltr'>vocant</span> <span class='ocrx_word' id='word_1_231' title='bbox 1085 1765 1098 1782; x_wconf 90' lang='lat'><em>‚</em></span> 
     </span>
     <span class='ocr_line' id='line_1_31' title="bbox 90 1783 1032 1829; baseline -0.002 -11"><span class='ocrx_word' id='word_1_232' title='bbox 90 1785 122 1819; x_wconf 93' lang='lat' dir='ltr'>bi</span> <span class='ocrx_word' id='word_1_233' title='bbox 151 1784 187 1817; x_wconf 84' lang='lat' dir='ltr'>da</span> <span class='ocrx_word' id='word_1_234' title='bbox 207 1809 215 1822; x_wconf 87' lang='lat'>‚</span> <span class='ocrx_word' id='word_1_235' title='bbox 240 1783 300 1817; x_wconf 69' lang='lat' dir='ltr'>sive</span> <span class='ocrx_word' id='word_1_236' title='bbox 324 1784 362 1818; x_wconf 91' lang='lat' dir='ltr'>de</span> <span class='ocrx_word' id='word_1_237' title='bbox 385 1788 507 1829; x_wconf 85' lang='lat' dir='ltr'>Aqueis</span> <span class='ocrx_word' id='word_1_238' title='bbox 531 1785 624 1829; x_wconf 85' lang='lat' dir='ltr'>hujus</span> <span class='ocrx_word' id='word_1_239' title='bbox 647 1785 847 1820; x_wconf 89' lang='lat' dir='ltr'>Tumoribus</span> <span class='ocrx_word' id='word_1_240' title='bbox 872 1785 1032 1817; x_wconf 86' lang='lat' dir='ltr'>reticebo.</span> 
     </span>
    </p>

    <p class='ocr_par' dir='ltr' id='par_1_7' title="bbox 57 1829 1101 3521">
     <span class='ocr_line' id='line_1_32' title="bbox 134 1829 1100 1873; baseline -0.001 -12"><span class='ocrx_word' id='word_1_241' title='bbox 134 1838 163 1861; x_wconf 90' lang='lat'>2.</span> <span class='ocrx_word' id='word_1_242' title='bbox 188 1829 340 1868; x_wconf 77' lang='lat' dir='ltr'>ANUS,</span> <span class='ocrx_word' id='word_1_243' title='bbox 365 1829 432 1871; x_wconf 78' lang='lat' dir='ltr'>post</span> <span class='ocrx_word' id='word_1_244' title='bbox 458 1841 530 1863; x_wconf 87' lang='lat' dir='ltr'>uam</span> <span class='ocrx_word' id='word_1_245' title='bbox 553 1830 683 1873; x_wconf 88' lang='lat' dir='ltr'>antiqua</span> <span class='ocrx_word' id='word_1_246' title='bbox 708 1838 833 1862; x_wconf 87' lang='lat' dir='ltr'>artuum</span> <span class='ocrx_word' id='word_1_247' title='bbox 844 1829 971 1868; x_wconf 82' lang='lat' dir='ltr'>ulcera,</span> <span class='ocrx_word' id='word_1_248' title='bbox 995 1829 1100 1861; x_wconf 89' lang='lat' dir='ltr'>minus</span> 
     </span>
     <span class='ocr_line' id='line_1_33' title="bbox 89 1870 1100 1916; baseline 0 -12"><span class='ocrx_word' id='word_1_249' title='bbox 89 1870 155 1915; x_wconf 83' lang='lat' dir='ltr'>jam</span> <span class='ocrx_word' id='word_1_250' title='bbox 178 1872 212 1904; x_wconf 86' lang='lat' dir='ltr'>in</span> <span class='ocrx_word' id='word_1_251' title='bbox 235 1871 324 1911; x_wconf 79' lang='lat' dir='ltr'>dies,</span> <span class='ocrx_word' id='word_1_252' title='bbox 347 1875 433 1906; x_wconf 89' lang='lat' dir='ltr'>minu</span> <span class='ocrx_word' id='word_1_253' title='bbox 452 1885 512 1916; x_wconf 87' lang='lat' dir='ltr'>que</span> <span class='ocrx_word' id='word_1_254' title='bbox 536 1874 696 1907; x_wconf 84' lang='lat' dir='ltr'>manantia</span> <span class='ocrx_word' id='word_1_255' title='bbox 716 1896 727 1913; x_wconf 91' lang='lat'><em>‚</em></span> <span class='ocrx_word' id='word_1_256' title='bbox 751 1872 912 1905; x_wconf 76' lang='lat' dir='ltr'>novissime</span> <span class='ocrx_word' id='word_1_257' title='bbox 936 1872 1023 1904; x_wconf 88' lang='lat' dir='ltr'>arida</span> <span class='ocrx_word' id='word_1_258' title='bbox 1046 1884 1100 1914; x_wconf 90' lang='lat' dir='ltr'>ap-</span> 
     </span>
     <span class='ocr_line' id='line_1_34' title="bbox 93 1914 1100 1959; baseline 0.003 -13"><span class='ocrx_word' id='word_1_259' title='bbox 93 1924 284 1956; x_wconf 83' lang='lat' dir='ltr'>paruerant,</span> <span class='ocrx_word' id='word_1_260' title='bbox 307 1914 415 1948; x_wconf 79' lang='lat' dir='ltr'>sensim</span> <span class='ocrx_word' id='word_1_261' title='bbox 440 1917 524 1959; x_wconf 84' lang='lat' dir='ltr'>quasi</span> <span class='ocrx_word' id='word_1_262' title='bbox 550 1930 566 1950; x_wconf 87' lang='lat' dir='ltr'>a</span> <span class='ocrx_word' id='word_1_263' title='bbox 590 1916 747 1949; x_wconf 65' lang='lat' dir='ltr'>senectute</span> <span class='ocrx_word' id='word_1_264' title='bbox 769 1914 916 1949; x_wconf 66' lang='lat' dir='ltr'>confeeta</span> <span class='ocrx_word' id='word_1_265' title='bbox 938 1939 951 1956; x_wconf 85' lang='grc'>,</span> <span class='ocrx_word' id='word_1_266' title='bbox 974 1925 1100 1949; x_wconf 90' lang='lat' dir='ltr'>mortua</span> 
     </span>
     <span class='ocr_line' id='line_1_35' title="bbox 91 1956 1101 2002; baseline 0.001 -12"><span class='ocrx_word' id='word_1_267' title='bbox 91 1956 151 1991; x_wconf 88' lang='lat' dir='ltr'>est.</span> <span class='ocrx_word' id='word_1_268' title='bbox 285 1959 517 1993; x_wconf 85' lang='lat' dir='ltr'>CADAVER</span> <span class='ocrx_word' id='word_1_269' title='bbox 541 1958 718 2002; x_wconf 79' lang='lat' dir='ltr'>Gymnafio</span> <span class='ocrx_word' id='word_1_270' title='bbox 742 1958 817 1993; x_wconf 85' lang='lat' dir='ltr'>huic</span> <span class='ocrx_word' id='word_1_271' title='bbox 841 1958 944 1998; x_wconf 85' lang='lat' dir='ltr'>ceffit,</span> <span class='ocrx_word' id='word_1_272' title='bbox 969 1970 1042 1992; x_wconf 91' lang='lat' dir='ltr'>cum</span> <span class='ocrx_word' id='word_1_273' title='bbox 1058 1960 1101 1992; x_wconf 85' lang='lat' dir='ltr'>al-</span> 
     </span>
     <span class='ocr_line' id='line_1_36' title="bbox 90 2001 1101 2045; baseline 0.001 -11"><span class='ocrx_word' id='word_1_274' title='bbox 90 2010 156 2035; x_wconf 87' lang='lat' dir='ltr'>tera</span> <span class='ocrx_word' id='word_1_275' title='bbox 180 2013 251 2045; x_wconf 80' lang='lat' dir='ltr'>quae</span> <span class='ocrx_word' id='word_1_276' title='bbox 275 2003 318 2036; x_wconf 88' lang='lat' dir='ltr'>A.</span> <span class='ocrx_word' id='word_1_277' title='bbox 346 2012 437 2045; x_wconf 81' lang='lat'>1725.</span> <span class='ocrx_word' id='word_1_278' title='bbox 461 2003 635 2037; x_wconf 74' lang='lat' dir='ltr'>habebatur</span> <span class='ocrx_word' id='word_1_279' title='bbox 659 2004 841 2042; x_wconf 66' lang='lat' dir='ltr'>Ammine,</span> <span class='ocrx_word' id='word_1_280' title='bbox 865 2001 930 2045; x_wconf 85' lang='lat' dir='ltr'>jam</span> <span class='ocrx_word' id='word_1_281' title='bbox 944 2001 983 2035; x_wconf 90' lang='lat' dir='ltr'>ad</span> <span class='ocrx_word' id='word_1_282' title='bbox 1006 2001 1101 2035; x_wconf 84' lang='lat' dir='ltr'>finem</span> 
     </span>
     <span class='ocr_line' id='line_1_37' title="bbox 91 2045 1101 2090; baseline 0.002 -12"><span class='ocrx_word' id='word_1_283' title='bbox 91 2045 266 2090; x_wconf 55' lang='lat' dir='ltr'>spectaret.</span> <span class='ocrx_word' id='word_1_284' title='bbox 294 2047 402 2089; x_wconf 80' lang='lat' dir='ltr'>Igitur</span> <span class='ocrx_word' id='word_1_285' title='bbox 425 2046 541 2079; x_wconf 82' lang='lat' dir='ltr'>viscera</span> <span class='ocrx_word' id='word_1_286' title='bbox 566 2048 713 2090; x_wconf 83' lang='lat' dir='ltr'>pleraque</span> <span class='ocrx_word' id='word_1_287' title='bbox 738 2048 847 2080; x_wconf 86' lang='lat' dir='ltr'>omnia</span> <span class='ocrx_word' id='word_1_288' title='bbox 870 2046 934 2089; x_wconf 88' lang='lat' dir='ltr'>ipse</span> <span class='ocrx_word' id='word_1_289' title='bbox 960 2045 1101 2088; x_wconf 87' lang='lat' dir='ltr'>perscru-</span> 
     </span>
     <span class='ocr_line' id='line_1_38' title="bbox 91 2088 1101 2133; baseline 0.001 -12"><span class='ocrx_word' id='word_1_290' title='bbox 91 2098 203 2129; x_wconf 82' lang='lat' dir='ltr'>tatus,</span> <span class='ocrx_word' id='word_1_291' title='bbox 226 2100 336 2132; x_wconf 84' lang='lat' dir='ltr'>Jecur,</span> <span class='ocrx_word' id='word_1_292' title='bbox 360 2092 392 2122; x_wconf 70' lang='grc' dir='ltr'>δε</span> <span class='ocrx_word' id='word_1_293' title='bbox 415 2088 554 2133; x_wconf 84' lang='lat' dir='ltr'>splenem</span> <span class='ocrx_word' id='word_1_294' title='bbox 578 2090 787 2123; x_wconf 88' lang='lat' dir='ltr'>animadverti</span> <span class='ocrx_word' id='word_1_295' title='bbox 802 2090 1023 2132; x_wconf 77' lang='lat' dir='ltr'>magnitudine</span> <span class='ocrx_word' id='word_1_296' title='bbox 1046 2101 1101 2122; x_wconf 87' lang='lat' dir='ltr'>ex-</span> 
     </span>
     <span class='ocr_line' id='line_1_39' title="bbox 57 2132 1100 2175; baseline 0 -10"><span class='ocrx_word' id='word_1_297' title='bbox 57 2156 65 2159; x_wconf 29' lang='grc' dir='ltr'><em>κ</em></span> <span class='ocrx_word' id='word_1_298' title='bbox 92 2132 199 2166; x_wconf 80' lang='lat' dir='ltr'>cedere</span> <span class='ocrx_word' id='word_1_299' title='bbox 225 2133 425 2175; x_wconf 82' lang='lat' dir='ltr'>aliquantum</span> <span class='ocrx_word' id='word_1_300' title='bbox 455 2135 630 2168; x_wconf 82' lang='lat' dir='ltr'>naturalem</span> <span class='ocrx_word' id='word_1_301' title='bbox 655 2134 786 2168; x_wconf 88' lang='lat' dir='ltr'>modum</span> <span class='ocrx_word' id='word_1_302' title='bbox 806 2157 819 2174; x_wconf 83' lang='lat'><em>,</em></span> <span class='ocrx_word' id='word_1_303' title='bbox 851 2144 906 2165; x_wconf 88' lang='lat' dir='ltr'>nec</span> <span class='ocrx_word' id='word_1_304' title='bbox 930 2132 1100 2166; x_wconf 81' lang='lat' dir='ltr'>substantia</span> 
     </span>
     <span class='ocr_line' id='line_1_40' title="bbox 93 2176 1099 2219; baseline 0 -10"><span class='ocrx_word' id='word_1_305' title='bbox 93 2176 163 2219; x_wconf 88' lang='lat' dir='ltr'>ipsa</span> <span class='ocrx_word' id='word_1_306' title='bbox 199 2177 333 2209; x_wconf 87' lang='lat' dir='ltr'>omnino</span> <span class='ocrx_word' id='word_1_307' title='bbox 356 2176 413 2209; x_wconf 79' lang='lat' dir='ltr'>esse</span> <span class='ocrx_word' id='word_1_308' title='bbox 447 2176 617 2211; x_wconf 85' lang='lat' dir='ltr'>secundum</span> <span class='ocrx_word' id='word_1_309' title='bbox 643 2186 815 2209; x_wconf 86' lang='lat' dir='ltr'>naturam.</span> <span class='ocrx_word' id='word_1_310' title='bbox 851 2176 963 2209; x_wconf 85' lang='lat' dir='ltr'>Multo</span> <span class='ocrx_word' id='word_1_311' title='bbox 996 2186 1099 2209; x_wconf 87' lang='lat' dir='ltr'>autem</span> 
     </span>
     <span class='ocr_line' id='line_1_41' title="bbox 88 2220 1099 2261; baseline -0.001 -9"><span class='ocrx_word' id='word_1_312' title='bbox 88 2228 184 2252; x_wconf 77' lang='lat' dir='ltr'>erant</span> <span class='ocrx_word' id='word_1_313' title='bbox 211 2231 307 2261; x_wconf 83' lang='lat' dir='ltr'>aequo</span> <span class='ocrx_word' id='word_1_314' title='bbox 331 2220 503 2260; x_wconf 83' lang='lat' dir='ltr'>ampliores</span> <span class='ocrx_word' id='word_1_315' title='bbox 527 2230 599 2253; x_wconf 87' lang='lat' dir='ltr'>tum</span> <span class='ocrx_word' id='word_1_316' title='bbox 622 2230 778 2256; x_wconf 86' lang='lat' dir='ltr'>ureteres,</span> <span class='ocrx_word' id='word_1_317' title='bbox 804 2229 873 2252; x_wconf 89' lang='lat' dir='ltr'>tum</span> <span class='ocrx_word' id='word_1_318' title='bbox 899 2230 1007 2251; x_wconf 89' lang='lat' dir='ltr'>renum</span> <span class='ocrx_word' id='word_1_319' title='bbox 1033 2220 1099 2260; x_wconf 86' lang='lat' dir='ltr'>pel-</span> 
     </span>
     <span class='ocr_line' id='line_1_42' title="bbox 91 2262 1099 2304; baseline 0 -9"><span class='ocrx_word' id='word_1_320' title='bbox 91 2274 144 2295; x_wconf 84' lang='lat' dir='ltr'>ves</span> <span class='ocrx_word' id='word_1_321' title='bbox 160 2286 168 2300; x_wconf 97' lang='lat'>,</span> <span class='ocrx_word' id='word_1_322' title='bbox 194 2262 320 2295; x_wconf 86' lang='lat' dir='ltr'>indicio</span> <span class='ocrx_word' id='word_1_323' title='bbox 343 2272 406 2294; x_wconf 92' lang='lat' dir='ltr'>non</span> <span class='ocrx_word' id='word_1_324' title='bbox 430 2262 565 2296; x_wconf 88' lang='lat' dir='ltr'>obscuro</span> <span class='ocrx_word' id='word_1_325' title='bbox 584 2287 597 2304; x_wconf 86' lang='lat'><em>,</em></span> <span class='ocrx_word' id='word_1_326' title='bbox 630 2262 720 2296; x_wconf 84' lang='lat' dir='ltr'>fuisse</span> <span class='ocrx_word' id='word_1_327' title='bbox 743 2263 823 2295; x_wconf 88' lang='lat' dir='ltr'>olim</span> <span class='ocrx_word' id='word_1_328' title='bbox 848 2262 1011 2295; x_wconf 84' lang='lat' dir='ltr'>mulierem</span> <span class='ocrx_word' id='word_1_329' title='bbox 1034 2263 1099 2295; x_wconf 88' lang='lat' dir='ltr'>cal-</span> 
     </span>
     <span class='ocr_line' id='line_1_43' title="bbox 91 2304 1100 2348; baseline 0 -10"><span class='ocrx_word' id='word_1_330' title='bbox 91 2307 196 2343; x_wconf 87' lang='lat' dir='ltr'>culis,</span> <span class='ocrx_word' id='word_1_331' title='bbox 219 2314 274 2339; x_wconf 89' lang='lat' dir='ltr'>aut</span> <span class='ocrx_word' id='word_1_332' title='bbox 291 2304 369 2337; x_wconf 35' lang='lat' dir='ltr'>saliis</span> <span class='ocrx_word' id='word_1_333' title='bbox 392 2315 503 2338; x_wconf 88' lang='lat' dir='ltr'>renum</span> <span class='ocrx_word' id='word_1_334' title='bbox 524 2308 614 2339; x_wconf 86' lang='lat' dir='ltr'>vitiis</span> <span class='ocrx_word' id='word_1_335' title='bbox 637 2307 812 2339; x_wconf 83' lang='lat' dir='ltr'>obnoxiam</span> <span class='ocrx_word' id='word_1_336' title='bbox 838 2322 846 2337; x_wconf 90' lang='lat'>.·</span> <span class='ocrx_word' id='word_1_337' title='bbox 880 2317 946 2348; x_wconf 82' lang='lat' dir='ltr'>quo</span> <span class='ocrx_word' id='word_1_338' title='bbox 970 2309 1002 2338; x_wconf 91' lang='lat'>&amp;</span> <span class='ocrx_word' id='word_1_339' title='bbox 1029 2317 1100 2347; x_wconf 86' lang='lat' dir='ltr'>par-</span> 
     </span>
     <span class='ocr_line' id='line_1_44' title="bbox 91 2348 1099 2389; baseline 0 -7"><span class='ocrx_word' id='word_1_340' title='bbox 91 2351 227 2382; x_wconf 80' lang='lat' dir='ltr'>vitatem</span> <span class='ocrx_word' id='word_1_341' title='bbox 249 2348 354 2381; x_wconf 88' lang='lat' dir='ltr'>censui</span> <span class='ocrx_word' id='word_1_342' title='bbox 378 2349 513 2381; x_wconf 84' lang='lat' dir='ltr'>attinere</span> <span class='ocrx_word' id='word_1_343' title='bbox 537 2352 620 2382; x_wconf 88' lang='lat' dir='ltr'>renis</span> <span class='ocrx_word' id='word_1_344' title='bbox 643 2349 765 2383; x_wconf 87' lang='lat' dir='ltr'>dexteri</span> <span class='ocrx_word' id='word_1_345' title='bbox 787 2372 799 2389; x_wconf 79' lang='grc'>,</span> <span class='ocrx_word' id='word_1_346' title='bbox 831 2348 970 2382; x_wconf 88' lang='lat' dir='ltr'>dimidio</span> <span class='ocrx_word' id='word_1_347' title='bbox 993 2351 1099 2382; x_wconf 86' lang='lat' dir='ltr'>mino-</span> 
     </span>
     <span class='ocr_line' id='line_1_45' title="bbox 95 2390 1099 2434; baseline 0 -9"><span class='ocrx_word' id='word_1_348' title='bbox 95 2394 139 2425; x_wconf 81' lang='lat' dir='ltr'>ris</span> <span class='ocrx_word' id='word_1_349' title='bbox 163 2403 258 2434; x_wconf 84' lang='lat' dir='ltr'>quarn</span> <span class='ocrx_word' id='word_1_350' title='bbox 283 2390 423 2424; x_wconf 81' lang='lat' dir='ltr'>sinister.</span> <span class='ocrx_word' id='word_1_351' title='bbox 449 2392 542 2425; x_wconf 85' lang='lat' dir='ltr'>Tuba</span> <span class='ocrx_word' id='word_1_352' title='bbox 567 2392 685 2426; x_wconf 79' lang='lat' dir='ltr'>sinistra</span> <span class='ocrx_word' id='word_1_353' title='bbox 698 2393 924 2433; x_wconf 86' lang='lat' dir='ltr'>Falloppiana‚</span> <span class='ocrx_word' id='word_1_354' title='bbox 949 2391 1099 2432; x_wconf 78' lang='lat' dir='ltr'>fimbriis,</span> 
     </span>
     <span class='ocr_line' id='line_1_46' title="bbox 97 2433 1099 2477; baseline 0.001 -9"><span class='ocrx_word' id='word_1_355' title='bbox 97 2435 332 2477; x_wconf 68' lang='lat' dir='ltr'>interjeetoquc</span> <span class='ocrx_word' id='word_1_356' title='bbox 366 2433 417 2468; x_wconf 89' lang='lat' dir='ltr'>his</span> <span class='ocrx_word' id='word_1_357' title='bbox 449 2435 578 2468; x_wconf 81' lang='lat' dir='ltr'>orificio</span> <span class='ocrx_word' id='word_1_358' title='bbox 602 2437 734 2469; x_wconf 80' lang='lat' dir='ltr'>omnino</span> <span class='ocrx_word' id='word_1_359' title='bbox 766 2435 879 2467; x_wconf 81' lang='lat' dir='ltr'>deletis</span> <span class='ocrx_word' id='word_1_360' title='bbox 903 2459 910 2473; x_wconf 92' lang='lat'>‚</span> <span class='ocrx_word' id='word_1_361' title='bbox 944 2436 977 2467; x_wconf 88' lang='lat' dir='ltr'>in</span> <span class='ocrx_word' id='word_1_362' title='bbox 1000 2447 1099 2469; x_wconf 84' lang='lat' dir='ltr'>unum</span> 
     </span>
     <span class='ocr_line' id='line_1_47' title="bbox 94 2477 1098 2521; baseline -0.001 -9"><span class='ocrx_word' id='word_1_363' title='bbox 94 2490 208 2521; x_wconf 87' lang='lat' dir='ltr'>corpus</span> <span class='ocrx_word' id='word_1_364' title='bbox 233 2487 377 2511; x_wconf 85' lang='lat' dir='ltr'>extremo</span> <span class='ocrx_word' id='word_1_365' title='bbox 400 2477 459 2510; x_wconf 89' lang='lat' dir='ltr'>illo</span> <span class='ocrx_word' id='word_1_366' title='bbox 481 2480 641 2512; x_wconf 77' lang='lat' dir='ltr'>coaluerat</span> <span class='ocrx_word' id='word_1_367' title='bbox 666 2491 738 2513; x_wconf 88' lang='lat' dir='ltr'>cum</span> <span class='ocrx_word' id='word_1_368' title='bbox 752 2481 880 2512; x_wconf 79' lang='lat' dir='ltr'>ovario.</span> <span class='ocrx_word' id='word_1_369' title='bbox 905 2478 1015 2512; x_wconf 78' lang='lat' dir='ltr'>Fundo</span> <span class='ocrx_word' id='word_1_370' title='bbox 1029 2489 1098 2513; x_wconf 88' lang='lat' dir='ltr'>ute-</span> 
     </span>
     <span class='ocr_line' id='line_1_48' title="bbox 93 2520 1098 2565; baseline 0 -10"><span class='ocrx_word' id='word_1_371' title='bbox 93 2523 122 2555; x_wconf 86' lang='lat' dir='ltr'>ri</span> <span class='ocrx_word' id='word_1_372' title='bbox 147 2531 255 2565; x_wconf 86' lang='lat' dir='ltr'>aperto</span> <span class='ocrx_word' id='word_1_373' title='bbox 275 2544 288 2560; x_wconf 80' lang='grc'>,</span> <span class='ocrx_word' id='word_1_374' title='bbox 321 2520 489 2563; x_wconf 67' lang='grc' dir='ltr'>σοηΓρεὲὶει</span> <span class='ocrx_word' id='word_1_375' title='bbox 513 2522 554 2556; x_wconf 86' lang='lat' dir='ltr'>est</span> <span class='ocrx_word' id='word_1_376' title='bbox 577 2524 610 2555; x_wconf 91' lang='lat' dir='ltr'>in</span> <span class='ocrx_word' id='word_1_377' title='bbox 635 2524 705 2565; x_wconf 83' lang='lat' dir='ltr'>ipso</span> <span class='ocrx_word' id='word_1_378' title='bbox 729 2520 824 2556; x_wconf 81' lang='lat' dir='ltr'>hu&#39;us</span> <span class='ocrx_word' id='word_1_379' title='bbox 857 2522 952 2554; x_wconf 89' lang='lat' dir='ltr'>latere</span> <span class='ocrx_word' id='word_1_380' title='bbox 975 2521 1098 2557; x_wconf 81' lang='lat' dir='ltr'>finistro</span> 
     </span>
     <span class='ocr_line' id='line_1_49' title="bbox 91 2534 784 2608; baseline -0.003 -9"><span class='ocrx_word' id='word_1_381' title='bbox 91 2565 299 2599; x_wconf 68' lang='lat' dir='ltr'>excrescentia</span> <span class='ocrx_word' id='word_1_382' title='bbox 313 2590 320 2603; x_wconf 87' lang='lat'>‚</span> <span class='ocrx_word' id='word_1_383' title='bbox 345 2575 415 2607; x_wconf 83' lang='lat' dir='ltr'>quae</span> <span class='ocrx_word' id='word_1_384' title='bbox 438 2566 661 2608; x_wconf 78' lang='lat' dir='ltr'>magnitudine</span> <span class='ocrx_word' id='word_1_385' title='bbox 676 2588 685 2603; x_wconf 84' lang='lat'><em>,</em></span> <span class='ocrx_word' id='word_1_386' title='bbox 707 2569 739 2599; x_wconf 65' lang='lat' dir='ltr'>&amp;c</span> <span class='ocrx_word' id='word_1_387' title='bbox 763 2534 784 2597; x_wconf 52' lang='lat' dir='ltr'>s)</span> 
     </span>
     <span class='ocr_line' id='line_1_50' title="bbox 91 2607 1098 2649; baseline 0.001 -8"><span class='ocrx_word' id='word_1_388' title='bbox 91 2608 244 2643; x_wconf 87' lang='lat' dir='ltr'>referebat</span> <span class='ocrx_word' id='word_1_389' title='bbox 269 2608 439 2649; x_wconf 82' lang='lat' dir='ltr'>lupinum,</span> <span class='ocrx_word' id='word_1_390' title='bbox 464 2607 524 2642; x_wconf 80' lang='lat' dir='ltr'>basi</span> <span class='ocrx_word' id='word_1_391' title='bbox 548 2610 717 2643; x_wconf 83' lang='lat' dir='ltr'>dumtaxat</span> <span class='ocrx_word' id='word_1_392' title='bbox 741 2619 833 2642; x_wconf 88' lang='lat' dir='ltr'>utero</span> <span class='ocrx_word' id='word_1_393' title='bbox 856 2618 996 2649; x_wconf 86' lang='lat' dir='ltr'>annexa,</span> <span class='ocrx_word' id='word_1_394' title='bbox 1017 2609 1098 2642; x_wconf 82' lang='lat' dir='ltr'>facie</span> 
     </span>
     <span class='ocr_line' id='line_1_51' title="bbox 93 2651 1099 2694; baseline 0.001 -9"><span class='ocrx_word' id='word_1_395' title='bbox 93 2662 200 2685; x_wconf 86' lang='lat' dir='ltr'>autem</span> <span class='ocrx_word' id='word_1_396' title='bbox 223 2660 355 2694; x_wconf 87' lang='lat' dir='ltr'>utraque</span> <span class='ocrx_word' id='word_1_397' title='bbox 378 2651 502 2690; x_wconf 85' lang='lat' dir='ltr'>soluta,</span> <span class='ocrx_word' id='word_1_398' title='bbox 527 2655 558 2686; x_wconf 72' lang='grc' dir='ltr'>δε</span> <span class='ocrx_word' id='word_1_399' title='bbox 582 2654 677 2692; x_wconf 80' lang='lat' dir='ltr'>laevi,</span> <span class='ocrx_word' id='word_1_400' title='bbox 702 2664 757 2685; x_wconf 93' lang='lat' dir='ltr'>nec</span> <span class='ocrx_word' id='word_1_401' title='bbox 781 2651 865 2686; x_wconf 84' lang='lat' dir='ltr'>secus</span> <span class='ocrx_word' id='word_1_402' title='bbox 890 2664 924 2685; x_wconf 89' lang='lat' dir='ltr'>ac</span> <span class='ocrx_word' id='word_1_403' title='bbox 947 2651 1039 2687; x_wconf 88' lang='lat' dir='ltr'>fundi</span> <span class='ocrx_word' id='word_1_404' title='bbox 1062 2665 1099 2686; x_wconf 89' lang='lat' dir='ltr'>u-</span> 
     </span>
     <span class='ocr_line' id='line_1_52' title="bbox 91 2693 1098 2737; baseline 0 -8"><span class='ocrx_word' id='word_1_405' title='bbox 91 2695 212 2730; x_wconf 85' lang='lat' dir='ltr'>niversa</span> <span class='ocrx_word' id='word_1_406' title='bbox 235 2696 371 2728; x_wconf 87' lang='lat' dir='ltr'>interior</span> <span class='ocrx_word' id='word_1_407' title='bbox 394 2693 490 2728; x_wconf 84' lang='lat' dir='ltr'>facies</span> <span class='ocrx_word' id='word_1_408' title='bbox 512 2720 520 2735; x_wconf 91' lang='lat'>‚</span> <span class='ocrx_word' id='word_1_409' title='bbox 550 2695 750 2731; x_wconf 83' lang='lat' dir='ltr'>rubicunda.</span> <span class='ocrx_word' id='word_1_410' title='bbox 884 2697 997 2729; x_wconf 86' lang='lat' dir='ltr'>Cranii</span> <span class='ocrx_word' id='word_1_411' title='bbox 1020 2720 1033 2737; x_wconf 85' lang='lat'><em>,</em></span> <span class='ocrx_word' id='word_1_412' title='bbox 1066 2700 1098 2729; x_wconf 74' lang='lat' dir='ltr'>Sc</span> 
     </span>
     <span class='ocr_line' id='line_1_53' title="bbox 92 2737 1098 2783; baseline 0.002 -12"><span class='ocrx_word' id='word_1_413' title='bbox 92 2738 180 2782; x_wconf 89' lang='lat' dir='ltr'>quod</span> <span class='ocrx_word' id='word_1_414' title='bbox 202 2737 406 2781; x_wconf 84' lang='lat' dir='ltr'>consequitur</span> <span class='ocrx_word' id='word_1_415' title='bbox 423 2762 436 2779; x_wconf 85' lang='grc'>,</span> <span class='ocrx_word' id='word_1_416' title='bbox 466 2739 583 2772; x_wconf 89' lang='lat' dir='ltr'>cerebri</span> <span class='ocrx_word' id='word_1_417' title='bbox 607 2740 708 2783; x_wconf 88' lang='lat' dir='ltr'>figura</span> <span class='ocrx_word' id='word_1_418' title='bbox 742 2747 808 2772; x_wconf 86' lang='lat' dir='ltr'>erat</span> <span class='ocrx_word' id='word_1_419' title='bbox 833 2739 994 2772; x_wconf 88' lang='lat' dir='ltr'>abnormis</span> <span class='ocrx_word' id='word_1_420' title='bbox 1017 2762 1026 2777; x_wconf 84' lang='lat'>‚</span> <span class='ocrx_word' id='word_1_421' title='bbox 1061 2749 1098 2773; x_wconf 85' lang='lat' dir='ltr'>ut</span> 
     </span>
     <span class='ocr_line' id='line_1_54' title="bbox 93 2781 1094 2826; baseline 0 -11"><span class='ocrx_word' id='word_1_422' title='bbox 93 2781 239 2824; x_wconf 82' lang='lat' dir='ltr'>Epistola</span> <span class='ocrx_word' id='word_1_423' title='bbox 264 2783 290 2814; x_wconf 89' lang='lat' dir='ltr'>I.</span> <span class='ocrx_word' id='word_1_424' title='bbox 315 2784 329 2819; x_wconf 85' lang='lat'>(</span> <span class='ocrx_word' id='word_1_425' title='bbox 350 2793 368 2815; x_wconf 85' lang='lat' dir='ltr'>a</span> <span class='ocrx_word' id='word_1_426' title='bbox 392 2784 403 2820; x_wconf 92' lang='lat'><em>)</em></span> <span class='ocrx_word' id='word_1_427' title='bbox 425 2781 595 2826; x_wconf 65' lang='lat' dir='ltr'>descripfiff</span> <span class='ocrx_word' id='word_1_428' title='bbox 619 2784 687 2817; x_wconf 81' lang='lat' dir='ltr'>haec</span> <span class='ocrx_word' id='word_1_429' title='bbox 710 2784 864 2815; x_wconf 85' lang='lat' dir='ltr'>enimilla</span> <span class='ocrx_word' id='word_1_430' title='bbox 886 2781 1021 2816; x_wconf 83' lang='lat' dir='ltr'>foemina</span> <span class='ocrx_word' id='word_1_431' title='bbox 1033 2782 1094 2823; x_wconf 86' lang='lat' dir='ltr'>est,</span> 
     </span>
     <span class='ocr_line' id='line_1_55' title="bbox 95 2825 1092 2869; baseline 0 -11"><span class='ocrx_word' id='word_1_432' title='bbox 95 2825 132 2858; x_wconf 90' lang='lat' dir='ltr'>de</span> <span class='ocrx_word' id='word_1_433' title='bbox 156 2837 218 2868; x_wconf 85' lang='lat' dir='ltr'>qua</span> <span class='ocrx_word' id='word_1_434' title='bbox 242 2825 287 2857; x_wconf 88' lang='lat' dir='ltr'>ibi</span> <span class='ocrx_word' id='word_1_435' title='bbox 311 2827 344 2857; x_wconf 89' lang='lat' dir='ltr'>in</span> <span class='ocrx_word' id='word_1_436' title='bbox 366 2834 506 2859; x_wconf 79' lang='lat' dir='ltr'>extrema</span> <span class='ocrx_word' id='word_1_437' title='bbox 529 2826 684 2869; x_wconf 84' lang='lat' dir='ltr'>quadam,</span> <span class='ocrx_word' id='word_1_438' title='bbox 709 2838 746 2859; x_wconf 85' lang='lat' dir='ltr'>ex</span> <span class='ocrx_word' id='word_1_439' title='bbox 770 2835 857 2869; x_wconf 83' lang='lat' dir='ltr'>parte</span> <span class='ocrx_word' id='word_1_440' title='bbox 871 2825 947 2859; x_wconf 87' lang='lat' dir='ltr'>huic</span> <span class='ocrx_word' id='word_1_441' title='bbox 973 2826 1092 2865; x_wconf 79' lang='lat' dir='ltr'>simili,</span> 
     </span>
     <span class='ocr_line' id='line_1_56' title="bbox 93 2868 1095 2913; baseline 0.002 -12"><span class='ocrx_word' id='word_1_442' title='bbox 93 2868 224 2902; x_wconf 83' lang='lat' dir='ltr'>historia</span> <span class='ocrx_word' id='word_1_443' title='bbox 256 2869 448 2901; x_wconf 87' lang='lat' dir='ltr'>mentionem</span> <span class='ocrx_word' id='word_1_444' title='bbox 470 2868 599 2912; x_wconf 80' lang='lat' dir='ltr'>injeci,</span> <span class='ocrx_word' id='word_1_445' title='bbox 630 2872 751 2913; x_wconf 83' lang='lat' dir='ltr'>reliqua</span> <span class='ocrx_word' id='word_1_446' title='bbox 785 2870 862 2902; x_wconf 88' lang='lat' dir='ltr'>alibi</span> <span class='ocrx_word' id='word_1_447' title='bbox 894 2870 1060 2911; x_wconf 80' lang='lat' dir='ltr'>pollicitus</span> <span class='ocrx_word' id='word_1_448' title='bbox 1082 2894 1095 2911; x_wconf 90' lang='lat'><em>,</em></span> 
     </span>
     <span class='ocr_line' id='line_1_57' title="bbox 92 2909 1096 2955; baseline 0.003 -12"><span class='ocrx_word' id='word_1_449' title='bbox 92 2911 179 2955; x_wconf 82' lang='lat' dir='ltr'>quod</span> <span class='ocrx_word' id='word_1_450' title='bbox 212 2909 266 2944; x_wconf 82' lang='lat' dir='ltr'>hic</span> <span class='ocrx_word' id='word_1_451' title='bbox 291 2910 437 2945; x_wconf 85' lang='lat' dir='ltr'>videlicet</span> <span class='ocrx_word' id='word_1_452' title='bbox 470 2912 602 2955; x_wconf 64' lang='lat' dir='ltr'>praesto.</span> <span class='ocrx_word' id='word_1_453' title='bbox 732 2913 892 2946; x_wconf 86' lang='lat' dir='ltr'>Laterales</span> <span class='ocrx_word' id='word_1_454' title='bbox 925 2914 1096 2947; x_wconf 84' lang='lat' dir='ltr'>ventriculi</span> 
     </span>
     <span class='ocr_line' id='line_1_58' title="bbox 94 2954 1095 2999; baseline 0.003 -13"><span class='ocrx_word' id='word_1_455' title='bbox 94 2954 261 2998; x_wconf 75' lang='lat' dir='ltr'>plenissimi</span> <span class='ocrx_word' id='word_1_456' title='bbox 284 2964 369 2988; x_wconf 83' lang='lat' dir='ltr'>erant</span> <span class='ocrx_word' id='word_1_457' title='bbox 390 2966 473 2999; x_wconf 82' lang='lat' dir='ltr'>aqua</span> <span class='ocrx_word' id='word_1_458' title='bbox 495 2956 623 2991; x_wconf 86' lang='lat' dir='ltr'>turbida</span> <span class='ocrx_word' id='word_1_459' title='bbox 638 2983 645 2988; x_wconf 88' lang='lat'>.</span> <span class='ocrx_word' id='word_1_460' title='bbox 670 2956 855 2990; x_wconf 86' lang='lat' dir='ltr'>Choroides</span> <span class='ocrx_word' id='word_1_461' title='bbox 879 2956 989 2998; x_wconf 86' lang='lat' dir='ltr'>plexus</span> <span class='ocrx_word' id='word_1_462' title='bbox 1011 2957 1095 2989; x_wconf 88' lang='lat' dir='ltr'>albe-</span> 
     </span>
     <span class='ocr_line' id='line_1_59' title="bbox 94 2999 1096 3044; baseline 0 -12"><span class='ocrx_word' id='word_1_463' title='bbox 94 2999 218 3032; x_wconf 77' lang='lat' dir='ltr'>scebant</span> <span class='ocrx_word' id='word_1_464' title='bbox 232 3023 241 3031; x_wconf 91' lang='lat'><strong>.</strong></span> <span class='ocrx_word' id='word_1_465' title='bbox 263 2999 405 3040; x_wconf 88' lang='lat' dir='ltr'>Corpora</span> <span class='ocrx_word' id='word_1_466' title='bbox 428 3000 546 3033; x_wconf 86' lang='lat' dir='ltr'>Stria-ta</span> <span class='ocrx_word' id='word_1_467' title='bbox 560 3025 570 3040; x_wconf 94' lang='lat'><strong>,</strong></span> <span class='ocrx_word' id='word_1_468' title='bbox 594 3011 781 3044; x_wconf 84' lang='lat' dir='ltr'>quocunque</span> <span class='ocrx_word' id='word_1_469' title='bbox 803 3001 963 3037; x_wconf 87' lang='lat' dir='ltr'>cultrum,</span> <span class='ocrx_word' id='word_1_470' title='bbox 988 3000 1096 3034; x_wconf 83' lang='lat' dir='ltr'>assula-</span> 
     </span>
     <span class='ocr_line' id='line_1_60' title="bbox 93 3040 1096 3086; baseline 0.001 -11"><span class='ocrx_word' id='word_1_471' title='bbox 93 3044 155 3075; x_wconf 86' lang='lat' dir='ltr'>tim</span> <span class='ocrx_word' id='word_1_472' title='bbox 180 3040 336 3081; x_wconf 71' lang='lat' dir='ltr'>secando,</span> <span class='ocrx_word' id='word_1_473' title='bbox 359 3041 535 3085; x_wconf 83' lang='lat' dir='ltr'>dirigeres,</span> <span class='ocrx_word' id='word_1_474' title='bbox 557 3055 595 3076; x_wconf 90' lang='lat' dir='ltr'>ex</span> <span class='ocrx_word' id='word_1_475' title='bbox 618 3045 738 3076; x_wconf 85' lang='lat' dir='ltr'>cinerea</span> <span class='ocrx_word' id='word_1_476' title='bbox 761 3043 880 3086; x_wconf 87' lang='lat' dir='ltr'>ubique</span> <span class='ocrx_word' id='word_1_477' title='bbox 903 3042 1068 3077; x_wconf 85' lang='lat' dir='ltr'>substantia</span> <span class='ocrx_word' id='word_1_478' title='bbox 1085 3069 1096 3085; x_wconf 88' lang='lat'>,</span> 
     </span>
     <span class='ocr_line' id='line_1_61' title="bbox 92 3085 1101 3129; baseline 0.001 -10"><span class='ocrx_word' id='word_1_479' title='bbox 92 3085 283 3119; x_wconf 76' lang='lat' dir='ltr'>mirantibus</span> <span class='ocrx_word' id='word_1_480' title='bbox 306 3086 363 3127; x_wconf 89' lang='lat' dir='ltr'>qui</span> <span class='ocrx_word' id='word_1_481' title='bbox 386 3086 511 3119; x_wconf 84' lang='lat' dir='ltr'>aderant</span> <span class='ocrx_word' id='word_1_482' title='bbox 531 3111 543 3128; x_wconf 89' lang='lat'><em>,</em></span> <span class='ocrx_word' id='word_1_483' title='bbox 573 3087 725 3129; x_wconf 81' lang='lat' dir='ltr'>nusquam</span> <span class='ocrx_word' id='word_1_484' title='bbox 757 3087 943 3120; x_wconf 83' lang='lat' dir='ltr'>medullares</span> <span class='ocrx_word' id='word_1_485' title='bbox 975 3086 1064 3120; x_wconf 86' lang='lat' dir='ltr'>strias</span> <span class='ocrx_word' id='word_1_486' title='bbox 1088 3111 1101 3128; x_wconf 83' lang='lat'><em>‚</em></span> 
     </span>
     <span class='ocr_line' id='line_1_62' title="bbox 93 3126 1097 3174; baseline -0.001 -11"><span class='ocrx_word' id='word_1_487' title='bbox 93 3129 146 3163; x_wconf 87' lang='lat' dir='ltr'>sed</span> <span class='ocrx_word' id='word_1_488' title='bbox 176 3127 308 3171; x_wconf 72' lang='lat' dir='ltr'>disjeeta</span> <span class='ocrx_word' id='word_1_489' title='bbox 340 3126 538 3163; x_wconf 86' lang='lat' dir='ltr'>solummodo</span> <span class='ocrx_word' id='word_1_490' title='bbox 560 3130 747 3164; x_wconf 86' lang='lat' dir='ltr'>medullaria</span> <span class='ocrx_word' id='word_1_491' title='bbox 769 3131 887 3174; x_wconf 69' lang='lat' dir='ltr'>puncta</span> <span class='ocrx_word' id='word_1_492' title='bbox 921 3141 1065 3173; x_wconf 85' lang='lat' dir='ltr'>apparere</span> <span class='ocrx_word' id='word_1_493' title='bbox 1090 3156 1097 3162; x_wconf 97' lang='lat'>.</span> 
     </span>
     <span class='ocr_line' id='line_1_63' title="bbox 93 3172 1097 3218; baseline 0.003 -12"><span class='ocrx_word' id='word_1_494' title='bbox 93 3173 316 3210; x_wconf 76' lang='lat' dir='ltr'>Cerebellum,</span> <span class='ocrx_word' id='word_1_495' title='bbox 340 3179 375 3204; x_wconf 88' lang='lat' dir='ltr'>ut</span> <span class='ocrx_word' id='word_1_496' title='bbox 397 3172 532 3206; x_wconf 78' lang='lat' dir='ltr'>medulla</span> <span class='ocrx_word' id='word_1_497' title='bbox 555 3186 682 3218; x_wconf 90' lang='lat' dir='ltr'>quoque</span> <span class='ocrx_word' id='word_1_498' title='bbox 694 3175 905 3216; x_wconf 83' lang='lat' dir='ltr'>Oblongata,</span> <span class='ocrx_word' id='word_1_499' title='bbox 928 3173 1097 3209; x_wconf 78' lang='lat' dir='ltr'>flaccidum</span> 
     </span>
     <span class='ocr_line' id='line_1_64' title="bbox 93 3214 1097 3260; baseline 0.004 -11"><span class='ocrx_word' id='word_1_500' title='bbox 93 3214 179 3249; x_wconf 83' lang='lat' dir='ltr'>fuit.</span> <span class='ocrx_word' id='word_1_501' title='bbox 204 3216 351 3260; x_wconf 77' lang='lat' dir='ltr'>Denique</span> <span class='ocrx_word' id='word_1_502' title='bbox 376 3216 577 3250; x_wconf 87' lang='lat' dir='ltr'>Pituitariam</span> <span class='ocrx_word' id='word_1_503' title='bbox 608 3218 793 3259; x_wconf 65' lang='lat' dir='ltr'>glandularia</span> <span class='ocrx_word' id='word_1_504' title='bbox 816 3228 890 3250; x_wconf 86' lang='lat' dir='ltr'>cum</span> <span class='ocrx_word' id='word_1_505' title='bbox 922 3217 1012 3251; x_wconf 85' lang='lat' dir='ltr'>valde</span> <span class='ocrx_word' id='word_1_506' title='bbox 1037 3217 1097 3253; x_wconf 87' lang='lat' dir='ltr'>hu-</span> 
     </span>
     <span class='ocr_line' id='line_1_65' title="bbox 92 3256 1097 3301; baseline -0.001 -9"><span class='ocrx_word' id='word_1_507' title='bbox 92 3260 224 3299; x_wconf 79' lang='lat' dir='ltr'>milem,</span> <span class='ocrx_word' id='word_1_508' title='bbox 247 3270 282 3292; x_wconf 84' lang='lat' dir='ltr'>ac</span> <span class='ocrx_word' id='word_1_509' title='bbox 306 3256 511 3292; x_wconf 76' lang='lat' dir='ltr'>iubfidentem</span> <span class='ocrx_word' id='word_1_510' title='bbox 532 3259 839 3300; x_wconf 81' lang='lat' dir='ltr'>animadvertissem,</span> <span class='ocrx_word' id='word_1_511' title='bbox 861 3260 1097 3301; x_wconf 86' lang='lat' dir='ltr'>diligenterex-</span> 
     </span>
     <span class='ocr_line' id='line_1_66' title="bbox 93 3301 1096 3347; baseline 0.002 -11"><span class='ocrx_word' id='word_1_512' title='bbox 93 3305 201 3343; x_wconf 82' lang='lat' dir='ltr'>traxi,</span> <span class='ocrx_word' id='word_1_513' title='bbox 224 3305 255 3335; x_wconf 83' lang='lat'>&amp;</span> <span class='ocrx_word' id='word_1_514' title='bbox 278 3303 419 3344; x_wconf 81' lang='lat' dir='ltr'>primum</span> <span class='ocrx_word' id='word_1_515' title='bbox 440 3301 502 3334; x_wconf 88' lang='lat' dir='ltr'>fine</span> <span class='ocrx_word' id='word_1_516' title='bbox 523 3304 709 3347; x_wconf 86' lang='lat' dir='ltr'>Appendice</span> <span class='ocrx_word' id='word_1_517' title='bbox 730 3303 787 3338; x_wconf 83' lang='lat' dir='ltr'>esse</span> <span class='ocrx_word' id='word_1_518' title='bbox 809 3303 899 3344; x_wconf 85' lang='lat' dir='ltr'>vidi,</span> <span class='ocrx_word' id='word_1_519' title='bbox 922 3306 955 3336; x_wconf 91' lang='lat' dir='ltr'>in</span> <span class='ocrx_word' id='word_1_520' title='bbox 974 3303 1096 3338; x_wconf 89' lang='lat' dir='ltr'>Adver-</span> 
     </span>
     <span class='ocr_line' id='line_1_67' title="bbox 93 3344 1095 3391; baseline 0.002 -10"><span class='ocrx_word' id='word_1_521' title='bbox 93 3348 183 3381; x_wconf 83' lang='lat' dir='ltr'>sariis</span> <span class='ocrx_word' id='word_1_522' title='bbox 209 3346 270 3378; x_wconf 76' lang='lat' dir='ltr'>VI·</span> <span class='ocrx_word' id='word_1_523' title='bbox 307 3344 394 3385; x_wconf 76' lang='lat' dir='ltr'>(b)</span> <span class='ocrx_word' id='word_1_524' title='bbox 425 3344 580 3389; x_wconf 86' lang='lat' dir='ltr'>descripta</span> <span class='ocrx_word' id='word_1_525' title='bbox 600 3371 614 3388; x_wconf 86' lang='lat'><em>‚</em></span> <span class='ocrx_word' id='word_1_526' title='bbox 647 3351 679 3381; x_wconf 78' lang='grc' dir='ltr'>δι</span> <span class='ocrx_word' id='word_1_527' title='bbox 709 3348 866 3382; x_wconf 83' lang='lat' dir='ltr'>delineata</span> <span class='ocrx_word' id='word_1_528' title='bbox 888 3370 897 3385; x_wconf 92' lang='lat'>‚</span> <span class='ocrx_word' id='word_1_529' title='bbox 927 3357 997 3380; x_wconf 87' lang='lat' dir='ltr'>tum</span> <span class='ocrx_word' id='word_1_530' title='bbox 1030 3347 1095 3391; x_wconf 81' lang='lat' dir='ltr'>ejus</span> 
     </span>
     <span class='ocr_line' id='line_1_68' title="bbox 92 3387 1094 3435; baseline 0.003 -12"><span class='ocrx_word' id='word_1_531' title='bbox 92 3400 206 3432; x_wconf 86' lang='lat' dir='ltr'>corpus</span> <span class='ocrx_word' id='word_1_532' title='bbox 237 3400 275 3422; x_wconf 76' lang='lat' dir='ltr'>ex</span> <span class='ocrx_word' id='word_1_533' title='bbox 299 3387 389 3421; x_wconf 79' lang='lat' dir='ltr'>fusco</span> <span class='ocrx_word' id='word_1_534' title='bbox 421 3389 532 3423; x_wconf 84' lang='lat' dir='ltr'>flavere</span> <span class='ocrx_word' id='word_1_535' title='bbox 552 3413 565 3430; x_wconf 88' lang='lat'><em>,</em></span> <span class='ocrx_word' id='word_1_536' title='bbox 598 3394 630 3424; x_wconf 86' lang='lat'>&amp;</span> <span class='ocrx_word' id='word_1_537' title='bbox 659 3393 693 3424; x_wconf 88' lang='lat' dir='ltr'>in</span> <span class='ocrx_word' id='word_1_538' title='bbox 717 3392 745 3425; x_wconf 89' lang='lat' dir='ltr'>se</span> <span class='ocrx_word' id='word_1_539' title='bbox 774 3391 977 3425; x_wconf 69' lang='lat' dir='ltr'>contraetum</span> <span class='ocrx_word' id='word_1_540' title='bbox 998 3400 1094 3435; x_wconf 82' lang='lat' dir='ltr'>atque</span> 
     </span>
     <span class='ocr_line' id='line_1_69' title="bbox 91 3431 1094 3476; baseline 0 -9"><span class='ocrx_word' id='word_1_541' title='bbox 91 3432 283 3475; x_wconf 76' lang='lat' dir='ltr'>strigosum,</span> <span class='ocrx_word' id='word_1_542' title='bbox 305 3431 479 3475; x_wconf 72' lang='lat' dir='ltr'>praesertim</span> <span class='ocrx_word' id='word_1_543' title='bbox 500 3432 588 3475; x_wconf 89' lang='lat' dir='ltr'>quod</span> <span class='ocrx_word' id='word_1_544' title='bbox 609 3434 647 3467; x_wconf 85' lang='lat' dir='ltr'>ad</span> <span class='ocrx_word' id='word_1_545' title='bbox 679 3435 883 3469; x_wconf 84' lang='lat' dir='ltr'>altitudinem</span> <span class='ocrx_word' id='word_1_546' title='bbox 906 3435 1059 3468; x_wconf 83' lang='lat' dir='ltr'>attinebat</span> <span class='ocrx_word' id='word_1_547' title='bbox 1082 3460 1094 3476; x_wconf 88' lang='lat'><em>,</em></span> 
     </span>
     <span class='ocr_line' id='line_1_70' title="bbox 92 3475 987 3521; baseline -0.001 -10"><span class='ocrx_word' id='word_1_548' title='bbox 92 3479 199 3511; x_wconf 85' lang='lat' dir='ltr'>multo</span> <span class='ocrx_word' id='word_1_549' title='bbox 221 3477 326 3509; x_wconf 87' lang='lat' dir='ltr'>minus</span> <span class='ocrx_word' id='word_1_550' title='bbox 348 3486 443 3517; x_wconf 86' lang='lat' dir='ltr'>quarn</span> <span class='ocrx_word' id='word_1_551' title='bbox 467 3475 564 3509; x_wconf 85' lang='lat' dir='ltr'>soleat</span> <span class='ocrx_word' id='word_1_552' title='bbox 580 3499 589 3514; x_wconf 91' lang='lat'>‚</span> <span class='ocrx_word' id='word_1_553' title='bbox 613 3476 731 3512; x_wconf 89' lang='lat' dir='ltr'>sursum</span> <span class='ocrx_word' id='word_1_554' title='bbox 754 3476 963 3521; x_wconf 78' lang='lat' dir='ltr'>protuberasse</span> <span class='ocrx_word' id='word_1_555' title='bbox 981 3503 987 3509; x_wconf 92' lang='lat'>.</span> 
     </span>
    </p>

    <p class='ocr_par' dir='ltr' id='par_1_8' title="bbox 138 3520 1098 3567">
     <span class='ocr_line' id='line_1_71' title="bbox 138 3520 1098 3567; baseline 0.004 -16"><span class='ocrx_word' id='word_1_556' title='bbox 138 3532 167 3567; x_wconf 83' lang='lat'>3.</span> <span class='ocrx_word' id='word_1_557' title='bbox 195 3520 228 3552; x_wconf 90' lang='lat' dir='ltr'>Si</span> <span class='ocrx_word' id='word_1_558' title='bbox 255 3521 385 3562; x_wconf 82' lang='lat' dir='ltr'>antiqua</span> <span class='ocrx_word' id='word_1_559' title='bbox 404 3543 418 3560; x_wconf 82' lang='lat'><em>,</em></span> <span class='ocrx_word' id='word_1_560' title='bbox 440 3523 472 3553; x_wconf 72' lang='grc' dir='ltr'>ἃ·</span> <span class='ocrx_word' id='word_1_561' title='bbox 497 3520 656 3554; x_wconf 80' lang='lat' dir='ltr'>noviffima</span> <span class='ocrx_word' id='word_1_562' title='bbox 678 3522 773 3566; x_wconf 83' lang='lat' dir='ltr'>hujus</span> <span class='ocrx_word' id='word_1_563' title='bbox 809 3521 950 3555; x_wconf 85' lang='lat' dir='ltr'>foeminae</span> <span class='ocrx_word' id='word_1_564' title='bbox 974 3523 1098 3556; x_wconf 90' lang='lat' dir='ltr'>incom-</span> 
     </span>
    </p>
   </div>
   <div class='ocr_carea' id='block_1_6' title="bbox 779 2564 1116 2599">
    <p class='ocr_par' dir='ltr' id='par_1_9' title="bbox 779 2564 1116 2599">
     <span class='ocr_line' id='line_1_72' title="bbox 779 2564 1116 2599; baseline 0 -1"><span class='ocrx_word' id='word_1_565' title='bbox 779 2576 867 2599; x_wconf 90' lang='lat' dir='ltr'>orma</span> <span class='ocrx_word' id='word_1_566' title='bbox 887 2564 1097 2599; x_wconf 82' lang='lat' dir='ltr'>dimidiatum</span> <span class='ocrx_word' id='word_1_567' title='bbox 1113 2573 1116 2576; x_wconf 73' lang='grc'>’</span> 
     </span>
    </p>
   </div>
   <div class='ocr_carea' id='block_1_7' title="bbox 1139 653 2164 3568">
    <p class='ocr_par' dir='ltr' id='par_1_10' title="bbox 1139 653 2164 3163">
     <span class='ocr_line' id='line_1_73' title="bbox 1143 653 2147 698; baseline 0 -11"><span class='ocrx_word' id='word_1_568' title='bbox 1143 653 1258 695; x_wconf 85' lang='lat' dir='ltr'>moda,</span> <span class='ocrx_word' id='word_1_569' title='bbox 1282 663 1426 688; x_wconf 84' lang='lat' dir='ltr'>accurate</span> <span class='ocrx_word' id='word_1_570' title='bbox 1450 656 1565 698; x_wconf 82' lang='lat' dir='ltr'>aliquis</span> <span class='ocrx_word' id='word_1_571' title='bbox 1589 653 1763 691; x_wconf 80' lang='lat' dir='ltr'>adnotasset</span> <span class='ocrx_word' id='word_1_572' title='bbox 1779 678 1791 697; x_wconf 83' lang='lat'>‚</span> <span class='ocrx_word' id='word_1_573' title='bbox 1814 667 1852 688; x_wconf 80' lang='lat' dir='ltr'>ex</span> <span class='ocrx_word' id='word_1_574' title='bbox 1875 666 1942 698; x_wconf 88' lang='lat' dir='ltr'>quo</span> <span class='ocrx_word' id='word_1_575' title='bbox 1957 654 2147 698; x_wconf 87' lang='lat' dir='ltr'>inquirendo</span> 
     </span>
     <span class='ocr_line' id='line_1_74' title="bbox 1142 698 2150 742; baseline 0.002 -13"><span class='ocrx_word' id='word_1_576' title='bbox 1142 698 1332 739; x_wconf 86' lang='lat' dir='ltr'>cognoscere</span> <span class='ocrx_word' id='word_1_577' title='bbox 1356 698 1557 741; x_wconf 84' lang='lat' dir='ltr'>potuissem;</span> <span class='ocrx_word' id='word_1_578' title='bbox 1587 712 1659 735; x_wconf 88' lang='lat' dir='ltr'>curn</span> <span class='ocrx_word' id='word_1_579' title='bbox 1683 701 1772 742; x_wconf 84' lang='lat' dir='ltr'>plura</span> <span class='ocrx_word' id='word_1_580' title='bbox 1794 711 1866 742; x_wconf 76' lang='lat' dir='ltr'>quae</span> <span class='ocrx_word' id='word_1_581' title='bbox 1888 722 1907 739; x_wconf 13' lang='grc' dir='ltr'>,γ</span> <span class='ocrx_word' id='word_1_582' title='bbox 1934 698 2113 734; x_wconf 76' lang='lat' dir='ltr'>dissecando</span> <span class='ocrx_word' id='word_1_583' title='bbox 2136 720 2150 738; x_wconf 86' lang='lat'>,</span> 
     </span>
     <span class='ocr_line' id='line_1_75' title="bbox 1143 741 2151 785; baseline 0.001 -13"><span class='ocrx_word' id='word_1_584' title='bbox 1143 741 1284 784; x_wconf 81' lang='lat' dir='ltr'>perspexi</span> <span class='ocrx_word' id='word_1_585' title='bbox 1306 766 1318 782; x_wconf 83' lang='lat'><em>‚</em></span> <span class='ocrx_word' id='word_1_586' title='bbox 1342 741 1395 774; x_wconf 91' lang='lat' dir='ltr'>hic</span> <span class='ocrx_word' id='word_1_587' title='bbox 1420 743 1606 785; x_wconf 83' lang='lat' dir='ltr'>perpendere</span> <span class='ocrx_word' id='word_1_588' title='bbox 1638 755 1701 776; x_wconf 90' lang='lat' dir='ltr'>non</span> <span class='ocrx_word' id='word_1_589' title='bbox 1725 744 1910 776; x_wconf 87' lang='lat' dir='ltr'>omitterem</span> <span class='ocrx_word' id='word_1_590' title='bbox 1932 767 1944 783; x_wconf 85' lang='lat'><em>,</em></span> <span class='ocrx_word' id='word_1_591' title='bbox 1976 752 2045 776; x_wconf 83' lang='lat' dir='ltr'>turn</span> <span class='ocrx_word' id='word_1_592' title='bbox 2068 750 2151 773; x_wconf 84' lang='lat' dir='ltr'>certe</span> 
     </span>
     <span class='ocr_line' id='line_1_76' title="bbox 1141 783 2146 828; baseline -0.001 -12"><span class='ocrx_word' id='word_1_593' title='bbox 1141 785 1208 816; x_wconf 80' lang='lat' dir='ltr'>alio</span> <span class='ocrx_word' id='word_1_594' title='bbox 1232 788 1339 826; x_wconf 87' lang='lat' dir='ltr'>potius</span> <span class='ocrx_word' id='word_1_595' title='bbox 1362 796 1458 828; x_wconf 79' lang='lat' dir='ltr'>quarn</span> <span class='ocrx_word' id='word_1_596' title='bbox 1473 786 1557 822; x_wconf 86' lang='lat' dir='ltr'>huc,</span> <span class='ocrx_word' id='word_1_597' title='bbox 1580 787 1834 819; x_wconf 68' lang='lat' dir='ltr'>observationem</span> <span class='ocrx_word' id='word_1_598' title='bbox 1861 786 1940 819; x_wconf 89' lang='lat' dir='ltr'>hanc</span> <span class='ocrx_word' id='word_1_599' title='bbox 1954 783 2146 818; x_wconf 80' lang='lat' dir='ltr'>retulissem.</span> 
     </span>
     <span class='ocr_line' id='line_1_77' title="bbox 1143 827 2149 871; baseline -0.002 -11"><span class='ocrx_word' id='word_1_600' title='bbox 1143 828 1242 868; x_wconf 81' lang='lat' dir='ltr'>Qod</span> <span class='ocrx_word' id='word_1_601' title='bbox 1268 828 1333 861; x_wconf 79' lang='lat' dir='ltr'>fieri</span> <span class='ocrx_word' id='word_1_602' title='bbox 1359 838 1480 870; x_wconf 84' lang='lat' dir='ltr'>poterat</span> <span class='ocrx_word' id='word_1_603' title='bbox 1503 828 1540 861; x_wconf 92' lang='lat' dir='ltr'>de</span> <span class='ocrx_word' id='word_1_604' title='bbox 1562 829 1750 871; x_wconf 59' lang='lat' dir='ltr'>quibus-,am</span> <span class='ocrx_word' id='word_1_605' title='bbox 1781 830 1814 861; x_wconf 89' lang='lat' dir='ltr'>in</span> <span class='ocrx_word' id='word_1_606' title='bbox 1836 827 1917 862; x_wconf 84' lang='lat' dir='ltr'>hanc</span> <span class='ocrx_word' id='word_1_607' title='bbox 1950 827 2149 871; x_wconf 87' lang='lat' dir='ltr'>Sepulchreti</span> 
     </span>
     <span class='ocr_line' id='line_1_78' title="bbox 1139 872 2150 915; baseline -0.001 -12"><span class='ocrx_word' id='word_1_608' title='bbox 1139 872 1235 915; x_wconf 57' lang='lat' dir='ltr'>XVI.</span> <span class='ocrx_word' id='word_1_609' title='bbox 1260 873 1438 905; x_wconf 60' lang='lat' dir='ltr'>&amp;echonem</span> <span class='ocrx_word' id='word_1_610' title='bbox 1462 872 1591 906; x_wconf 81' lang='lat' dir='ltr'>collatis</span> <span class='ocrx_word' id='word_1_611' title='bbox 1612 899 1619 911; x_wconf 95' lang='lat'>,</span> <span class='ocrx_word' id='word_1_612' title='bbox 1654 872 1827 915; x_wconf 63' lang='lat' dir='ltr'>praesertim</span> <span class='ocrx_word' id='word_1_613' title='bbox 1851 884 1924 905; x_wconf 85' lang='lat' dir='ltr'>vero</span> <span class='ocrx_word' id='word_1_614' title='bbox 1954 873 1991 906; x_wconf 91' lang='lat' dir='ltr'>de</span> <span class='ocrx_word' id='word_1_615' title='bbox 2014 883 2047 903; x_wconf 83' lang='lat' dir='ltr'>ea</span> <span class='ocrx_word' id='word_1_616' title='bbox 2080 881 2150 912; x_wconf 75' lang='lat' dir='ltr'>quae</span> 
     </span>
     <span class='ocr_line' id='line_1_79' title="bbox 1141 912 2151 958; baseline 0.001 -13"><span class='ocrx_word' id='word_1_617' title='bbox 1141 914 1197 947; x_wconf 76' lang='lat' dir='ltr'>sub</span> <span class='ocrx_word' id='word_1_618' title='bbox 1237 926 1322 947; x_wconf 87' lang='lat' dir='ltr'>num.</span> <span class='ocrx_word' id='word_1_619' title='bbox 1360 917 1421 948; x_wconf 87' lang='lat' dir='ltr'>VI.</span> <span class='ocrx_word' id='word_1_620' title='bbox 1447 919 1479 948; x_wconf 86' lang='lat'>&amp;</span> <span class='ocrx_word' id='word_1_621' title='bbox 1501 914 1539 947; x_wconf 86' lang='lat' dir='ltr'>de</span> <span class='ocrx_word' id='word_1_622' title='bbox 1573 919 1674 958; x_wconf 64' lang='lat' dir='ltr'>prima</span> <span class='ocrx_word' id='word_1_623' title='bbox 1702 940 1713 956; x_wconf 85' lang='lat'><em>,</em></span> <span class='ocrx_word' id='word_1_624' title='bbox 1748 925 1841 958; x_wconf 84' lang='lat' dir='ltr'>atque</span> <span class='ocrx_word' id='word_1_625' title='bbox 1868 917 1964 948; x_wconf 84' lang='lat' dir='ltr'>altera</span> <span class='ocrx_word' id='word_1_626' title='bbox 1999 925 2069 958; x_wconf 83' lang='lat' dir='ltr'>quae</span> <span class='ocrx_word' id='word_1_627' title='bbox 2093 912 2151 947; x_wconf 85' lang='lat' dir='ltr'>sub</span> 
     </span>
     <span class='ocr_line' id='line_1_80' title="bbox 1141 957 2150 1002; baseline 0.006 -13"><span class='ocrx_word' id='word_1_628' title='bbox 1141 969 1228 990; x_wconf 88' lang='lat' dir='ltr'>num.</span> <span class='ocrx_word' id='word_1_629' title='bbox 1253 959 1334 990; x_wconf 87' lang='lat' dir='ltr'>VII.</span> <span class='ocrx_word' id='word_1_630' title='bbox 1351 960 1383 991; x_wconf 89' lang='lat' dir='ltr'>in</span> <span class='ocrx_word' id='word_1_631' title='bbox 1408 959 1649 993; x_wconf 76' lang='lat' dir='ltr'>Additamentis</span> <span class='ocrx_word' id='word_1_632' title='bbox 1663 969 1908 1002; x_wconf 82' lang='lat' dir='ltr'>proponuntur5</span> <span class='ocrx_word' id='word_1_633' title='bbox 1933 971 2030 1002; x_wconf 88' lang='lat' dir='ltr'>neque</span> <span class='ocrx_word' id='word_1_634' title='bbox 2044 957 2150 995; x_wconf 73' lang='lat' dir='ltr'>enirn»</span> 
     </span>
     <span class='ocr_line' id='line_1_81' title="bbox 1141 1000 2146 1045; baseline -0.001 -12"><span class='ocrx_word' id='word_1_635' title='bbox 1141 1000 1230 1042; x_wconf 83' lang='lat' dir='ltr'>quod</span> <span class='ocrx_word' id='word_1_636' title='bbox 1254 1002 1352 1034; x_wconf 74' lang='lat' dir='ltr'>etiam</span> <span class='ocrx_word' id='word_1_637' title='bbox 1376 1000 1468 1043; x_wconf 83' lang='lat' dir='ltr'>supra</span> <span class='ocrx_word' id='word_1_638' title='bbox 1493 1003 1630 1035; x_wconf 79' lang='lat' dir='ltr'>indicavi</span> <span class='ocrx_word' id='word_1_639' title='bbox 1648 1027 1659 1043; x_wconf 87' lang='grc'>,</span> <span class='ocrx_word' id='word_1_640' title='bbox 1684 1002 1840 1045; x_wconf 86' lang='lat' dir='ltr'>plerisque</span> <span class='ocrx_word' id='word_1_641' title='bbox 1865 1003 1993 1043; x_wconf 84' lang='lat' dir='ltr'>placet,</span> <span class='ocrx_word' id='word_1_642' title='bbox 2017 1002 2072 1034; x_wconf 89' lang='lat' dir='ltr'>ubi</span> <span class='ocrx_word' id='word_1_643' title='bbox 2093 1011 2146 1032; x_wconf 84' lang='lat' dir='ltr'>ca-</span> 
     </span>
     <span class='ocr_line' id='line_1_82' title="bbox 1142 1044 2152 1087; baseline 0 -12"><span class='ocrx_word' id='word_1_644' title='bbox 1142 1054 1200 1087; x_wconf 79' lang='lat' dir='ltr'>put</span> <span class='ocrx_word' id='word_1_645' title='bbox 1225 1055 1287 1076; x_wconf 87' lang='lat' dir='ltr'>non</span> <span class='ocrx_word' id='word_1_646' title='bbox 1312 1053 1414 1077; x_wconf 85' lang='lat' dir='ltr'>tumet</span> <span class='ocrx_word' id='word_1_647' title='bbox 1436 1068 1447 1084; x_wconf 86' lang='lat'><em>,</em></span> <span class='ocrx_word' id='word_1_648' title='bbox 1471 1045 1515 1076; x_wconf 86' lang='lat' dir='ltr'>ibi</span> <span class='ocrx_word' id='word_1_649' title='bbox 1542 1046 1814 1087; x_wconf 75' lang='lat' dir='ltr'>liydroceplialum</span> <span class='ocrx_word' id='word_1_650' title='bbox 1840 1045 2007 1086; x_wconf 89' lang='lat' dir='ltr'>agnoscere</span> <span class='ocrx_word' id='word_1_651' title='bbox 2028 1069 2035 1074; x_wconf 87' lang='lat'><em>.</em></span> <span class='ocrx_word' id='word_1_652' title='bbox 2070 1044 2152 1076; x_wconf 84' lang='lat' dir='ltr'>Non</span> 
     </span>
     <span class='ocr_line' id='line_1_83' title="bbox 1143 1085 2155 1131; baseline 0 -13"><span class='ocrx_word' id='word_1_653' title='bbox 1143 1085 1185 1118; x_wconf 82' lang='lat' dir='ltr'>est</span> <span class='ocrx_word' id='word_1_654' title='bbox 1209 1096 1313 1119; x_wconf 87' lang='lat' dir='ltr'>tamen</span> <span class='ocrx_word' id='word_1_655' title='bbox 1337 1087 1577 1128; x_wconf 81' lang='lat' dir='ltr'>dubitandum,</span> <span class='ocrx_word' id='word_1_656' title='bbox 1601 1091 1678 1131; x_wconf 83' lang='lat' dir='ltr'>quin</span> <span class='ocrx_word' id='word_1_657' title='bbox 1696 1094 1767 1121; x_wconf 88' lang='lat' dir='ltr'>curn</span> <span class='ocrx_word' id='word_1_658' title='bbox 1787 1088 1985 1121; x_wconf 86' lang='lat' dir='ltr'>multaintra</span> <span class='ocrx_word' id='word_1_659' title='bbox 2008 1087 2155 1120; x_wconf 83' lang='lat' dir='ltr'>cranium</span> 
     </span>
     <span class='ocr_line' id='line_1_84' title="bbox 1152 1128 2156 1175; baseline 0.001 -14"><span class='ocrx_word' id='word_1_660' title='bbox 1152 1141 1231 1172; x_wconf 82' lang='lat' dir='ltr'>aqua</span> <span class='ocrx_word' id='word_1_661' title='bbox 1254 1129 1364 1163; x_wconf 84' lang='lat' dir='ltr'>sensim</span> <span class='ocrx_word' id='word_1_662' title='bbox 1386 1132 1509 1171; x_wconf 82' lang='lat' dir='ltr'>magis,</span> <span class='ocrx_word' id='word_1_663' title='bbox 1534 1132 1692 1173; x_wconf 79' lang='lat' dir='ltr'>magisque</span> <span class='ocrx_word' id='word_1_664' title='bbox 1717 1132 1900 1172; x_wconf 83' lang='lat' dir='ltr'>congeritur</span> <span class='ocrx_word' id='word_1_665' title='bbox 1920 1154 1932 1171; x_wconf 86' lang='lat'><em>‚</em></span> <span class='ocrx_word' id='word_1_666' title='bbox 1956 1129 1978 1162; x_wconf 87' lang='lat' dir='ltr'>fi</span> <span class='ocrx_word' id='word_1_667' title='bbox 2005 1128 2082 1162; x_wconf 81' lang='lat' dir='ltr'>huic</span> <span class='ocrx_word' id='word_1_668' title='bbox 2104 1140 2156 1175; x_wconf 78' lang='lat' dir='ltr'>ce-</span> 
     </span>
     <span class='ocr_line' id='line_1_85' title="bbox 1152 1172 2156 1216; baseline -0.001 -10"><span class='ocrx_word' id='word_1_669' title='bbox 1152 1173 1243 1213; x_wconf 86' lang='lat' dir='ltr'>dere,</span> <span class='ocrx_word' id='word_1_670' title='bbox 1267 1183 1303 1206; x_wconf 88' lang='lat' dir='ltr'>ut</span> <span class='ocrx_word' id='word_1_671' title='bbox 1328 1175 1361 1206; x_wconf 88' lang='lat' dir='ltr'>in</span> <span class='ocrx_word' id='word_1_672' title='bbox 1386 1174 1511 1206; x_wconf 82' lang='lat' dir='ltr'>tenellis</span> <span class='ocrx_word' id='word_1_673' title='bbox 1527 1198 1539 1213; x_wconf 83' lang='lat'>‚</span> <span class='ocrx_word' id='word_1_674' title='bbox 1563 1173 1625 1207; x_wconf 82' lang='lat' dir='ltr'>ossa</span> <span class='ocrx_word' id='word_1_675' title='bbox 1649 1172 1797 1216; x_wconf 78' lang='lat' dir='ltr'>possent,</span> <span class='ocrx_word' id='word_1_676' title='bbox 1821 1183 1928 1207; x_wconf 89' lang='lat' dir='ltr'>tumor</span> <span class='ocrx_word' id='word_1_677' title='bbox 1940 1175 2055 1215; x_wconf 60' lang='lat' dir='ltr'>capitis</span> <span class='ocrx_word' id='word_1_678' title='bbox 2082 1172 2156 1205; x_wconf 79' lang='lat' dir='ltr'>estet</span> 
     </span>
     <span class='ocr_line' id='line_1_86' title="bbox 1153 1216 2156 1260; baseline -0.001 -11"><span class='ocrx_word' id='word_1_679' title='bbox 1153 1218 1314 1250; x_wconf 85' lang='lat' dir='ltr'>oriturus:</span> <span class='ocrx_word' id='word_1_680' title='bbox 1341 1221 1371 1250; x_wconf 72' lang='grc' dir='ltr'>δε</span> <span class='ocrx_word' id='word_1_681' title='bbox 1395 1219 1472 1260; x_wconf 83' lang='lat' dir='ltr'>quin</span> <span class='ocrx_word' id='word_1_682' title='bbox 1495 1219 1607 1260; x_wconf 78' lang='lat' dir='ltr'>aliquae</span> <span class='ocrx_word' id='word_1_683' title='bbox 1632 1229 1670 1250; x_wconf 77' lang='lat' dir='ltr'>ex</span> <span class='ocrx_word' id='word_1_684' title='bbox 1694 1219 1734 1251; x_wconf 88' lang='lat' dir='ltr'>iis</span> <span class='ocrx_word' id='word_1_685' title='bbox 1755 1216 1853 1251; x_wconf 78' lang='lat' dir='ltr'>caufis</span> <span class='ocrx_word' id='word_1_686' title='bbox 1878 1225 2010 1259; x_wconf 83' lang='lat' dir='ltr'>propter</span> <span class='ocrx_word' id='word_1_687' title='bbox 2033 1217 2156 1258; x_wconf 80' lang='lat' dir='ltr'>quasin</span> 
     </span>
     <span class='ocr_line' id='line_1_87' title="bbox 1149 1259 2159 1303; baseline 0.002 -12"><span class='ocrx_word' id='word_1_688' title='bbox 1149 1260 1284 1293; x_wconf 86' lang='lat' dir='ltr'>illorum</span> <span class='ocrx_word' id='word_1_689' title='bbox 1307 1262 1415 1292; x_wconf 86' lang='lat' dir='ltr'>cranio</span> <span class='ocrx_word' id='word_1_690' title='bbox 1439 1272 1516 1303; x_wconf 86' lang='lat' dir='ltr'>aqua</span> <span class='ocrx_word' id='word_1_691' title='bbox 1537 1261 1723 1302; x_wconf 85' lang='lat' dir='ltr'>congeritur</span> <span class='ocrx_word' id='word_1_692' title='bbox 1743 1284 1755 1301; x_wconf 86' lang='lat'>,</span> <span class='ocrx_word' id='word_1_693' title='bbox 1790 1259 1907 1294; x_wconf 69' lang='lat' dir='ltr'>eaedem</span> <span class='ocrx_word' id='word_1_694' title='bbox 1930 1259 1987 1293; x_wconf 74' lang='lat' dir='ltr'>{int</span> <span class='ocrx_word' id='word_1_695' title='bbox 2018 1260 2060 1292; x_wconf 87' lang='lat' dir='ltr'>ob</span> <span class='ocrx_word' id='word_1_696' title='bbox 2082 1270 2159 1301; x_wconf 84' lang='lat' dir='ltr'>quas</span> 
     </span>
     <span class='ocr_line' id='line_1_88' title="bbox 1151 1302 2157 1346; baseline 0 -11"><span class='ocrx_word' id='word_1_697' title='bbox 1151 1305 1335 1345; x_wconf 81' lang='lat' dir='ltr'>congeritur</span> <span class='ocrx_word' id='word_1_698' title='bbox 1358 1306 1454 1336; x_wconf 83' lang='lat' dir='ltr'>etiam</span> <span class='ocrx_word' id='word_1_699' title='bbox 1479 1306 1511 1336; x_wconf 88' lang='lat' dir='ltr'>in</span> <span class='ocrx_word' id='word_1_700' title='bbox 1536 1303 1745 1343; x_wconf 88' lang='lat' dir='ltr'>adultorum,</span> <span class='ocrx_word' id='word_1_701' title='bbox 1769 1312 1804 1337; x_wconf 90' lang='lat' dir='ltr'>ut</span> <span class='ocrx_word' id='word_1_702' title='bbox 1831 1313 1929 1346; x_wconf 88' lang='lat' dir='ltr'>puta,</span> <span class='ocrx_word' id='word_1_703' title='bbox 1954 1311 2068 1345; x_wconf 81' lang='lat' dir='ltr'>praeter</span> <span class='ocrx_word' id='word_1_704' title='bbox 2092 1302 2157 1344; x_wconf 80' lang='lat' dir='ltr'>hy-</span> 
     </span>
     <span class='ocr_line' id='line_1_89' title="bbox 1154 1346 2160 1390; baseline 0.003 -13"><span class='ocrx_word' id='word_1_705' title='bbox 1154 1347 1276 1380; x_wconf 82' lang='lat' dir='ltr'>datides</span> <span class='ocrx_word' id='word_1_706' title='bbox 1299 1372 1308 1386; x_wconf 88' lang='lat'>‚</span> <span class='ocrx_word' id='word_1_707' title='bbox 1341 1347 1379 1381; x_wconf 92' lang='lat' dir='ltr'>de</span> <span class='ocrx_word' id='word_1_708' title='bbox 1402 1347 1519 1390; x_wconf 82' lang='lat' dir='ltr'>quibus</span> <span class='ocrx_word' id='word_1_709' title='bbox 1555 1346 1640 1380; x_wconf 85' lang='lat' dir='ltr'>infra</span> <span class='ocrx_word' id='word_1_710' title='bbox 1664 1351 1716 1387; x_wconf 86' lang='lat' dir='ltr'>(c</span> <span class='ocrx_word' id='word_1_711' title='bbox 1740 1351 1753 1387; x_wconf 89' lang='lat'>)</span> <span class='ocrx_word' id='word_1_712' title='bbox 1786 1346 1925 1380; x_wconf 86' lang='lat' dir='ltr'>dicemus</span> <span class='ocrx_word' id='word_1_713' title='bbox 1953 1369 1962 1384; x_wconf 91' lang='lat'>,</span> <span class='ocrx_word' id='word_1_714' title='bbox 1996 1348 2030 1379; x_wconf 86' lang='lat' dir='ltr'>in</span> <span class='ocrx_word' id='word_1_715' title='bbox 2064 1346 2160 1387; x_wconf 85' lang='lat' dir='ltr'>plexu</span> 
     </span>
     <span class='ocr_line' id='line_1_90' title="bbox 1153 1390 2161 1433; baseline 0 -11"><span class='ocrx_word' id='word_1_716' title='bbox 1153 1390 1340 1427; x_wconf 85' lang='lat' dir='ltr'>Choroide‚</span> <span class='ocrx_word' id='word_1_717' title='bbox 1366 1399 1419 1425; x_wconf 90' lang='lat' dir='ltr'>aut</span> <span class='ocrx_word' id='word_1_718' title='bbox 1443 1391 1521 1424; x_wconf 83' lang='lat' dir='ltr'>alibi</span> <span class='ocrx_word' id='word_1_719' title='bbox 1545 1392 1628 1424; x_wconf 86' lang='lat' dir='ltr'>intra</span> <span class='ocrx_word' id='word_1_720' title='bbox 1653 1392 1797 1424; x_wconf 89' lang='lat' dir='ltr'>cranium</span> <span class='ocrx_word' id='word_1_721' title='bbox 1821 1390 1979 1433; x_wconf 79' lang='lat' dir='ltr'>disruptas</span> <span class='ocrx_word' id='word_1_722' title='bbox 2005 1401 2015 1428; x_wconf 76' lang='lat'>5</span> <span class='ocrx_word' id='word_1_723' title='bbox 2039 1398 2075 1423; x_wconf 86' lang='lat' dir='ltr'>ut</span> <span class='ocrx_word' id='word_1_724' title='bbox 2100 1401 2161 1432; x_wconf 85' lang='lat' dir='ltr'>pu-</span> 
     </span>
     <span class='ocr_line' id='line_1_91' title="bbox 1154 1432 2158 1477; baseline -0.001 -12"><span class='ocrx_word' id='word_1_725' title='bbox 1154 1442 1186 1465; x_wconf 78' lang='lat' dir='ltr'>ta</span> <span class='ocrx_word' id='word_1_726' title='bbox 1203 1458 1215 1473; x_wconf 78' lang='lat'><em>,</em></span> <span class='ocrx_word' id='word_1_727' title='bbox 1238 1436 1369 1477; x_wconf 88' lang='lat' dir='ltr'>inquam</span> <span class='ocrx_word' id='word_1_728' title='bbox 1388 1456 1397 1471; x_wconf 87' lang='lat'>‚</span> <span class='ocrx_word' id='word_1_729' title='bbox 1430 1445 1483 1468; x_wconf 86' lang='lat' dir='ltr'>aut</span> <span class='ocrx_word' id='word_1_730' title='bbox 1507 1446 1541 1467; x_wconf 84' lang='lat' dir='ltr'>ea</span> <span class='ocrx_word' id='word_1_731' title='bbox 1580 1435 1737 1477; x_wconf 82' lang='lat' dir='ltr'>glandulae</span> <span class='ocrx_word' id='word_1_732' title='bbox 1762 1435 1941 1467; x_wconf 74' lang='lat' dir='ltr'>Pituitariae</span> <span class='ocrx_word' id='word_1_733' title='bbox 1965 1432 2158 1466; x_wconf 82' lang='lat' dir='ltr'>constitutio</span> 
     </span>
     <span class='ocr_line' id='line_1_92' title="bbox 1149 1475 2158 1520; baseline 0 -12"><span class='ocrx_word' id='word_1_734' title='bbox 1149 1488 1221 1519; x_wconf 76' lang='lat' dir='ltr'>quae</span> <span class='ocrx_word' id='word_1_735' title='bbox 1245 1479 1366 1511; x_wconf 88' lang='lat' dir='ltr'>nullam</span> <span class='ocrx_word' id='word_1_736' title='bbox 1389 1489 1501 1520; x_wconf 87' lang='lat' dir='ltr'>aquam</span> <span class='ocrx_word' id='word_1_737' title='bbox 1524 1479 1747 1517; x_wconf 86' lang='lat' dir='ltr'>transmittat,</span> <span class='ocrx_word' id='word_1_738' title='bbox 1769 1486 1805 1511; x_wconf 87' lang='lat' dir='ltr'>ut</span> <span class='ocrx_word' id='word_1_739' title='bbox 1829 1479 1863 1510; x_wconf 90' lang='lat' dir='ltr'>in</span> <span class='ocrx_word' id='word_1_740' title='bbox 1888 1476 1998 1519; x_wconf 90' lang='lat' dir='ltr'>Anglo</span> <span class='ocrx_word' id='word_1_741' title='bbox 2021 1475 2158 1514; x_wconf 71' lang='lat' dir='ltr'>illocd)</span> 
     </span>
     <span class='ocr_line' id='line_1_93' title="bbox 1149 1519 2158 1563; baseline -0.001 -11"><span class='ocrx_word' id='word_1_742' title='bbox 1149 1519 1238 1562; x_wconf 83' lang='lat' dir='ltr'>cujus</span> <span class='ocrx_word' id='word_1_743' title='bbox 1261 1522 1378 1554; x_wconf 92' lang='lat' dir='ltr'>cerebri</span> <span class='ocrx_word' id='word_1_744' title='bbox 1404 1522 1589 1555; x_wconf 86' lang='lat' dir='ltr'>ventriculis</span> <span class='ocrx_word' id='word_1_745' title='bbox 1613 1521 1679 1555; x_wconf 90' lang='lat' dir='ltr'>sero</span> <span class='ocrx_word' id='word_1_746' title='bbox 1703 1520 1802 1563; x_wconf 85' lang='lat' dir='ltr'>plenis</span> <span class='ocrx_word' id='word_1_747' title='bbox 1827 1520 1893 1553; x_wconf 85' lang='lat' dir='ltr'>haec</span> <span class='ocrx_word' id='word_1_748' title='bbox 1918 1519 2042 1553; x_wconf 87' lang='lat' dir='ltr'>suberat</span> <span class='ocrx_word' id='word_1_749' title='bbox 2066 1519 2158 1561; x_wconf 82' lang='lat' dir='ltr'>glan-</span> 
     </span>
     <span class='ocr_line' id='line_1_94' title="bbox 1148 1563 2160 1608; baseline 0 -13"><span class='ocrx_word' id='word_1_750' title='bbox 1148 1565 1221 1596; x_wconf 79' lang='lat' dir='ltr'>dula</span> <span class='ocrx_word' id='word_1_751' title='bbox 1247 1574 1337 1606; x_wconf 84' lang='lat' dir='ltr'>parte</span> <span class='ocrx_word' id='word_1_752' title='bbox 1359 1566 1455 1598; x_wconf 81' lang='lat' dir='ltr'>altera</span> <span class='ocrx_word' id='word_1_753' title='bbox 1488 1564 1629 1608; x_wconf 72' lang='lat' dir='ltr'>praedura</span> <span class='ocrx_word' id='word_1_754' title='bbox 1649 1589 1662 1605; x_wconf 88' lang='lat'><em>,</em></span> <span class='ocrx_word' id='word_1_755' title='bbox 1695 1565 1790 1597; x_wconf 79' lang='lat' dir='ltr'>altera</span> <span class='ocrx_word' id='word_1_756' title='bbox 1817 1563 1981 1604; x_wconf 78' lang='lat' dir='ltr'>absumpta</span> <span class='ocrx_word' id='word_1_757' title='bbox 2006 1588 2015 1602; x_wconf 92' lang='lat'>,</span> <span class='ocrx_word' id='word_1_758' title='bbox 2047 1572 2101 1596; x_wconf 86' lang='lat' dir='ltr'>aut</span> <span class='ocrx_word' id='word_1_759' title='bbox 2125 1572 2160 1602; x_wconf 70' lang='lat' dir='ltr'>ea</span> 
     </span>
     <span class='ocr_line' id='line_1_95' title="bbox 1150 1605 2160 1651; baseline 0 -13"><span class='ocrx_word' id='word_1_760' title='bbox 1150 1618 1238 1649; x_wconf 79' lang='lat' dir='ltr'>aquae</span> <span class='ocrx_word' id='word_1_761' title='bbox 1263 1618 1395 1648; x_wconf 81' lang='lat' dir='ltr'>natura,</span> <span class='ocrx_word' id='word_1_762' title='bbox 1417 1619 1486 1651; x_wconf 75' lang='lat' dir='ltr'>quae</span> <span class='ocrx_word' id='word_1_763' title='bbox 1510 1608 1548 1641; x_wconf 85' lang='lat' dir='ltr'>ad</span> <span class='ocrx_word' id='word_1_764' title='bbox 1572 1607 1653 1641; x_wconf 81' lang='lat' dir='ltr'>hanc</span> <span class='ocrx_word' id='word_1_765' title='bbox 1673 1629 1683 1645; x_wconf 85' lang='lat'>‚</span> <span class='ocrx_word' id='word_1_766' title='bbox 1717 1617 1770 1641; x_wconf 84' lang='lat' dir='ltr'>aut</span> <span class='ocrx_word' id='word_1_767' title='bbox 1795 1618 1848 1648; x_wconf 84' lang='lat' dir='ltr'>per</span> <span class='ocrx_word' id='word_1_768' title='bbox 1871 1607 1952 1640; x_wconf 89' lang='lat' dir='ltr'>hanc</span> <span class='ocrx_word' id='word_1_769' title='bbox 1976 1605 2160 1649; x_wconf 87' lang='lat' dir='ltr'>glandulam</span> 
     </span>
     <span class='ocr_line' id='line_1_96' title="bbox 1150 1649 2161 1695; baseline 0.001 -13"><span class='ocrx_word' id='word_1_770' title='bbox 1150 1650 1330 1685; x_wconf 81' lang='lat' dir='ltr'>transmitti</span> <span class='ocrx_word' id='word_1_771' title='bbox 1353 1663 1416 1684; x_wconf 92' lang='lat' dir='ltr'>non</span> <span class='ocrx_word' id='word_1_772' title='bbox 1440 1650 1531 1694; x_wconf 78' lang='lat' dir='ltr'>possit</span> <span class='ocrx_word' id='word_1_773' title='bbox 1549 1675 1557 1689; x_wconf 84' lang='lat'><em>,</em></span> <span class='ocrx_word' id='word_1_774' title='bbox 1603 1662 1741 1695; x_wconf 87' lang='lat' dir='ltr'>quorum</span> <span class='ocrx_word' id='word_1_775' title='bbox 1774 1649 1857 1684; x_wconf 83' lang='lat' dir='ltr'>illud</span> <span class='ocrx_word' id='word_1_776' title='bbox 1889 1650 2058 1684; x_wconf 62' lang='lat' dir='ltr'>verisimile</span> <span class='ocrx_word' id='word_1_777' title='bbox 2084 1649 2124 1683; x_wconf 88' lang='lat' dir='ltr'>est</span> <span class='ocrx_word' id='word_1_778' title='bbox 2148 1673 2161 1690; x_wconf 84' lang='lat'><strong><em>,</em></strong></span> 
     </span>
     <span class='ocr_line' id='line_1_97' title="bbox 1149 1690 2163 1738; baseline 0.001 -12"><span class='ocrx_word' id='word_1_779' title='bbox 1149 1705 1223 1726; x_wconf 91' lang='lat' dir='ltr'>cum</span> <span class='ocrx_word' id='word_1_780' title='bbox 1247 1706 1326 1737; x_wconf 82' lang='lat' dir='ltr'>aqua</span> <span class='ocrx_word' id='word_1_781' title='bbox 1350 1695 1517 1728; x_wconf 85' lang='lat' dir='ltr'>dumtaxat</span> <span class='ocrx_word' id='word_1_782' title='bbox 1542 1690 1700 1738; x_wconf 50' lang='lat' dir='ltr'>limpidfffi·</span> <span class='ocrx_word' id='word_1_783' title='bbox 1724 1694 1786 1728; x_wconf 85' lang='lat' dir='ltr'>hoc</span> <span class='ocrx_word' id='word_1_784' title='bbox 1810 1705 1883 1728; x_wconf 90' lang='lat' dir='ltr'>vero</span> <span class='ocrx_word' id='word_1_785' title='bbox 1903 1717 1915 1734; x_wconf 84' lang='lat'><em>‚</em></span> <span class='ocrx_word' id='word_1_786' title='bbox 1937 1704 2012 1728; x_wconf 87' lang='lat' dir='ltr'>cum</span> <span class='ocrx_word' id='word_1_787' title='bbox 2034 1692 2163 1727; x_wconf 85' lang='lat' dir='ltr'>turbida</span> 
     </span>
     <span class='ocr_line' id='line_1_98' title="bbox 1151 1735 2162 1781; baseline 0.003 -14"><span class='ocrx_word' id='word_1_788' title='bbox 1151 1739 1348 1771; x_wconf 87' lang='lat' dir='ltr'>ventriculos</span> <span class='ocrx_word' id='word_1_789' title='bbox 1371 1739 1489 1772; x_wconf 82' lang='lat' dir='ltr'>cerebri</span> <span class='ocrx_word' id='word_1_790' title='bbox 1515 1735 1690 1778; x_wconf 53' lang='lat' dir='ltr'>distendit,</span> <span class='ocrx_word' id='word_1_791' title='bbox 1712 1738 1815 1781; x_wconf 85' lang='lat' dir='ltr'>qualis</span> <span class='ocrx_word' id='word_1_792' title='bbox 1839 1740 1872 1771; x_wconf 89' lang='lat' dir='ltr'>in</span> <span class='ocrx_word' id='word_1_793' title='bbox 1897 1739 1985 1771; x_wconf 90' lang='lat' dir='ltr'>Viro</span> <span class='ocrx_word' id='word_1_794' title='bbox 2010 1738 2162 1780; x_wconf 86' lang='lat' dir='ltr'>Principe</span> 
     </span>
     <span class='ocr_line' id='line_1_99' title="bbox 1151 1780 2162 1824; baseline -0.001 -11"><span class='ocrx_word' id='word_1_795' title='bbox 1151 1792 1167 1813; x_wconf 88' lang='lat' dir='ltr'>a</span> <span class='ocrx_word' id='word_1_796' title='bbox 1192 1782 1356 1814; x_wconf 81' lang='lat' dir='ltr'>Brunnero</span> <span class='ocrx_word' id='word_1_797' title='bbox 1380 1783 1427 1824; x_wconf 82' lang='lat' dir='ltr'>(e</span> <span class='ocrx_word' id='word_1_798' title='bbox 1450 1787 1463 1821; x_wconf 90' lang='lat'>)</span> <span class='ocrx_word' id='word_1_799' title='bbox 1488 1781 1700 1815; x_wconf 79' lang='lat' dir='ltr'>animadversa</span> <span class='ocrx_word' id='word_1_800' title='bbox 1722 1781 1763 1815; x_wconf 90' lang='lat' dir='ltr'>est</span> <span class='ocrx_word' id='word_1_801' title='bbox 1784 1804 1797 1820; x_wconf 86' lang='lat'><em>‚</em></span> <span class='ocrx_word' id='word_1_802' title='bbox 1834 1794 1849 1815; x_wconf 88' lang='lat' dir='ltr'>a</span> <span class='ocrx_word' id='word_1_803' title='bbox 1873 1780 1965 1814; x_wconf 89' lang='lat' dir='ltr'>nobis</span> <span class='ocrx_word' id='word_1_804' title='bbox 1999 1790 2105 1814; x_wconf 83' lang='lat' dir='ltr'>autem</span> <span class='ocrx_word' id='word_1_805' title='bbox 2128 1782 2162 1813; x_wconf 87' lang='lat' dir='ltr'>in</span> 
     </span>
     <span class='ocr_line' id='line_1_100' title="bbox 1152 1824 2162 1867; baseline 0.001 -11"><span class='ocrx_word' id='word_1_806' title='bbox 1152 1835 1184 1856; x_wconf 85' lang='lat' dir='ltr'>ea</span> <span class='ocrx_word' id='word_1_807' title='bbox 1209 1836 1279 1866; x_wconf 81' lang='lat' dir='ltr'>quae</span> <span class='ocrx_word' id='word_1_808' title='bbox 1304 1825 1464 1867; x_wconf 83' lang='lat' dir='ltr'>proposita</span> <span class='ocrx_word' id='word_1_809' title='bbox 1488 1825 1529 1860; x_wconf 79' lang='lat' dir='ltr'>est</span> <span class='ocrx_word' id='word_1_810' title='bbox 1550 1851 1558 1865; x_wconf 88' lang='lat'>,</span> <span class='ocrx_word' id='word_1_811' title='bbox 1583 1824 1716 1859; x_wconf 81' lang='lat' dir='ltr'>foernina</span> <span class='ocrx_word' id='word_1_812' title='bbox 1739 1850 1746 1856; x_wconf 95' lang='lat'>.</span> <span class='ocrx_word' id='word_1_813' title='bbox 1783 1826 1822 1857; x_wconf 90' lang='lat' dir='ltr'>In</span> <span class='ocrx_word' id='word_1_814' title='bbox 1845 1824 1904 1858; x_wconf 82' lang='lat' dir='ltr'>bac</span> <span class='ocrx_word' id='word_1_815' title='bbox 1928 1825 2013 1857; x_wconf 82' lang='lat' dir='ltr'>enim</span> <span class='ocrx_word' id='word_1_816' title='bbox 2038 1835 2112 1857; x_wconf 87' lang='lat' dir='ltr'>cum</span> <span class='ocrx_word' id='word_1_817' title='bbox 2136 1825 2162 1857; x_wconf 86' lang='lat' dir='ltr'>is</span> 
     </span>
     <span class='ocr_line' id='line_1_101' title="bbox 1151 1865 2161 1911; baseline 0.001 -12"><span class='ocrx_word' id='word_1_818' title='bbox 1151 1865 1244 1900; x_wconf 86' lang='lat' dir='ltr'>ichor</span> <span class='ocrx_word' id='word_1_819' title='bbox 1267 1872 1322 1911; x_wconf 85' lang='lat' dir='ltr'>qui</span> <span class='ocrx_word' id='word_1_820' title='bbox 1347 1880 1400 1911; x_wconf 87' lang='lat' dir='ltr'>per</span> <span class='ocrx_word' id='word_1_821' title='bbox 1435 1878 1558 1902; x_wconf 86' lang='lat' dir='ltr'>artuum</span> <span class='ocrx_word' id='word_1_822' title='bbox 1584 1869 1688 1903; x_wconf 79' lang='lat' dir='ltr'>ulcera</span> <span class='ocrx_word' id='word_1_823' title='bbox 1724 1869 1888 1902; x_wconf 84' lang='lat' dir='ltr'>amandari</span> <span class='ocrx_word' id='word_1_824' title='bbox 1922 1867 2126 1901; x_wconf 84' lang='lat' dir='ltr'>consueverat</span> <span class='ocrx_word' id='word_1_825' title='bbox 2152 1892 2161 1908; x_wconf 88' lang='lat'><strong><em>‚</em></strong></span> 
     </span>
     <span class='ocr_line' id='line_1_102' title="bbox 1152 1910 2161 1955; baseline -0.002 -11"><span class='ocrx_word' id='word_1_826' title='bbox 1152 1911 1185 1944; x_wconf 82' lang='lat' dir='ltr'>in</span> <span class='ocrx_word' id='word_1_827' title='bbox 1210 1923 1262 1944; x_wconf 88' lang='lat' dir='ltr'>eos</span> <span class='ocrx_word' id='word_1_828' title='bbox 1285 1913 1480 1945; x_wconf 86' lang='lat' dir='ltr'>ventriculos</span> <span class='ocrx_word' id='word_1_829' title='bbox 1504 1911 1701 1949; x_wconf 69' lang='lat' dir='ltr'>divertisset,</span> <span class='ocrx_word' id='word_1_830' title='bbox 1729 1912 1885 1955; x_wconf 86' lang='lat' dir='ltr'>impedire</span> <span class='ocrx_word' id='word_1_831' title='bbox 1909 1911 1974 1955; x_wconf 68' lang='lat' dir='ltr'>ipssa</span> <span class='ocrx_word' id='word_1_832' title='bbox 1998 1910 2055 1944; x_wconf 82' lang='lat' dir='ltr'>sibi</span> <span class='ocrx_word' id='word_1_833' title='bbox 2078 1934 2091 1951; x_wconf 84' lang='lat'><em>‚</em></span> <span class='ocrx_word' id='word_1_834' title='bbox 2116 1911 2161 1943; x_wconf 79' lang='lat' dir='ltr'>ir-</span> 
     </span>
     <span class='ocr_line' id='line_1_103' title="bbox 1154 1954 2163 1998; baseline 0.002 -12"><span class='ocrx_word' id='word_1_835' title='bbox 1154 1955 1282 1987; x_wconf 85' lang='lat' dir='ltr'>ritando</span> <span class='ocrx_word' id='word_1_836' title='bbox 1304 1981 1313 1995; x_wconf 87' lang='lat'>,</span> <span class='ocrx_word' id='word_1_837' title='bbox 1346 1959 1377 1988; x_wconf 80' lang='lat'>&amp;</span> <span class='ocrx_word' id='word_1_838' title='bbox 1401 1955 1622 1998; x_wconf 82' lang='lat' dir='ltr'>corrrugando</span> <span class='ocrx_word' id='word_1_839' title='bbox 1648 1955 1851 1990; x_wconf 83' lang='lat' dir='ltr'>Infundibuli</span> <span class='ocrx_word' id='word_1_840' title='bbox 1883 1965 2043 1988; x_wconf 84' lang='lat' dir='ltr'>extremos</span> <span class='ocrx_word' id='word_1_841' title='bbox 2067 1954 2163 1988; x_wconf 83' lang='lat' dir='ltr'>tubu-</span> 
     </span>
     <span class='ocr_line' id='line_1_104' title="bbox 1152 1999 2163 2042; baseline 0.001 -12"><span class='ocrx_word' id='word_1_842' title='bbox 1152 1999 1221 2037; x_wconf 82' lang='lat' dir='ltr'>los,</span> <span class='ocrx_word' id='word_1_843' title='bbox 1244 2001 1329 2031; x_wconf 83' lang='lat' dir='ltr'>viam</span> <span class='ocrx_word' id='word_1_844' title='bbox 1355 2001 1464 2041; x_wconf 89' lang='lat' dir='ltr'>potuit</span> <span class='ocrx_word' id='word_1_845' title='bbox 1488 2001 1521 2032; x_wconf 90' lang='lat' dir='ltr'>in</span> <span class='ocrx_word' id='word_1_846' title='bbox 1544 2000 1728 2042; x_wconf 78' lang='lat' dir='ltr'>glandulam</span> <span class='ocrx_word' id='word_1_847' title='bbox 1752 2001 1979 2039; x_wconf 81' lang='lat' dir='ltr'>Pituitariam,</span> <span class='ocrx_word' id='word_1_848' title='bbox 2028 2010 2075 2032; x_wconf 83' lang='lat' dir='ltr'>uae</span> <span class='ocrx_word' id='word_1_849' title='bbox 2087 2009 2163 2041; x_wconf 89' lang='lat' dir='ltr'>pro-</span> 
     </span>
     <span class='ocr_line' id='line_1_105' title="bbox 1152 2040 2162 2087; baseline 0.002 -14"><span class='ocrx_word' id='word_1_850' title='bbox 1152 2051 1277 2085; x_wconf 82' lang='lat' dir='ltr'>pterea,</span> <span class='ocrx_word' id='word_1_851' title='bbox 1304 2051 1340 2075; x_wconf 86' lang='lat' dir='ltr'>ut</span> <span class='ocrx_word' id='word_1_852' title='bbox 1363 2054 1405 2075; x_wconf 82' lang='lat' dir='ltr'>eae</span> <span class='ocrx_word' id='word_1_853' title='bbox 1429 2053 1531 2085; x_wconf 84' lang='lat' dir='ltr'>partes</span> <span class='ocrx_word' id='word_1_854' title='bbox 1555 2043 1654 2077; x_wconf 84' lang='lat' dir='ltr'>solent</span> <span class='ocrx_word' id='word_1_855' title='bbox 1677 2055 1747 2087; x_wconf 83' lang='lat' dir='ltr'>quae</span> <span class='ocrx_word' id='word_1_856' title='bbox 1772 2043 1809 2077; x_wconf 85' lang='lat' dir='ltr'>ab</span> <span class='ocrx_word' id='word_1_857' title='bbox 1832 2043 1941 2077; x_wconf 83' lang='lat' dir='ltr'>officio</span> <span class='ocrx_word' id='word_1_858' title='bbox 1964 2054 1996 2076; x_wconf 91' lang='lat' dir='ltr'>ce</span> <span class='ocrx_word' id='word_1_859' title='bbox 2023 2051 2077 2076; x_wconf 87' lang='lat' dir='ltr'>ant</span> <span class='ocrx_word' id='word_1_860' title='bbox 2102 2040 2162 2076; x_wconf 85' lang='lat' dir='ltr'>bu-</span> 
     </span>
     <span class='ocr_line' id='line_1_106' title="bbox 1151 2085 2161 2129; baseline -0.001 -11"><span class='ocrx_word' id='word_1_861' title='bbox 1151 2096 1253 2118; x_wconf 82' lang='lat' dir='ltr'>mores</span> <span class='ocrx_word' id='word_1_862' title='bbox 1277 2086 1460 2128; x_wconf 86' lang='lat' dir='ltr'>excipiendi</span> <span class='ocrx_word' id='word_1_863' title='bbox 1481 2110 1494 2128; x_wconf 83' lang='lat'><em>‚</em></span> <span class='ocrx_word' id='word_1_864' title='bbox 1530 2086 1729 2126; x_wconf 87' lang='lat' dir='ltr'>subsederit,</span> <span class='ocrx_word' id='word_1_865' title='bbox 1769 2098 1802 2120; x_wconf 85' lang='lat' dir='ltr'>ac</span> <span class='ocrx_word' id='word_1_866' title='bbox 1827 2085 1958 2129; x_wconf 81' lang='lat' dir='ltr'>strigosa</span> <span class='ocrx_word' id='word_1_867' title='bbox 1980 2086 2064 2120; x_wconf 66' lang='lat' dir='ltr'>faeta</span> <span class='ocrx_word' id='word_1_868' title='bbox 2088 2085 2126 2118; x_wconf 83' lang='lat' dir='ltr'>fit</span> <span class='ocrx_word' id='word_1_869' title='bbox 2151 2109 2161 2117; x_wconf 90' lang='lat'>.</span> 
     </span>
     <span class='ocr_line' id='line_1_107' title="bbox 1152 2127 2164 2173; baseline 0.002 -13"><span class='ocrx_word' id='word_1_870' title='bbox 1152 2128 1253 2167; x_wconf 82' lang='lat' dir='ltr'>Quod</span> <span class='ocrx_word' id='word_1_871' title='bbox 1280 2127 1302 2160; x_wconf 83' lang='lat' dir='ltr'>fi</span> <span class='ocrx_word' id='word_1_872' title='bbox 1326 2128 1459 2163; x_wconf 75' lang='lat' dir='ltr'>crassum</span> <span class='ocrx_word' id='word_1_873' title='bbox 1480 2155 1490 2171; x_wconf 86' lang='lat'><strong><em>,</em></strong></span> <span class='ocrx_word' id='word_1_874' title='bbox 1524 2142 1581 2164; x_wconf 92' lang='lat' dir='ltr'>nec</span> <span class='ocrx_word' id='word_1_875' title='bbox 1604 2133 1733 2164; x_wconf 86' lang='lat' dir='ltr'>irritans</span> <span class='ocrx_word' id='word_1_876' title='bbox 1756 2130 1859 2165; x_wconf 86' lang='lat' dir='ltr'>serum</span> <span class='ocrx_word' id='word_1_877' title='bbox 1883 2132 1916 2164; x_wconf 91' lang='lat' dir='ltr'>in</span> <span class='ocrx_word' id='word_1_878' title='bbox 1939 2141 2007 2164; x_wconf 89' lang='lat' dir='ltr'>eam</span> <span class='ocrx_word' id='word_1_879' title='bbox 2030 2128 2164 2173; x_wconf 85' lang='lat' dir='ltr'>glandu-</span> 
     </span>
     <span class='ocr_line' id='line_1_108' title="bbox 1152 2171 2161 2218; baseline 0.002 -15"><span class='ocrx_word' id='word_1_880' title='bbox 1152 2172 1216 2204; x_wconf 84' lang='lat' dir='ltr'>lam</span> <span class='ocrx_word' id='word_1_881' title='bbox 1243 2171 1271 2204; x_wconf 88' lang='lat' dir='ltr'>se</span> <span class='ocrx_word' id='word_1_882' title='bbox 1292 2173 1437 2206; x_wconf 87' lang='lat' dir='ltr'>intrudat</span> <span class='ocrx_word' id='word_1_883' title='bbox 1458 2197 1472 2214; x_wconf 82' lang='lat'><em>,</em></span> <span class='ocrx_word' id='word_1_884' title='bbox 1494 2176 1578 2207; x_wconf 85' lang='lat' dir='ltr'>exire</span> <span class='ocrx_word' id='word_1_885' title='bbox 1602 2184 1707 2208; x_wconf 86' lang='lat' dir='ltr'>autem</span> <span class='ocrx_word' id='word_1_886' title='bbox 1731 2183 1863 2218; x_wconf 86' lang='lat' dir='ltr'>nequeat</span> <span class='ocrx_word' id='word_1_887' title='bbox 1884 2186 1897 2216; x_wconf 86' lang='lat'><strong><em>;</em></strong></span> <span class='ocrx_word' id='word_1_888' title='bbox 1931 2174 2013 2209; x_wconf 90' lang='lat' dir='ltr'>illud</span> <span class='ocrx_word' id='word_1_889' title='bbox 2035 2172 2121 2217; x_wconf 87' lang='lat' dir='ltr'>quod</span> <span class='ocrx_word' id='word_1_890' title='bbox 2145 2184 2161 2206; x_wconf 87' lang='lat' dir='ltr'>e</span> 
     </span>
     <span class='ocr_line' id='line_1_109' title="bbox 1152 2216 2161 2261; baseline 0.002 -15"><span class='ocrx_word' id='word_1_891' title='bbox 1152 2216 1338 2248; x_wconf 83' lang='lat' dir='ltr'>ventriculis</span> <span class='ocrx_word' id='word_1_892' title='bbox 1363 2216 1472 2249; x_wconf 89' lang='lat' dir='ltr'>eodem</span> <span class='ocrx_word' id='word_1_893' title='bbox 1496 2218 1586 2251; x_wconf 78' lang='lat' dir='ltr'>illabi</span> <span class='ocrx_word' id='word_1_894' title='bbox 1612 2228 1744 2261; x_wconf 85' lang='lat' dir='ltr'>perget,</span> <span class='ocrx_word' id='word_1_895' title='bbox 1767 2218 1952 2260; x_wconf 78' lang='lat' dir='ltr'>glandulam</span> <span class='ocrx_word' id='word_1_896' title='bbox 1966 2216 2096 2261; x_wconf 87' lang='lat' dir='ltr'>quidem</span> <span class='ocrx_word' id='word_1_897' title='bbox 2109 2227 2161 2249; x_wconf 89' lang='lat' dir='ltr'>ve-</span> 
     </span>
     <span class='ocr_line' id='line_1_110' title="bbox 1151 2257 2160 2304; baseline 0.004 -14"><span class='ocrx_word' id='word_1_898' title='bbox 1151 2257 1337 2299; x_wconf 84' lang='lat' dir='ltr'>hementer,</span> <span class='ocrx_word' id='word_1_899' title='bbox 1364 2269 1399 2292; x_wconf 90' lang='lat' dir='ltr'>ut</span> <span class='ocrx_word' id='word_1_900' title='bbox 1414 2262 1588 2302; x_wconf 85' lang='lat' dir='ltr'>Peyronius</span> <span class='ocrx_word' id='word_1_901' title='bbox 1611 2260 1695 2304; x_wconf 81' lang='lat' dir='ltr'>(f)</span> <span class='ocrx_word' id='word_1_902' title='bbox 1717 2261 1824 2302; x_wconf 86' lang='lat' dir='ltr'>vidit,</span> <span class='ocrx_word' id='word_1_903' title='bbox 1848 2261 2010 2296; x_wconf 87' lang='lat' dir='ltr'>tumidam</span> <span class='ocrx_word' id='word_1_904' title='bbox 2027 2260 2160 2300; x_wconf 89' lang='lat' dir='ltr'>reddet,</span> 
     </span>
     <span class='ocr_line' id='line_1_111' title="bbox 1152 2301 2026 2348; baseline 0.002 -14"><span class='ocrx_word' id='word_1_905' title='bbox 1152 2301 1203 2335; x_wconf 89' lang='lat' dir='ltr'>sed</span> <span class='ocrx_word' id='word_1_906' title='bbox 1228 2302 1489 2344; x_wconf 85' lang='lat' dir='ltr'>reliquodemum</span> <span class='ocrx_word' id='word_1_907' title='bbox 1513 2304 1669 2338; x_wconf 89' lang='lat' dir='ltr'>seroilluc</span> <span class='ocrx_word' id='word_1_908' title='bbox 1696 2305 1819 2338; x_wconf 88' lang='lat' dir='ltr'>aditum</span> <span class='ocrx_word' id='word_1_909' title='bbox 1832 2305 2026 2348; x_wconf 65' lang='lat' dir='ltr'>praecludet.</span> 
     </span>
     <span class='ocr_line' id='line_1_112' title="bbox 1150 2346 2161 2394; baseline 0.007 -17"><span class='ocrx_word' id='word_1_910' title='bbox 1150 2346 1360 2379; x_wconf 75' lang='lat' dir='ltr'>Caeterumin</span> <span class='ocrx_word' id='word_1_911' title='bbox 1373 2347 1443 2380; x_wconf 82' lang='lat' dir='ltr'>aliis</span> <span class='ocrx_word' id='word_1_912' title='bbox 1458 2346 1585 2380; x_wconf 86' lang='lat' dir='ltr'>aliunde</span> <span class='ocrx_word' id='word_1_913' title='bbox 1598 2346 1655 2381; x_wconf 83' lang='lat' dir='ltr'>esse</span> <span class='ocrx_word' id='word_1_914' title='bbox 1678 2347 1803 2390; x_wconf 85' lang='lat' dir='ltr'>possunt</span> <span class='ocrx_word' id='word_1_915' title='bbox 1815 2349 1912 2383; x_wconf 84' lang='lat' dir='ltr'>causae</span> <span class='ocrx_word' id='word_1_916' title='bbox 1937 2358 2161 2394; x_wconf 81' lang='lat' dir='ltr'>propterquas</span> 
     </span>
     <span class='ocr_line' id='line_1_113' title="bbox 1152 2389 2153 2435; baseline 0.008 -17"><span class='ocrx_word' id='word_1_917' title='bbox 1152 2389 1198 2419; x_wconf 89' lang='lat' dir='ltr'>vel</span> <span class='ocrx_word' id='word_1_918' title='bbox 1224 2389 1312 2422; x_wconf 88' lang='lat' dir='ltr'>tenui</span> <span class='ocrx_word' id='word_1_919' title='bbox 1336 2401 1421 2431; x_wconf 71' lang='lat' dir='ltr'>aquae</span> <span class='ocrx_word' id='word_1_920' title='bbox 1446 2391 1508 2422; x_wconf 89' lang='lat' dir='ltr'>iter</span> <span class='ocrx_word' id='word_1_921' title='bbox 1542 2402 1604 2423; x_wconf 90' lang='lat' dir='ltr'>non</span> <span class='ocrx_word' id='word_1_922' title='bbox 1652 2401 1732 2424; x_wconf 91' lang='lat' dir='ltr'>ateat</span> <span class='ocrx_word' id='word_1_923' title='bbox 1767 2404 1822 2435; x_wconf 89' lang='lat' dir='ltr'>per</span> <span class='ocrx_word' id='word_1_924' title='bbox 1843 2404 1911 2426; x_wconf 78' lang='lat' dir='ltr'>eam</span> <span class='ocrx_word' id='word_1_925' title='bbox 1934 2393 2121 2435; x_wconf 88' lang='lat' dir='ltr'>glandulam</span> <span class='ocrx_word' id='word_1_926' title='bbox 2145 2419 2153 2426; x_wconf 96' lang='lat'>.</span> 
     </span>
     <span class='ocr_line' id='line_1_114' title="bbox 1149 2430 2159 2472; baseline 0.008 -9"><span class='ocrx_word' id='word_1_927' title='bbox 1149 2430 1222 2464; x_wconf 76' lang='lat' dir='ltr'>Effe</span> <span class='ocrx_word' id='word_1_928' title='bbox 1248 2441 1352 2465; x_wconf 84' lang='lat' dir='ltr'>autem</span> <span class='ocrx_word' id='word_1_929' title='bbox 1376 2445 1414 2465; x_wconf 84' lang='lat' dir='ltr'>ex</span> <span class='ocrx_word' id='word_1_930' title='bbox 1438 2443 1557 2467; x_wconf 68' lang='lat' dir='ltr'>nat-urae</span> <span class='ocrx_word' id='word_1_931' title='bbox 1582 2435 1627 2467; x_wconf 69' lang='lat' dir='ltr'>ins</span> <span class='ocrx_word' id='word_1_932' title='bbox 1645 2436 1732 2468; x_wconf 91' lang='lat' dir='ltr'>ituto</span> <span class='ocrx_word' id='word_1_933' title='bbox 1765 2446 1892 2469; x_wconf 85' lang='lat' dir='ltr'>tenuem</span> <span class='ocrx_word' id='word_1_934' title='bbox 1915 2437 1949 2469; x_wconf 90' lang='lat' dir='ltr'>in</span> <span class='ocrx_word' id='word_1_935' title='bbox 1972 2439 2159 2472; x_wconf 85' lang='lat' dir='ltr'>ventriculis</span> 
     </span>
     <span class='ocr_line' id='line_1_115' title="bbox 1151 2476 2159 2522; baseline 0.009 -16"><span class='ocrx_word' id='word_1_936' title='bbox 1151 2486 1286 2516; x_wconf 80' lang='lat' dir='ltr'>aquam,</span> <span class='ocrx_word' id='word_1_937' title='bbox 1310 2478 1342 2508; x_wconf 86' lang='lat'>&amp;</span> <span class='ocrx_word' id='word_1_938' title='bbox 1367 2476 1534 2518; x_wconf 79' lang='lat' dir='ltr'>limpidam</span> <span class='ocrx_word' id='word_1_939' title='bbox 1558 2499 1567 2514; x_wconf 91' lang='lat'>‚</span> <span class='ocrx_word' id='word_1_940' title='bbox 1603 2478 1654 2511; x_wconf 88' lang='lat' dir='ltr'>sed</span> <span class='ocrx_word' id='word_1_941' title='bbox 1678 2479 1732 2510; x_wconf 87' lang='lat' dir='ltr'>vix</span> <span class='ocrx_word' id='word_1_942' title='bbox 1758 2480 1828 2521; x_wconf 88' lang='lat' dir='ltr'>plus</span> <span class='ocrx_word' id='word_1_943' title='bbox 1851 2492 1947 2522; x_wconf 87' lang='lat' dir='ltr'>quam</span> <span class='ocrx_word' id='word_1_944' title='bbox 1970 2490 2005 2514; x_wconf 87' lang='lat' dir='ltr'>ut</span> <span class='ocrx_word' id='word_1_945' title='bbox 2028 2493 2061 2513; x_wconf 85' lang='lat' dir='ltr'>ea</span> <span class='ocrx_word' id='word_1_946' title='bbox 2085 2493 2159 2515; x_wconf 82' lang='lat' dir='ltr'>ven-</span> 
     </span>
     <span class='ocr_line' id='line_1_116' title="bbox 1149 2518 2156 2568; baseline 0.009 -19"><span class='ocrx_word' id='word_1_947' title='bbox 1149 2518 1261 2564; x_wconf 82' lang='lat' dir='ltr'>triculi</span> <span class='ocrx_word' id='word_1_948' title='bbox 1286 2518 1456 2560; x_wconf 80' lang='lat' dir='ltr'>madeant,</span> <span class='ocrx_word' id='word_1_949' title='bbox 1480 2521 1657 2564; x_wconf 88' lang='lat' dir='ltr'>negandum</span> <span class='ocrx_word' id='word_1_950' title='bbox 1680 2533 1744 2554; x_wconf 85' lang='lat' dir='ltr'>non</span> <span class='ocrx_word' id='word_1_951' title='bbox 1770 2522 1886 2556; x_wconf 89' lang='lat' dir='ltr'>credo.</span> <span class='ocrx_word' id='word_1_952' title='bbox 1912 2523 2014 2566; x_wconf 82' lang='lat' dir='ltr'>Qod</span> <span class='ocrx_word' id='word_1_953' title='bbox 2037 2524 2059 2557; x_wconf 86' lang='lat' dir='ltr'>fi</span> <span class='ocrx_word' id='word_1_954' title='bbox 2084 2526 2156 2568; x_wconf 86' lang='lat' dir='ltr'>plus</span> 
     </span>
     <span class='ocr_line' id='line_1_117' title="bbox 1149 2563 2155 2611; baseline 0.009 -18"><span class='ocrx_word' id='word_1_955' title='bbox 1149 2563 1289 2610; x_wconf 38' lang='lat' dir='ltr'>sorte-in</span> <span class='ocrx_word' id='word_1_956' title='bbox 1313 2563 1427 2596; x_wconf 84' lang='lat' dir='ltr'>catulis</span> <span class='ocrx_word' id='word_1_957' title='bbox 1461 2564 1526 2597; x_wconf 91' lang='lat' dir='ltr'>illis</span> <span class='ocrx_word' id='word_1_958' title='bbox 1551 2566 1674 2598; x_wconf 91' lang='lat' dir='ltr'>invenit</span> <span class='ocrx_word' id='word_1_959' title='bbox 1712 2567 1852 2599; x_wconf 86' lang='lat' dir='ltr'>Littrius</span> <span class='ocrx_word' id='word_1_960' title='bbox 1884 2570 1938 2610; x_wconf 87' lang='lat' dir='ltr'>(g</span> <span class='ocrx_word' id='word_1_961' title='bbox 1959 2573 1973 2608; x_wconf 89' lang='lat'>)</span> <span class='ocrx_word' id='word_1_962' title='bbox 1991 2592 2003 2608; x_wconf 83' lang='lat'><em>,</em></span> <span class='ocrx_word' id='word_1_963' title='bbox 2038 2569 2155 2611; x_wconf 83' lang='lat' dir='ltr'>quibus</span> 
     </span>
     <span class='ocr_line' id='line_1_118' title="bbox 1148 2605 2156 2650; baseline 0.008 -12"><span class='ocrx_word' id='word_1_964' title='bbox 1148 2617 1213 2638; x_wconf 80' lang='lat' dir='ltr'>uno</span> <span class='ocrx_word' id='word_1_965' title='bbox 1236 2606 1303 2638; x_wconf 45' lang='lat' dir='ltr'>ictu</span> <span class='ocrx_word' id='word_1_966' title='bbox 1327 2605 1501 2640; x_wconf 85' lang='lat' dir='ltr'>absciderat</span> <span class='ocrx_word' id='word_1_967' title='bbox 1523 2618 1639 2650; x_wconf 80' lang='lat' dir='ltr'>caput3</span> <span class='ocrx_word' id='word_1_968' title='bbox 1664 2617 1695 2641; x_wconf 86' lang='lat' dir='ltr'>at</span> <span class='ocrx_word' id='word_1_969' title='bbox 1719 2609 1768 2642; x_wconf 87' lang='lat' dir='ltr'>illi</span> <span class='ocrx_word' id='word_1_970' title='bbox 1792 2612 1888 2643; x_wconf 84' lang='lat' dir='ltr'>etiam</span> <span class='ocrx_word' id='word_1_971' title='bbox 1914 2622 1984 2645; x_wconf 90' lang='lat' dir='ltr'>tum</span> <span class='ocrx_word' id='word_1_972' title='bbox 2009 2612 2156 2646; x_wconf 60' lang='lat' dir='ltr'>lactentes</span> 
     </span>
     <span class='ocr_line' id='line_1_119' title="bbox 1149 2647 2153 2693; baseline 0.01 -13"><span class='ocrx_word' id='word_1_973' title='bbox 1149 2657 1258 2687; x_wconf 82' lang='lat' dir='ltr'>erant3</span> <span class='ocrx_word' id='word_1_974' title='bbox 1284 2647 1325 2683; x_wconf 80' lang='lat' dir='ltr'>est</span> <span class='ocrx_word' id='word_1_975' title='bbox 1348 2659 1454 2683; x_wconf 81' lang='lat' dir='ltr'>autem</span> <span class='ocrx_word' id='word_1_976' title='bbox 1478 2653 1511 2683; x_wconf 93' lang='lat' dir='ltr'>in</span> <span class='ocrx_word' id='word_1_977' title='bbox 1533 2654 1617 2686; x_wconf 82' lang='lat' dir='ltr'>cavis</span> <span class='ocrx_word' id='word_1_978' title='bbox 1641 2653 1790 2687; x_wconf 88' lang='lat' dir='ltr'>omnibus</span> <span class='ocrx_word' id='word_1_979' title='bbox 1816 2653 1979 2693; x_wconf 80' lang='lat' dir='ltr'>foetuum,</span> <span class='ocrx_word' id='word_1_980' title='bbox 2004 2658 2153 2690; x_wconf 85' lang='lat' dir='ltr'>&amp;recens</span> 
     </span>
     <span class='ocr_line' id='line_1_120' title="bbox 1150 2695 2156 2739; baseline 0.009 -15"><span class='ocrx_word' id='word_1_981' title='bbox 1150 2701 1302 2726; x_wconf 85' lang='lat' dir='ltr'>natorum</span> <span class='ocrx_word' id='word_1_982' title='bbox 1324 2695 1511 2729; x_wconf 79' lang='lat' dir='ltr'>animalium</span> <span class='ocrx_word' id='word_1_983' title='bbox 1537 2708 1622 2738; x_wconf 81' lang='lat' dir='ltr'>aquae</span> <span class='ocrx_word' id='word_1_984' title='bbox 1647 2697 1716 2739; x_wconf 85' lang='lat' dir='ltr'>plus</span> <span class='ocrx_word' id='word_1_985' title='bbox 1740 2708 1835 2739; x_wconf 86' lang='lat' dir='ltr'>quam</span> <span class='ocrx_word' id='word_1_986' title='bbox 1857 2700 1889 2730; x_wconf 89' lang='lat' dir='ltr'>in</span> <span class='ocrx_word' id='word_1_987' title='bbox 1916 2699 2035 2732; x_wconf 80' lang='lat' dir='ltr'>adultis</span> <span class='ocrx_word' id='word_1_988' title='bbox 2059 2712 2069 2738; x_wconf 81' lang='lat'><em>3</em></span> <span class='ocrx_word' id='word_1_989' title='bbox 2094 2702 2156 2733; x_wconf 81' lang='lat' dir='ltr'>ita-</span> 
     </span>
     <span class='ocr_line' id='line_1_121' title="bbox 1149 2736 2152 2785; baseline 0.009 -17"><span class='ocrx_word' id='word_1_990' title='bbox 1149 2748 1209 2778; x_wconf 84' lang='lat' dir='ltr'>que</span> <span class='ocrx_word' id='word_1_991' title='bbox 1233 2736 1411 2785; x_wconf 83' lang='lat' dir='ltr'>optandum</span> <span class='ocrx_word' id='word_1_992' title='bbox 1434 2737 1563 2779; x_wconf 82' lang='lat' dir='ltr'>fuerat,</span> <span class='ocrx_word' id='word_1_993' title='bbox 1588 2749 1622 2772; x_wconf 90' lang='lat' dir='ltr'>ut</span> <span class='ocrx_word' id='word_1_994' title='bbox 1646 2739 1732 2783; x_wconf 88' lang='lat' dir='ltr'>quod</span> <span class='ocrx_word' id='word_1_995' title='bbox 1755 2742 1932 2783; x_wconf 89' lang='lat' dir='ltr'>periculum</span> <span class='ocrx_word' id='word_1_996' title='bbox 1954 2743 2152 2777; x_wconf 70' lang='lat' dir='ltr'>inlaetenti-</span> 
     </span>
     <span class='ocr_line' id='line_1_122' title="bbox 1146 2779 2153 2830; baseline 0.01 -19"><span class='ocrx_word' id='word_1_997' title='bbox 1146 2779 1203 2812; x_wconf 88' lang='lat' dir='ltr'>bus</span> <span class='ocrx_word' id='word_1_998' title='bbox 1227 2779 1307 2812; x_wconf 84' lang='lat' dir='ltr'>fecit</span> <span class='ocrx_word' id='word_1_999' title='bbox 1322 2805 1331 2820; x_wconf 91' lang='lat'>,</span> <span class='ocrx_word' id='word_1_1000' title='bbox 1358 2781 1443 2815; x_wconf 89' lang='lat' dir='ltr'>idem</span> <span class='ocrx_word' id='word_1_1001' title='bbox 1467 2781 1584 2816; x_wconf 82' lang='lat' dir='ltr'>fecisset</span> <span class='ocrx_word' id='word_1_1002' title='bbox 1608 2783 1771 2817; x_wconf 85' lang='lat' dir='ltr'>inadustis</span> <span class='ocrx_word' id='word_1_1003' title='bbox 1786 2808 1793 2815; x_wconf 92' lang='lat'><strong>.</strong></span> <span class='ocrx_word' id='word_1_1004' title='bbox 1819 2787 1857 2817; x_wconf 91' lang='lat' dir='ltr'>In</span> <span class='ocrx_word' id='word_1_1005' title='bbox 1870 2783 1920 2818; x_wconf 84' lang='lat' dir='ltr'>his</span> <span class='ocrx_word' id='word_1_1006' title='bbox 1942 2787 2028 2819; x_wconf 84' lang='lat' dir='ltr'>enim</span> <span class='ocrx_word' id='word_1_1007' title='bbox 2040 2798 2153 2830; x_wconf 85' lang='lat' dir='ltr'>aquam</span> 
     </span>
     <span class='ocr_line' id='line_1_123' title="bbox 1148 2823 2153 2873; baseline 0.01 -18"><span class='ocrx_word' id='word_1_1008' title='bbox 1148 2833 1217 2856; x_wconf 89' lang='lat' dir='ltr'>tum</span> <span class='ocrx_word' id='word_1_1009' title='bbox 1241 2823 1368 2857; x_wconf 89' lang='lat' dir='ltr'>demum</span> <span class='ocrx_word' id='word_1_1010' title='bbox 1394 2826 1550 2859; x_wconf 88' lang='lat' dir='ltr'>abundare</span> <span class='ocrx_word' id='word_1_1011' title='bbox 1570 2851 1579 2866; x_wconf 89' lang='lat'><em>,</em></span> <span class='ocrx_word' id='word_1_1012' title='bbox 1611 2826 1762 2860; x_wconf 86' lang='lat' dir='ltr'>credibile</span> <span class='ocrx_word' id='word_1_1013' title='bbox 1785 2827 1828 2861; x_wconf 84' lang='lat' dir='ltr'>est</span> <span class='ocrx_word' id='word_1_1014' title='bbox 1854 2851 1863 2867; x_wconf 95' lang='lat'>,</span> <span class='ocrx_word' id='word_1_1015' title='bbox 1897 2840 1970 2862; x_wconf 90' lang='lat' dir='ltr'>cum</span> <span class='ocrx_word' id='word_1_1016' title='bbox 1995 2839 2049 2863; x_wconf 85' lang='lat' dir='ltr'>aut</span> <span class='ocrx_word' id='word_1_1017' title='bbox 2082 2831 2153 2873; x_wconf 80' lang='lat' dir='ltr'>plus</span> 
     </span>
     <span class='ocr_line' id='line_1_124' title="bbox 1147 2867 2149 2915; baseline 0.009 -17"><span class='ocrx_word' id='word_1_1018' title='bbox 1147 2878 1239 2915; x_wconf 54' lang='lat' dir='ltr'>cequo</span> <span class='ocrx_word' id='word_1_1019' title='bbox 1263 2867 1435 2903; x_wconf 87' lang='lat' dir='ltr'>secernitur</span> <span class='ocrx_word' id='word_1_1020' title='bbox 1459 2894 1471 2909; x_wconf 88' lang='lat'><em>‚</em></span> <span class='ocrx_word' id='word_1_1021' title='bbox 1510 2879 1660 2903; x_wconf 71' lang='lat' dir='ltr'>aut1cum</span> <span class='ocrx_word' id='word_1_1022' title='bbox 1693 2870 1798 2912; x_wconf 83' lang='lat' dir='ltr'>aliqua</span> <span class='ocrx_word' id='word_1_1023' title='bbox 1821 2871 1913 2904; x_wconf 80' lang='lat' dir='ltr'>eausa</span> <span class='ocrx_word' id='word_1_1024' title='bbox 1938 2873 1979 2906; x_wconf 87' lang='lat' dir='ltr'>est</span> <span class='ocrx_word' id='word_1_1025' title='bbox 2002 2884 2071 2915; x_wconf 76' lang='lat' dir='ltr'>quae</span> <span class='ocrx_word' id='word_1_1026' title='bbox 2096 2874 2149 2908; x_wconf 89' lang='lat' dir='ltr'>illi</span> 
     </span>
     <span class='ocr_line' id='line_1_125' title="bbox 1147 2910 2152 2958; baseline 0.009 -17"><span class='ocrx_word' id='word_1_1027' title='bbox 1147 2919 1210 2942; x_wconf 84' lang='lat' dir='ltr'>iter</span> <span class='ocrx_word' id='word_1_1028' title='bbox 1234 2910 1272 2943; x_wconf 86' lang='lat' dir='ltr'>ad</span> <span class='ocrx_word' id='word_1_1029' title='bbox 1308 2913 1510 2946; x_wconf 77' lang='lat' dir='ltr'>pituitariam</span> <span class='ocrx_word' id='word_1_1030' title='bbox 1534 2913 1715 2955; x_wconf 78' lang='lat' dir='ltr'>glandulam</span> <span class='ocrx_word' id='word_1_1031' title='bbox 1749 2915 1941 2949; x_wconf 85' lang='lat' dir='ltr'>intercludat</span> <span class='ocrx_word' id='word_1_1032' title='bbox 1967 2942 1977 2958; x_wconf 89' lang='lat'>‚</span> <span class='ocrx_word' id='word_1_1033' title='bbox 2011 2926 2065 2950; x_wconf 89' lang='lat' dir='ltr'>aut</span> <span class='ocrx_word' id='word_1_1034' title='bbox 2089 2919 2152 2950; x_wconf 90' lang='lat' dir='ltr'>mi-</span> 
     </span>
     <span class='ocr_line' id='line_1_126' title="bbox 1147 2954 2151 3000; baseline 0.011 -16"><span class='ocrx_word' id='word_1_1035' title='bbox 1147 2963 1241 2987; x_wconf 86' lang='lat' dir='ltr'>nuat.</span> <span class='ocrx_word' id='word_1_1036' title='bbox 1267 2954 1350 2992; x_wconf 69' lang='lat' dir='ltr'>Qiae</span> <span class='ocrx_word' id='word_1_1037' title='bbox 1374 2966 1482 2994; x_wconf 83' lang='lat' dir='ltr'>autern</span> <span class='ocrx_word' id='word_1_1038' title='bbox 1514 2956 1551 2990; x_wconf 91' lang='lat' dir='ltr'>de</span> <span class='ocrx_word' id='word_1_1039' title='bbox 1574 2957 1723 2998; x_wconf 85' lang='lat' dir='ltr'>glandula</span> <span class='ocrx_word' id='word_1_1040' title='bbox 1748 2957 1806 2990; x_wconf 87' lang='lat' dir='ltr'>hac</span> <span class='ocrx_word' id='word_1_1041' title='bbox 1830 2957 1904 2991; x_wconf 92' lang='lat' dir='ltr'>dico</span> <span class='ocrx_word' id='word_1_1042' title='bbox 1930 2984 1941 3000; x_wconf 86' lang='lat'><em>,</em></span> <span class='ocrx_word' id='word_1_1043' title='bbox 1976 2959 2084 2993; x_wconf 88' lang='lat' dir='ltr'>eadem</span> <span class='ocrx_word' id='word_1_1044' title='bbox 2108 2961 2151 2995; x_wconf 82' lang='lat' dir='ltr'>si-</span> 
     </span>
     <span class='ocr_line' id='line_1_127' title="bbox 1146 2996 2150 3047; baseline 0.009 -18"><span class='ocrx_word' id='word_1_1045' title='bbox 1146 2998 1213 3029; x_wconf 86' lang='lat' dir='ltr'>mul</span> <span class='ocrx_word' id='word_1_1046' title='bbox 1238 2996 1275 3030; x_wconf 91' lang='lat' dir='ltr'>de</span> <span class='ocrx_word' id='word_1_1047' title='bbox 1298 3001 1418 3032; x_wconf 78' lang='lat' dir='ltr'>caeten&#39;s</span> <span class='ocrx_word' id='word_1_1048' title='bbox 1443 3012 1567 3043; x_wconf 86' lang='lat' dir='ltr'>quoque</span> <span class='ocrx_word' id='word_1_1049' title='bbox 1591 3001 1763 3034; x_wconf 85' lang='lat' dir='ltr'>latentibus</span> <span class='ocrx_word' id='word_1_1050' title='bbox 1787 3003 1849 3034; x_wconf 87' lang='lat' dir='ltr'>viis</span> <span class='ocrx_word' id='word_1_1051' title='bbox 1872 3002 1957 3036; x_wconf 64' lang='lat' dir='ltr'>dicta</span> <span class='ocrx_word' id='word_1_1052' title='bbox 1972 3004 2071 3043; x_wconf 79' lang='lat' dir='ltr'>volo,</span> <span class='ocrx_word' id='word_1_1053' title='bbox 2095 3016 2150 3047; x_wconf 87' lang='lat' dir='ltr'>pet</span> 
     </span>
     <span class='ocr_line' id='line_1_128' title="bbox 1146 3044 2149 3087; baseline 0.009 -15"><span class='ocrx_word' id='word_1_1054' title='bbox 1146 3052 1221 3082; x_wconf 81' lang='lat' dir='ltr'>quas</span> <span class='ocrx_word' id='word_1_1055' title='bbox 1247 3053 1335 3083; x_wconf 79' lang='lat' dir='ltr'>aquae</span> <span class='ocrx_word' id='word_1_1056' title='bbox 1359 3044 1482 3076; x_wconf 84' lang='lat' dir='ltr'>exitum</span> <span class='ocrx_word' id='word_1_1057' title='bbox 1505 3056 1520 3076; x_wconf 87' lang='lat' dir='ltr'>a</span> <span class='ocrx_word' id='word_1_1058' title='bbox 1546 3054 1658 3078; x_wconf 83' lang='lat' dir='ltr'>natura</span> <span class='ocrx_word' id='word_1_1059' title='bbox 1683 3054 1826 3087; x_wconf 71' lang='lat' dir='ltr'>paratum</span> <span class='ocrx_word' id='word_1_1060' title='bbox 1849 3046 1947 3080; x_wconf 91' lang='lat' dir='ltr'>credo</span> <span class='ocrx_word' id='word_1_1061' title='bbox 1977 3046 2149 3081; x_wconf 87' lang='lat' dir='ltr'>secundum</span> 
     </span>
     <span class='ocr_line' id='line_1_129' title="bbox 1152 3084 2148 3132; baseline 0.009 -17"><span class='ocrx_word' id='word_1_1062' title='bbox 1152 3095 1193 3132; x_wconf 55' lang='lat' dir='ltr'>e}</span> <span class='ocrx_word' id='word_1_1063' title='bbox 1209 3096 1280 3130; x_wconf 63' lang='lat' dir='ltr'>qufe</span> <span class='ocrx_word' id='word_1_1064' title='bbox 1303 3084 1400 3119; x_wconf 82' lang='lat' dir='ltr'>fusius</span> <span class='ocrx_word' id='word_1_1065' title='bbox 1423 3088 1497 3120; x_wconf 81' lang='lat' dir='ltr'>alias</span> <span class='ocrx_word' id='word_1_1066' title='bbox 1520 3091 1532 3127; x_wconf 87' lang='lat'>(</span> <span class='ocrx_word' id='word_1_1067' title='bbox 1555 3088 1575 3121; x_wconf 85' lang='lat' dir='ltr'><em>h</em></span> <span class='ocrx_word' id='word_1_1068' title='bbox 1597 3092 1610 3128; x_wconf 88' lang='lat'>)</span> <span class='ocrx_word' id='word_1_1069' title='bbox 1644 3087 1681 3121; x_wconf 86' lang='lat' dir='ltr'>ad</span> <span class='ocrx_word' id='word_1_1070' title='bbox 1704 3098 1734 3121; x_wconf 88' lang='lat' dir='ltr'>te</span> <span class='ocrx_word' id='word_1_1071' title='bbox 1758 3091 1876 3131; x_wconf 82' lang='lat' dir='ltr'>scripta</span> <span class='ocrx_word' id='word_1_1072' title='bbox 1894 3113 1907 3130; x_wconf 82' lang='lat'><em>,</em></span> <span class='ocrx_word' id='word_1_1073' title='bbox 1939 3089 1993 3123; x_wconf 90' lang='lat' dir='ltr'>hic</span> <span class='ocrx_word' id='word_1_1074' title='bbox 2015 3091 2148 3125; x_wconf 81' lang='lat' dir='ltr'>minime</span> 
     </span>
     <span class='ocr_line' id='line_1_130' title="bbox 1151 3127 1483 3163; baseline 0.012 -4"><span class='ocrx_word' id='word_1_1075' title='bbox 1151 3128 1266 3160; x_wconf 82' lang='lat' dir='ltr'>nece-sse</span> <span class='ocrx_word' id='word_1_1076' title='bbox 1289 3127 1330 3160; x_wconf 83' lang='lat' dir='ltr'>est</span> <span class='ocrx_word' id='word_1_1077' title='bbox 1354 3131 1483 3163; x_wconf 80' lang='lat' dir='ltr'>iterare.</span> 
     </span>
    </p>

    <p class='ocr_par' dir='ltr' id='par_1_11' title="bbox 1145 3171 2146 3568">
     <span class='ocr_line' id='line_1_131' title="bbox 1151 3171 2145 3221; baseline 0.01 -19"><span class='ocrx_word' id='word_1_1078' title='bbox 1151 3213 1158 3219; x_wconf 37' lang='grc' dir='ltr'>Ι</span> <span class='ocrx_word' id='word_1_1079' title='bbox 1190 3182 1221 3212; x_wconf 75' lang='lat'>4.</span> <span class='ocrx_word' id='word_1_1080' title='bbox 1249 3171 1334 3204; x_wconf 87' lang='lat' dir='ltr'>Illud</span> <span class='ocrx_word' id='word_1_1081' title='bbox 1357 3175 1466 3214; x_wconf 88' lang='lat' dir='ltr'>potius</span> <span class='ocrx_word' id='word_1_1082' title='bbox 1488 3174 1577 3217; x_wconf 88' lang='lat' dir='ltr'>quod</span> <span class='ocrx_word' id='word_1_1083' title='bbox 1601 3184 1676 3209; x_wconf 92' lang='lat' dir='ltr'>tunc</span> <span class='ocrx_word' id='word_1_1084' title='bbox 1699 3188 1748 3209; x_wconf 91' lang='lat' dir='ltr'>me</span> <span class='ocrx_word' id='word_1_1085' title='bbox 1760 3174 1870 3218; x_wconf 76' lang='lat' dir='ltr'>fugit,</span> <span class='ocrx_word' id='word_1_1086' title='bbox 1895 3175 2072 3210; x_wconf 88' lang='lat' dir='ltr'>addendum</span> <span class='ocrx_word' id='word_1_1087' title='bbox 2083 3178 2145 3221; x_wconf 83' lang='lat' dir='ltr'>est,</span> 
     </span>
     <span class='ocr_line' id='line_1_132' title="bbox 1148 3215 2146 3264; baseline 0.01 -19"><span class='ocrx_word' id='word_1_1088' title='bbox 1148 3224 1181 3245; x_wconf 85' lang='lat' dir='ltr'>in</span> <span class='ocrx_word' id='word_1_1089' title='bbox 1215 3215 1359 3264; x_wconf 51' lang='lat' dir='ltr'>Sedtione</span> <span class='ocrx_word' id='word_1_1090' title='bbox 1392 3216 1451 3249; x_wconf 90' lang='lat' dir='ltr'>hac</span> <span class='ocrx_word' id='word_1_1091' title='bbox 1475 3217 1673 3260; x_wconf 78' lang='lat' dir='ltr'>Sepulchreti</span> <span class='ocrx_word' id='word_1_1092' title='bbox 1696 3221 1789 3253; x_wconf 90' lang='lat' dir='ltr'>XVI.</span> <span class='ocrx_word' id='word_1_1093' title='bbox 1814 3230 1875 3253; x_wconf 86' lang='lat' dir='ltr'>tres</span> <span class='ocrx_word' id='word_1_1094' title='bbox 1909 3221 2002 3253; x_wconf 87' lang='lat' dir='ltr'>unius</span> <span class='ocrx_word' id='word_1_1095' title='bbox 2025 3220 2146 3263; x_wconf 86' lang='lat' dir='ltr'>hydro-</span> 
     </span>
     <span class='ocr_line' id='line_1_133' title="bbox 1147 3257 2146 3304; baseline 0.011 -16"><span class='ocrx_word' id='word_1_1096' title='bbox 1147 3257 1280 3303; x_wconf 75' lang='lat' dir='ltr'>cephalr</span> <span class='ocrx_word' id='word_1_1097' title='bbox 1296 3262 1434 3302; x_wconf 89' lang='lat' dir='ltr'>proponi</span> <span class='ocrx_word' id='word_1_1098' title='bbox 1460 3261 1606 3295; x_wconf 84' lang='lat' dir='ltr'>historias</span> <span class='ocrx_word' id='word_1_1099' title='bbox 1630 3287 1641 3303; x_wconf 82' lang='lat'>‚</span> <span class='ocrx_word' id='word_1_1100' title='bbox 1674 3261 1808 3304; x_wconf 78' lang='lat' dir='ltr'>lingulas</span> <span class='ocrx_word' id='word_1_1101' title='bbox 1832 3275 1848 3295; x_wconf 82' lang='lat' dir='ltr'>a</span> <span class='ocrx_word' id='word_1_1102' title='bbox 1871 3261 2004 3304; x_wconf 85' lang='lat' dir='ltr'>fingulis</span> <span class='ocrx_word' id='word_1_1103' title='bbox 2027 3264 2146 3299; x_wconf 91' lang='lat' dir='ltr'>descri-</span> 
     </span>
     <span class='ocr_line' id='line_1_134' title="bbox 1146 3302 2145 3349; baseline 0.009 -16"><span class='ocrx_word' id='word_1_1104' title='bbox 1146 3309 1240 3349; x_wconf 76' lang='lat' dir='ltr'>ptas,</span> <span class='ocrx_word' id='word_1_1105' title='bbox 1263 3302 1319 3334; x_wconf 85' lang='lat' dir='ltr'>sub</span> <span class='ocrx_word' id='word_1_1106' title='bbox 1342 3314 1427 3336; x_wconf 88' lang='lat' dir='ltr'>num.</span> <span class='ocrx_word' id='word_1_1107' title='bbox 1454 3306 1535 3338; x_wconf 88' lang='lat' dir='ltr'>VII.</span> <span class='ocrx_word' id='word_1_1108' title='bbox 1561 3319 1577 3338; x_wconf 85' lang='lat' dir='ltr'>a</span> <span class='ocrx_word' id='word_1_1109' title='bbox 1600 3308 1779 3345; x_wconf 80' lang='lat' dir='ltr'>Cummio,</span> <span class='ocrx_word' id='word_1_1110' title='bbox 1803 3305 1857 3340; x_wconf 89' lang='lat' dir='ltr'>sub</span> <span class='ocrx_word' id='word_1_1111' title='bbox 1881 3307 1979 3339; x_wconf 85' lang='lat' dir='ltr'>VIII.</span> <span class='ocrx_word' id='word_1_1112' title='bbox 2004 3318 2021 3340; x_wconf 87' lang='lat' dir='ltr'>a</span> <span class='ocrx_word' id='word_1_1113' title='bbox 2045 3309 2145 3342; x_wconf 86' lang='lat' dir='ltr'>Paise-</span> 
     </span>
     <span class='ocr_line' id='line_1_135' title="bbox 1145 3344 2144 3393; baseline 0.009 -18"><span class='ocrx_word' id='word_1_1114' title='bbox 1145 3354 1224 3393; x_wconf 65' lang='grc' dir='ltr'>ηις),</span> <span class='ocrx_word' id='word_1_1115' title='bbox 1246 3344 1381 3387; x_wconf 82' lang='lat' dir='ltr'>denique</span> <span class='ocrx_word' id='word_1_1116' title='bbox 1406 3347 1460 3380; x_wconf 91' lang='lat' dir='ltr'>sub</span> <span class='ocrx_word' id='word_1_1117' title='bbox 1481 3350 1523 3382; x_wconf 86' lang='lat' dir='ltr'>V.</span> <span class='ocrx_word' id='word_1_1118' title='bbox 1549 3351 1582 3382; x_wconf 91' lang='lat' dir='ltr'>in</span> <span class='ocrx_word' id='word_1_1119' title='bbox 1606 3350 1845 3383; x_wconf 72' lang='lat' dir='ltr'>Additamentis</span> <span class='ocrx_word' id='word_1_1120' title='bbox 1868 3361 1883 3383; x_wconf 88' lang='lat' dir='ltr'>a</span> <span class='ocrx_word' id='word_1_1121' title='bbox 1899 3350 2069 3384; x_wconf 87' lang='lat' dir='ltr'>Pechlino.</span> <span class='ocrx_word' id='word_1_1122' title='bbox 2095 3354 2144 3385; x_wconf 80' lang='lat' dir='ltr'>Hi</span> 
     </span>
     <span class='ocr_line' id='line_1_136' title="bbox 1146 3390 2144 3431; baseline 0.01 -12"><span class='ocrx_word' id='word_1_1123' title='bbox 1146 3398 1231 3420; x_wconf 89' lang='lat' dir='ltr'>enim</span> <span class='ocrx_word' id='word_1_1124' title='bbox 1255 3399 1362 3420; x_wconf 87' lang='lat' dir='ltr'>omnes</span> <span class='ocrx_word' id='word_1_1125' title='bbox 1386 3390 1512 3424; x_wconf 79' lang='lat' dir='ltr'>aderant</span> <span class='ocrx_word' id='word_1_1126' title='bbox 1530 3417 1539 3431; x_wconf 95' lang='lat'>,</span> <span class='ocrx_word' id='word_1_1127' title='bbox 1573 3405 1645 3426; x_wconf 90' lang='lat' dir='ltr'>cum</span> <span class='ocrx_word' id='word_1_1128' title='bbox 1668 3392 1707 3425; x_wconf 88' lang='lat' dir='ltr'>ab</span> <span class='ocrx_word' id='word_1_1129' title='bbox 1729 3393 1861 3426; x_wconf 81' lang='lat' dir='ltr'>Hornio</span> <span class='ocrx_word' id='word_1_1130' title='bbox 1896 3394 2033 3428; x_wconf 82' lang='lat' dir='ltr'>infantis</span> <span class='ocrx_word' id='word_1_1131' title='bbox 2057 3396 2144 3429; x_wconf 82' lang='lat' dir='ltr'>illius</span> 
     </span>
     <span class='ocr_line' id='line_1_137' title="bbox 1145 3431 2143 3480; baseline 0.007 -17"><span class='ocrx_word' id='word_1_1132' title='bbox 1145 3431 1278 3464; x_wconf 79' lang='lat' dir='ltr'>cadaver</span> <span class='ocrx_word' id='word_1_1133' title='bbox 1297 3433 1451 3480; x_wconf 28' lang='lat' dir='ltr'>*Lugduni</span> <span class='ocrx_word' id='word_1_1134' title='bbox 1476 3435 1666 3470; x_wconf 84' lang='lat' dir='ltr'>Batavorum</span> <span class='ocrx_word' id='word_1_1135' title='bbox 1697 3437 1737 3469; x_wconf 85' lang='lat' dir='ltr'>A.</span> <span class='ocrx_word' id='word_1_1136' title='bbox 1766 3439 1858 3470; x_wconf 87' lang='lat'>1666.</span> <span class='ocrx_word' id='word_1_1137' title='bbox 1883 3437 2048 3471; x_wconf 66' lang='lat' dir='ltr'>dissectum</span> <span class='ocrx_word' id='word_1_1138' title='bbox 2069 3437 2111 3472; x_wconf 90' lang='lat' dir='ltr'>est</span> <span class='ocrx_word' id='word_1_1139' title='bbox 2134 3463 2143 3470; x_wconf 87' lang='lat'>.</span> 
     </span>
     <span class='ocr_line' id='line_1_138' title="bbox 1147 3476 2144 3522; baseline 0.008 -14"><span class='ocrx_word' id='word_1_1140' title='bbox 1147 3477 1234 3508; x_wconf 89' lang='lat' dir='ltr'>Cum</span> <span class='ocrx_word' id='word_1_1141' title='bbox 1258 3476 1358 3517; x_wconf 88' lang='lat' dir='ltr'>igitur</span> <span class='ocrx_word' id='word_1_1142' title='bbox 1383 3479 1479 3519; x_wconf 85' lang='lat' dir='ltr'>primi</span> <span class='ocrx_word' id='word_1_1143' title='bbox 1501 3479 1568 3513; x_wconf 88' lang='lat' dir='ltr'>duo</span> <span class='ocrx_word' id='word_1_1144' title='bbox 1591 3480 1625 3512; x_wconf 93' lang='lat' dir='ltr'>in</span> <span class='ocrx_word' id='word_1_1145' title='bbox 1648 3478 1817 3522; x_wconf 76' lang='lat' dir='ltr'>Ephemer.</span> <span class='ocrx_word' id='word_1_1146' title='bbox 1853 3481 1935 3514; x_wconf 86' lang='lat' dir='ltr'>Nat.</span> <span class='ocrx_word' id='word_1_1147' title='bbox 1957 3483 2036 3514; x_wconf 89' lang='lat' dir='ltr'>Cur.</span> <span class='ocrx_word' id='word_1_1148' title='bbox 2062 3484 2144 3516; x_wconf 90' lang='lat' dir='ltr'>Dec.</span> 
     </span>
     <span class='ocr_line' id='line_1_139' title="bbox 1148 3519 2142 3568; baseline 0.009 -18"><span class='ocrx_word' id='word_1_1149' title='bbox 1148 3520 1177 3556; x_wconf 87' lang='grc' dir='ltr'>Ι.</span> <span class='ocrx_word' id='word_1_1150' title='bbox 1204 3519 1281 3552; x_wconf 87' lang='lat' dir='ltr'>alter</span> <span class='ocrx_word' id='word_1_1151' title='bbox 1302 3519 1345 3552; x_wconf 89' lang='lat' dir='ltr'>A.</span> <span class='ocrx_word' id='word_1_1152' title='bbox 1369 3521 1396 3552; x_wconf 91' lang='grc' dir='ltr'>Ι.</span> <span class='ocrx_word' id='word_1_1153' title='bbox 1427 3523 1475 3560; x_wconf 83' lang='grc' dir='ltr'>(ι’</span> <span class='ocrx_word' id='word_1_1154' title='bbox 1498 3526 1509 3561; x_wconf 92' lang='grc'>)</span> <span class='ocrx_word' id='word_1_1155' title='bbox 1542 3522 1622 3560; x_wconf 74' lang='lat' dir='ltr'>alter</span> <span class='ocrx_word' id='word_1_1156' title='bbox 1645 3523 1689 3555; x_wconf 92' lang='lat' dir='ltr'>A.</span> <span class='ocrx_word' id='word_1_1157' title='bbox 1714 3524 1776 3558; x_wconf 91' lang='lat' dir='ltr'>IV.</span> <span class='ocrx_word' id='word_1_1158' title='bbox 1803 3525 1836 3557; x_wconf 74' lang='grc' dir='ltr'>δε</span> <span class='ocrx_word' id='word_1_1159' title='bbox 1860 3524 1902 3556; x_wconf 80' lang='lat' dir='ltr'>V.</span> <span class='ocrx_word' id='word_1_1160' title='bbox 1937 3527 1950 3564; x_wconf 87' lang='lat'>(</span> <span class='ocrx_word' id='word_1_1161' title='bbox 1972 3524 2025 3564; x_wconf 58' lang='lat' dir='ltr'>le)</span> <span class='ocrx_word' id='word_1_1162' title='bbox 2055 3525 2142 3568; x_wconf 86' lang='lat' dir='ltr'>suam</span> 
     </span>
    </p>
   </div>
   <div class='ocr_carea' id='block_1_8' title="bbox 2016 3569 2126 3612">
    <p class='ocr_par' dir='ltr' id='par_1_12' title="bbox 2016 3569 2126 3612">
     <span class='ocr_line' id='line_1_140' title="bbox 2016 3569 2126 3612; baseline 0 -10"><span class='ocrx_word' id='word_1_1163' title='bbox 2016 3569 2104 3612; x_wconf 88' lang='lat' dir='ltr'>quis-</span> <span class='ocrx_word' id='word_1_1164' title='bbox 2124 3569 2126 3571; x_wconf 81' lang='grc'><strong>’</strong></span> 
     </span>
    </p>
   </div>
   <div class='ocr_carea' id='block_1_9' title="bbox 88 3668 2150 3684">
    <p class='ocr_par' dir='ltr' id='par_1_13' title="bbox 88 3668 2150 3684">
     <span class='ocr_line' id='line_1_141' title="bbox 88 3668 2150 3684; baseline 0.002 -8"><span class='ocrx_word' id='word_1_1165' title='bbox 88 3668 2150 3684; x_wconf 47' lang='lat' dir='ltr'>mmm—mm„-</span> 
     </span>
    </p>
   </div>
   <div class='ocr_carea' id='block_1_10' title="bbox 152 3738 992 3832">
    <p class='ocr_par' dir='ltr' id='par_1_14' title="bbox 152 3738 992 3832">
     <span class='ocr_line' id='line_1_142' title="bbox 152 3738 992 3772; baseline 0.006 -11"><span class='ocrx_word' id='word_1_1166' title='bbox 152 3740 168 3768; x_wconf 72' lang='grc' dir='ltr'>ζ</span> <span class='ocrx_word' id='word_1_1167' title='bbox 183 3748 198 3763; x_wconf 89' lang='lat' dir='ltr'>a</span> <span class='ocrx_word' id='word_1_1168' title='bbox 215 3739 228 3767; x_wconf 89' lang='lat'>)</span> <span class='ocrx_word' id='word_1_1169' title='bbox 245 3746 269 3761; x_wconf 89' lang='lat' dir='ltr'>n.</span> <span class='ocrx_word' id='word_1_1170' title='bbox 291 3747 325 3768; x_wconf 79' lang='lat'>¹4·</span> <span class='ocrx_word' id='word_1_1171' title='bbox 344 3738 369 3762; x_wconf 89' lang='lat' dir='ltr'>in</span> <span class='ocrx_word' id='word_1_1172' title='bbox 387 3739 430 3763; x_wconf 86' lang='lat' dir='ltr'>fin.</span> <span class='ocrx_word' id='word_1_1173' title='bbox 494 3738 536 3767; x_wconf 85' lang='lat' dir='ltr'>(b</span> <span class='ocrx_word' id='word_1_1174' title='bbox 554 3738 561 3767; x_wconf 95' lang='lat'>)</span> <span class='ocrx_word' id='word_1_1175' title='bbox 579 3738 665 3763; x_wconf 83' lang='lat' dir='ltr'>Anim.</span> <span class='ocrx_word' id='word_1_1176' title='bbox 682 3747 721 3769; x_wconf 77' lang='lat'>²3·</span> <span class='ocrx_word' id='word_1_1177' title='bbox 739 3740 762 3764; x_wconf 84' lang='lat'>&amp;</span> <span class='ocrx_word' id='word_1_1178' title='bbox 777 3741 840 3765; x_wconf 78' lang='lat' dir='ltr'>Tab.</span> <span class='ocrx_word' id='word_1_1179' title='bbox 859 3743 881 3766; x_wconf 90' lang='lat'>1.</span> <span class='ocrx_word' id='word_1_1180' title='bbox 899 3742 956 3772; x_wconf 81' lang='lat' dir='ltr'>Fig.·</span> <span class='ocrx_word' id='word_1_1181' title='bbox 969 3751 992 3771; x_wconf 73' lang='lat'>4.</span> 
     </span>
     <span class='ocr_line' id='line_1_143' title="bbox 152 3768 824 3801; baseline -0.001 -8"><span class='ocrx_word' id='word_1_1182' title='bbox 152 3772 166 3798; x_wconf 84' lang='lat'>(</span> <span class='ocrx_word' id='word_1_1183' title='bbox 182 3778 193 3793; x_wconf 76' lang='grc' dir='ltr'><strong><em>ε</em></strong></span> <span class='ocrx_word' id='word_1_1184' title='bbox 210 3769 223 3797; x_wconf 87' lang='grc'>)</span> <span class='ocrx_word' id='word_1_1185' title='bbox 241 3769 302 3796; x_wconf 76' lang='lat' dir='ltr'>Eph.</span> <span class='ocrx_word' id='word_1_1186' title='bbox 321 3772 354 3793; x_wconf 87' lang='lat' dir='ltr'>N.</span> <span class='ocrx_word' id='word_1_1187' title='bbox 371 3771 400 3794; x_wconf 90' lang='lat' dir='ltr'>C.</span> <span class='ocrx_word' id='word_1_1188' title='bbox 418 3771 489 3793; x_wconf 85' lang='lat' dir='ltr'>Cent.</span> <span class='ocrx_word' id='word_1_1189' title='bbox 505 3772 528 3793; x_wconf 92' lang='lat'>6.</span> <span class='ocrx_word' id='word_1_1190' title='bbox 548 3768 609 3795; x_wconf 87' lang='lat' dir='ltr'>Obs.</span> <span class='ocrx_word' id='word_1_1191' title='bbox 629 3777 648 3793; x_wconf 84' lang='grc' dir='ltr'>ι.</span> <span class='ocrx_word' id='word_1_1192' title='bbox 665 3770 691 3794; x_wconf 87' lang='lat' dir='ltr'>in</span> <span class='ocrx_word' id='word_1_1193' title='bbox 707 3771 749 3794; x_wconf 84' lang='lat' dir='ltr'>fin.</span> <span class='ocrx_word' id='word_1_1194' title='bbox 811 3774 824 3801; x_wconf 66' lang='grc' dir='ltr'>ζ</span> 
     </span>
     <span class='ocr_line' id='line_1_144' title="bbox 152 3800 916 3832; baseline 0.007 -11"><span class='ocrx_word' id='word_1_1195' title='bbox 152 3801 166 3830; x_wconf 83' lang='lat'>(</span> <span class='ocrx_word' id='word_1_1196' title='bbox 180 3808 198 3832; x_wconf 74' lang='lat' dir='ltr'>g</span> <span class='ocrx_word' id='word_1_1197' title='bbox 215 3800 228 3831; x_wconf 79' lang='lat'>&gt;</span> <span class='ocrx_word' id='word_1_1198' title='bbox 246 3800 305 3824; x_wconf 70' lang='lat' dir='ltr'>first.</span> <span class='ocrx_word' id='word_1_1199' title='bbox 323 3801 352 3825; x_wconf 80' lang='lat' dir='ltr'>de</span> <span class='ocrx_word' id='word_1_1200' title='bbox 369 3800 391 3825; x_wconf 78' lang='lat' dir='ltr'>la</span> <span class='ocrx_word' id='word_1_1201' title='bbox 407 3806 488 3825; x_wconf 77' lang='lat' dir='ltr'>mrue</span> <span class='ocrx_word' id='word_1_1202' title='bbox 505 3800 580 3825; x_wconf 68' lang='lat' dir='ltr'>Aeaci.</span> <span class='ocrx_word' id='word_1_1203' title='bbox 595 3802 624 3825; x_wconf 80' lang='lat' dir='ltr'>A.</span> <span class='ocrx_word' id='word_1_1204' title='bbox 644 3807 709 3829; x_wconf 71' lang='lat'>1711.</span> <span class='ocrx_word' id='word_1_1205' title='bbox 724 3800 783 3825; x_wconf 83' lang='lat' dir='ltr'>obs.</span> <span class='ocrx_word' id='word_1_1206' title='bbox 801 3804 873 3827; x_wconf 79' lang='lat' dir='ltr'>Anat.</span> <span class='ocrx_word' id='word_1_1207' title='bbox 891 3811 916 3832; x_wconf 83' lang='lat'>7.</span> 
     </span>
    </p>
   </div>
   <div class='ocr_carea' id='block_1_11' title="bbox 838 3741 1466 3835">
    <p class='ocr_par' dir='ltr' id='par_1_15' title="bbox 838 3741 1466 3835">
     <span class='ocr_line' id='line_1_145' title="bbox 838 3741 1466 3801; baseline 0.002 -5"><span class='ocrx_word' id='word_1_1208' title='bbox 838 3771 876 3801; x_wconf 83' lang='lat' dir='ltr'>f)</span> <span class='ocrx_word' id='word_1_1209' title='bbox 894 3774 1014 3797; x_wconf 85' lang='lat' dir='ltr'>Memoir.</span> <span class='ocrx_word' id='word_1_1210' title='bbox 1030 3743 1063 3796; x_wconf 69' lang='lat' dir='ltr'>de(</span> <span class='ocrx_word' id='word_1_1211' title='bbox 1076 3741 1230 3796; x_wconf 47' lang='grc' dir='ltr'>1ξέὶέιάξῆ</span> <span class='ocrx_word' id='word_1_1212' title='bbox 1249 3773 1277 3797; x_wconf 88' lang='lat' dir='ltr'>de</span> <span class='ocrx_word' id='word_1_1213' title='bbox 1294 3775 1331 3797; x_wconf 82' lang='lat' dir='ltr'>Sc.</span> <span class='ocrx_word' id='word_1_1214' title='bbox 1349 3776 1380 3797; x_wconf 80' lang='lat' dir='ltr'>A.</span> <span class='ocrx_word' id='word_1_1215' title='bbox 1398 3780 1466 3801; x_wconf 80' lang='lat'>174¹-</span> 
     </span>
     <span class='ocr_line' id='line_1_146' title="bbox 979 3803 1274 3835; baseline 0.003 -8"><span class='ocrx_word' id='word_1_1216' title='bbox 979 3804 993 3833; x_wconf 84' lang='lat'><strong>(</strong></span> <span class='ocrx_word' id='word_1_1217' title='bbox 1008 3804 1022 3827; x_wconf 78' lang='lat' dir='ltr'><em>h</em></span> <span class='ocrx_word' id='word_1_1218' title='bbox 1039 3804 1048 3835; x_wconf 81' lang='lat'><em>)</em></span> <span class='ocrx_word' id='word_1_1219' title='bbox 1064 3803 1138 3831; x_wconf 77' lang='lat' dir='ltr'>Epist.</span> <span class='ocrx_word' id='word_1_1220' title='bbox 1153 3810 1176 3832; x_wconf 85' lang='lat'>4.</span> <span class='ocrx_word' id='word_1_1221' title='bbox 1194 3811 1219 3827; x_wconf 93' lang='lat' dir='ltr'>n.</span> <span class='ocrx_word' id='word_1_1222' title='bbox 1237 3807 1274 3832; x_wconf 75' lang='lat'>36.</span> 
     </span>
    </p>
   </div>
   <div class='ocr_carea' id='block_1_12' title="bbox 1265 3741 1761 3772">
    <p class='ocr_par' dir='ltr' id='par_1_16' title="bbox 1265 3741 1761 3772">
     <span class='ocr_line' id='line_1_147' title="bbox 1265 3741 1761 3772; baseline 0.002 -6"><span class='ocrx_word' id='word_1_1223' title='bbox 1265 3744 1279 3772; x_wconf 87' lang='lat'>(</span> <span class='ocrx_word' id='word_1_1224' title='bbox 1294 3743 1310 3766; x_wconf 83' lang='lat' dir='ltr'>d</span> <span class='ocrx_word' id='word_1_1225' title='bbox 1324 3742 1337 3772; x_wconf 86' lang='lat'>)</span> <span class='ocrx_word' id='word_1_1226' title='bbox 1353 3743 1409 3767; x_wconf 67' lang='lat' dir='ltr'>Ast.</span> <span class='ocrx_word' id='word_1_1227' title='bbox 1427 3741 1489 3772; x_wconf 83' lang='lat' dir='ltr'>Lisp.</span> <span class='ocrx_word' id='word_1_1228' title='bbox 1507 3745 1536 3768; x_wconf 85' lang='lat' dir='ltr'>A.</span> <span class='ocrx_word' id='word_1_1229' title='bbox 1555 3744 1622 3769; x_wconf 81' lang='lat'>1688.</span> <span class='ocrx_word' id='word_1_1230' title='bbox 1641 3743 1680 3766; x_wconf 89' lang='lat' dir='ltr'>M.</span> <span class='ocrx_word' id='word_1_1231' title='bbox 1698 3743 1761 3771; x_wconf 77' lang='lat' dir='ltr'>Mai.</span> 
     </span>
    </p>
   </div>
   <div class='ocr_carea' id='block_1_13' title="bbox 1336 3803 1808 3836">
    <p class='ocr_par' dir='ltr' id='par_1_17' title="bbox 1336 3803 1808 3836">
     <span class='ocr_line' id='line_1_148' title="bbox 1336 3803 1808 3836; baseline 0.004 -8"><span class='ocrx_word' id='word_1_1232' title='bbox 1336 3805 1350 3833; x_wconf 64' lang='grc' dir='ltr'>Ε</span> <span class='ocrx_word' id='word_1_1233' title='bbox 1365 3804 1404 3832; x_wconf 82' lang='lat' dir='ltr'>i)</span> <span class='ocrx_word' id='word_1_1234' title='bbox 1421 3805 1479 3830; x_wconf 86' lang='lat' dir='ltr'>Obs.</span> <span class='ocrx_word' id='word_1_1235' title='bbox 1494 3814 1534 3836; x_wconf 81' lang='lat'>47.</span> <span class='ocrx_word' id='word_1_1236' title='bbox 1595 3808 1602 3832; x_wconf 80' lang='lat' dir='ltr'>s</span> <span class='ocrx_word' id='word_1_1237' title='bbox 1620 3805 1637 3830; x_wconf 77' lang='lat' dir='ltr'><em>k</em></span> <span class='ocrx_word' id='word_1_1238' title='bbox 1656 3804 1663 3834; x_wconf 94' lang='lat'>)</span> <span class='ocrx_word' id='word_1_1239' title='bbox 1679 3803 1738 3833; x_wconf 68' lang='grc' dir='ltr'>ΟΜ,</span> <span class='ocrx_word' id='word_1_1240' title='bbox 1756 3809 1808 3835; x_wconf 79' lang='lat'>196.</span> 
     </span>
    </p>
   </div>
  </div>
 </body>
</html>
