<?xml version="1.0" encoding="UTF-8"?>
<!DOCTYPE html PUBLIC "-//W3C//DTD XHTML 1.0 Transitional//EN"
    "http://www.w3.org/TR/xhtml1/DTD/xhtml1-transitional.dtd">
<html xmlns="http://www.w3.org/1999/xhtml" xml:lang="en" lang="en">
 <head>
  <title>
</title>
<meta http-equiv="Content-Type" content="text/html;charset=utf-8" />
  <meta name='ocr-system' content='tesseract 3.04.00' />
  <meta name='ocr-capabilities' content='ocr_page ocr_carea ocr_par ocr_line ocrx_word'/>
</head>
<body>
  <div class='ocr_page' id='page_1' title='image "./desedibusetcausi00morg_0171.png"; bbox 0 0 2498 4075; ppageno 0'>
   <div class='ocr_carea' id='block_1_1' title="bbox 341 143 1749 253">
    <p class='ocr_par' dir='ltr' id='par_1_1' title="bbox 341 143 1749 253">
     <span class='ocr_line' id='line_1_1' title="bbox 341 143 1749 253; baseline -0.006 -12"><span class='ocrx_word' id='word_1_1' title='bbox 341 183 491 253; x_wconf 87' lang='lat' dir='ltr'>Epist.</span> <span class='ocrx_word' id='word_1_2' title='bbox 526 187 685 241; x_wconf 84' lang='lat' dir='ltr'><strong>Anat.</strong></span> <span class='ocrx_word' id='word_1_3' title='bbox 719 186 931 241; x_wconf 83' lang='lat' dir='ltr'>Medica</span> <span class='ocrx_word' id='word_1_4' title='bbox 966 185 1068 238; x_wconf 87' lang='lat' dir='ltr'>IX.</span> <span class='ocrx_word' id='word_1_5' title='bbox 1104 143 1312 252; x_wconf 76' lang='lat' dir='ltr'>Arr.13.</span> <span class='ocrx_word' id='word_1_6' title='bbox 1341 183 1749 249; x_wconf 83' lang='lat'><strong>14.15.16.&amp;17.</strong></span> 
     </span>
    </p>
   </div>
   <div class='ocr_carea' id='block_1_2' title="bbox 638 263 1051 300">
    <p class='ocr_par' dir='ltr' id='par_1_2' title="bbox 638 263 1051 300">
     <span class='ocr_line' id='line_1_2' title="bbox 638 263 1051 300; baseline -0.002 -2"><span class='ocrx_word' id='word_1_7' title='bbox 638 263 751 298; x_wconf 83' lang='lat' dir='ltr'>Sebast.</span> <span class='ocrx_word' id='word_1_8' title='bbox 787 266 866 298; x_wconf 86' lang='lat' dir='ltr'>Ant.</span> <span class='ocrx_word' id='word_1_9' title='bbox 902 265 1051 300; x_wconf 43' lang='lat' dir='ltr'>Treui-s</span> 
     </span>
    </p>
   </div>
   <div class='ocr_carea' id='block_1_3' title="bbox 2 262 1053 3672">
    <p class='ocr_par' dir='ltr' id='par_1_3' title="bbox 26 262 1033 900">
     <span class='ocr_line' id='line_1_3' title="bbox 26 262 608 307; baseline -0.002 -9"><span class='ocrx_word' id='word_1_10' title='bbox 26 264 81 307; x_wconf 87' lang='lat' dir='ltr'>qui</span> <span class='ocrx_word' id='word_1_11' title='bbox 105 263 186 296; x_wconf 80' lang='lat' dir='ltr'>milii</span> <span class='ocrx_word' id='word_1_12' title='bbox 211 262 413 305; x_wconf 81' lang='lat' dir='ltr'>postmodum</span> <span class='ocrx_word' id='word_1_13' title='bbox 436 264 573 297; x_wconf 80' lang='lat' dir='ltr'>narravit</span> <span class='ocrx_word' id='word_1_14' title='bbox 595 286 608 304; x_wconf 91' lang='lat'>,</span> 
     </span>
     <span class='ocr_line' id='line_1_4' title="bbox 34 305 1024 350; baseline 0.002 -12"><span class='ocrx_word' id='word_1_15' title='bbox 34 306 167 343; x_wconf 77' lang='lat' dir='ltr'>bessius,</span> <span class='ocrx_word' id='word_1_16' title='bbox 192 305 348 341; x_wconf 88' lang='lat' dir='ltr'>studiosus</span> <span class='ocrx_word' id='word_1_17' title='bbox 371 318 448 341; x_wconf 91' lang='lat' dir='ltr'>tunc</span> <span class='ocrx_word' id='word_1_18' title='bbox 472 306 616 350; x_wconf 82' lang='lat' dir='ltr'>juvenis,</span> <span class='ocrx_word' id='word_1_19' title='bbox 639 307 758 340; x_wconf 85' lang='lat' dir='ltr'>nobilis</span> <span class='ocrx_word' id='word_1_20' title='bbox 781 307 885 349; x_wconf 85' lang='lat' dir='ltr'>postea</span> <span class='ocrx_word' id='word_1_21' title='bbox 917 307 1024 340; x_wconf 87' lang='lat' dir='ltr'>Bono-</span> 
     </span>
     <span class='ocr_line' id='line_1_5' title="bbox 30 348 1022 392; baseline -0.002 -9"><span class='ocrx_word' id='word_1_22' title='bbox 30 350 91 383; x_wconf 83' lang='lat' dir='ltr'>niae</span> <span class='ocrx_word' id='word_1_23' title='bbox 116 348 282 387; x_wconf 81' lang='lat' dir='ltr'>Medicus,</span> <span class='ocrx_word' id='word_1_24' title='bbox 306 354 337 385; x_wconf 72' lang='grc' dir='ltr'>δε</span> <span class='ocrx_word' id='word_1_25' title='bbox 360 350 558 392; x_wconf 81' lang='lat' dir='ltr'><strong>Chirurgus.</strong></span> <span class='ocrx_word' id='word_1_26' title='bbox 702 351 905 384; x_wconf 85' lang='lat' dir='ltr'>VENTER</span> <span class='ocrx_word' id='word_1_27' title='bbox 940 348 1022 382; x_wconf 90' lang='lat' dir='ltr'>nihil</span> 
     </span>
     <span class='ocr_line' id='line_1_6' title="bbox 30 391 1024 435; baseline -0.001 -9"><span class='ocrx_word' id='word_1_28' title='bbox 30 391 116 426; x_wconf 83' lang='lat' dir='ltr'>aliud</span> <span class='ocrx_word' id='word_1_29' title='bbox 141 391 311 434; x_wconf 68' lang='lat' dir='ltr'>speetabile</span> <span class='ocrx_word' id='word_1_30' title='bbox 336 393 470 430; x_wconf 83' lang='lat' dir='ltr'>habuit,</span> <span class='ocrx_word' id='word_1_31' title='bbox 494 404 588 435; x_wconf 85' lang='lat' dir='ltr'>quam</span> <span class='ocrx_word' id='word_1_32' title='bbox 620 402 705 426; x_wconf 86' lang='lat' dir='ltr'>renes</span> <span class='ocrx_word' id='word_1_33' title='bbox 727 416 739 432; x_wconf 87' lang='lat'>,</span> <span class='ocrx_word' id='word_1_34' title='bbox 806 404 909 427; x_wconf 87' lang='lat' dir='ltr'>iorum</span> <span class='ocrx_word' id='word_1_35' title='bbox 945 393 1024 425; x_wconf 87' lang='lat' dir='ltr'>alter</span> 
     </span>
     <span class='ocr_line' id='line_1_7' title="bbox 31 433 1025 478; baseline -0.001 -9"><span class='ocrx_word' id='word_1_36' title='bbox 31 433 185 472; x_wconf 81' lang='lat' dir='ltr'>rotundus</span> <span class='ocrx_word' id='word_1_37' title='bbox 199 460 206 474; x_wconf 94' lang='lat'>,</span> <span class='ocrx_word' id='word_1_38' title='bbox 230 439 262 470; x_wconf 93' lang='lat'>&amp;</span> <span class='ocrx_word' id='word_1_39' title='bbox 285 439 465 470; x_wconf 81' lang='lat' dir='ltr'>carcinoma</span> <span class='ocrx_word' id='word_1_40' title='bbox 487 435 702 478; x_wconf 82' lang='lat' dir='ltr'>quadantenus</span> <span class='ocrx_word' id='word_1_41' title='bbox 725 434 775 467; x_wconf 87' lang='lat' dir='ltr'>ref</span> <span class='ocrx_word' id='word_1_42' title='bbox 781 447 858 468; x_wconf 49' lang='lat' dir='ltr'>*rens</span> <span class='ocrx_word' id='word_1_43' title='bbox 877 459 888 475; x_wconf 89' lang='lat'>,</span> <span class='ocrx_word' id='word_1_44' title='bbox 920 436 1025 469; x_wconf 88' lang='lat' dir='ltr'>calcu-</span> 
     </span>
     <span class='ocr_line' id='line_1_8' title="bbox 34 477 1025 521; baseline -0.001 -9"><span class='ocrx_word' id='word_1_45' title='bbox 34 480 81 512; x_wconf 89' lang='lat' dir='ltr'>los</span> <span class='ocrx_word' id='word_1_46' title='bbox 103 479 313 519; x_wconf 81' lang='lat' dir='ltr'>continebat3</span> <span class='ocrx_word' id='word_1_47' title='bbox 337 482 416 513; x_wconf 88' lang='lat' dir='ltr'>alter</span> <span class='ocrx_word' id='word_1_48' title='bbox 437 490 533 516; x_wconf 82' lang='lat' dir='ltr'>vero3</span> <span class='ocrx_word' id='word_1_49' title='bbox 557 477 682 517; x_wconf 75' lang='lat' dir='ltr'>cred0;</span> <span class='ocrx_word' id='word_1_50' title='bbox 694 477 779 521; x_wconf 90' lang='lat' dir='ltr'>quod</span> <span class='ocrx_word' id='word_1_51' title='bbox 802 479 890 512; x_wconf 87' lang='lat' dir='ltr'>illius</span> <span class='ocrx_word' id='word_1_52' title='bbox 901 489 1025 521; x_wconf 86' lang='lat' dir='ltr'>quoque</span> 
     </span>
     <span class='ocr_line' id='line_1_9' title="bbox 33 519 1026 564; baseline -0.001 -9"><span class='ocrx_word' id='word_1_53' title='bbox 33 521 192 563; x_wconf 65' lang='lat' dir='ltr'>suipleret</span> <span class='ocrx_word' id='word_1_54' title='bbox 215 521 381 561; x_wconf 80' lang='lat' dir='ltr'>officium3</span> <span class='ocrx_word' id='word_1_55' title='bbox 405 531 471 555; x_wconf 88' lang='lat' dir='ltr'>erat</span> <span class='ocrx_word' id='word_1_56' title='bbox 496 532 572 563; x_wconf 89' lang='lat' dir='ltr'>pene</span> <span class='ocrx_word' id='word_1_57' title='bbox 596 520 697 563; x_wconf 87' lang='lat' dir='ltr'>duplo</span> <span class='ocrx_word' id='word_1_58' title='bbox 719 519 822 563; x_wconf 85' lang='lat' dir='ltr'>major</span> <span class='ocrx_word' id='word_1_59' title='bbox 842 533 937 564; x_wconf 90' lang='lat' dir='ltr'>quam</span> <span class='ocrx_word' id='word_1_60' title='bbox 970 531 1026 564; x_wconf 88' lang='lat' dir='ltr'>par</span> 
     </span>
     <span class='ocr_line' id='line_1_10' title="bbox 32 563 1028 607; baseline 0.002 -11"><span class='ocrx_word' id='word_1_61' title='bbox 32 576 47 597; x_wconf 90' lang='lat' dir='ltr'>e</span> <span class='ocrx_word' id='word_1_62' title='bbox 73 573 103 596; x_wconf 90' lang='lat' dir='ltr'>et</span> <span class='ocrx_word' id='word_1_63' title='bbox 125 588 133 597; x_wconf 92' lang='lat'><strong>.</strong></span> <span class='ocrx_word' id='word_1_64' title='bbox 279 566 414 600; x_wconf 85' lang='lat' dir='ltr'>Thorax</span> <span class='ocrx_word' id='word_1_65' title='bbox 446 573 558 607; x_wconf 77' lang='lat' dir='ltr'>praeter</span> <span class='ocrx_word' id='word_1_66' title='bbox 591 564 732 606; x_wconf 82' lang='lat' dir='ltr'>pleuram</span> <span class='ocrx_word' id='word_1_67' title='bbox 764 563 993 598; x_wconf 80' lang='lat' dir='ltr'>inflammatam</span> <span class='ocrx_word' id='word_1_68' title='bbox 1015 587 1028 604; x_wconf 93' lang='lat'>,</span> 
     </span>
     <span class='ocr_line' id='line_1_11' title="bbox 32 606 1027 651; baseline -0.001 -11"><span class='ocrx_word' id='word_1_69' title='bbox 32 618 89 640; x_wconf 90' lang='lat' dir='ltr'>cor</span> <span class='ocrx_word' id='word_1_70' title='bbox 112 631 124 647; x_wconf 88' lang='lat'>,</span> <span class='ocrx_word' id='word_1_71' title='bbox 157 610 189 641; x_wconf 69' lang='grc' dir='ltr'>δε</span> <span class='ocrx_word' id='word_1_72' title='bbox 211 608 281 642; x_wconf 82' lang='lat' dir='ltr'>vasa</span> <span class='ocrx_word' id='word_1_73' title='bbox 307 607 427 651; x_wconf 85' lang='lat' dir='ltr'>majora</span> <span class='ocrx_word' id='word_1_74' title='bbox 450 606 577 650; x_wconf 76' lang='lat' dir='ltr'>turgida</span> <span class='ocrx_word' id='word_1_75' title='bbox 601 606 749 641; x_wconf 85' lang='lat' dir='ltr'>exhibuit</span> <span class='ocrx_word' id='word_1_76' title='bbox 772 608 971 649; x_wconf 82' lang='lat' dir='ltr'>nigerrimo,</span> <span class='ocrx_word' id='word_1_77' title='bbox 995 608 1027 639; x_wconf 74' lang='grc' dir='ltr'>δε</span> 
     </span>
     <span class='ocr_line' id='line_1_12' title="bbox 32 649 1029 693; baseline 0.001 -11"><span class='ocrx_word' id='word_1_78' title='bbox 32 649 122 688; x_wconf 82' lang='lat' dir='ltr'>valde</span> <span class='ocrx_word' id='word_1_79' title='bbox 170 651 272 686; x_wconf 85' lang='lat' dir='ltr'>fluido</span> <span class='ocrx_word' id='word_1_80' title='bbox 317 652 465 693; x_wconf 83' lang='lat' dir='ltr'>sanguine</span> <span class='ocrx_word' id='word_1_81' title='bbox 489 675 498 689; x_wconf 90' lang='lat'>,</span> <span class='ocrx_word' id='word_1_82' title='bbox 544 652 576 682; x_wconf 87' lang='lat'>&amp;</span> <span class='ocrx_word' id='word_1_83' title='bbox 609 649 731 683; x_wconf 85' lang='lat' dir='ltr'>decima</span> <span class='ocrx_word' id='word_1_84' title='bbox 764 660 782 682; x_wconf 89' lang='lat' dir='ltr'>a</span> <span class='ocrx_word' id='word_1_85' title='bbox 815 659 917 683; x_wconf 88' lang='lat' dir='ltr'>morte</span> <span class='ocrx_word' id='word_1_86' title='bbox 950 649 1029 683; x_wconf 82' lang='lat' dir='ltr'>hora</span> 
     </span>
     <span class='ocr_line' id='line_1_13' title="bbox 33 693 1031 735; baseline 0 -10"><span class='ocrx_word' id='word_1_87' title='bbox 33 693 154 726; x_wconf 83' lang='lat' dir='ltr'>calente</span> <span class='ocrx_word' id='word_1_88' title='bbox 179 720 186 727; x_wconf 93' lang='lat'><strong>.</strong></span> <span class='ocrx_word' id='word_1_89' title='bbox 317 697 427 735; x_wconf 88' lang='lat' dir='ltr'>Caput</span> <span class='ocrx_word' id='word_1_90' title='bbox 449 694 583 735; x_wconf 84' lang='lat' dir='ltr'>denique</span> <span class='ocrx_word' id='word_1_91' title='bbox 615 693 736 726; x_wconf 86' lang='lat' dir='ltr'>vascula</span> <span class='ocrx_word' id='word_1_92' title='bbox 770 694 875 725; x_wconf 90' lang='lat' dir='ltr'>omnia</span> <span class='ocrx_word' id='word_1_93' title='bbox 900 716 909 731; x_wconf 91' lang='lat'>,</span> <span class='ocrx_word' id='word_1_94' title='bbox 945 704 1031 735; x_wconf 82' lang='lat' dir='ltr'>quae-</span> 
     </span>
     <span class='ocr_line' id='line_1_14' title="bbox 34 735 1031 780; baseline -0.001 -11"><span class='ocrx_word' id='word_1_95' title='bbox 34 748 159 780; x_wconf 81' lang='lat' dir='ltr'>cunque</span> <span class='ocrx_word' id='word_1_96' title='bbox 194 749 251 780; x_wconf 85' lang='lat' dir='ltr'>per</span> <span class='ocrx_word' id='word_1_97' title='bbox 295 737 411 770; x_wconf 79' lang='lat' dir='ltr'>cerebri</span> <span class='ocrx_word' id='word_1_98' title='bbox 447 736 641 778; x_wconf 88' lang='lat' dir='ltr'>superficiem</span> <span class='ocrx_word' id='word_1_99' title='bbox 676 744 790 778; x_wconf 88' lang='lat' dir='ltr'>repunt</span> <span class='ocrx_word' id='word_1_100' title='bbox 813 759 824 775; x_wconf 90' lang='lat'>,</span> <span class='ocrx_word' id='word_1_101' title='bbox 856 735 1031 771; x_wconf 85' lang='lat' dir='ltr'>rubicunda</span> 
     </span>
     <span class='ocr_line' id='line_1_15' title="bbox 34 779 1033 824; baseline 0 -12"><span class='ocrx_word' id='word_1_102' title='bbox 34 780 124 814; x_wconf 89' lang='lat' dir='ltr'>valde</span> <span class='ocrx_word' id='word_1_103' title='bbox 147 803 156 818; x_wconf 83' lang='lat'>‚</span> <span class='ocrx_word' id='word_1_104' title='bbox 191 784 223 814; x_wconf 87' lang='lat'>&amp;</span> <span class='ocrx_word' id='word_1_105' title='bbox 260 780 388 824; x_wconf 82' lang='lat' dir='ltr'>turgida</span> <span class='ocrx_word' id='word_1_106' title='bbox 423 779 557 813; x_wconf 78' lang='lat' dir='ltr'>ostendit</span> <span class='ocrx_word' id='word_1_107' title='bbox 579 790 593 819; x_wconf 89' lang='lat'><em>;</em></span> <span class='ocrx_word' id='word_1_108' title='bbox 630 781 662 812; x_wconf 90' lang='lat' dir='ltr'>in</span> <span class='ocrx_word' id='word_1_109' title='bbox 695 779 882 812; x_wconf 82' lang='lat' dir='ltr'>ventriculis</span> <span class='ocrx_word' id='word_1_110' title='bbox 929 788 1033 813; x_wconf 86' lang='lat' dir='ltr'>autem</span> 
     </span>
     <span class='ocr_line' id='line_1_16' title="bbox 36 820 1033 900; baseline -0.002 -44"><span class='ocrx_word' id='word_1_111' title='bbox 36 823 154 900; x_wconf 49' lang='lat' dir='ltr'>⁶thin</span> <span class='ocrx_word' id='word_1_112' title='bbox 181 835 295 866; x_wconf 84' lang='lat' dir='ltr'>aquam</span> <span class='ocrx_word' id='word_1_113' title='bbox 335 834 469 868; x_wconf 84' lang='lat' dir='ltr'>paucam</span> <span class='ocrx_word' id='word_1_114' title='bbox 486 846 498 863; x_wconf 91' lang='lat'>,</span> <span class='ocrx_word' id='word_1_115' title='bbox 521 833 649 865; x_wconf 89' lang='lat' dir='ltr'>eamque</span> <span class='ocrx_word' id='word_1_116' title='bbox 672 820 814 865; x_wconf 88' lang='lat' dir='ltr'>lymphae</span> <span class='ocrx_word' id='word_1_117' title='bbox 837 821 938 855; x_wconf 35' lang='lat' dir='ltr'>instar*</span> <span class='ocrx_word' id='word_1_118' title='bbox 962 823 1033 854; x_wconf 89' lang='lat' dir='ltr'>lirn-</span> 
     </span>
     <span class='ocr_line' id='line_1_17' title="bbox 64 879 169 899; baseline -0.019 0"><span class='ocrx_word' id='word_1_119' title='bbox 64 880 71 899; x_wconf 90' lang='lat' dir='ltr'>i</span> <span class='ocrx_word' id='word_1_120' title='bbox 100 879 169 899; x_wconf 84' lang='lat' dir='ltr'>am.</span> 
     </span>
    </p>

    <p class='ocr_par' dir='ltr' id='par_1_4' title="bbox 34 879 1045 2111">
     <span class='ocr_line' id='line_1_18' title="bbox 40 879 1036 952; baseline -0.004 -9"><span class='ocrx_word' id='word_1_121' title='bbox 40 879 59 909; x_wconf 68' lang='lat' dir='ltr'>p</span> <span class='ocrx_word' id='word_1_122' title='bbox 84 908 132 952; x_wconf 59' lang='grc' dir='ltr'>ἐς.</span> <span class='ocrx_word' id='word_1_123' title='bbox 157 910 188 941; x_wconf 87' lang='lat' dir='ltr'>Si</span> <span class='ocrx_word' id='word_1_124' title='bbox 213 921 325 952; x_wconf 86' lang='lat' dir='ltr'>aquam</span> <span class='ocrx_word' id='word_1_125' title='bbox 349 909 402 943; x_wconf 83' lang='lat' dir='ltr'>liic</span> <span class='ocrx_word' id='word_1_126' title='bbox 427 909 567 943; x_wconf 85' lang='lat' dir='ltr'>accusare</span> <span class='ocrx_word' id='word_1_127' title='bbox 590 920 653 942; x_wconf 90' lang='lat' dir='ltr'>non</span> <span class='ocrx_word' id='word_1_128' title='bbox 676 908 801 951; x_wconf 77' lang='lat' dir='ltr'>placet3</span> <span class='ocrx_word' id='word_1_129' title='bbox 825 907 938 941; x_wconf 82' lang='lat' dir='ltr'>referas</span> <span class='ocrx_word' id='word_1_130' title='bbox 961 908 1036 940; x_wconf 91' lang='lat' dir='ltr'>licet</span> 
     </span>
     <span class='ocr_line' id='line_1_19' title="bbox 39 951 1035 995; baseline -0.002 -10"><span class='ocrx_word' id='word_1_131' title='bbox 39 951 218 994; x_wconf 70' lang='lat' dir='ltr'>epilepsiam</span> <span class='ocrx_word' id='word_1_132' title='bbox 242 952 279 986; x_wconf 85' lang='lat' dir='ltr'>ad</span> <span class='ocrx_word' id='word_1_133' title='bbox 302 954 421 987; x_wconf 81' lang='lat' dir='ltr'>cerebri</span> <span class='ocrx_word' id='word_1_134' title='bbox 445 953 565 986; x_wconf 87' lang='lat' dir='ltr'>vascula</span> <span class='ocrx_word' id='word_1_135' title='bbox 591 952 752 991; x_wconf 84' lang='lat' dir='ltr'>universa,</span> <span class='ocrx_word' id='word_1_136' title='bbox 775 964 844 995; x_wconf 87' lang='lat' dir='ltr'>quae</span> <span class='ocrx_word' id='word_1_137' title='bbox 885 951 1035 993; x_wconf 82' lang='lat' dir='ltr'>sanguine</span> 
     </span>
     <span class='ocr_line' id='line_1_20' title="bbox 38 995 1036 1039; baseline -0.004 -10"><span class='ocrx_word' id='word_1_138' title='bbox 38 996 193 1038; x_wconf 84' lang='lat' dir='ltr'>ejusmodi</span> <span class='ocrx_word' id='word_1_139' title='bbox 216 1018 226 1036; x_wconf 62' lang='lat'><em>2</em></span> <span class='ocrx_word' id='word_1_140' title='bbox 263 1008 286 1028; x_wconf 87' lang='lat' dir='ltr'>a·</span> <span class='ocrx_word' id='word_1_141' title='bbox 303 995 388 1030; x_wconf 80' lang='lat' dir='ltr'>febre</span> <span class='ocrx_word' id='word_1_142' title='bbox 411 1008 539 1038; x_wconf 74' lang='lat' dir='ltr'>qunque</span> <span class='ocrx_word' id='word_1_143' title='bbox 563 997 709 1039; x_wconf 76' lang='lat' dir='ltr'>agitato,</span> <span class='ocrx_word' id='word_1_144' title='bbox 741 998 773 1028; x_wconf 68' lang='grc' dir='ltr'>ὃ(</span> <span class='ocrx_word' id='word_1_145' title='bbox 804 995 1006 1028; x_wconf 89' lang='lat' dir='ltr'>comminuto</span> <span class='ocrx_word' id='word_1_146' title='bbox 1023 1017 1036 1033; x_wconf 87' lang='lat'>,</span> 
     </span>
     <span class='ocr_line' id='line_1_21' title="bbox 40 1037 1037 1079; baseline -0.004 -6"><span class='ocrx_word' id='word_1_147' title='bbox 40 1039 118 1073; x_wconf 78' lang='lat' dir='ltr'>adeo</span> <span class='ocrx_word' id='word_1_148' title='bbox 140 1039 263 1072; x_wconf 83' lang='lat' dir='ltr'>tumida</span> <span class='ocrx_word' id='word_1_149' title='bbox 279 1061 288 1076; x_wconf 87' lang='lat'>,</span> <span class='ocrx_word' id='word_1_150' title='bbox 312 1050 386 1073; x_wconf 82' lang='lat' dir='ltr'>cum</span> <span class='ocrx_word' id='word_1_151' title='bbox 410 1041 556 1073; x_wconf 88' lang='lat' dir='ltr'>Tenueni</span> <span class='ocrx_word' id='word_1_152' title='bbox 579 1063 592 1079; x_wconf 91' lang='lat'>,</span> <span class='ocrx_word' id='word_1_153' title='bbox 622 1039 674 1071; x_wconf 92' lang='lat' dir='ltr'>cui</span> <span class='ocrx_word' id='word_1_154' title='bbox 698 1039 818 1072; x_wconf 87' lang='lat' dir='ltr'>intexta</span> <span class='ocrx_word' id='word_1_155' title='bbox 842 1037 913 1071; x_wconf 88' lang='lat' dir='ltr'>sunt</span> <span class='ocrx_word' id='word_1_156' title='bbox 930 1059 939 1074; x_wconf 93' lang='lat'>,</span> <span class='ocrx_word' id='word_1_157' title='bbox 972 1047 1037 1069; x_wconf 89' lang='lat' dir='ltr'>me-</span> 
     </span>
     <span class='ocr_line' id='line_1_22' title="bbox 39 1081 1035 1124; baseline -0.004 -9"><span class='ocrx_word' id='word_1_158' title='bbox 39 1084 167 1124; x_wconf 78' lang='lat' dir='ltr'>iiiiigcm</span> <span class='ocrx_word' id='word_1_159' title='bbox 212 1081 416 1115; x_wconf 84' lang='lat' dir='ltr'>distraherent</span> <span class='ocrx_word' id='word_1_160' title='bbox 439 1108 447 1121; x_wconf 92' lang='lat'><strong>‚</strong></span> <span class='ocrx_word' id='word_1_161' title='bbox 481 1094 547 1115; x_wconf 88' lang='lat' dir='ltr'>non</span> <span class='ocrx_word' id='word_1_162' title='bbox 580 1084 707 1115; x_wconf 84' lang='lat' dir='ltr'>irritare</span> <span class='ocrx_word' id='word_1_163' title='bbox 740 1092 802 1114; x_wconf 89' lang='lat' dir='ltr'>non</span> <span class='ocrx_word' id='word_1_164' title='bbox 849 1089 996 1123; x_wconf 84' lang='lat' dir='ltr'>poterant</span> <span class='ocrx_word' id='word_1_165' title='bbox 1027 1103 1035 1111; x_wconf 92' lang='lat'><strong>.</strong></span> 
     </span>
     <span class='ocr_line' id='line_1_23' title="bbox 40 1123 1038 1168; baseline -0.003 -10"><span class='ocrx_word' id='word_1_166' title='bbox 40 1123 141 1164; x_wconf 75' lang='lat' dir='ltr'>Quod</span> <span class='ocrx_word' id='word_1_167' title='bbox 166 1125 186 1158; x_wconf 87' lang='lat' dir='ltr'>si</span> <span class='ocrx_word' id='word_1_168' title='bbox 228 1136 290 1158; x_wconf 88' lang='lat' dir='ltr'>non</span> <span class='ocrx_word' id='word_1_169' title='bbox 327 1125 476 1159; x_wconf 87' lang='lat' dir='ltr'>omnibus</span> <span class='ocrx_word' id='word_1_170' title='bbox 504 1125 620 1168; x_wconf 88' lang='lat' dir='ltr'>quibus</span> <span class='ocrx_word' id='word_1_171' title='bbox 651 1136 685 1156; x_wconf 90' lang='lat' dir='ltr'>ea</span> <span class='ocrx_word' id='word_1_172' title='bbox 719 1134 846 1166; x_wconf 80' lang='lat' dir='ltr'>turgent</span> <span class='ocrx_word' id='word_1_173' title='bbox 878 1123 1038 1162; x_wconf 78' lang='lat' dir='ltr'>vascula,</span> 
     </span>
     <span class='ocr_line' id='line_1_24' title="bbox 41 1166 1038 1206; baseline -0.004 -4"><span class='ocrx_word' id='word_1_174' title='bbox 41 1167 170 1202; x_wconf 84' lang='lat' dir='ltr'>morbus</span> <span class='ocrx_word' id='word_1_175' title='bbox 194 1170 367 1202; x_wconf 87' lang='lat' dir='ltr'>comitialis</span> <span class='ocrx_word' id='word_1_176' title='bbox 391 1169 563 1206; x_wconf 83' lang='lat' dir='ltr'>oboritur3</span> <span class='ocrx_word' id='word_1_177' title='bbox 586 1166 714 1201; x_wconf 79' lang='lat' dir='ltr'>fortasse</span> <span class='ocrx_word' id='word_1_178' title='bbox 736 1168 768 1199; x_wconf 89' lang='lat' dir='ltr'>in</span> <span class='ocrx_word' id='word_1_179' title='bbox 792 1178 825 1200; x_wconf 86' lang='lat' dir='ltr'>ea</span> <span class='ocrx_word' id='word_1_180' title='bbox 850 1168 955 1199; x_wconf 89' lang='lat' dir='ltr'>minus</span> <span class='ocrx_word' id='word_1_181' title='bbox 970 1176 1038 1198; x_wconf 85' lang='lat' dir='ltr'>ten-</span> 
     </span>
     <span class='ocr_line' id='line_1_25' title="bbox 42 1209 1038 1255; baseline -0.004 -10"><span class='ocrx_word' id='word_1_182' title='bbox 42 1213 71 1245; x_wconf 89' lang='lat' dir='ltr'>sa</span> <span class='ocrx_word' id='word_1_183' title='bbox 96 1213 242 1255; x_wconf 79' lang='lat' dir='ltr'>meninge</span> <span class='ocrx_word' id='word_1_184' title='bbox 266 1212 459 1246; x_wconf 73' lang='lat' dir='ltr'>discriminis</span> <span class='ocrx_word' id='word_1_185' title='bbox 494 1211 584 1244; x_wconf 81' lang='lat' dir='ltr'>causa</span> <span class='ocrx_word' id='word_1_186' title='bbox 628 1211 792 1252; x_wconf 81' lang='lat' dir='ltr'>quaerenda</span> <span class='ocrx_word' id='word_1_187' title='bbox 841 1209 908 1244; x_wconf 86' lang='lat' dir='ltr'>est.</span> <span class='ocrx_word' id='word_1_188' title='bbox 957 1210 1038 1242; x_wconf 84' lang='lat' dir='ltr'>Non</span> 
     </span>
     <span class='ocr_line' id='line_1_26' title="bbox 43 1252 1035 1298; baseline -0.003 -10"><span class='ocrx_word' id='word_1_189' title='bbox 43 1266 161 1298; x_wconf 85' lang='lat' dir='ltr'>paucos</span> <span class='ocrx_word' id='word_1_190' title='bbox 185 1254 334 1298; x_wconf 65' lang='lat' dir='ltr'>proftho</span> <span class='ocrx_word' id='word_1_191' title='bbox 355 1254 502 1289; x_wconf 81' lang='lat' dir='ltr'>distentis</span> <span class='ocrx_word' id='word_1_192' title='bbox 526 1256 567 1288; x_wconf 90' lang='lat' dir='ltr'>iis</span> <span class='ocrx_word' id='word_1_193' title='bbox 600 1253 676 1287; x_wconf 87' lang='lat' dir='ltr'>vasis</span> <span class='ocrx_word' id='word_1_194' title='bbox 709 1255 742 1287; x_wconf 93' lang='lat' dir='ltr'>in</span> <span class='ocrx_word' id='word_1_195' title='bbox 778 1265 850 1287; x_wconf 90' lang='lat' dir='ltr'>eum</span> <span class='ocrx_word' id='word_1_196' title='bbox 884 1252 1035 1286; x_wconf 84' lang='lat' dir='ltr'>morbum</span> 
     </span>
     <span class='ocr_line' id='line_1_27' title="bbox 41 1296 1040 1342; baseline -0.002 -12"><span class='ocrx_word' id='word_1_197' title='bbox 41 1297 208 1338; x_wconf 70' lang='lat' dir='ltr'>incidisse,</span> <span class='ocrx_word' id='word_1_198' title='bbox 232 1298 431 1342; x_wconf 85' lang='lat' dir='ltr'>Sepulchreti</span> <span class='ocrx_word' id='word_1_199' title='bbox 466 1297 573 1331; x_wconf 83' lang='lat' dir='ltr'>eadem</span> <span class='ocrx_word' id='word_1_200' title='bbox 608 1298 690 1330; x_wconf 88' lang='lat' dir='ltr'>circa</span> <span class='ocrx_word' id='word_1_201' title='bbox 721 1309 817 1340; x_wconf 89' lang='lat' dir='ltr'>quam</span> <span class='ocrx_word' id='word_1_202' title='bbox 849 1296 1003 1330; x_wconf 82' lang='lat' dir='ltr'>versamur</span> <span class='ocrx_word' id='word_1_203' title='bbox 1029 1320 1040 1336; x_wconf 91' lang='lat'>,</span> 
     </span>
     <span class='ocr_line' id='line_1_28' title="bbox 42 1339 1036 1384; baseline -0.003 -10"><span class='ocrx_word' id='word_1_204' title='bbox 42 1342 149 1375; x_wconf 68' lang='grc' dir='ltr'>δεθεὶς)</span> <span class='ocrx_word' id='word_1_205' title='bbox 194 1342 317 1375; x_wconf 84' lang='lat' dir='ltr'>indicat</span> <span class='ocrx_word' id='word_1_206' title='bbox 343 1367 350 1374; x_wconf 93' lang='lat'><strong>.</strong></span> <span class='ocrx_word' id='word_1_207' title='bbox 384 1344 567 1384; x_wconf 81' lang='lat' dir='ltr'>Namque3</span> <span class='ocrx_word' id='word_1_208' title='bbox 599 1349 634 1374; x_wconf 94' lang='lat' dir='ltr'>ut</span> <span class='ocrx_word' id='word_1_209' title='bbox 666 1342 736 1373; x_wconf 89' lang='lat' dir='ltr'>XX.</span> <span class='ocrx_word' id='word_1_210' title='bbox 769 1339 1036 1373; x_wconf 88' lang='lat' dir='ltr'>Observationem</span> 
     </span>
     <span class='ocr_line' id='line_1_29' title="bbox 41 1384 1038 1429; baseline -0.005 -10"><span class='ocrx_word' id='word_1_211' title='bbox 41 1387 232 1426; x_wconf 75' lang='lat' dir='ltr'>mittamus,</span> <span class='ocrx_word' id='word_1_212' title='bbox 254 1398 325 1429; x_wconf 86' lang='lat' dir='ltr'>quae</span> <span class='ocrx_word' id='word_1_213' title='bbox 351 1388 382 1418; x_wconf 62' lang='grc' dir='ltr'>δέ</span> <span class='ocrx_word' id='word_1_214' title='bbox 407 1384 462 1418; x_wconf 88' lang='lat' dir='ltr'>sub</span> <span class='ocrx_word' id='word_1_215' title='bbox 486 1395 572 1417; x_wconf 87' lang='lat' dir='ltr'>num.</span> <span class='ocrx_word' id='word_1_216' title='bbox 596 1385 753 1417; x_wconf 86' lang='lat' dir='ltr'><strong>XXXIII.</strong></span> <span class='ocrx_word' id='word_1_217' title='bbox 777 1384 897 1416; x_wconf 88' lang='lat' dir='ltr'>iterum</span> <span class='ocrx_word' id='word_1_218' title='bbox 920 1393 1038 1424; x_wconf 88' lang='lat' dir='ltr'>propo-</span> 
     </span>
     <span class='ocr_line' id='line_1_30' title="bbox 44 1424 1039 1469; baseline -0.003 -8"><span class='ocrx_word' id='word_1_219' title='bbox 44 1427 102 1462; x_wconf 85' lang='lat' dir='ltr'>sita</span> <span class='ocrx_word' id='word_1_220' title='bbox 125 1427 168 1462; x_wconf 84' lang='lat' dir='ltr'>est</span> <span class='ocrx_word' id='word_1_221' title='bbox 191 1441 201 1467; x_wconf 68' lang='grc' dir='ltr'><em>ς</em></span> <span class='ocrx_word' id='word_1_222' title='bbox 225 1430 258 1461; x_wconf 88' lang='lat' dir='ltr'>in</span> <span class='ocrx_word' id='word_1_223' title='bbox 290 1427 538 1463; x_wconf 78' lang='lat' dir='ltr'>Additamentis</span> <span class='ocrx_word' id='word_1_224' title='bbox 562 1426 755 1460; x_wconf 89' lang='lat' dir='ltr'>Observatio</span> <span class='ocrx_word' id='word_1_225' title='bbox 787 1428 832 1459; x_wconf 92' lang='lat' dir='ltr'><strong>II.</strong></span> <span class='ocrx_word' id='word_1_226' title='bbox 865 1437 935 1469; x_wconf 77' lang='lat' dir='ltr'>quae</span> <span class='ocrx_word' id='word_1_227' title='bbox 970 1424 1039 1468; x_wconf 84' lang='lat' dir='ltr'>ipsa</span> 
     </span>
     <span class='ocr_line' id='line_1_31' title="bbox 44 1467 1039 1514; baseline -0.004 -9"><span class='ocrx_word' id='word_1_228' title='bbox 44 1482 173 1514; x_wconf 85' lang='lat' dir='ltr'>quoque</span> <span class='ocrx_word' id='word_1_229' title='bbox 197 1471 300 1506; x_wconf 88' lang='lat' dir='ltr'>rursus</span> <span class='ocrx_word' id='word_1_230' title='bbox 326 1473 393 1514; x_wconf 89' lang='lat' dir='ltr'>pari</span> <span class='ocrx_word' id='word_1_231' title='bbox 419 1470 681 1504; x_wconf 84' lang='lat' dir='ltr'>inconsiderantia</span> <span class='ocrx_word' id='word_1_232' title='bbox 707 1469 762 1503; x_wconf 91' lang='lat' dir='ltr'>sub</span> <span class='ocrx_word' id='word_1_233' title='bbox 785 1480 872 1502; x_wconf 87' lang='lat' dir='ltr'>num.</span> <span class='ocrx_word' id='word_1_234' title='bbox 896 1470 955 1501; x_wconf 75' lang='lat' dir='ltr'>XI.</span> <span class='ocrx_word' id='word_1_235' title='bbox 993 1467 1039 1501; x_wconf 86' lang='lat' dir='ltr'>af-</span> 
     </span>
     <span class='ocr_line' id='line_1_32' title="bbox 46 1513 1040 1558; baseline -0.004 -9"><span class='ocrx_word' id='word_1_236' title='bbox 46 1515 170 1554; x_wconf 76' lang='lat' dir='ltr'>fertur,</span> <span class='ocrx_word' id='word_1_237' title='bbox 193 1513 417 1558; x_wconf 75' lang='lat' dir='ltr'>inflammatam</span> <span class='ocrx_word' id='word_1_238' title='bbox 440 1514 568 1548; x_wconf 81' lang='lat' dir='ltr'>exhibet</span> <span class='ocrx_word' id='word_1_239' title='bbox 589 1513 707 1546; x_wconf 81' lang='lat' dir='ltr'>cerebri</span> <span class='ocrx_word' id='word_1_240' title='bbox 735 1522 853 1554; x_wconf 80' lang='lat' dir='ltr'>partem</span> <span class='ocrx_word' id='word_1_241' title='bbox 867 1537 879 1552; x_wconf 75' lang='lat'>,</span> <span class='ocrx_word' id='word_1_242' title='bbox 897 1513 958 1545; x_wconf 89' lang='lat' dir='ltr'><strong>VI.</strong></span> <span class='ocrx_word' id='word_1_243' title='bbox 984 1523 1040 1545; x_wconf 78' lang='lat' dir='ltr'>au-</span> 
     </span>
     <span class='ocr_line' id='line_1_33' title="bbox 34 1554 1039 1599; baseline -0.007 -6"><span class='ocrx_word' id='word_1_244' title='bbox 34 1569 112 1593; x_wconf 70' lang='lat' dir='ltr'>tem</span> <span class='ocrx_word' id='word_1_245' title='bbox 135 1569 167 1590; x_wconf 86' lang='lat' dir='ltr'>ea</span> <span class='ocrx_word' id='word_1_246' title='bbox 192 1558 262 1591; x_wconf 84' lang='lat' dir='ltr'>vasa</span> <span class='ocrx_word' id='word_1_247' title='bbox 286 1558 372 1599; x_wconf 77' lang='lat' dir='ltr'>tensa</span> <span class='ocrx_word' id='word_1_248' title='bbox 397 1559 437 1591; x_wconf 54' lang='grc' dir='ltr'><em>Θ</em></span> <span class='ocrx_word' id='word_1_249' title='bbox 460 1558 608 1599; x_wconf 61' lang='lat' dir='ltr'>turgida,</span> <span class='ocrx_word' id='word_1_250' title='bbox 631 1559 663 1589; x_wconf 70' lang='grc' dir='ltr'>δε</span> <span class='ocrx_word' id='word_1_251' title='bbox 693 1558 769 1589; x_wconf 90' lang='lat' dir='ltr'>XV.</span> <span class='ocrx_word' id='word_1_252' title='bbox 804 1554 1007 1597; x_wconf 78' lang='lat' dir='ltr'>turgidiffima</span> <span class='ocrx_word' id='word_1_253' title='bbox 1032 1579 1039 1586; x_wconf 98' lang='lat'><strong>.</strong></span> 
     </span>
     <span class='ocr_line' id='line_1_34' title="bbox 42 1597 1034 1645; baseline -0.005 -10"><span class='ocrx_word' id='word_1_254' title='bbox 42 1603 88 1635; x_wconf 91' lang='lat' dir='ltr'>At</span> <span class='ocrx_word' id='word_1_255' title='bbox 112 1602 219 1640; x_wconf 84' lang='lat' dir='ltr'>enim,</span> <span class='ocrx_word' id='word_1_256' title='bbox 241 1601 373 1643; x_wconf 83' lang='lat' dir='ltr'>inquis,</span> <span class='ocrx_word' id='word_1_257' title='bbox 396 1599 619 1645; x_wconf 33' lang='lat' dir='ltr'>his-omnibus</span> <span class='ocrx_word' id='word_1_258' title='bbox 642 1609 706 1631; x_wconf 91' lang='lat' dir='ltr'>non</span> <span class='ocrx_word' id='word_1_259' title='bbox 729 1597 873 1632; x_wconf 84' lang='lat' dir='ltr'>vasorum</span> <span class='ocrx_word' id='word_1_260' title='bbox 905 1607 1034 1639; x_wconf 70' lang='lat' dir='ltr'>turgen-</span> 
     </span>
     <span class='ocr_line' id='line_1_35' title="bbox 43 1639 1040 1683; baseline -0.003 -7"><span class='ocrx_word' id='word_1_261' title='bbox 43 1647 90 1677; x_wconf 72' lang='lat' dir='ltr'>tia</span> <span class='ocrx_word' id='word_1_262' title='bbox 115 1644 217 1677; x_wconf 88' lang='lat' dir='ltr'>solum</span> <span class='ocrx_word' id='word_1_263' title='bbox 231 1667 239 1682; x_wconf 90' lang='lat'><strong>‚</strong></span> <span class='ocrx_word' id='word_1_264' title='bbox 260 1642 309 1676; x_wconf 85' lang='lat' dir='ltr'>sed</span> <span class='ocrx_word' id='word_1_265' title='bbox 333 1646 362 1675; x_wconf 72' lang='grc' dir='ltr'>ἃ</span> <span class='ocrx_word' id='word_1_266' title='bbox 387 1641 502 1676; x_wconf 79' lang='lat' dir='ltr'>effusus</span> <span class='ocrx_word' id='word_1_267' title='bbox 524 1644 607 1675; x_wconf 87' lang='lat' dir='ltr'>iutra</span> <span class='ocrx_word' id='word_1_268' title='bbox 629 1642 802 1674; x_wconf 82' lang='lat' dir='ltr'>calvariam</span> <span class='ocrx_word' id='word_1_269' title='bbox 825 1640 949 1683; x_wconf 84' lang='lat' dir='ltr'>sanguis</span> <span class='ocrx_word' id='word_1_270' title='bbox 960 1639 1040 1674; x_wconf 85' lang='lat' dir='ltr'>fuit.</span> 
     </span>
     <span class='ocr_line' id='line_1_36' title="bbox 45 1683 1044 1727; baseline -0.004 -6"><span class='ocrx_word' id='word_1_271' title='bbox 45 1689 185 1725; x_wconf 70' lang='lat' dir='ltr'>Parem-3</span> <span class='ocrx_word' id='word_1_272' title='bbox 210 1686 260 1719; x_wconf 87' lang='lat' dir='ltr'>sed</span> <span class='ocrx_word' id='word_1_273' title='bbox 283 1687 316 1718; x_wconf 91' lang='lat' dir='ltr'>in</span> <span class='ocrx_word' id='word_1_274' title='bbox 342 1685 393 1719; x_wconf 89' lang='lat' dir='ltr'>his</span> <span class='ocrx_word' id='word_1_275' title='bbox 424 1686 576 1719; x_wconf 87' lang='lat' dir='ltr'>omnibus</span> <span class='ocrx_word' id='word_1_276' title='bbox 609 1695 671 1718; x_wconf 88' lang='lat' dir='ltr'>non</span> <span class='ocrx_word' id='word_1_277' title='bbox 703 1683 849 1727; x_wconf 86' lang='lat' dir='ltr'>epilepsia</span> <span class='ocrx_word' id='word_1_278' title='bbox 882 1693 1008 1718; x_wconf 87' lang='lat' dir='ltr'>tantum</span> <span class='ocrx_word' id='word_1_279' title='bbox 1030 1708 1044 1725; x_wconf 90' lang='lat'>,</span> 
     </span>
     <span class='ocr_line' id='line_1_37' title="bbox 43 1727 1045 1771; baseline -0.003 -9"><span class='ocrx_word' id='word_1_280' title='bbox 43 1741 153 1763; x_wconf 80' lang='lat' dir='ltr'>verum</span> <span class='ocrx_word' id='word_1_281' title='bbox 176 1729 302 1771; x_wconf 85' lang='lat' dir='ltr'>insuper</span> <span class='ocrx_word' id='word_1_282' title='bbox 325 1729 516 1771; x_wconf 71' lang='lat' dir='ltr'>apoplexia,</span> <span class='ocrx_word' id='word_1_283' title='bbox 539 1728 561 1762; x_wconf 91' lang='lat' dir='ltr'>si</span> <span class='ocrx_word' id='word_1_284' title='bbox 584 1727 754 1770; x_wconf 79' lang='lat' dir='ltr'>diligenter</span> <span class='ocrx_word' id='word_1_285' title='bbox 777 1727 917 1760; x_wconf 77' lang='lat' dir='ltr'>attendas</span> <span class='ocrx_word' id='word_1_286' title='bbox 939 1751 951 1768; x_wconf 89' lang='lat'>,</span> <span class='ocrx_word' id='word_1_287' title='bbox 974 1738 1045 1769; x_wconf 80' lang='lat' dir='ltr'>gra-</span> 
     </span>
     <span class='ocr_line' id='line_1_38' title="bbox 44 1770 1045 1815; baseline -0.002 -10"><span class='ocrx_word' id='word_1_288' title='bbox 44 1773 165 1806; x_wconf 77' lang='lat' dir='ltr'>viffima</span> <span class='ocrx_word' id='word_1_289' title='bbox 190 1772 277 1808; x_wconf 81' lang='lat' dir='ltr'>suit,</span> <span class='ocrx_word' id='word_1_290' title='bbox 303 1784 373 1814; x_wconf 76' lang='lat' dir='ltr'>quae</span> <span class='ocrx_word' id='word_1_291' title='bbox 396 1771 580 1815; x_wconf 78' lang='lat' dir='ltr'>epilepsiam</span> <span class='ocrx_word' id='word_1_292' title='bbox 604 1772 750 1813; x_wconf 83' lang='lat' dir='ltr'>excepit5</span> <span class='ocrx_word' id='word_1_293' title='bbox 775 1780 810 1804; x_wconf 85' lang='lat' dir='ltr'>ut</span> <span class='ocrx_word' id='word_1_294' title='bbox 834 1771 974 1813; x_wconf 85' lang='lat' dir='ltr'>proclive</span> <span class='ocrx_word' id='word_1_295' title='bbox 1007 1770 1045 1803; x_wconf 84' lang='lat' dir='ltr'>sit</span> 
     </span>
     <span class='ocr_line' id='line_1_39' title="bbox 47 1814 1044 1859; baseline -0.003 -9"><span class='ocrx_word' id='word_1_296' title='bbox 47 1815 207 1859; x_wconf 80' lang='lat' dir='ltr'>conjicere</span> <span class='ocrx_word' id='word_1_297' title='bbox 222 1839 234 1855; x_wconf 86' lang='lat'>,</span> <span class='ocrx_word' id='word_1_298' title='bbox 257 1815 357 1849; x_wconf 90' lang='lat' dir='ltr'>donec</span> <span class='ocrx_word' id='word_1_299' title='bbox 380 1815 448 1848; x_wconf 85' lang='lat' dir='ltr'>vasa</span> <span class='ocrx_word' id='word_1_300' title='bbox 472 1815 600 1858; x_wconf 84' lang='lat' dir='ltr'>turgida</span> <span class='ocrx_word' id='word_1_301' title='bbox 622 1814 812 1854; x_wconf 78' lang='lat' dir='ltr'>dumtaxat,</span> <span class='ocrx_word' id='word_1_302' title='bbox 844 1816 875 1847; x_wconf 69' lang='grc' dir='ltr'>δε</span> <span class='ocrx_word' id='word_1_303' title='bbox 898 1815 1044 1857; x_wconf 88' lang='lat' dir='ltr'>ruptioni</span> 
     </span>
     <span class='ocr_line' id='line_1_40' title="bbox 43 1857 1044 1903; baseline 0 -11"><span class='ocrx_word' id='word_1_304' title='bbox 43 1860 191 1903; x_wconf 86' lang='lat' dir='ltr'>proxima</span> <span class='ocrx_word' id='word_1_305' title='bbox 216 1859 362 1893; x_wconf 89' lang='lat' dir='ltr'>Tenuem</span> <span class='ocrx_word' id='word_1_306' title='bbox 385 1860 567 1902; x_wconf 80' lang='lat' dir='ltr'>meningem</span> <span class='ocrx_word' id='word_1_307' title='bbox 589 1857 827 1897; x_wconf 87' lang='lat' dir='ltr'>distrahebant,</span> <span class='ocrx_word' id='word_1_308' title='bbox 841 1858 1044 1901; x_wconf 84' lang='lat' dir='ltr'>epilepfiam3</span> 
     </span>
     <span class='ocr_line' id='line_1_41' title="bbox 43 1900 1045 1945; baseline -0.003 -9"><span class='ocrx_word' id='word_1_309' title='bbox 43 1914 119 1937; x_wconf 89' lang='lat' dir='ltr'>cum</span> <span class='ocrx_word' id='word_1_310' title='bbox 141 1913 217 1936; x_wconf 91' lang='lat' dir='ltr'>vero</span> <span class='ocrx_word' id='word_1_311' title='bbox 239 1901 304 1944; x_wconf 82' lang='lat' dir='ltr'>jam</span> <span class='ocrx_word' id='word_1_312' title='bbox 327 1911 419 1944; x_wconf 85' lang='lat' dir='ltr'>rupta</span> <span class='ocrx_word' id='word_1_313' title='bbox 453 1902 637 1945; x_wconf 84' lang='lat' dir='ltr'>sanguinem</span> <span class='ocrx_word' id='word_1_314' title='bbox 671 1900 847 1935; x_wconf 86' lang='lat' dir='ltr'>effuderunt</span> <span class='ocrx_word' id='word_1_315' title='bbox 868 1924 881 1941; x_wconf 85' lang='grc'>,</span> <span class='ocrx_word' id='word_1_316' title='bbox 915 1902 1045 1944; x_wconf 89' lang='lat' dir='ltr'>apople-</span> 
     </span>
     <span class='ocr_line' id='line_1_42' title="bbox 45 1944 1044 1988; baseline 0 -9"><span class='ocrx_word' id='word_1_317' title='bbox 45 1947 134 1980; x_wconf 85' lang='lat' dir='ltr'>xiam</span> <span class='ocrx_word' id='word_1_318' title='bbox 156 1944 315 1979; x_wconf 79' lang='lat' dir='ltr'>attulisse.</span> <span class='ocrx_word' id='word_1_319' title='bbox 340 1944 443 1988; x_wconf 82' lang='lat' dir='ltr'>Qod</span> <span class='ocrx_word' id='word_1_320' title='bbox 466 1957 504 1978; x_wconf 83' lang='lat' dir='ltr'>ne</span> <span class='ocrx_word' id='word_1_321' title='bbox 526 1944 610 1979; x_wconf 85' lang='lat' dir='ltr'>sorte</span> <span class='ocrx_word' id='word_1_322' title='bbox 634 1957 650 1977; x_wconf 88' lang='lat' dir='ltr'>a</span> <span class='ocrx_word' id='word_1_323' title='bbox 682 1955 733 1978; x_wconf 89' lang='lat' dir='ltr'>me</span> <span class='ocrx_word' id='word_1_324' title='bbox 767 1953 886 1978; x_wconf 86' lang='lat' dir='ltr'>temere</span> <span class='ocrx_word' id='word_1_325' title='bbox 919 1945 1044 1979; x_wconf 68' lang='lat' dir='ltr'>dietum</span> 
     </span>
     <span class='ocr_line' id='line_1_43' title="bbox 44 1987 1043 2033; baseline -0.002 -11"><span class='ocrx_word' id='word_1_326' title='bbox 44 1998 159 2033; x_wconf 80' lang='lat' dir='ltr'>putes3</span> <span class='ocrx_word' id='word_1_327' title='bbox 184 1989 264 2023; x_wconf 83' lang='lat' dir='ltr'>hanc</span> <span class='ocrx_word' id='word_1_328' title='bbox 286 1990 385 2021; x_wconf 88' lang='lat' dir='ltr'>etiam</span> <span class='ocrx_word' id='word_1_329' title='bbox 415 2000 511 2032; x_wconf 89' lang='lat' dir='ltr'>quam</span> <span class='ocrx_word' id='word_1_330' title='bbox 546 1999 670 2022; x_wconf 89' lang='lat' dir='ltr'>mecum</span> <span class='ocrx_word' id='word_1_331' title='bbox 713 1987 874 2021; x_wconf 84' lang='lat' dir='ltr'>Nicolaus</span> <span class='ocrx_word' id='word_1_332' title='bbox 918 1987 1043 2022; x_wconf 86' lang='lat' dir='ltr'>Media-</span> 
     </span>
     <span class='ocr_line' id='line_1_44' title="bbox 46 2029 1043 2075; baseline -0.002 -9"><span class='ocrx_word' id='word_1_333' title='bbox 46 2034 100 2068; x_wconf 83' lang='lat' dir='ltr'>via</span> <span class='ocrx_word' id='word_1_334' title='bbox 144 2032 392 2067; x_wconf 82' lang='lat' dir='ltr'>communicavit</span> <span class='ocrx_word' id='word_1_335' title='bbox 416 2056 430 2073; x_wconf 91' lang='lat'>,</span> <span class='ocrx_word' id='word_1_336' title='bbox 474 2032 652 2075; x_wconf 85' lang='lat' dir='ltr'>perbrevem</span> <span class='ocrx_word' id='word_1_337' title='bbox 696 2031 800 2075; x_wconf 83' lang='lat' dir='ltr'>legito</span> <span class='ocrx_word' id='word_1_338' title='bbox 832 2029 1043 2065; x_wconf 79' lang='lat' dir='ltr'>Observatio-</span> 
     </span>
     <span class='ocr_line' id='line_1_45' title="bbox 44 2085 461 2111; baseline 0.002 -1"><span class='ocrx_word' id='word_1_339' title='bbox 44 2087 137 2110; x_wconf 86' lang='lat' dir='ltr'>nem.</span> <span class='ocrx_word' id='word_1_340' title='bbox 259 2085 261 2089; x_wconf 79' lang='grc'>’</span> <span class='ocrx_word' id='word_1_341' title='bbox 459 2109 461 2111; x_wconf 81' lang='grc'>,</span> 
     </span>
    </p>

    <p class='ocr_par' dir='ltr' id='par_1_5' title="bbox 45 2118 1050 2505">
     <span class='ocr_line' id='line_1_46' title="bbox 92 2118 1047 2165; baseline -0.001 -13"><span class='ocrx_word' id='word_1_342' title='bbox 92 2129 140 2163; x_wconf 89' lang='lat'><strong>14.</strong></span> <span class='ocrx_word' id='word_1_343' title='bbox 166 2120 371 2165; x_wconf 81' lang='lat' dir='ltr'>BAJULUS</span> <span class='ocrx_word' id='word_1_344' title='bbox 396 2129 554 2152; x_wconf 84' lang='lat' dir='ltr'>annorum</span> <span class='ocrx_word' id='word_1_345' title='bbox 575 2119 706 2152; x_wconf 86' lang='lat' dir='ltr'>circiter</span> <span class='ocrx_word' id='word_1_346' title='bbox 727 2118 936 2162; x_wconf 82' lang='lat' dir='ltr'>quadraginta</span> <span class='ocrx_word' id='word_1_347' title='bbox 950 2130 1047 2158; x_wconf 88' lang='lat' dir='ltr'>‚cum</span> 
     </span>
     <span class='ocr_line' id='line_1_47' title="bbox 50 2162 1041 2205; baseline -0.003 -10"><span class='ocrx_word' id='word_1_348' title='bbox 50 2173 104 2205; x_wconf 87' lang='lat' dir='ltr'>per</span> <span class='ocrx_word' id='word_1_349' title='bbox 128 2174 181 2196; x_wconf 89' lang='lat' dir='ltr'>eos</span> <span class='ocrx_word' id='word_1_350' title='bbox 203 2162 291 2202; x_wconf 85' lang='lat' dir='ltr'>dies,</span> <span class='ocrx_word' id='word_1_351' title='bbox 315 2162 466 2196; x_wconf 88' lang='lat' dir='ltr'>videlicet</span> <span class='ocrx_word' id='word_1_352' title='bbox 477 2163 562 2194; x_wconf 86' lang='lat' dir='ltr'>circa</span> <span class='ocrx_word' id='word_1_353' title='bbox 575 2162 717 2196; x_wconf 86' lang='lat' dir='ltr'>medium</span> <span class='ocrx_word' id='word_1_354' title='bbox 728 2162 882 2194; x_wconf 86' lang='lat' dir='ltr'>Sextilem</span> <span class='ocrx_word' id='word_1_355' title='bbox 893 2162 935 2193; x_wconf 90' lang='lat' dir='ltr'><strong>A.</strong></span> <span class='ocrx_word' id='word_1_356' title='bbox 952 2172 1041 2204; x_wconf 85' lang='lat'><strong>1729.</strong></span> 
     </span>
     <span class='ocr_line' id='line_1_48' title="bbox 48 2204 1045 2247; baseline -0.003 -8"><span class='ocrx_word' id='word_1_357' title='bbox 48 2207 160 2240; x_wconf 88' lang='lat' dir='ltr'>multis</span> <span class='ocrx_word' id='word_1_358' title='bbox 187 2204 216 2239; x_wconf 91' lang='lat' dir='ltr'>se</span> <span class='ocrx_word' id='word_1_359' title='bbox 237 2206 286 2238; x_wconf 92' lang='lat' dir='ltr'>vel</span> <span class='ocrx_word' id='word_1_360' title='bbox 311 2205 402 2247; x_wconf 88' lang='lat' dir='ltr'>supra</span> <span class='ocrx_word' id='word_1_361' title='bbox 425 2216 519 2246; x_wconf 85' lang='lat' dir='ltr'>quam</span> <span class='ocrx_word' id='word_1_362' title='bbox 531 2204 676 2245; x_wconf 86' lang='lat' dir='ltr'>solebat,</span> <span class='ocrx_word' id='word_1_363' title='bbox 701 2204 946 2237; x_wconf 87' lang='lat' dir='ltr'>tumlaboribus</span> <span class='ocrx_word' id='word_1_364' title='bbox 957 2215 1045 2238; x_wconf 85' lang='lat' dir='ltr'>exer-</span> 
     </span>
     <span class='ocr_line' id='line_1_49' title="bbox 45 2246 1050 2290; baseline -0.003 -8"><span class='ocrx_word' id='word_1_365' title='bbox 45 2249 177 2287; x_wconf 86' lang='lat' dir='ltr'>cuisset,</span> <span class='ocrx_word' id='word_1_366' title='bbox 203 2258 273 2282; x_wconf 86' lang='lat' dir='ltr'>tum</span> <span class='ocrx_word' id='word_1_367' title='bbox 296 2249 376 2281; x_wconf 81' lang='lat' dir='ltr'>cibis</span> <span class='ocrx_word' id='word_1_368' title='bbox 393 2270 402 2286; x_wconf 93' lang='lat'>‚</span> <span class='ocrx_word' id='word_1_369' title='bbox 426 2249 460 2280; x_wconf 89' lang='lat' dir='ltr'>in</span> <span class='ocrx_word' id='word_1_370' title='bbox 495 2248 667 2290; x_wconf 85' lang='lat' dir='ltr'>primisque</span> <span class='ocrx_word' id='word_1_371' title='bbox 701 2246 857 2280; x_wconf 67' lang='lat' dir='ltr'>fluetibus</span> <span class='ocrx_word' id='word_1_372' title='bbox 888 2247 1050 2289; x_wconf 85' lang='lat' dir='ltr'>implevis-</span> 
     </span>
     <span class='ocr_line' id='line_1_50' title="bbox 47 2290 1049 2333; baseline -0.002 -8"><span class='ocrx_word' id='word_1_373' title='bbox 47 2292 114 2331; x_wconf 83' lang='lat' dir='ltr'>set3</span> <span class='ocrx_word' id='word_1_374' title='bbox 139 2294 172 2325; x_wconf 91' lang='lat' dir='ltr'>in</span> <span class='ocrx_word' id='word_1_375' title='bbox 195 2292 394 2325; x_wconf 86' lang='lat' dir='ltr'>comitialem</span> <span class='ocrx_word' id='word_1_376' title='bbox 418 2290 535 2323; x_wconf 85' lang='lat' dir='ltr'>incidit</span> <span class='ocrx_word' id='word_1_377' title='bbox 567 2292 719 2325; x_wconf 83' lang='lat' dir='ltr'>morbum</span> <span class='ocrx_word' id='word_1_378' title='bbox 742 2314 755 2331; x_wconf 86' lang='lat'>,</span> <span class='ocrx_word' id='word_1_379' title='bbox 787 2301 853 2332; x_wconf 91' lang='lat' dir='ltr'>quo</span> <span class='ocrx_word' id='word_1_380' title='bbox 887 2300 1049 2333; x_wconf 83' lang='lat' dir='ltr'>nunquam</span> 
     </span>
     <span class='ocr_line' id='line_1_51' title="bbox 48 2331 1048 2376; baseline -0.005 -9"><span class='ocrx_word' id='word_1_381' title='bbox 48 2344 137 2368; x_wconf 85' lang='lat' dir='ltr'>antea</span> <span class='ocrx_word' id='word_1_382' title='bbox 159 2344 289 2368; x_wconf 85' lang='lat' dir='ltr'>vexatus</span> <span class='ocrx_word' id='word_1_383' title='bbox 312 2333 437 2374; x_wconf 72' lang='lat' dir='ltr'>fuerat,</span> <span class='ocrx_word' id='word_1_384' title='bbox 462 2344 563 2376; x_wconf 87' lang='lat' dir='ltr'>eoque</span> <span class='ocrx_word' id='word_1_385' title='bbox 587 2345 705 2376; x_wconf 82' lang='lat' dir='ltr'>paucos</span> <span class='ocrx_word' id='word_1_386' title='bbox 728 2335 812 2366; x_wconf 86' lang='lat' dir='ltr'>intra</span> <span class='ocrx_word' id='word_1_387' title='bbox 836 2331 901 2364; x_wconf 85' lang='lat' dir='ltr'>dies</span> <span class='ocrx_word' id='word_1_388' title='bbox 921 2333 954 2365; x_wconf 85' lang='lat' dir='ltr'>in</span> <span class='ocrx_word' id='word_1_389' title='bbox 976 2334 1048 2365; x_wconf 89' lang='lat' dir='ltr'><strong>No..</strong></span> 
     </span>
     <span class='ocr_line' id='line_1_52' title="bbox 47 2373 1048 2417; baseline -0.001 -7"><span class='ocrx_word' id='word_1_390' title='bbox 47 2377 193 2411; x_wconf 87' lang='lat' dir='ltr'>socomio</span> <span class='ocrx_word' id='word_1_391' title='bbox 215 2376 381 2411; x_wconf 64' lang='lat' dir='ltr'>confeetus</span> <span class='ocrx_word' id='word_1_392' title='bbox 406 2377 465 2410; x_wconf 84' lang='lat' dir='ltr'>est-</span> <span class='ocrx_word' id='word_1_393' title='bbox 600 2378 792 2416; x_wconf 79' lang='lat' dir='ltr'>CAPUT,</span> <span class='ocrx_word' id='word_1_394' title='bbox 825 2373 915 2417; x_wconf 87' lang='lat' dir='ltr'>quod</span> <span class='ocrx_word' id='word_1_395' title='bbox 946 2376 1048 2409; x_wconf 84' lang='lat' dir='ltr'>solum</span> 
     </span>
     <span class='ocr_line' id='line_1_53' title="bbox 46 2417 1044 2463; baseline 0 -11"><span class='ocrx_word' id='word_1_396' title='bbox 46 2420 214 2455; x_wconf 71' lang='lat' dir='ltr'>dissectum</span> <span class='ocrx_word' id='word_1_397' title='bbox 236 2419 324 2460; x_wconf 89' lang='lat' dir='ltr'>fuit,</span> <span class='ocrx_word' id='word_1_398' title='bbox 347 2419 429 2453; x_wconf 85' lang='lat' dir='ltr'>nihil</span> <span class='ocrx_word' id='word_1_399' title='bbox 452 2419 627 2463; x_wconf 76' lang='lat' dir='ltr'>quidquam</span> <span class='ocrx_word' id='word_1_400' title='bbox 653 2418 767 2453; x_wconf 83' lang='lat' dir='ltr'>habuit</span> <span class='ocrx_word' id='word_1_401' title='bbox 791 2417 1044 2460; x_wconf 83' lang='lat' dir='ltr'>attendendum,</span> 
     </span>
     <span class='ocr_line' id='line_1_54' title="bbox 47 2462 782 2505; baseline -0.004 -8"><span class='ocrx_word' id='word_1_402' title='bbox 47 2462 71 2497; x_wconf 82' lang='lat' dir='ltr'>si</span> <span class='ocrx_word' id='word_1_403' title='bbox 93 2464 238 2497; x_wconf 83' lang='lat' dir='ltr'>vasorum</span> <span class='ocrx_word' id='word_1_404' title='bbox 261 2463 380 2496; x_wconf 90' lang='lat' dir='ltr'>cerebri</span> <span class='ocrx_word' id='word_1_405' title='bbox 405 2465 600 2504; x_wconf 78' lang='lat' dir='ltr'>turgentiam</span> <span class='ocrx_word' id='word_1_406' title='bbox 623 2464 782 2505; x_wconf 75' lang='lat' dir='ltr'>excipias.</span> 
     </span>
    </p>

    <p class='ocr_par' dir='ltr' id='par_1_6' title="bbox 2 2504 1053 3630">
     <span class='ocr_line' id='line_1_55' title="bbox 97 2504 1047 2549; baseline 0 -10"><span class='ocrx_word' id='word_1_407' title='bbox 97 2517 145 2549; x_wconf 83' lang='lat'><strong>15.</strong></span> <span class='ocrx_word' id='word_1_408' title='bbox 178 2506 295 2548; x_wconf 80' lang='lat' dir='ltr'>Casum</span> <span class='ocrx_word' id='word_1_409' title='bbox 328 2506 464 2549; x_wconf 78' lang='lat' dir='ltr'>Apellaei</span> <span class='ocrx_word' id='word_1_410' title='bbox 497 2504 639 2539; x_wconf 66' lang='lat' dir='ltr'>Larilscei</span> <span class='ocrx_word' id='word_1_411' title='bbox 663 2532 671 2547; x_wconf 90' lang='lat'><em>‚</em></span> <span class='ocrx_word' id='word_1_412' title='bbox 709 2517 805 2548; x_wconf 87' lang='lat' dir='ltr'>quem</span> <span class='ocrx_word' id='word_1_413' title='bbox 838 2507 873 2538; x_wconf 87' lang='lat' dir='ltr'>in</span> <span class='ocrx_word' id='word_1_414' title='bbox 905 2512 1047 2539; x_wconf 79' lang='lat' dir='ltr'>extremo</span> 
     </span>
     <span class='ocr_line' id='line_1_56' title="bbox 48 2547 1046 2591; baseline 0 -8"><span class='ocrx_word' id='word_1_415' title='bbox 48 2549 183 2583; x_wconf 88' lang='lat' dir='ltr'>Scholio</span> <span class='ocrx_word' id='word_1_416' title='bbox 205 2549 243 2583; x_wconf 88' lang='lat' dir='ltr'>ad</span> <span class='ocrx_word' id='word_1_417' title='bbox 261 2550 351 2584; x_wconf 85' lang='lat' dir='ltr'><strong>XIX.</strong></span> <span class='ocrx_word' id='word_1_418' title='bbox 376 2549 536 2583; x_wconf 73' lang='lat' dir='ltr'>Sec&#39;tionis</span> <span class='ocrx_word' id='word_1_419' title='bbox 560 2547 654 2591; x_wconf 73' lang='lat' dir='ltr'>hujus</span> <span class='ocrx_word' id='word_1_420' title='bbox 678 2549 948 2582; x_wconf 80' lang='lat' dir='ltr'>Observationem</span> <span class='ocrx_word' id='word_1_421' title='bbox 980 2561 1046 2583; x_wconf 86' lang='lat' dir='ltr'>me-</span> 
     </span>
     <span class='ocr_line' id='line_1_57' title="bbox 47 2591 1048 2635; baseline -0.002 -8"><span class='ocrx_word' id='word_1_422' title='bbox 47 2594 165 2627; x_wconf 87' lang='lat' dir='ltr'>morari</span> <span class='ocrx_word' id='word_1_423' title='bbox 188 2593 298 2634; x_wconf 87' lang='lat' dir='ltr'>vides,</span> <span class='ocrx_word' id='word_1_424' title='bbox 322 2592 343 2625; x_wconf 89' lang='lat' dir='ltr'>si</span> <span class='ocrx_word' id='word_1_425' title='bbox 367 2594 400 2625; x_wconf 89' lang='lat' dir='ltr'>in</span> <span class='ocrx_word' id='word_1_426' title='bbox 423 2591 494 2634; x_wconf 87' lang='lat' dir='ltr'>ipso</span> <span class='ocrx_word' id='word_1_427' title='bbox 516 2594 559 2626; x_wconf 91' lang='lat' dir='ltr'>V.</span> <span class='ocrx_word' id='word_1_428' title='bbox 585 2592 833 2635; x_wconf 82' lang='lat' dir='ltr'>Epidemiorum</span> <span class='ocrx_word' id='word_1_429' title='bbox 856 2593 943 2625; x_wconf 92' lang='lat' dir='ltr'>libro</span> <span class='ocrx_word' id='word_1_430' title='bbox 977 2595 1048 2635; x_wconf 58' lang='grc' dir='ltr'>(ζ)</span> 
     </span>
     <span class='ocr_line' id='line_1_58' title="bbox 48 2634 1048 2680; baseline -0.001 -10"><span class='ocrx_word' id='word_1_431' title='bbox 48 2637 242 2680; x_wconf 84' lang='lat' dir='ltr'>perlegeris,·</span> <span class='ocrx_word' id='word_1_432' title='bbox 264 2634 417 2678; x_wconf 85' lang='lat' dir='ltr'>propositi</span> <span class='ocrx_word' id='word_1_433' title='bbox 440 2634 576 2668; x_wconf 78' lang='lat' dir='ltr'>similem</span> <span class='ocrx_word' id='word_1_434' title='bbox 600 2636 632 2668; x_wconf 87' lang='lat' dir='ltr'>in</span> <span class='ocrx_word' id='word_1_435' title='bbox 657 2647 695 2668; x_wconf 89' lang='lat' dir='ltr'>eo</span> <span class='ocrx_word' id='word_1_436' title='bbox 726 2635 898 2679; x_wconf 80' lang='lat' dir='ltr'>cognosces</span> <span class='ocrx_word' id='word_1_437' title='bbox 916 2658 925 2673; x_wconf 85' lang='lat'>‚</span> <span class='ocrx_word' id='word_1_438' title='bbox 959 2635 1048 2679; x_wconf 86' lang='lat' dir='ltr'>quod</span> 
     </span>
     <span class='ocr_line' id='line_1_59' title="bbox 47 2677 1050 2721; baseline -0.001 -8"><span class='ocrx_word' id='word_1_439' title='bbox 47 2681 103 2713; x_wconf 84' lang='lat' dir='ltr'>ille</span> <span class='ocrx_word' id='word_1_440' title='bbox 128 2679 312 2721; x_wconf 77' lang='lat' dir='ltr'>hujusmodi</span> <span class='ocrx_word' id='word_1_441' title='bbox 336 2679 454 2713; x_wconf 88' lang='lat' dir='ltr'>morbo</span> <span class='ocrx_word' id='word_1_442' title='bbox 477 2679 686 2721; x_wconf 84' lang='lat' dir='ltr'>interemptus</span> <span class='ocrx_word' id='word_1_443' title='bbox 710 2679 777 2720; x_wconf 80' lang='lat' dir='ltr'>est,</span> <span class='ocrx_word' id='word_1_444' title='bbox 801 2691 876 2713; x_wconf 85' lang='lat' dir='ltr'>cum</span> <span class='ocrx_word' id='word_1_445' title='bbox 899 2677 969 2712; x_wconf 73' lang='lat' dir='ltr'>esset</span> <span class='ocrx_word' id='word_1_446' title='bbox 980 2679 1050 2712; x_wconf 71' lang='lat' dir='ltr'>val-</span> 
     </span>
     <span class='ocr_line' id='line_1_60' title="bbox 49 2721 1050 2763; baseline -0.002 -6"><span class='ocrx_word' id='word_1_447' title='bbox 49 2723 84 2757; x_wconf 75' lang='lat' dir='ltr'>de</span> <span class='ocrx_word' id='word_1_448' title='bbox 104 2734 204 2757; x_wconf 68' lang='lat' dir='ltr'>vorax</span> <span class='ocrx_word' id='word_1_449' title='bbox 221 2722 314 2757; x_wconf 75' lang='lat' dir='ltr'>multi</span> <span class='ocrx_word' id='word_1_450' title='bbox 336 2721 396 2756; x_wconf 80' lang='lat' dir='ltr'>cibi</span> <span class='ocrx_word' id='word_1_451' title='bbox 407 2745 420 2763; x_wconf 87' lang='lat'>,</span> <span class='ocrx_word' id='word_1_452' title='bbox 441 2725 474 2755; x_wconf 70' lang='grc' dir='ltr'>ἃ</span> <span class='ocrx_word' id='word_1_453' title='bbox 497 2722 632 2756; x_wconf 78' lang='lat' dir='ltr'>multum</span> <span class='ocrx_word' id='word_1_454' title='bbox 655 2721 816 2756; x_wconf 60' lang='lat' dir='ltr'>meratus.</span> <span class='ocrx_word' id='word_1_455' title='bbox 843 2723 941 2758; x_wconf 85' lang='lat' dir='ltr'>Simul</span> <span class='ocrx_word' id='word_1_456' title='bbox 967 2721 1050 2755; x_wconf 79' lang='lat' dir='ltr'>sate-</span> 
     </span>
     <span class='ocr_line' id='line_1_61' title="bbox 49 2764 1053 2808; baseline -0.002 -9"><span class='ocrx_word' id='word_1_457' title='bbox 49 2768 153 2808; x_wconf 87' lang='lat' dir='ltr'>beris,</span> <span class='ocrx_word' id='word_1_458' title='bbox 176 2766 214 2799; x_wconf 87' lang='lat' dir='ltr'>ad</span> <span class='ocrx_word' id='word_1_459' title='bbox 237 2766 450 2808; x_wconf 77' lang='lat' dir='ltr'>praecavendas</span> <span class='ocrx_word' id='word_1_460' title='bbox 473 2764 566 2807; x_wconf 75' lang='lat' dir='ltr'>hujus</span> <span class='ocrx_word' id='word_1_461' title='bbox 590 2765 763 2808; x_wconf 86' lang='lat' dir='ltr'>praesertim</span> <span class='ocrx_word' id='word_1_462' title='bbox 795 2767 920 2808; x_wconf 83' lang='lat' dir='ltr'>&#39;generis</span> <span class='ocrx_word' id='word_1_463' title='bbox 954 2766 1053 2807; x_wconf 89' lang='lat' dir='ltr'>epile-</span> 
     </span>
     <span class='ocr_line' id='line_1_62' title="bbox 49 2809 1049 2853; baseline -0.001 -11"><span class='ocrx_word' id='word_1_464' title='bbox 49 2809 129 2853; x_wconf 87' lang='lat' dir='ltr'>psias</span> <span class='ocrx_word' id='word_1_465' title='bbox 145 2833 157 2850; x_wconf 91' lang='lat'>,</span> <span class='ocrx_word' id='word_1_466' title='bbox 180 2809 361 2851; x_wconf 87' lang='lat' dir='ltr'>sanguinem</span> <span class='ocrx_word' id='word_1_467' title='bbox 383 2821 482 2852; x_wconf 87' lang='lat' dir='ltr'>neque</span> <span class='ocrx_word' id='word_1_468' title='bbox 508 2810 605 2841; x_wconf 84' lang='lat' dir='ltr'>nimis</span> <span class='ocrx_word' id='word_1_469' title='bbox 619 2820 674 2850; x_wconf 89' lang='lat' dir='ltr'>per</span> <span class='ocrx_word' id='word_1_470' title='bbox 685 2810 955 2851; x_wconf 86' lang='lat' dir='ltr'>magnoslabores</span> <span class='ocrx_word' id='word_1_471' title='bbox 965 2809 1049 2841; x_wconf 85' lang='lat' dir='ltr'>aesta-</span> 
     </span>
     <span class='ocr_line' id='line_1_63' title="bbox 49 2851 1053 2895; baseline -0.002 -9"><span class='ocrx_word' id='word_1_472' title='bbox 49 2862 81 2886; x_wconf 91' lang='lat' dir='ltr'>te</span> <span class='ocrx_word' id='word_1_473' title='bbox 105 2854 259 2895; x_wconf 72' lang='lat' dir='ltr'>praecipue</span> <span class='ocrx_word' id='word_1_474' title='bbox 281 2852 529 2894; x_wconf 81' lang='lat' dir='ltr'>exagitandum,</span> <span class='ocrx_word' id='word_1_475' title='bbox 554 2853 774 2894; x_wconf 86' lang='lat' dir='ltr'>nequemultis</span> <span class='ocrx_word' id='word_1_476' title='bbox 788 2853 890 2890; x_wconf 87' lang='lat' dir='ltr'>cibis,</span> <span class='ocrx_word' id='word_1_477' title='bbox 916 2851 1053 2884; x_wconf 87' lang='lat' dir='ltr'>fermen-</span> 
     </span>
     <span class='ocr_line' id='line_1_64' title="bbox 50 2894 1050 2938; baseline -0.001 -9"><span class='ocrx_word' id='word_1_478' title='bbox 50 2895 242 2929; x_wconf 87' lang='lat' dir='ltr'>tescentibus</span> <span class='ocrx_word' id='word_1_479' title='bbox 265 2897 457 2936; x_wconf 70' lang='lat' dir='ltr'>praesertim,</span> <span class='ocrx_word' id='word_1_480' title='bbox 484 2895 661 2938; x_wconf 85' lang='lat' dir='ltr'>augendum</span> <span class='ocrx_word' id='word_1_481' title='bbox 680 2922 688 2936; x_wconf 97' lang='lat'>,</span> <span class='ocrx_word' id='word_1_482' title='bbox 713 2899 745 2928; x_wconf 60' lang='grc' dir='ltr'>δέ</span> <span class='ocrx_word' id='word_1_483' title='bbox 768 2894 791 2927; x_wconf 89' lang='lat' dir='ltr'>fi</span> <span class='ocrx_word' id='word_1_484' title='bbox 823 2894 910 2928; x_wconf 85' lang='lat' dir='ltr'>forte</span> <span class='ocrx_word' id='word_1_485' title='bbox 941 2895 1050 2928; x_wconf 60' lang='lat' dir='ltr'>auctus</span> 
     </span>
     <span class='ocr_line' id='line_1_65' title="bbox 48 2937 1050 2981; baseline -0.001 -9"><span class='ocrx_word' id='word_1_486' title='bbox 48 2938 111 2976; x_wconf 77' lang='lat' dir='ltr'>iit,</span> <span class='ocrx_word' id='word_1_487' title='bbox 134 2940 323 2981; x_wconf 81' lang='lat' dir='ltr'>opportunis</span> <span class='ocrx_word' id='word_1_488' title='bbox 345 2938 595 2973; x_wconf 61' lang='lat' dir='ltr'>detractionibus</span> <span class='ocrx_word' id='word_1_489' title='bbox 618 2937 675 2971; x_wconf 83' lang='lat' dir='ltr'>esse</span> <span class='ocrx_word' id='word_1_490' title='bbox 697 2938 907 2972; x_wconf 88' lang='lat' dir='ltr'>minuendum</span> <span class='ocrx_word' id='word_1_491' title='bbox 942 2938 1050 2971; x_wconf 84' lang='lat' dir='ltr'>secun-</span> 
     </span>
     <span class='ocr_line' id='line_1_66' title="bbox 50 2980 1047 3024; baseline -0.001 -9"><span class='ocrx_word' id='word_1_492' title='bbox 50 2982 127 3015; x_wconf 89' lang='lat' dir='ltr'>dum</span> <span class='ocrx_word' id='word_1_493' title='bbox 149 2993 183 3014; x_wconf 87' lang='lat' dir='ltr'>ea</span> <span class='ocrx_word' id='word_1_494' title='bbox 206 2980 406 3021; x_wconf 82' lang='lat' dir='ltr'>Medicorum</span> <span class='ocrx_word' id='word_1_495' title='bbox 431 2982 538 3015; x_wconf 88' lang='lat' dir='ltr'>felicia</span> <span class='ocrx_word' id='word_1_496' title='bbox 562 2981 730 3024; x_wconf 87' lang='lat' dir='ltr'>exempla,</span> <span class='ocrx_word' id='word_1_497' title='bbox 753 2993 823 3024; x_wconf 80' lang='lat' dir='ltr'>quae</span> <span class='ocrx_word' id='word_1_498' title='bbox 849 2983 883 3015; x_wconf 87' lang='lat' dir='ltr'>in</span> <span class='ocrx_word' id='word_1_499' title='bbox 908 2980 1047 3015; x_wconf 86' lang='lat' dir='ltr'>Scholiis</span> 
     </span>
     <span class='ocr_line' id='line_1_67' title="bbox 50 3024 1046 3059; baseline 0.001 -1"><span class='ocrx_word' id='word_1_500' title='bbox 50 3026 89 3059; x_wconf 85' lang='lat' dir='ltr'>ad</span> <span class='ocrx_word' id='word_1_501' title='bbox 114 3024 378 3058; x_wconf 83' lang='lat' dir='ltr'>Observatiouem</span> <span class='ocrx_word' id='word_1_502' title='bbox 401 3027 535 3059; x_wconf 88' lang='lat' dir='ltr'><strong>XXXV.</strong></span> <span class='ocrx_word' id='word_1_503' title='bbox 560 3027 657 3058; x_wconf 91' lang='lat' dir='ltr'>tertio</span> <span class='ocrx_word' id='word_1_504' title='bbox 667 3025 740 3058; x_wconf 90' lang='lat' dir='ltr'>loco</span> <span class='ocrx_word' id='word_1_505' title='bbox 751 3026 890 3058; x_wconf 84' lang='lat' dir='ltr'>invenies</span> <span class='ocrx_word' id='word_1_506' title='bbox 906 3036 1046 3059; x_wconf 88' lang='lat' dir='ltr'>comme-</span> 
     </span>
     <span class='ocr_line' id='line_1_68' title="bbox 48 3067 1048 3111; baseline 0.002 -10"><span class='ocrx_word' id='word_1_507' title='bbox 48 3079 192 3102; x_wconf 83' lang='lat' dir='ltr'>morata.</span> <span class='ocrx_word' id='word_1_508' title='bbox 217 3067 311 3100; x_wconf 85' lang='lat' dir='ltr'>Unde</span> <span class='ocrx_word' id='word_1_509' title='bbox 334 3069 492 3110; x_wconf 81' lang='lat' dir='ltr'>intelligas</span> <span class='ocrx_word' id='word_1_510' title='bbox 516 3069 615 3108; x_wconf 88' lang='lat' dir='ltr'>licet,</span> <span class='ocrx_word' id='word_1_511' title='bbox 638 3067 760 3101; x_wconf 88' lang='lat' dir='ltr'>tametsi</span> <span class='ocrx_word' id='word_1_512' title='bbox 786 3069 1048 3111; x_wconf 85' lang='lat' dir='ltr'>turgentiaintra</span> 
     </span>
     <span class='ocr_line' id='line_1_69' title="bbox 49 3109 1046 3154; baseline 0.001 -10"><span class='ocrx_word' id='word_1_513' title='bbox 49 3113 195 3145; x_wconf 86' lang='lat' dir='ltr'>cranium</span> <span class='ocrx_word' id='word_1_514' title='bbox 217 3109 392 3154; x_wconf 77' lang='lat' dir='ltr'>sanguifera</span> <span class='ocrx_word' id='word_1_515' title='bbox 414 3111 482 3144; x_wconf 87' lang='lat' dir='ltr'>vasa</span> <span class='ocrx_word' id='word_1_516' title='bbox 505 3124 568 3145; x_wconf 90' lang='lat' dir='ltr'>non</span> <span class='ocrx_word' id='word_1_517' title='bbox 591 3110 685 3145; x_wconf 77' lang='lat' dir='ltr'>essent</span> <span class='ocrx_word' id='word_1_518' title='bbox 709 3111 801 3153; x_wconf 82' lang='lat' dir='ltr'>ipsa,</span> <span class='ocrx_word' id='word_1_519' title='bbox 825 3120 860 3145; x_wconf 89' lang='lat' dir='ltr'>ut</span> <span class='ocrx_word' id='word_1_520' title='bbox 894 3113 927 3144; x_wconf 91' lang='lat' dir='ltr'>in</span> <span class='ocrx_word' id='word_1_521' title='bbox 960 3122 1046 3146; x_wconf 87' lang='lat' dir='ltr'>certa</span> 
     </span>
     <span class='ocr_line' id='line_1_70' title="bbox 50 3153 1047 3198; baseline 0.002 -11"><span class='ocrx_word' id='word_1_522' title='bbox 50 3157 238 3197; x_wconf 85' lang='lat' dir='ltr'>meningum</span> <span class='ocrx_word' id='word_1_523' title='bbox 253 3177 262 3192; x_wconf 89' lang='lat'>,</span> <span class='ocrx_word' id='word_1_524' title='bbox 289 3162 342 3187; x_wconf 87' lang='lat' dir='ltr'>aut</span> <span class='ocrx_word' id='word_1_525' title='bbox 365 3154 480 3187; x_wconf 88' lang='lat' dir='ltr'>cerebri</span> <span class='ocrx_word' id='word_1_526' title='bbox 503 3154 709 3198; x_wconf 82' lang='lat' dir='ltr'>dispositione</span> <span class='ocrx_word' id='word_1_527' title='bbox 732 3153 921 3196; x_wconf 80' lang='lat' dir='ltr'>conjicimus</span> <span class='ocrx_word' id='word_1_528' title='bbox 938 3177 950 3194; x_wconf 83' lang='lat'>,</span> <span class='ocrx_word' id='word_1_529' title='bbox 972 3166 1047 3189; x_wconf 91' lang='lat' dir='ltr'>cau-</span> 
     </span>
     <span class='ocr_line' id='line_1_71' title="bbox 50 3196 1047 3241; baseline 0.002 -10"><span class='ocrx_word' id='word_1_530' title='bbox 50 3198 81 3232; x_wconf 87' lang='lat' dir='ltr'>sa</span> <span class='ocrx_word' id='word_1_531' title='bbox 104 3197 280 3241; x_wconf 81' lang='lat' dir='ltr'>epilepliae3</span> <span class='ocrx_word' id='word_1_532' title='bbox 304 3208 367 3230; x_wconf 86' lang='lat' dir='ltr'>nori</span> <span class='ocrx_word' id='word_1_533' title='bbox 391 3196 457 3230; x_wconf 83' lang='lat' dir='ltr'>fore</span> <span class='ocrx_word' id='word_1_534' title='bbox 479 3207 581 3231; x_wconf 86' lang='lat' dir='ltr'>tamen</span> <span class='ocrx_word' id='word_1_535' title='bbox 606 3199 723 3232; x_wconf 89' lang='lat' dir='ltr'>inutile</span> <span class='ocrx_word' id='word_1_536' title='bbox 748 3210 813 3231; x_wconf 84' lang='lat' dir='ltr'>rem</span> <span class='ocrx_word' id='word_1_537' title='bbox 826 3196 1047 3241; x_wconf 74' lang='lat' dir='ltr'>noviss&#39;e‚quae</span> 
     </span>
     <span class='ocr_line' id='line_1_72' title="bbox 50 3240 1049 3284; baseline 0.001 -10"><span class='ocrx_word' id='word_1_538' title='bbox 50 3241 149 3275; x_wconf 80' lang='lat' dir='ltr'>causae</span> <span class='ocrx_word' id='word_1_539' title='bbox 173 3243 252 3274; x_wconf 87' lang='lat' dir='ltr'>vires</span> <span class='ocrx_word' id='word_1_540' title='bbox 276 3241 380 3272; x_wconf 86' lang='lat' dir='ltr'>fovere</span> <span class='ocrx_word' id='word_1_541' title='bbox 404 3240 535 3282; x_wconf 88' lang='lat' dir='ltr'>saltem,</span> <span class='ocrx_word' id='word_1_542' title='bbox 558 3245 589 3275; x_wconf 66' lang='grc' dir='ltr'>ἃ</span> <span class='ocrx_word' id='word_1_543' title='bbox 614 3253 725 3284; x_wconf 85' lang='lat' dir='ltr'>augere</span> <span class='ocrx_word' id='word_1_544' title='bbox 748 3240 861 3284; x_wconf 75' lang='lat' dir='ltr'>possit.</span> <span class='ocrx_word' id='word_1_545' title='bbox 888 3240 989 3277; x_wconf 85' lang='lat' dir='ltr'>Quod</span> <span class='ocrx_word' id='word_1_546' title='bbox 1017 3245 1049 3275; x_wconf 88' lang='lat'>&amp;</span> 
     </span>
     <span class='ocr_line' id='line_1_73' title="bbox 50 3283 1048 3328; baseline 0 -11"><span class='ocrx_word' id='word_1_547' title='bbox 50 3285 89 3318; x_wconf 91' lang='lat' dir='ltr'>de</span> <span class='ocrx_word' id='word_1_548' title='bbox 114 3285 184 3318; x_wconf 84' lang='lat' dir='ltr'>aliis</span> <span class='ocrx_word' id='word_1_549' title='bbox 206 3283 394 3327; x_wconf 87' lang='lat' dir='ltr'>quibusdam</span> <span class='ocrx_word' id='word_1_550' title='bbox 419 3283 508 3317; x_wconf 83' lang='lat' dir='ltr'>rebus</span> <span class='ocrx_word' id='word_1_551' title='bbox 529 3284 654 3318; x_wconf 76' lang='lat' dir='ltr'>dictum</span> <span class='ocrx_word' id='word_1_552' title='bbox 681 3295 757 3328; x_wconf 85' lang='lat' dir='ltr'>puta</span> <span class='ocrx_word' id='word_1_553' title='bbox 772 3311 781 3324; x_wconf 96' lang='lat'>‚</span> <span class='ocrx_word' id='word_1_554' title='bbox 809 3296 885 3327; x_wconf 86' lang='lat' dir='ltr'>quas</span> <span class='ocrx_word' id='word_1_555' title='bbox 907 3285 941 3316; x_wconf 89' lang='lat' dir='ltr'>in</span> <span class='ocrx_word' id='word_1_556' title='bbox 962 3296 1048 3318; x_wconf 88' lang='lat' dir='ltr'>cere-</span> 
     </span>
     <span class='ocr_line' id='line_1_74' title="bbox 2 3326 1050 3370; baseline 0 -9"><span class='ocrx_word' id='word_1_557' title='bbox 2 3350 6 3354; x_wconf 59' lang='grc'><em>·</em></span> <span class='ocrx_word' id='word_1_558' title='bbox 49 3327 110 3361; x_wconf 85' lang='lat' dir='ltr'>bro</span> <span class='ocrx_word' id='word_1_559' title='bbox 133 3339 196 3361; x_wconf 91' lang='lat' dir='ltr'>non</span> <span class='ocrx_word' id='word_1_560' title='bbox 220 3328 469 3370; x_wconf 85' lang='lat' dir='ltr'>epilepticorum</span> <span class='ocrx_word' id='word_1_561' title='bbox 490 3327 655 3361; x_wconf 85' lang='lat' dir='ltr'>dumtaxat</span> <span class='ocrx_word' id='word_1_562' title='bbox 678 3327 861 3369; x_wconf 69' lang='lat' dir='ltr'>conspeetas</span> <span class='ocrx_word' id='word_1_563' title='bbox 885 3326 940 3361; x_wconf 71' lang='lat' dir='ltr'>ess&#39;e</span> <span class='ocrx_word' id='word_1_564' title='bbox 964 3339 1050 3361; x_wconf 85' lang='lat' dir='ltr'>ano-</span> 
     </span>
     <span class='ocr_line' id='line_1_75' title="bbox 50 3369 1047 3413; baseline -0.001 -9"><span class='ocrx_word' id='word_1_565' title='bbox 50 3371 122 3411; x_wconf 83' lang='lat' dir='ltr'>bis,</span> <span class='ocrx_word' id='word_1_566' title='bbox 145 3371 319 3413; x_wconf 84' lang='lat' dir='ltr'>superiores</span> <span class='ocrx_word' id='word_1_567' title='bbox 345 3381 415 3404; x_wconf 89' lang='lat' dir='ltr'>cum</span> <span class='ocrx_word' id='word_1_568' title='bbox 437 3369 488 3403; x_wconf 81' lang='lat' dir='ltr'>his</span> <span class='ocrx_word' id='word_1_569' title='bbox 508 3371 634 3405; x_wconf 83' lang='lat' dir='ltr'>collatae</span> <span class='ocrx_word' id='word_1_570' title='bbox 656 3371 825 3405; x_wconf 87' lang='lat' dir='ltr'>ostendunt</span> <span class='ocrx_word' id='word_1_571' title='bbox 860 3370 1013 3413; x_wconf 76' lang='lat' dir='ltr'>Epistolae</span> <span class='ocrx_word' id='word_1_572' title='bbox 1039 3396 1047 3402; x_wconf 89' lang='lat'><strong>.</strong></span> 
     </span>
     <span class='ocr_line' id='line_1_76' title="bbox 50 3412 1050 3458; baseline 0.002 -12"><span class='ocrx_word' id='word_1_573' title='bbox 50 3413 223 3458; x_wconf 80' lang='lat' dir='ltr'>dequid</span> <span class='ocrx_word' id='word_1_574' title='bbox 244 3416 330 3446; x_wconf 88' lang='lat' dir='ltr'>enim</span> <span class='ocrx_word' id='word_1_575' title='bbox 353 3415 387 3447; x_wconf 90' lang='lat' dir='ltr'>in</span> <span class='ocrx_word' id='word_1_576' title='bbox 408 3424 597 3457; x_wconf 86' lang='lat' dir='ltr'>quocunque</span> <span class='ocrx_word' id='word_1_577' title='bbox 622 3412 766 3447; x_wconf 86' lang='lat' dir='ltr'>cadavere</span> <span class='ocrx_word' id='word_1_578' title='bbox 780 3424 1050 3456; x_wconf 79' lang='lat' dir='ltr'>praeternaturam</span> 
     </span>
     <span class='ocr_line' id='line_1_77' title="bbox 50 3457 1049 3500; baseline 0.001 -11"><span class='ocrx_word' id='word_1_579' title='bbox 50 3457 339 3499; x_wconf 84' lang='lat' dir='ltr'>deprehendimus,</span> <span class='ocrx_word' id='word_1_580' title='bbox 361 3467 425 3490; x_wconf 87' lang='lat' dir='ltr'>non</span> <span class='ocrx_word' id='word_1_581' title='bbox 449 3458 638 3497; x_wconf 83' lang='lat' dir='ltr'>reticemus,</span> <span class='ocrx_word' id='word_1_582' title='bbox 661 3461 694 3490; x_wconf 74' lang='grc' dir='ltr'>δε</span> <span class='ocrx_word' id='word_1_583' title='bbox 716 3469 754 3491; x_wconf 84' lang='lat' dir='ltr'>an</span> <span class='ocrx_word' id='word_1_584' title='bbox 778 3458 883 3491; x_wconf 90' lang='lat' dir='ltr'>morbi</span> <span class='ocrx_word' id='word_1_585' title='bbox 897 3458 1049 3500; x_wconf 69' lang='lat' dir='ltr'>praegreffi</span> 
     </span>
     <span class='ocr_line' id='line_1_78' title="bbox 49 3499 1051 3545; baseline 0 -13"><span class='ocrx_word' id='word_1_586' title='bbox 49 3500 141 3534; x_wconf 87' lang='lat' dir='ltr'>causa</span> <span class='ocrx_word' id='word_1_587' title='bbox 165 3510 217 3534; x_wconf 89' lang='lat' dir='ltr'>aut</span> <span class='ocrx_word' id='word_1_588' title='bbox 243 3511 295 3542; x_wconf 88' lang='lat' dir='ltr'>per</span> <span class='ocrx_word' id='word_1_589' title='bbox 318 3504 369 3540; x_wconf 82' lang='lat' dir='ltr'>se,</span> <span class='ocrx_word' id='word_1_590' title='bbox 393 3508 446 3533; x_wconf 89' lang='lat' dir='ltr'>aut</span> <span class='ocrx_word' id='word_1_591' title='bbox 470 3511 542 3545; x_wconf 84' lang='lat' dir='ltr'>curn</span> <span class='ocrx_word' id='word_1_592' title='bbox 566 3500 638 3533; x_wconf 82' lang='lat' dir='ltr'>aliis</span> <span class='ocrx_word' id='word_1_593' title='bbox 661 3500 886 3543; x_wconf 65' lang='lat' dir='ltr'>conjunc‘ium,</span> <span class='ocrx_word' id='word_1_594' title='bbox 910 3499 1051 3543; x_wconf 84' lang='lat' dir='ltr'>potuerit</span> 
     </span>
     <span class='ocr_line' id='line_1_79' title="bbox 50 3543 1047 3587; baseline 0.002 -13"><span class='ocrx_word' id='word_1_595' title='bbox 50 3543 131 3584; x_wconf 83' lang='lat' dir='ltr'>esse,</span> <span class='ocrx_word' id='word_1_596' title='bbox 156 3544 391 3586; x_wconf 84' lang='lat' dir='ltr'>perquirimus,</span> <span class='ocrx_word' id='word_1_597' title='bbox 413 3544 620 3584; x_wconf 72' lang='lat' dir='ltr'>conjicientes</span> <span class='ocrx_word' id='word_1_598' title='bbox 642 3544 772 3587; x_wconf 88' lang='lat' dir='ltr'>quidem</span> <span class='ocrx_word' id='word_1_599' title='bbox 796 3545 907 3587; x_wconf 78' lang='lat' dir='ltr'>saepius</span> <span class='ocrx_word' id='word_1_600' title='bbox 930 3568 943 3584; x_wconf 90' lang='lat'>,</span> <span class='ocrx_word' id='word_1_601' title='bbox 976 3555 1047 3579; x_wconf 89' lang='lat' dir='ltr'>raro</span> 
     </span>
     <span class='ocr_line' id='line_1_80' title="bbox 47 3584 1045 3630; baseline 0.003 -11"><span class='ocrx_word' id='word_1_602' title='bbox 47 3585 220 3620; x_wconf 87' lang='lat' dir='ltr'>statuentes</span> <span class='ocrx_word' id='word_1_603' title='bbox 244 3611 250 3617; x_wconf 96' lang='lat'><strong>.</strong></span> <span class='ocrx_word' id='word_1_604' title='bbox 285 3588 401 3628; x_wconf 85' lang='lat' dir='ltr'>Neque</span> <span class='ocrx_word' id='word_1_605' title='bbox 434 3596 517 3618; x_wconf 84' lang='lat' dir='ltr'>enini</span> <span class='ocrx_word' id='word_1_606' title='bbox 533 3588 692 3627; x_wconf 27' lang='lat' dir='ltr'>*pi-atterit</span> <span class='ocrx_word' id='word_1_607' title='bbox 716 3611 727 3627; x_wconf 92' lang='lat'>,</span> <span class='ocrx_word' id='word_1_608' title='bbox 759 3584 826 3619; x_wconf 79' lang='lat' dir='ltr'>fieri</span> <span class='ocrx_word' id='word_1_609' title='bbox 848 3585 953 3630; x_wconf 76' lang='lat' dir='ltr'>posse,</span> <span class='ocrx_word' id='word_1_610' title='bbox 975 3599 1045 3622; x_wconf 84' lang='lat' dir='ltr'>vera</span> 
     </span>
    </p>

    <p class='ocr_par' dir='ltr' id='par_1_7' title="bbox 136 3629 844 3672">
     <span class='ocr_line' id='line_1_81' title="bbox 136 3629 844 3672; baseline 0.001 -10"><span class='ocrx_word' id='word_1_611' title='bbox 136 3631 300 3672; x_wconf 83' lang='lat' dir='ltr'>Morgagnz&#39;</span> <span class='ocrx_word' id='word_1_612' title='bbox 310 3631 345 3664; x_wconf 82' lang='lat' dir='ltr'>de</span> <span class='ocrx_word' id='word_1_613' title='bbox 355 3630 421 3663; x_wconf 75' lang='lat' dir='ltr'>sed.</span> <span class='ocrx_word' id='word_1_614' title='bbox 434 3629 477 3663; x_wconf 50' lang='grc' dir='ltr'>(ψ</span> <span class='ocrx_word' id='word_1_615' title='bbox 487 3629 576 3672; x_wconf 65' lang='lat' dir='ltr'>Ceius.</span> <span class='ocrx_word' id='word_1_616' title='bbox 587 3630 688 3664; x_wconf 85' lang='lat' dir='ltr'>Morb.</span> <span class='ocrx_word' id='word_1_617' title='bbox 701 3632 801 3663; x_wconf 88' lang='lat' dir='ltr'>Tom.</span> <span class='ocrx_word' id='word_1_618' title='bbox 817 3633 844 3664; x_wconf 89' lang='lat' dir='ltr'><strong>I.</strong></span> 
     </span>
    </p>
   </div>
   <div class='ocr_carea' id='block_1_4' title="bbox 1942 198 2003 246">
    <p class='ocr_par' dir='ltr' id='par_1_8' title="bbox 1942 198 2003 246">
     <span class='ocr_line' id='line_1_82' title="bbox 1942 198 2003 246; baseline 0.049 -3"><span class='ocrx_word' id='word_1_619' title='bbox 1942 198 2003 246; x_wconf 87' lang='lat'>73</span> 
     </span>
    </p>
   </div>
   <div class='ocr_carea' id='block_1_5' title="bbox 1074 257 2108 3634">
    <p class='ocr_par' dir='ltr' id='par_1_9' title="bbox 1074 257 2085 903">
     <span class='ocr_line' id='line_1_83' title="bbox 1076 257 2073 299; baseline -0.005 -2"><span class='ocrx_word' id='word_1_620' title='bbox 1076 270 1121 297; x_wconf 71' lang='lat' dir='ltr'>ut</span> <span class='ocrx_word' id='word_1_621' title='bbox 1136 260 1225 295; x_wconf 89' lang='lat' dir='ltr'>causa</span> <span class='ocrx_word' id='word_1_622' title='bbox 1247 259 1371 294; x_wconf 85' lang='lat' dir='ltr'>nostros</span> <span class='ocrx_word' id='word_1_623' title='bbox 1394 261 1495 294; x_wconf 85' lang='lat' dir='ltr'>sensus</span> <span class='ocrx_word' id='word_1_624' title='bbox 1504 259 1637 292; x_wconf 88' lang='lat' dir='ltr'>omnino</span> <span class='ocrx_word' id='word_1_625' title='bbox 1653 257 1756 299; x_wconf 86' lang='lat' dir='ltr'>fugiat</span> <span class='ocrx_word' id='word_1_626' title='bbox 1765 268 1839 292; x_wconf 86' lang='lat' dir='ltr'>curn</span> <span class='ocrx_word' id='word_1_627' title='bbox 1852 257 1887 290; x_wconf 89' lang='lat' dir='ltr'>in</span> <span class='ocrx_word' id='word_1_628' title='bbox 1901 257 1973 291; x_wconf 85' lang='lat' dir='ltr'>aliis</span> <span class='ocrx_word' id='word_1_629' title='bbox 1986 270 2073 292; x_wconf 88' lang='lat' dir='ltr'>mor-</span> 
     </span>
     <span class='ocr_line' id='line_1_84' title="bbox 1078 300 2071 346; baseline -0.007 -8"><span class='ocrx_word' id='word_1_630' title='bbox 1078 306 1126 339; x_wconf 85' lang='lat' dir='ltr'>bis</span> <span class='ocrx_word' id='word_1_631' title='bbox 1151 303 1317 346; x_wconf 83' lang='lat' dir='ltr'>pluribus,</span> <span class='ocrx_word' id='word_1_632' title='bbox 1339 313 1406 337; x_wconf 92' lang='lat' dir='ltr'>tum</span> <span class='ocrx_word' id='word_1_633' title='bbox 1431 306 1464 336; x_wconf 91' lang='lat' dir='ltr'>in</span> <span class='ocrx_word' id='word_1_634' title='bbox 1488 302 1538 336; x_wconf 80' lang='lat' dir='ltr'>his</span> <span class='ocrx_word' id='word_1_635' title='bbox 1565 301 1742 344; x_wconf 84' lang='lat' dir='ltr'>praesertim</span> <span class='ocrx_word' id='word_1_636' title='bbox 1765 302 1822 344; x_wconf 91' lang='lat' dir='ltr'>qui</span> <span class='ocrx_word' id='word_1_637' title='bbox 1847 300 1886 333; x_wconf 88' lang='lat' dir='ltr'>ad</span> <span class='ocrx_word' id='word_1_638' title='bbox 1909 301 2071 335; x_wconf 85' lang='lat' dir='ltr'>cerebrum</span> 
     </span>
     <span class='ocr_line' id='line_1_85' title="bbox 1077 342 2075 388; baseline -0.004 -7"><span class='ocrx_word' id='word_1_639' title='bbox 1077 348 1236 381; x_wconf 81' lang='lat' dir='ltr'>attinent:</span> <span class='ocrx_word' id='word_1_640' title='bbox 1260 347 1368 388; x_wconf 89' lang='lat' dir='ltr'>itaque</span> <span class='ocrx_word' id='word_1_641' title='bbox 1391 346 1474 379; x_wconf 91' lang='lat' dir='ltr'>nihil</span> <span class='ocrx_word' id='word_1_642' title='bbox 1498 345 1629 388; x_wconf 83' lang='lat' dir='ltr'>usquam</span> <span class='ocrx_word' id='word_1_643' title='bbox 1651 345 1726 377; x_wconf 83' lang='lat' dir='ltr'>vitii</span> <span class='ocrx_word' id='word_1_644' title='bbox 1752 356 1767 376; x_wconf 87' lang='lat' dir='ltr'>a</span> <span class='ocrx_word' id='word_1_645' title='bbox 1802 342 2075 385; x_wconf 75' lang='lat' dir='ltr'>perspicacissimis</span> 
     </span>
     <span class='ocr_line' id='line_1_86' title="bbox 1074 384 2076 431; baseline -0.005 -8"><span class='ocrx_word' id='word_1_646' title='bbox 1074 393 1162 425; x_wconf 91' lang='lat' dir='ltr'>Viris</span> <span class='ocrx_word' id='word_1_647' title='bbox 1186 388 1356 431; x_wconf 84' lang='lat' dir='ltr'>aliquando</span> <span class='ocrx_word' id='word_1_648' title='bbox 1367 389 1434 431; x_wconf 84' lang='lat' dir='ltr'>post</span> <span class='ocrx_word' id='word_1_649' title='bbox 1448 387 1647 431; x_wconf 80' lang='lat' dir='ltr'>epilepsiam,</span> <span class='ocrx_word' id='word_1_650' title='bbox 1672 385 1719 419; x_wconf 92' lang='lat' dir='ltr'>vel</span> <span class='ocrx_word' id='word_1_651' title='bbox 1733 386 1982 427; x_wconf 86' lang='lat' dir='ltr'>idiopathicam,</span> <span class='ocrx_word' id='word_1_652' title='bbox 1993 384 2076 419; x_wconf 75' lang='lat' dir='ltr'>fuis-</span> 
     </span>
     <span class='ocr_line' id='line_1_87' title="bbox 1075 428 2078 474; baseline -0.005 -8"><span class='ocrx_word' id='word_1_653' title='bbox 1075 434 1103 467; x_wconf 88' lang='lat' dir='ltr'>se</span> <span class='ocrx_word' id='word_1_654' title='bbox 1127 441 1286 474; x_wconf 86' lang='lat' dir='ltr'>repertum</span> <span class='ocrx_word' id='word_1_655' title='bbox 1302 458 1311 472; x_wconf 93' lang='lat'><em>‚</em></span> <span class='ocrx_word' id='word_1_656' title='bbox 1335 441 1370 465; x_wconf 89' lang='lat' dir='ltr'>ut</span> <span class='ocrx_word' id='word_1_657' title='bbox 1394 432 1640 465; x_wconf 83' lang='lat' dir='ltr'>Observationes</span> <span class='ocrx_word' id='word_1_658' title='bbox 1665 428 1780 462; x_wconf 85' lang='lat' dir='ltr'>docent</span> <span class='ocrx_word' id='word_1_659' title='bbox 1802 429 1944 471; x_wconf 80' lang='lat' dir='ltr'>quaedam</span> <span class='ocrx_word' id='word_1_660' title='bbox 1965 430 2000 461; x_wconf 90' lang='lat' dir='ltr'>in</span> <span class='ocrx_word' id='word_1_661' title='bbox 2024 430 2078 462; x_wconf 90' lang='lat' dir='ltr'>Se-</span> 
     </span>
     <span class='ocr_line' id='line_1_88' title="bbox 1075 471 2074 520; baseline -0.004 -11"><span class='ocrx_word' id='word_1_662' title='bbox 1075 475 1278 520; x_wconf 85' lang='lat' dir='ltr'>pulchretum</span> <span class='ocrx_word' id='word_1_663' title='bbox 1300 478 1368 514; x_wconf 88' lang='lat' dir='ltr'>(a)</span> <span class='ocrx_word' id='word_1_664' title='bbox 1392 476 1519 513; x_wconf 83' lang='lat' dir='ltr'>relatae;</span> <span class='ocrx_word' id='word_1_665' title='bbox 1565 483 1722 514; x_wconf 85' lang='lat' dir='ltr'>uanquam</span> <span class='ocrx_word' id='word_1_666' title='bbox 1746 471 1891 505; x_wconf 89' lang='lat' dir='ltr'>dubitare</span> <span class='ocrx_word' id='word_1_667' title='bbox 1914 472 2012 510; x_wconf 90' lang='lat' dir='ltr'>licet,</span> <span class='ocrx_word' id='word_1_668' title='bbox 2036 483 2074 505; x_wconf 86' lang='lat' dir='ltr'>an</span> 
     </span>
     <span class='ocr_line' id='line_1_89' title="bbox 1077 514 2075 559; baseline -0.004 -7"><span class='ocrx_word' id='word_1_669' title='bbox 1077 529 1187 554; x_wconf 82' lang='lat' dir='ltr'>omnes</span> <span class='ocrx_word' id='word_1_670' title='bbox 1211 517 1329 551; x_wconf 75' lang='lat' dir='ltr'>habitae</span> <span class='ocrx_word' id='word_1_671' title='bbox 1353 517 1474 550; x_wconf 83' lang='lat' dir='ltr'>fuerint</span> <span class='ocrx_word' id='word_1_672' title='bbox 1498 529 1541 559; x_wconf 90' lang='lat' dir='ltr'>po</span> <span class='ocrx_word' id='word_1_673' title='bbox 1581 515 1762 559; x_wconf 77' lang='lat' dir='ltr'>epilepsiam</span> <span class='ocrx_word' id='word_1_674' title='bbox 1775 514 2027 557; x_wconf 78' lang='lat' dir='ltr'>idiopatliicarn,</span> <span class='ocrx_word' id='word_1_675' title='bbox 2043 518 2075 548; x_wconf 76' lang='grc' dir='ltr'>δε</span> 
     </span>
     <span class='ocr_line' id='line_1_90' title="bbox 1079 558 2075 606; baseline -0.006 -10"><span class='ocrx_word' id='word_1_676' title='bbox 1079 561 1247 606; x_wconf 88' lang='lat' dir='ltr'>prudenter</span> <span class='ocrx_word' id='word_1_677' title='bbox 1269 561 1348 594; x_wconf 86' lang='lat' dir='ltr'>fecit</span> <span class='ocrx_word' id='word_1_678' title='bbox 1371 561 1592 594; x_wconf 84' lang='lat' dir='ltr'>Saltzrnannus</span> <span class='ocrx_word' id='word_1_679' title='bbox 1616 583 1628 599; x_wconf 88' lang='lat'>,</span> <span class='ocrx_word' id='word_1_680' title='bbox 1662 570 1735 592; x_wconf 89' lang='lat' dir='ltr'>curn</span> <span class='ocrx_word' id='word_1_681' title='bbox 1766 558 1800 590; x_wconf 89' lang='lat' dir='ltr'>in</span> <span class='ocrx_word' id='word_1_682' title='bbox 1831 568 1937 590; x_wconf 88' lang='lat' dir='ltr'>earum</span> <span class='ocrx_word' id='word_1_683' title='bbox 1971 561 2075 599; x_wconf 86' lang='lat' dir='ltr'>prima</span> 
     </span>
     <span class='ocr_line' id='line_1_91' title="bbox 1080 600 2080 646; baseline -0.006 -8"><span class='ocrx_word' id='word_1_684' title='bbox 1080 604 1245 645; x_wconf 85' lang='lat' dir='ltr'>con&#39;ecit,</span> <span class='ocrx_word' id='word_1_685' title='bbox 1268 603 1437 637; x_wconf 86' lang='lat' dir='ltr'>foeminam</span> <span class='ocrx_word' id='word_1_686' title='bbox 1461 615 1529 646; x_wconf 76' lang='lat' dir='ltr'>quae</span> <span class='ocrx_word' id='word_1_687' title='bbox 1553 602 1722 645; x_wconf 87' lang='lat' dir='ltr'>epileptica</span> <span class='ocrx_word' id='word_1_688' title='bbox 1745 600 1931 639; x_wconf 82' lang='lat' dir='ltr'>dicebatur,</span> <span class='ocrx_word' id='word_1_689' title='bbox 1965 603 1997 633; x_wconf 71' lang='grc' dir='ltr'>δε</span> <span class='ocrx_word' id='word_1_690' title='bbox 2027 602 2080 633; x_wconf 93' lang='lat' dir='ltr'>vi-</span> 
     </span>
     <span class='ocr_line' id='line_1_92' title="bbox 1082 617 2080 688; baseline -0.006 -6"><span class='ocrx_word' id='word_1_691' title='bbox 1082 617 1154 683; x_wconf 78' lang='lat' dir='ltr'>tiosi</span> <span class='ocrx_word' id='word_1_692' title='bbox 1177 647 1261 681; x_wconf 91' lang='lat' dir='ltr'>nihil</span> <span class='ocrx_word' id='word_1_693' title='bbox 1285 649 1320 679; x_wconf 91' lang='lat' dir='ltr'>in</span> <span class='ocrx_word' id='word_1_694' title='bbox 1344 647 1471 679; x_wconf 85' lang='lat' dir='ltr'>cerebro</span> <span class='ocrx_word' id='word_1_695' title='bbox 1494 644 1654 684; x_wconf 86' lang='lat' dir='ltr'>ostendit,</span> <span class='ocrx_word' id='word_1_696' title='bbox 1678 652 1735 680; x_wconf 82' lang='lat' dir='ltr'>aut</span> <span class='ocrx_word' id='word_1_697' title='bbox 1757 642 1898 685; x_wconf 82' lang='lat' dir='ltr'>epilepsia</span> <span class='ocrx_word' id='word_1_698' title='bbox 1923 653 1981 675; x_wconf 85' lang='lat' dir='ltr'>non</span> <span class='ocrx_word' id='word_1_699' title='bbox 1993 642 2080 688; x_wconf 31' lang='lat' dir='ltr'>la-bo-</span> 
     </span>
     <span class='ocr_line' id='line_1_93' title="bbox 1082 686 2080 735; baseline -0.007 -10"><span class='ocrx_word' id='word_1_700' title='bbox 1082 690 1156 735; x_wconf 71' lang='lat' dir='ltr'>raffe</span> <span class='ocrx_word' id='word_1_701' title='bbox 1174 716 1183 732; x_wconf 91' lang='lat'>,</span> <span class='ocrx_word' id='word_1_702' title='bbox 1205 698 1260 724; x_wconf 76' lang='lat' dir='ltr'>aut</span> <span class='ocrx_word' id='word_1_703' title='bbox 1284 689 1458 732; x_wconf 81' lang='lat' dir='ltr'>epilepfiam</span> <span class='ocrx_word' id='word_1_704' title='bbox 1487 686 1581 731; x_wconf 77' lang='lat' dir='ltr'>fuisse</span> <span class='ocrx_word' id='word_1_705' title='bbox 1609 698 1666 730; x_wconf 82' lang='lat' dir='ltr'>per</span> <span class='ocrx_word' id='word_1_706' title='bbox 1696 686 1871 729; x_wconf 78' lang='lat' dir='ltr'>consensum</span> <span class='ocrx_word' id='word_1_707' title='bbox 1893 711 1901 719; x_wconf 87' lang='lat'><strong>.</strong></span> <span class='ocrx_word' id='word_1_708' title='bbox 1934 687 1978 719; x_wconf 89' lang='lat' dir='ltr'>Et</span> <span class='ocrx_word' id='word_1_709' title='bbox 2010 687 2080 719; x_wconf 84' lang='lat' dir='ltr'>iane</span> 
     </span>
     <span class='ocr_line' id='line_1_94' title="bbox 1084 726 2080 776; baseline -0.008 -7"><span class='ocrx_word' id='word_1_710' title='bbox 1084 737 1230 770; x_wconf 82' lang='lat' dir='ltr'>Thomas</span> <span class='ocrx_word' id='word_1_711' title='bbox 1252 743 1381 776; x_wconf 90' lang='lat' dir='ltr'>quoque</span> <span class='ocrx_word' id='word_1_712' title='bbox 1406 731 1614 765; x_wconf 84' lang='lat' dir='ltr'>Bartholinus</span> <span class='ocrx_word' id='word_1_713' title='bbox 1637 729 1723 770; x_wconf 85' lang='lat' dir='ltr'>(b),</span> <span class='ocrx_word' id='word_1_714' title='bbox 1748 726 1901 770; x_wconf 78' lang='lat' dir='ltr'>Epilepfia</span> <span class='ocrx_word' id='word_1_715' title='bbox 1921 738 1977 769; x_wconf 81' lang='lat' dir='ltr'>per</span> <span class='ocrx_word' id='word_1_716' title='bbox 1999 726 2080 770; x_wconf 82' lang='lat' dir='ltr'>infe-</span> 
     </span>
     <span class='ocr_line' id='line_1_95' title="bbox 1085 770 2081 818; baseline -0.008 -6"><span class='ocrx_word' id='word_1_717' title='bbox 1085 780 1201 812; x_wconf 78' lang='lat' dir='ltr'>riorum</span> <span class='ocrx_word' id='word_1_718' title='bbox 1225 777 1367 818; x_wconf 76' lang='lat' dir='ltr'>partium</span> <span class='ocrx_word' id='word_1_719' title='bbox 1389 774 1563 817; x_wconf 86' lang='lat' dir='ltr'>consensum</span> <span class='ocrx_word' id='word_1_720' title='bbox 1587 784 1676 810; x_wconf 81' lang='lat' dir='ltr'>raro,</span> <span class='ocrx_word' id='word_1_721' title='bbox 1703 773 1835 813; x_wconf 83' lang='lat' dir='ltr'>inquit,</span> <span class='ocrx_word' id='word_1_722' title='bbox 1852 770 1907 813; x_wconf 82' lang='lat' dir='ltr'>sui</span> <span class='ocrx_word' id='word_1_723' title='bbox 1916 772 1949 804; x_wconf 82' lang='lat' dir='ltr'>in</span> <span class='ocrx_word' id='word_1_724' title='bbox 1961 770 2081 816; x_wconf 59' lang='lat' dir='ltr'>cerebro</span> 
     </span>
     <span class='ocr_line' id='line_1_96' title="bbox 1088 814 2085 863; baseline -0.009 -8"><span class='ocrx_word' id='word_1_725' title='bbox 1088 821 1236 863; x_wconf 73' lang='lat' dir='ltr'>relinquit</span> <span class='ocrx_word' id='word_1_726' title='bbox 1259 818 1439 861; x_wconf 70' lang='lat' dir='ltr'>vestigium.</span> <span class='ocrx_word' id='word_1_727' title='bbox 1468 816 1527 850; x_wconf 89' lang='lat' dir='ltr'>Sed</span> <span class='ocrx_word' id='word_1_728' title='bbox 1550 828 1608 849; x_wconf 86' lang='lat' dir='ltr'>nos</span> <span class='ocrx_word' id='word_1_729' title='bbox 1631 815 1670 849; x_wconf 87' lang='lat' dir='ltr'>ad</span> <span class='ocrx_word' id='word_1_730' title='bbox 1692 817 1770 848; x_wconf 90' lang='lat' dir='ltr'>vitia</span> <span class='ocrx_word' id='word_1_731' title='bbox 1793 814 1912 849; x_wconf 84' lang='lat' dir='ltr'>cerebri</span> <span class='ocrx_word' id='word_1_732' title='bbox 1924 814 2019 856; x_wconf 85' lang='lat' dir='ltr'>ipsius</span> <span class='ocrx_word' id='word_1_733' title='bbox 2031 825 2085 857; x_wconf 91' lang='lat' dir='ltr'>pe-</span> 
     </span>
     <span class='ocr_line' id='line_1_97' title="bbox 1090 859 1688 903; baseline -0.01 -6"><span class='ocrx_word' id='word_1_734' title='bbox 1090 864 1242 903; x_wconf 83' lang='lat' dir='ltr'>culiaria,</span> <span class='ocrx_word' id='word_1_735' title='bbox 1264 865 1296 895; x_wconf 84' lang='lat'>&amp;</span> <span class='ocrx_word' id='word_1_736' title='bbox 1321 859 1485 895; x_wconf 80' lang='lat' dir='ltr'>manifesta</span> <span class='ocrx_word' id='word_1_737' title='bbox 1507 861 1688 893; x_wconf 85' lang='lat' dir='ltr'>veniamus.</span> 
     </span>
    </p>

    <p class='ocr_par' dir='ltr' id='par_1_10' title="bbox 1087 899 2103 1809">
     <span class='ocr_line' id='line_1_98' title="bbox 1135 899 2086 944; baseline -0.007 -5"><span class='ocrx_word' id='word_1_738' title='bbox 1135 910 1182 939; x_wconf 89' lang='lat'>16.</span> <span class='ocrx_word' id='word_1_739' title='bbox 1204 906 1392 939; x_wconf 83' lang='lat' dir='ltr'>MULIER</span> <span class='ocrx_word' id='word_1_740' title='bbox 1416 915 1513 937; x_wconf 87' lang='lat' dir='ltr'>annos</span> <span class='ocrx_word' id='word_1_741' title='bbox 1537 913 1609 935; x_wconf 83' lang='lat' dir='ltr'>nata</span> <span class='ocrx_word' id='word_1_742' title='bbox 1634 901 1672 935; x_wconf 86' lang='lat' dir='ltr'>ad</span> <span class='ocrx_word' id='word_1_743' title='bbox 1696 901 1877 944; x_wconf 70' lang='lat' dir='ltr'>sexaginta,</span> <span class='ocrx_word' id='word_1_744' title='bbox 1900 900 1964 944; x_wconf 84' lang='lat' dir='ltr'>jam</span> <span class='ocrx_word' id='word_1_745' title='bbox 1987 899 2086 933; x_wconf 84' lang='lat' dir='ltr'>fei-me</span> 
     </span>
     <span class='ocr_line' id='line_1_99' title="bbox 1090 944 2087 989; baseline -0.007 -6"><span class='ocrx_word' id='word_1_746' title='bbox 1090 962 1104 982; x_wconf 83' lang='lat' dir='ltr'>a</span> <span class='ocrx_word' id='word_1_747' title='bbox 1128 949 1260 983; x_wconf 90' lang='lat' dir='ltr'>biennio</span> <span class='ocrx_word' id='word_1_748' title='bbox 1281 945 1437 989; x_wconf 86' lang='lat' dir='ltr'>epilepsiae</span> <span class='ocrx_word' id='word_1_749' title='bbox 1458 946 1618 983; x_wconf 76' lang='lat' dir='ltr'>obnoxia,</span> <span class='ocrx_word' id='word_1_750' title='bbox 1643 954 1713 978; x_wconf 87' lang='lat' dir='ltr'>ante</span> <span class='ocrx_word' id='word_1_751' title='bbox 1747 944 1882 978; x_wconf 90' lang='lat' dir='ltr'>mensem</span> <span class='ocrx_word' id='word_1_752' title='bbox 1916 944 2052 986; x_wconf 81' lang='lat' dir='ltr'>denique</span> <span class='ocrx_word' id='word_1_753' title='bbox 2075 964 2087 981; x_wconf 87' lang='lat'>,</span> 
     </span>
     <span class='ocr_line' id='line_1_100' title="bbox 1087 983 2089 1031; baseline -0.009 -4"><span class='ocrx_word' id='word_1_754' title='bbox 1087 1004 1161 1027; x_wconf 89' lang='lat' dir='ltr'>cum</span> <span class='ocrx_word' id='word_1_755' title='bbox 1184 992 1222 1024; x_wconf 85' lang='lat' dir='ltr'>ab</span> <span class='ocrx_word' id='word_1_756' title='bbox 1245 1002 1283 1023; x_wconf 58' lang='lat' dir='ltr'>ea&#39;</span> <span class='ocrx_word' id='word_1_757' title='bbox 1301 990 1495 1027; x_wconf 87' lang='lat' dir='ltr'>concidens,</span> <span class='ocrx_word' id='word_1_758' title='bbox 1517 999 1614 1031; x_wconf 85' lang='lat' dir='ltr'>caput</span> <span class='ocrx_word' id='word_1_759' title='bbox 1648 983 1805 1027; x_wconf 70' lang='lat' dir='ltr'>allisisset,</span> <span class='ocrx_word' id='word_1_760' title='bbox 1831 989 1865 1020; x_wconf 91' lang='lat' dir='ltr'>in</span> <span class='ocrx_word' id='word_1_761' title='bbox 1889 988 1951 1021; x_wconf 90' lang='lat' dir='ltr'>hoc</span> <span class='ocrx_word' id='word_1_762' title='bbox 1975 985 2089 1019; x_wconf 83' lang='lat' dir='ltr'>Noso-</span> 
     </span>
     <span class='ocr_line' id='line_1_101' title="bbox 1088 1031 2088 1076; baseline -0.009 -6"><span class='ocrx_word' id='word_1_763' title='bbox 1088 1037 1231 1070; x_wconf 85' lang='lat' dir='ltr'>comiurn</span> <span class='ocrx_word' id='word_1_764' title='bbox 1255 1043 1386 1076; x_wconf 81' lang='lat' dir='ltr'>excepta</span> <span class='ocrx_word' id='word_1_765' title='bbox 1409 1033 1468 1066; x_wconf 83' lang='lat' dir='ltr'>est.</span> <span class='ocrx_word' id='word_1_766' title='bbox 1494 1033 1575 1065; x_wconf 91' lang='lat' dir='ltr'>Non</span> <span class='ocrx_word' id='word_1_767' title='bbox 1599 1031 1787 1074; x_wconf 80' lang='lat' dir='ltr'>apparebant</span> <span class='ocrx_word' id='word_1_768' title='bbox 1811 1044 1827 1065; x_wconf 85' lang='lat' dir='ltr'>a</span> <span class='ocrx_word' id='word_1_769' title='bbox 1851 1032 1958 1073; x_wconf 90' lang='lat' dir='ltr'>primo</span> <span class='ocrx_word' id='word_1_770' title='bbox 1982 1038 2088 1062; x_wconf 85' lang='lat' dir='ltr'>exter-</span> 
     </span>
     <span class='ocr_line' id='line_1_102' title="bbox 1088 1072 2088 1121; baseline -0.006 -10"><span class='ocrx_word' id='word_1_771' title='bbox 1088 1092 1127 1112; x_wconf 86' lang='lat' dir='ltr'>na</span> <span class='ocrx_word' id='word_1_772' title='bbox 1148 1078 1234 1121; x_wconf 83' lang='lat' dir='ltr'>signa</span> <span class='ocrx_word' id='word_1_773' title='bbox 1258 1075 1318 1109; x_wconf 78' lang='lat' dir='ltr'>laesi</span> <span class='ocrx_word' id='word_1_774' title='bbox 1343 1078 1466 1116; x_wconf 80' lang='lat' dir='ltr'>cranii,·</span> <span class='ocrx_word' id='word_1_775' title='bbox 1488 1074 1538 1109; x_wconf 87' lang='lat' dir='ltr'>sed</span> <span class='ocrx_word' id='word_1_776' title='bbox 1564 1085 1660 1118; x_wconf 85' lang='lat' dir='ltr'>neque</span> <span class='ocrx_word' id='word_1_777' title='bbox 1685 1075 1807 1107; x_wconf 88' lang='lat' dir='ltr'>interna</span> <span class='ocrx_word' id='word_1_778' title='bbox 1843 1073 1905 1107; x_wconf 79' lang='lat' dir='ltr'>laesi</span> <span class='ocrx_word' id='word_1_779' title='bbox 1938 1072 2053 1107; x_wconf 87' lang='lat' dir='ltr'>cerebri</span> <span class='ocrx_word' id='word_1_780' title='bbox 2079 1095 2088 1104; x_wconf 88' lang='lat'><strong>.</strong></span> 
     </span>
     <span class='ocr_line' id='line_1_103' title="bbox 1090 1114 2091 1163; baseline -0.008 -7"><span class='ocrx_word' id='word_1_781' title='bbox 1090 1122 1175 1156; x_wconf 85' lang='lat' dir='ltr'>Illud</span> <span class='ocrx_word' id='word_1_782' title='bbox 1199 1120 1301 1163; x_wconf 87' lang='lat' dir='ltr'>postea</span> <span class='ocrx_word' id='word_1_783' title='bbox 1326 1120 1527 1152; x_wconf 69' lang='lat' dir='ltr'>intellectum</span> <span class='ocrx_word' id='word_1_784' title='bbox 1549 1119 1591 1153; x_wconf 89' lang='lat' dir='ltr'>est</span> <span class='ocrx_word' id='word_1_785' title='bbox 1614 1116 1739 1151; x_wconf 89' lang='lat' dir='ltr'>allisum</span> <span class='ocrx_word' id='word_1_786' title='bbox 1764 1115 1854 1150; x_wconf 73' lang='lat' dir='ltr'>fuisse</span> <span class='ocrx_word' id='word_1_787' title='bbox 1878 1116 1915 1150; x_wconf 87' lang='lat' dir='ltr'>ad</span> <span class='ocrx_word' id='word_1_788' title='bbox 1937 1114 2091 1158; x_wconf 25' lang='lat' dir='ltr'>*medium</span> 
     </span>
     <span class='ocr_line' id='line_1_104' title="bbox 1088 1155 2095 1205; baseline -0.009 -6"><span class='ocrx_word' id='word_1_789' title='bbox 1088 1166 1159 1199; x_wconf 81' lang='lat' dir='ltr'>offis</span> <span class='ocrx_word' id='word_1_790' title='bbox 1182 1164 1311 1197; x_wconf 85' lang='lat' dir='ltr'>verticis</span> <span class='ocrx_word' id='word_1_791' title='bbox 1333 1161 1469 1201; x_wconf 80' lang='lat' dir='ltr'>sinistri3</span> <span class='ocrx_word' id='word_1_792' title='bbox 1493 1172 1674 1205; x_wconf 83' lang='lat' dir='ltr'>quanquam</span> <span class='ocrx_word' id='word_1_793' title='bbox 1697 1160 1768 1200; x_wconf 90' lang='lat' dir='ltr'>ibi,</span> <span class='ocrx_word' id='word_1_794' title='bbox 1789 1172 1861 1194; x_wconf 88' lang='lat' dir='ltr'>cum</span> <span class='ocrx_word' id='word_1_795' title='bbox 1894 1171 1929 1193; x_wconf 89' lang='lat' dir='ltr'>os</span> <span class='ocrx_word' id='word_1_796' title='bbox 1963 1155 2095 1192; x_wconf 80' lang='lat' dir='ltr'>retexis.-</span> 
     </span>
     <span class='ocr_line' id='line_1_105' title="bbox 1090 1200 2093 1249; baseline -0.01 -7"><span class='ocrx_word' id='word_1_797' title='bbox 1090 1209 1179 1249; x_wconf 84' lang='lat' dir='ltr'>sent,</span> <span class='ocrx_word' id='word_1_798' title='bbox 1202 1206 1284 1241; x_wconf 89' lang='lat' dir='ltr'>nihil</span> <span class='ocrx_word' id='word_1_799' title='bbox 1309 1207 1452 1248; x_wconf 85' lang='lat' dir='ltr'>apparuit</span> <span class='ocrx_word' id='word_1_800' title='bbox 1479 1206 1575 1239; x_wconf 88' lang='lat' dir='ltr'>mali.</span> <span class='ocrx_word' id='word_1_801' title='bbox 1597 1204 1653 1238; x_wconf 83' lang='lat' dir='ltr'>Ad</span> <span class='ocrx_word' id='word_1_802' title='bbox 1675 1204 1837 1237; x_wconf 86' lang='lat' dir='ltr'>cerebrum</span> <span class='ocrx_word' id='word_1_803' title='bbox 1870 1212 1974 1237; x_wconf 85' lang='lat' dir='ltr'>autem</span> <span class='ocrx_word' id='word_1_804' title='bbox 2009 1200 2093 1234; x_wconf 84' lang='lat' dir='ltr'>nihil</span> 
     </span>
     <span class='ocr_line' id='line_1_106' title="bbox 1088 1245 2090 1291; baseline -0.008 -6"><span class='ocrx_word' id='word_1_805' title='bbox 1088 1253 1222 1285; x_wconf 87' lang='lat' dir='ltr'>omnino</span> <span class='ocrx_word' id='word_1_806' title='bbox 1245 1249 1425 1289; x_wconf 85' lang='lat' dir='ltr'>attinebat,</span> <span class='ocrx_word' id='word_1_807' title='bbox 1447 1247 1504 1281; x_wconf 83' lang='lat' dir='ltr'>nifi</span> <span class='ocrx_word' id='word_1_808' title='bbox 1528 1246 1692 1291; x_wconf 85' lang='lat' dir='ltr'>epilepsia,</span> <span class='ocrx_word' id='word_1_809' title='bbox 1729 1246 1779 1281; x_wconf 87' lang='lat' dir='ltr'>sed</span> <span class='ocrx_word' id='word_1_810' title='bbox 1813 1245 1880 1281; x_wconf 77' lang='lat' dir='ltr'>haec</span> <span class='ocrx_word' id='word_1_811' title='bbox 1912 1245 2061 1280; x_wconf 87' lang='lat' dir='ltr'>consueta</span> <span class='ocrx_word' id='word_1_812' title='bbox 2079 1267 2090 1282; x_wconf 88' lang='lat'>,</span> 
     </span>
     <span class='ocr_line' id='line_1_107' title="bbox 1088 1289 2091 1339; baseline -0.008 -11"><span class='ocrx_word' id='word_1_813' title='bbox 1088 1294 1178 1339; x_wconf 82' lang='lat' dir='ltr'>cujus</span> <span class='ocrx_word' id='word_1_814' title='bbox 1202 1293 1381 1327; x_wconf 71' lang='lat' dir='ltr'>accessiones</span> <span class='ocrx_word' id='word_1_815' title='bbox 1405 1292 1483 1334; x_wconf 80' lang='lat' dir='ltr'>saepe</span> <span class='ocrx_word' id='word_1_816' title='bbox 1506 1291 1546 1325; x_wconf 86' lang='lat' dir='ltr'>ad</span> <span class='ocrx_word' id='word_1_817' title='bbox 1569 1291 1653 1325; x_wconf 88' lang='lat' dir='ltr'>hunc</span> <span class='ocrx_word' id='word_1_818' title='bbox 1688 1289 1820 1324; x_wconf 86' lang='lat' dir='ltr'>modurn</span> <span class='ocrx_word' id='word_1_819' title='bbox 1855 1290 2057 1323; x_wconf 82' lang='lat' dir='ltr'>recurrebant</span> <span class='ocrx_word' id='word_1_820' title='bbox 2082 1312 2091 1319; x_wconf 93' lang='lat'><strong>.</strong></span> 
     </span>
     <span class='ocr_line' id='line_1_108' title="bbox 1089 1332 2095 1380; baseline -0.006 -9"><span class='ocrx_word' id='word_1_821' title='bbox 1089 1340 1219 1371; x_wconf 85' lang='lat' dir='ltr'>Leviter</span> <span class='ocrx_word' id='word_1_822' title='bbox 1241 1339 1381 1380; x_wconf 86' lang='lat' dir='ltr'>primum</span> <span class='ocrx_word' id='word_1_823' title='bbox 1402 1335 1575 1375; x_wconf 80' lang='lat' dir='ltr'>tremebat,</span> <span class='ocrx_word' id='word_1_824' title='bbox 1598 1334 1695 1375; x_wconf 84' lang='lat' dir='ltr'>dein,</span> <span class='ocrx_word' id='word_1_825' title='bbox 1718 1333 1803 1377; x_wconf 84' lang='lat' dir='ltr'>quasi</span> <span class='ocrx_word' id='word_1_826' title='bbox 1826 1332 1952 1376; x_wconf 86' lang='lat' dir='ltr'>rigida,</span> <span class='ocrx_word' id='word_1_827' title='bbox 1975 1333 2095 1366; x_wconf 84' lang='lat' dir='ltr'>immo-</span> 
     </span>
     <span class='ocr_line' id='line_1_109' title="bbox 1089 1376 2097 1423; baseline -0.007 -8"><span class='ocrx_word' id='word_1_828' title='bbox 1089 1382 1188 1421; x_wconf 83' lang='lat' dir='ltr'>bilis,</span> <span class='ocrx_word' id='word_1_829' title='bbox 1210 1384 1242 1414; x_wconf 71' lang='grc' dir='ltr'>δε</span> <span class='ocrx_word' id='word_1_830' title='bbox 1265 1381 1422 1413; x_wconf 88' lang='lat' dir='ltr'>taciturna</span> <span class='ocrx_word' id='word_1_831' title='bbox 1444 1377 1589 1423; x_wconf 81' lang='lat' dir='ltr'>jacebat,</span> <span class='ocrx_word' id='word_1_832' title='bbox 1610 1377 1710 1411; x_wconf 67' lang='lat' dir='ltr'>donec</span> <span class='ocrx_word' id='word_1_833' title='bbox 1732 1376 1772 1410; x_wconf 85' lang='lat' dir='ltr'>ad</span> <span class='ocrx_word' id='word_1_834' title='bbox 1796 1377 1824 1411; x_wconf 87' lang='lat' dir='ltr'>se</span> <span class='ocrx_word' id='word_1_835' title='bbox 1848 1376 1982 1410; x_wconf 84' lang='lat' dir='ltr'>rediret.</span> <span class='ocrx_word' id='word_1_836' title='bbox 1999 1377 2097 1411; x_wconf 80' lang='lat' dir='ltr'>Tunc</span> 
     </span>
     <span class='ocr_line' id='line_1_110' title="bbox 1092 1418 2097 1467; baseline -0.006 -10"><span class='ocrx_word' id='word_1_837' title='bbox 1092 1425 1181 1457; x_wconf 90' lang='lat' dir='ltr'>semel</span> <span class='ocrx_word' id='word_1_838' title='bbox 1206 1423 1335 1467; x_wconf 90' lang='lat' dir='ltr'>quidem</span> <span class='ocrx_word' id='word_1_839' title='bbox 1357 1421 1458 1455; x_wconf 89' lang='lat' dir='ltr'>videri</span> <span class='ocrx_word' id='word_1_840' title='bbox 1485 1423 1593 1465; x_wconf 82' lang='lat' dir='ltr'>potuit</span> <span class='ocrx_word' id='word_1_841' title='bbox 1616 1420 1779 1459; x_wconf 73' lang='lat' dir='ltr'>delirasse5</span> <span class='ocrx_word' id='word_1_842' title='bbox 1804 1419 1861 1454; x_wconf 88' lang='lat' dir='ltr'>nisi</span> <span class='ocrx_word' id='word_1_843' title='bbox 1873 1420 1958 1463; x_wconf 83' lang='lat' dir='ltr'>quod</span> <span class='ocrx_word' id='word_1_844' title='bbox 1973 1418 2097 1453; x_wconf 78' lang='lat' dir='ltr'>credita-</span> 
     </span>
     <span class='ocr_line' id='line_1_111' title="bbox 1091 1462 2094 1510; baseline -0.008 -8"><span class='ocrx_word' id='word_1_845' title='bbox 1091 1468 1135 1502; x_wconf 89' lang='lat' dir='ltr'>est</span> <span class='ocrx_word' id='word_1_846' title='bbox 1158 1469 1290 1510; x_wconf 84' lang='lat' dir='ltr'>potius,</span> <span class='ocrx_word' id='word_1_847' title='bbox 1313 1467 1433 1510; x_wconf 87' lang='lat' dir='ltr'>quippe</span> <span class='ocrx_word' id='word_1_848' title='bbox 1454 1477 1523 1509; x_wconf 84' lang='lat' dir='ltr'>quae</span> <span class='ocrx_word' id='word_1_849' title='bbox 1547 1465 1589 1499; x_wconf 89' lang='lat' dir='ltr'>ab</span> <span class='ocrx_word' id='word_1_850' title='bbox 1610 1464 1776 1498; x_wconf 74' lang='lat' dir='ltr'>accessione</span> <span class='ocrx_word' id='word_1_851' title='bbox 1800 1463 1899 1497; x_wconf 89' lang='lat' dir='ltr'>modo</span> <span class='ocrx_word' id='word_1_852' title='bbox 1909 1462 2073 1496; x_wconf 82' lang='lat' dir='ltr'>emerserat</span> <span class='ocrx_word' id='word_1_853' title='bbox 2087 1487 2094 1494; x_wconf 96' lang='lat'><strong>.</strong></span> 
     </span>
     <span class='ocr_line' id='line_1_112' title="bbox 1091 1505 2099 1551; baseline -0.006 -7"><span class='ocrx_word' id='word_1_854' title='bbox 1091 1511 1136 1544; x_wconf 90' lang='lat' dir='ltr'>ob</span> <span class='ocrx_word' id='word_1_855' title='bbox 1159 1511 1304 1544; x_wconf 69' lang='lat' dir='ltr'>reli&amp;am</span> <span class='ocrx_word' id='word_1_856' title='bbox 1328 1510 1367 1543; x_wconf 91' lang='lat' dir='ltr'>ab</span> <span class='ocrx_word' id='word_1_857' title='bbox 1391 1509 1448 1541; x_wconf 88' lang='lat' dir='ltr'>liac</span> <span class='ocrx_word' id='word_1_858' title='bbox 1470 1508 1628 1551; x_wconf 81' lang='lat' dir='ltr'>quandam</span> <span class='ocrx_word' id='word_1_859' title='bbox 1650 1506 1734 1551; x_wconf 88' lang='lat' dir='ltr'>quasi</span> <span class='ocrx_word' id='word_1_860' title='bbox 1758 1505 2001 1549; x_wconf 81' lang='lat' dir='ltr'>stupiditatem,</span> <span class='ocrx_word' id='word_1_861' title='bbox 2035 1506 2099 1538; x_wconf 90' lang='lat' dir='ltr'>mi-</span> 
     </span>
     <span class='ocr_line' id='line_1_113' title="bbox 1093 1548 2098 1599; baseline -0.006 -12"><span class='ocrx_word' id='word_1_862' title='bbox 1093 1566 1151 1588; x_wconf 87' lang='lat' dir='ltr'>nus</span> <span class='ocrx_word' id='word_1_863' title='bbox 1176 1563 1247 1597; x_wconf 86' lang='lat' dir='ltr'>apta</span> <span class='ocrx_word' id='word_1_864' title='bbox 1271 1550 1478 1596; x_wconf 74' lang='lat' dir='ltr'>respondisse.</span> <span class='ocrx_word' id='word_1_865' title='bbox 1505 1551 1681 1599; x_wconf 69' lang='lat' dir='ltr'>Novissime</span> <span class='ocrx_word' id='word_1_866' title='bbox 1693 1559 1799 1585; x_wconf 87' lang='lat' dir='ltr'>autem</span> <span class='ocrx_word' id='word_1_867' title='bbox 1809 1549 1959 1584; x_wconf 84' lang='lat' dir='ltr'>delirium</span> <span class='ocrx_word' id='word_1_868' title='bbox 1971 1548 2098 1583; x_wconf 87' lang='lat' dir='ltr'>evidens</span> 
     </span>
     <span class='ocr_line' id='line_1_114' title="bbox 1094 1593 2100 1636; baseline -0.006 -6"><span class='ocrx_word' id='word_1_869' title='bbox 1094 1597 1182 1636; x_wconf 86' lang='lat' dir='ltr'>fuit,</span> <span class='ocrx_word' id='word_1_870' title='bbox 1206 1600 1237 1629; x_wconf 83' lang='lat'>&amp;</span> <span class='ocrx_word' id='word_1_871' title='bbox 1260 1607 1334 1631; x_wconf 90' lang='lat' dir='ltr'>cum</span> <span class='ocrx_word' id='word_1_872' title='bbox 1358 1604 1449 1629; x_wconf 86' lang='lat' dir='ltr'>acuta</span> <span class='ocrx_word' id='word_1_873' title='bbox 1475 1593 1564 1627; x_wconf 84' lang='lat' dir='ltr'>febre</span> <span class='ocrx_word' id='word_1_874' title='bbox 1587 1595 1797 1635; x_wconf 57' lang='lat' dir='ltr'>conjune&#39;mm</span> <span class='ocrx_word' id='word_1_875' title='bbox 1813 1619 1823 1633; x_wconf 86' lang='lat'>,</span> <span class='ocrx_word' id='word_1_876' title='bbox 1857 1593 1922 1626; x_wconf 87' lang='lat' dir='ltr'>leve</span> <span class='ocrx_word' id='word_1_877' title='bbox 1956 1603 2062 1627; x_wconf 86' lang='lat' dir='ltr'>tamen</span> <span class='ocrx_word' id='word_1_878' title='bbox 2086 1614 2100 1631; x_wconf 91' lang='lat'>,</span> 
     </span>
     <span class='ocr_line' id='line_1_115' title="bbox 1097 1635 2103 1683; baseline -0.005 -9"><span class='ocrx_word' id='word_1_879' title='bbox 1097 1652 1195 1683; x_wconf 88' lang='lat' dir='ltr'>neque</span> <span class='ocrx_word' id='word_1_880' title='bbox 1218 1640 1287 1674; x_wconf 87' lang='lat' dir='ltr'>ullo</span> <span class='ocrx_word' id='word_1_881' title='bbox 1312 1647 1463 1682; x_wconf 81' lang='lat' dir='ltr'>praeterea</span> <span class='ocrx_word' id='word_1_882' title='bbox 1487 1637 1551 1670; x_wconf 87' lang='lat' dir='ltr'>alio</span> <span class='ocrx_word' id='word_1_883' title='bbox 1574 1635 1678 1671; x_wconf 75' lang='lat' dir='ltr'>affeffi</span> <span class='ocrx_word' id='word_1_884' title='bbox 1702 1637 1823 1671; x_wconf 90' lang='lat' dir='ltr'>cerebri</span> <span class='ocrx_word' id='word_1_885' title='bbox 1845 1637 1971 1670; x_wconf 87' lang='lat' dir='ltr'>indicio</span> <span class='ocrx_word' id='word_1_886' title='bbox 2003 1635 2103 1678; x_wconf 85' lang='lat' dir='ltr'>stipa-</span> 
     </span>
     <span class='ocr_line' id='line_1_116' title="bbox 1097 1679 2100 1723; baseline -0.005 -7"><span class='ocrx_word' id='word_1_887' title='bbox 1097 1694 1189 1717; x_wconf 87' lang='lat' dir='ltr'>tum.</span> <span class='ocrx_word' id='word_1_888' title='bbox 1215 1683 1306 1721; x_wconf 91' lang='lat' dir='ltr'>Quin</span> <span class='ocrx_word' id='word_1_889' title='bbox 1330 1691 1417 1722; x_wconf 85' lang='lat' dir='ltr'>tres,</span> <span class='ocrx_word' id='word_1_890' title='bbox 1441 1692 1477 1714; x_wconf 87' lang='lat' dir='ltr'>an</span> <span class='ocrx_word' id='word_1_891' title='bbox 1500 1689 1637 1723; x_wconf 81' lang='lat' dir='ltr'>quatuor</span> <span class='ocrx_word' id='word_1_892' title='bbox 1661 1680 1836 1723; x_wconf 85' lang='lat' dir='ltr'>postremos</span> <span class='ocrx_word' id='word_1_893' title='bbox 1860 1679 1927 1714; x_wconf 85' lang='lat' dir='ltr'>dies</span> <span class='ocrx_word' id='word_1_894' title='bbox 1949 1705 1962 1721; x_wconf 90' lang='lat'>,</span> <span class='ocrx_word' id='word_1_895' title='bbox 1984 1679 2100 1713; x_wconf 81' lang='lat' dir='ltr'>debili-</span> 
     </span>
     <span class='ocr_line' id='line_1_117' title="bbox 1097 1723 2103 1769; baseline -0.003 -10"><span class='ocrx_word' id='word_1_896' title='bbox 1097 1736 1167 1759; x_wconf 83' lang='lat' dir='ltr'>tato</span> <span class='ocrx_word' id='word_1_897' title='bbox 1189 1725 1253 1769; x_wconf 82' lang='lat' dir='ltr'>jam</span> <span class='ocrx_word' id='word_1_898' title='bbox 1277 1725 1367 1767; x_wconf 88' lang='lat' dir='ltr'>pulsu</span> <span class='ocrx_word' id='word_1_899' title='bbox 1382 1749 1396 1766; x_wconf 84' lang='lat'>,</span> <span class='ocrx_word' id='word_1_900' title='bbox 1419 1734 1521 1758; x_wconf 78' lang='lat' dir='ltr'>mente</span> <span class='ocrx_word' id='word_1_901' title='bbox 1546 1724 1664 1757; x_wconf 82' lang='lat' dir='ltr'>iterum</span> <span class='ocrx_word' id='word_1_902' title='bbox 1685 1724 1855 1764; x_wconf 85' lang='lat' dir='ltr'>constitit,</span> <span class='ocrx_word' id='word_1_903' title='bbox 1877 1723 1979 1758; x_wconf 87' lang='lat' dir='ltr'>donec</span> <span class='ocrx_word' id='word_1_904' title='bbox 1990 1724 2103 1757; x_wconf 88' lang='lat' dir='ltr'>viven-</span> 
     </span>
     <span class='ocr_line' id='line_1_118' title="bbox 1096 1766 2100 1809; baseline -0.007 -5"><span class='ocrx_word' id='word_1_905' title='bbox 1096 1771 1129 1804; x_wconf 94' lang='lat' dir='ltr'>di</span> <span class='ocrx_word' id='word_1_906' title='bbox 1154 1770 1251 1803; x_wconf 78' lang='lat' dir='ltr'>finem</span> <span class='ocrx_word' id='word_1_907' title='bbox 1275 1768 1353 1801; x_wconf 87' lang='lat' dir='ltr'>fecit</span> <span class='ocrx_word' id='word_1_908' title='bbox 1388 1769 1470 1801; x_wconf 83' lang='lat' dir='ltr'>circa</span> <span class='ocrx_word' id='word_1_909' title='bbox 1507 1766 1649 1801; x_wconf 84' lang='lat' dir='ltr'>medium</span> <span class='ocrx_word' id='word_1_910' title='bbox 1682 1768 1895 1802; x_wconf 88' lang='lat' dir='ltr'>Decembrem</span> <span class='ocrx_word' id='word_1_911' title='bbox 1926 1768 1970 1803; x_wconf 86' lang='lat' dir='ltr'><strong>A.</strong></span> <span class='ocrx_word' id='word_1_912' title='bbox 2007 1777 2100 1809; x_wconf 84' lang='lat'><strong>1741.</strong></span> 
     </span>
    </p>

    <p class='ocr_par' dir='ltr' id='par_1_11' title="bbox 1095 1810 2108 3371">
     <span class='ocr_line' id='line_1_119' title="bbox 1227 1810 2103 1854; baseline -0.003 -8"><span class='ocrx_word' id='word_1_913' title='bbox 1227 1812 1501 1846; x_wconf 82' lang='lat' dir='ltr'>CADAVERIS</span> <span class='ocrx_word' id='word_1_914' title='bbox 1519 1811 1696 1851; x_wconf 84' lang='lat' dir='ltr'>urinarias,</span> <span class='ocrx_word' id='word_1_915' title='bbox 1718 1813 1750 1844; x_wconf 71' lang='grc' dir='ltr'>δε</span> <span class='ocrx_word' id='word_1_916' title='bbox 1773 1811 1924 1854; x_wconf 80' lang='lat' dir='ltr'>genitales</span> <span class='ocrx_word' id='word_1_917' title='bbox 1934 1810 2103 1845; x_wconf 76' lang='lat' dir='ltr'>dumtaxat</span> 
     </span>
     <span class='ocr_line' id='line_1_120' title="bbox 1098 1854 2102 1900; baseline -0.003 -11"><span class='ocrx_word' id='word_1_918' title='bbox 1098 1865 1224 1900; x_wconf 80' lang='lat' dir='ltr'>partes,</span> <span class='ocrx_word' id='word_1_919' title='bbox 1249 1865 1362 1897; x_wconf 78' lang='lat' dir='ltr'>praeter</span> <span class='ocrx_word' id='word_1_920' title='bbox 1385 1864 1480 1897; x_wconf 86' lang='lat' dir='ltr'>caput</span> <span class='ocrx_word' id='word_1_921' title='bbox 1495 1878 1505 1893; x_wconf 93' lang='lat'>,</span> <span class='ocrx_word' id='word_1_922' title='bbox 1528 1854 1749 1889; x_wconf 83' lang='lat' dir='ltr'>diffecuimus.</span> <span class='ocrx_word' id='word_1_923' title='bbox 1774 1857 1812 1888; x_wconf 94' lang='lat' dir='ltr'>In</span> <span class='ocrx_word' id='word_1_924' title='bbox 1837 1855 1904 1887; x_wconf 88' lang='lat' dir='ltr'>illis</span> <span class='ocrx_word' id='word_1_925' title='bbox 1928 1854 2013 1888; x_wconf 88' lang='lat' dir='ltr'>nihil</span> <span class='ocrx_word' id='word_1_926' title='bbox 2037 1864 2102 1886; x_wconf 89' lang='lat' dir='ltr'>non</span> 
     </span>
     <span class='ocr_line' id='line_1_121' title="bbox 1097 1895 2105 1941; baseline -0.003 -8"><span class='ocrx_word' id='word_1_927' title='bbox 1097 1898 1267 1934; x_wconf 85' lang='lat' dir='ltr'>secundum</span> <span class='ocrx_word' id='word_1_928' title='bbox 1292 1908 1439 1931; x_wconf 86' lang='lat' dir='ltr'>naturam</span> <span class='ocrx_word' id='word_1_929' title='bbox 1461 1895 1519 1941; x_wconf 83' lang='lat' dir='ltr'>effe</span> <span class='ocrx_word' id='word_1_930' title='bbox 1541 1897 1643 1931; x_wconf 89' lang='lat' dir='ltr'>visum</span> <span class='ocrx_word' id='word_1_931' title='bbox 1666 1897 1728 1935; x_wconf 88' lang='lat' dir='ltr'>est,</span> <span class='ocrx_word' id='word_1_932' title='bbox 1753 1896 1776 1931; x_wconf 89' lang='lat' dir='ltr'>si</span> <span class='ocrx_word' id='word_1_933' title='bbox 1801 1898 1937 1937; x_wconf 85' lang='lat' dir='ltr'>fundum</span> <span class='ocrx_word' id='word_1_934' title='bbox 1961 1897 2105 1941; x_wconf 71' lang='lat' dir='ltr'>excipias</span> 
     </span>
     <span class='ocr_line' id='line_1_122' title="bbox 1099 1939 2105 1985; baseline 0 -9"><span class='ocrx_word' id='word_1_935' title='bbox 1099 1944 1206 1983; x_wconf 84' lang='lat' dir='ltr'>uteri,</span> <span class='ocrx_word' id='word_1_936' title='bbox 1228 1941 1320 1985; x_wconf 84' lang='lat' dir='ltr'>cujus</span> <span class='ocrx_word' id='word_1_937' title='bbox 1343 1942 1530 1975; x_wconf 85' lang='lat' dir='ltr'>interiorem</span> <span class='ocrx_word' id='word_1_938' title='bbox 1568 1939 1683 1975; x_wconf 81' lang='lat' dir='ltr'>faciem</span> <span class='ocrx_word' id='word_1_939' title='bbox 1716 1950 1820 1975; x_wconf 89' lang='lat' dir='ltr'>totam</span> <span class='ocrx_word' id='word_1_940' title='bbox 1852 1941 2032 1977; x_wconf 79' lang='lat' dir='ltr'>invenimus</span> <span class='ocrx_word' id='word_1_941' title='bbox 2066 1952 2105 1976; x_wconf 77' lang='lat' dir='ltr'>ex</span> 
     </span>
     <span class='ocr_line' id='line_1_123' title="bbox 1096 1983 2108 2028; baseline -0.002 -9"><span class='ocrx_word' id='word_1_942' title='bbox 1096 1986 1203 2020; x_wconf 87' lang='lat' dir='ltr'>colore</span> <span class='ocrx_word' id='word_1_943' title='bbox 1225 1994 1358 2019; x_wconf 88' lang='lat' dir='ltr'>cruento</span> <span class='ocrx_word' id='word_1_944' title='bbox 1380 1984 1589 2026; x_wconf 82' lang='lat' dir='ltr'>subnigram,</span> <span class='ocrx_word' id='word_1_945' title='bbox 1611 1984 1652 2018; x_wconf 83' lang='lat' dir='ltr'>sic</span> <span class='ocrx_word' id='word_1_946' title='bbox 1674 1994 1780 2018; x_wconf 89' lang='lat' dir='ltr'>tamen</span> <span class='ocrx_word' id='word_1_947' title='bbox 1804 1994 1841 2019; x_wconf 93' lang='lat' dir='ltr'>ut</span> <span class='ocrx_word' id='word_1_948' title='bbox 1865 1983 1919 2019; x_wconf 92' lang='lat' dir='ltr'>hic</span> <span class='ocrx_word' id='word_1_949' title='bbox 1943 1986 2035 2019; x_wconf 87' lang='lat' dir='ltr'>color</span> <span class='ocrx_word' id='word_1_950' title='bbox 2048 1996 2108 2028; x_wconf 85' lang='lat' dir='ltr'>pa-</span> 
     </span>
     <span class='ocr_line' id='line_1_124' title="bbox 1097 2026 2107 2063; baseline -0.001 0"><span class='ocrx_word' id='word_1_951' title='bbox 1097 2041 1169 2063; x_wconf 82' lang='lat' dir='ltr'>rum</span> <span class='ocrx_word' id='word_1_952' title='bbox 1193 2028 1254 2062; x_wconf 87' lang='lat' dir='ltr'>alte</span> <span class='ocrx_word' id='word_1_953' title='bbox 1287 2030 1320 2062; x_wconf 90' lang='lat' dir='ltr'>in</span> <span class='ocrx_word' id='word_1_954' title='bbox 1353 2029 1436 2063; x_wconf 83' lang='lat' dir='ltr'>uteri</span> <span class='ocrx_word' id='word_1_955' title='bbox 1469 2026 1674 2062; x_wconf 76' lang='lat' dir='ltr'>substantiam</span> <span class='ocrx_word' id='word_1_956' title='bbox 1704 2027 1900 2063; x_wconf 88' lang='lat' dir='ltr'>descenderet</span> <span class='ocrx_word' id='word_1_957' title='bbox 1928 2055 1935 2061; x_wconf 85' lang='lat'><strong>.</strong></span> <span class='ocrx_word' id='word_1_958' title='bbox 1984 2028 2023 2063; x_wconf 83' lang='lat' dir='ltr'>Id</span> <span class='ocrx_word' id='word_1_959' title='bbox 2067 2027 2107 2062; x_wconf 78' lang='lat' dir='ltr'>ad</span> 
     </span>
     <span class='ocr_line' id='line_1_125' title="bbox 1098 2071 2108 2114; baseline -0.001 -8"><span class='ocrx_word' id='word_1_960' title='bbox 1098 2072 1290 2106; x_wconf 84' lang='lat' dir='ltr'>menstruum</span> <span class='ocrx_word' id='word_1_961' title='bbox 1314 2071 1495 2114; x_wconf 83' lang='lat' dir='ltr'>sanguinem</span> <span class='ocrx_word' id='word_1_962' title='bbox 1518 2082 1581 2104; x_wconf 88' lang='lat' dir='ltr'>non</span> <span class='ocrx_word' id='word_1_963' title='bbox 1613 2071 1772 2105; x_wconf 83' lang='lat' dir='ltr'>attinuisse</span> <span class='ocrx_word' id='word_1_964' title='bbox 1792 2096 1804 2114; x_wconf 92' lang='lat'>,</span> <span class='ocrx_word' id='word_1_965' title='bbox 1840 2084 1912 2106; x_wconf 87' lang='lat' dir='ltr'>cum</span> <span class='ocrx_word' id='word_1_966' title='bbox 1961 2073 2108 2107; x_wconf 77' lang='lat' dir='ltr'>mulieris</span> 
     </span>
     <span class='ocr_line' id='line_1_126' title="bbox 1099 2113 2105 2160; baseline 0.001 -12"><span class='ocrx_word' id='word_1_967' title='bbox 1099 2115 1262 2149; x_wconf 86' lang='lat' dir='ltr'>indicabat</span> <span class='ocrx_word' id='word_1_968' title='bbox 1284 2124 1383 2154; x_wconf 84' lang='lat' dir='ltr'>aetas,</span> <span class='ocrx_word' id='word_1_969' title='bbox 1405 2124 1475 2148; x_wconf 88' lang='lat' dir='ltr'>tum</span> <span class='ocrx_word' id='word_1_970' title='bbox 1499 2113 1611 2148; x_wconf 83' lang='lat' dir='ltr'>frustra</span> <span class='ocrx_word' id='word_1_971' title='bbox 1647 2124 1770 2149; x_wconf 88' lang='lat' dir='ltr'>tentata</span> <span class='ocrx_word' id='word_1_972' title='bbox 1805 2115 1955 2159; x_wconf 69' lang='lat' dir='ltr'>subjeetis</span> <span class='ocrx_word' id='word_1_973' title='bbox 1990 2116 2105 2160; x_wconf 86' lang='lat' dir='ltr'>digitis</span> 
     </span>
     <span class='ocr_line' id='line_1_127' title="bbox 1098 2157 2107 2203; baseline 0.001 -11"><span class='ocrx_word' id='word_1_974' title='bbox 1098 2160 1181 2193; x_wconf 86' lang='lat' dir='ltr'>uteri</span> <span class='ocrx_word' id='word_1_975' title='bbox 1205 2157 1315 2201; x_wconf 71' lang='lat' dir='ltr'>pressio</span> <span class='ocrx_word' id='word_1_976' title='bbox 1337 2157 1568 2197; x_wconf 82' lang='lat' dir='ltr'>confirmavit3</span> <span class='ocrx_word' id='word_1_977' title='bbox 1603 2159 1686 2192; x_wconf 89' lang='lat' dir='ltr'>nihil</span> <span class='ocrx_word' id='word_1_978' title='bbox 1713 2159 1800 2192; x_wconf 90' lang='lat' dir='ltr'>enim</span> <span class='ocrx_word' id='word_1_979' title='bbox 1835 2159 1995 2203; x_wconf 86' lang='lat' dir='ltr'>sanguinis</span> <span class='ocrx_word' id='word_1_980' title='bbox 2028 2171 2107 2203; x_wconf 84' lang='lat' dir='ltr'>pro-</span> 
     </span>
     <span class='ocr_line' id='line_1_128' title="bbox 1095 2200 2108 2246; baseline 0.002 -12"><span class='ocrx_word' id='word_1_981' title='bbox 1095 2202 1176 2235; x_wconf 82' lang='lat' dir='ltr'>diit.</span> <span class='ocrx_word' id='word_1_982' title='bbox 1310 2202 1468 2236; x_wconf 84' lang='lat' dir='ltr'>Craniurn</span> <span class='ocrx_word' id='word_1_983' title='bbox 1490 2200 1661 2243; x_wconf 79' lang='lat' dir='ltr'>diligenter</span> <span class='ocrx_word' id='word_1_984' title='bbox 1683 2201 1862 2244; x_wconf 71' lang='lat' dir='ltr'>inspectum</span> <span class='ocrx_word' id='word_1_985' title='bbox 1885 2215 1902 2236; x_wconf 88' lang='lat' dir='ltr'>a</span> <span class='ocrx_word' id='word_1_986' title='bbox 1926 2204 2008 2237; x_wconf 88' lang='lat' dir='ltr'>facie</span> <span class='ocrx_word' id='word_1_987' title='bbox 2032 2205 2108 2246; x_wconf 90' lang='lat' dir='ltr'>qui-</span> 
     </span>
     <span class='ocr_line' id='line_1_129' title="bbox 1102 2244 2103 2289; baseline 0.001 -11"><span class='ocrx_word' id='word_1_988' title='bbox 1102 2244 1175 2278; x_wconf 86' lang='lat' dir='ltr'>dem</span> <span class='ocrx_word' id='word_1_989' title='bbox 1205 2245 1358 2278; x_wconf 86' lang='lat' dir='ltr'>interiore</span> <span class='ocrx_word' id='word_1_990' title='bbox 1379 2268 1393 2285; x_wconf 92' lang='lat'>,</span> <span class='ocrx_word' id='word_1_991' title='bbox 1425 2256 1489 2278; x_wconf 90' lang='lat' dir='ltr'>non</span> <span class='ocrx_word' id='word_1_992' title='bbox 1527 2245 1648 2279; x_wconf 88' lang='lat' dir='ltr'>obtulit</span> <span class='ocrx_word' id='word_1_993' title='bbox 1682 2245 1859 2289; x_wconf 77' lang='lat' dir='ltr'>quidquam</span> <span class='ocrx_word' id='word_1_994' title='bbox 1891 2246 2103 2280; x_wconf 80' lang='lat' dir='ltr'>adnotatione</span> 
     </span>
     <span class='ocr_line' id='line_1_130' title="bbox 1101 2288 2105 2332; baseline 0.002 -10"><span class='ocrx_word' id='word_1_995' title='bbox 1101 2288 1261 2331; x_wconf 72' lang='lat' dir='ltr'>dignum,</span> <span class='ocrx_word' id='word_1_996' title='bbox 1286 2289 1430 2330; x_wconf 87' lang='lat' dir='ltr'>quamvis</span> <span class='ocrx_word' id='word_1_997' title='bbox 1454 2289 1590 2321; x_wconf 83' lang='lat' dir='ltr'>exterius</span> <span class='ocrx_word' id='word_1_998' title='bbox 1614 2300 1648 2321; x_wconf 84' lang='lat' dir='ltr'>ea</span> <span class='ocrx_word' id='word_1_999' title='bbox 1672 2289 1795 2322; x_wconf 86' lang='lat' dir='ltr'>ruberet</span> <span class='ocrx_word' id='word_1_1000' title='bbox 1818 2289 1888 2323; x_wconf 80' lang='lat' dir='ltr'>offis</span> <span class='ocrx_word' id='word_1_1001' title='bbox 1921 2289 2002 2324; x_wconf 83' lang='lat' dir='ltr'>sedes</span> <span class='ocrx_word' id='word_1_1002' title='bbox 2034 2302 2105 2332; x_wconf 75' lang='lat' dir='ltr'>quae</span> 
     </span>
     <span class='ocr_line' id='line_1_131' title="bbox 1101 2330 2105 2373; baseline 0.003 -9"><span class='ocrx_word' id='word_1_1003' title='bbox 1101 2332 1191 2373; x_wconf 78' lang='lat' dir='ltr'>supra</span> <span class='ocrx_word' id='word_1_1004' title='bbox 1217 2331 1356 2365; x_wconf 82' lang='lat' dir='ltr'>indicata</span> <span class='ocrx_word' id='word_1_1005' title='bbox 1380 2330 1422 2364; x_wconf 81' lang='lat' dir='ltr'>est</span> <span class='ocrx_word' id='word_1_1006' title='bbox 1441 2355 1450 2363; x_wconf 86' lang='lat'><strong>.</strong></span> <span class='ocrx_word' id='word_1_1007' title='bbox 1486 2332 1577 2373; x_wconf 75' lang='lat' dir='ltr'>Qu</span> <span class='ocrx_word' id='word_1_1008' title='bbox 1609 2332 1706 2366; x_wconf 85' lang='lat' dir='ltr'>etiam</span> <span class='ocrx_word' id='word_1_1009' title='bbox 1738 2344 1810 2366; x_wconf 88' lang='lat' dir='ltr'>cuin</span> <span class='ocrx_word' id='word_1_1010' title='bbox 1845 2333 2001 2372; x_wconf 88' lang='lat' dir='ltr'>posterior</span> <span class='ocrx_word' id='word_1_1011' title='bbox 2035 2333 2105 2367; x_wconf 68' lang='lat' dir='ltr'>ostis</span> 
     </span>
     <span class='ocr_line' id='line_1_132' title="bbox 1100 2373 2104 2421; baseline 0.004 -13"><span class='ocrx_word' id='word_1_1012' title='bbox 1100 2373 1263 2417; x_wconf 87' lang='lat' dir='ltr'>utriusque</span> <span class='ocrx_word' id='word_1_1013' title='bbox 1287 2373 1443 2416; x_wconf 85' lang='lat' dir='ltr'>sincipitis</span> <span class='ocrx_word' id='word_1_1014' title='bbox 1467 2385 1596 2408; x_wconf 83' lang='lat' dir='ltr'>externa</span> <span class='ocrx_word' id='word_1_1015' title='bbox 1619 2374 1715 2409; x_wconf 86' lang='lat' dir='ltr'>facies</span> <span class='ocrx_word' id='word_1_1016' title='bbox 1738 2375 1823 2417; x_wconf 85' lang='lat' dir='ltr'>quasi</span> <span class='ocrx_word' id='word_1_1017' title='bbox 1848 2375 1984 2420; x_wconf 77' lang='lat' dir='ltr'>depressa</span> <span class='ocrx_word' id='word_1_1018' title='bbox 2008 2389 2104 2421; x_wconf 80' lang='lat' dir='ltr'>appa-</span> 
     </span>
     <span class='ocr_line' id='line_1_133' title="bbox 1101 2417 2101 2464; baseline 0.005 -15"><span class='ocrx_word' id='word_1_1019' title='bbox 1101 2426 1204 2456; x_wconf 81' lang='lat' dir='ltr'>reret3</span> <span class='ocrx_word' id='word_1_1020' title='bbox 1229 2417 1315 2464; x_wconf 68' lang='lat' dir='ltr'>nihil</span> <span class='ocrx_word' id='word_1_1021' title='bbox 1336 2419 1368 2450; x_wconf 89' lang='lat' dir='ltr'>in</span> <span class='ocrx_word' id='word_1_1022' title='bbox 1392 2430 1425 2451; x_wconf 84' lang='lat' dir='ltr'>ea</span> <span class='ocrx_word' id='word_1_1023' title='bbox 1448 2430 1518 2459; x_wconf 81' lang='lat' dir='ltr'>quae</span> <span class='ocrx_word' id='word_1_1024' title='bbox 1541 2419 1628 2451; x_wconf 85' lang='lat' dir='ltr'>intus</span> <span class='ocrx_word' id='word_1_1025' title='bbox 1651 2418 1880 2462; x_wconf 78' lang='lat' dir='ltr'>respondebat,</span> <span class='ocrx_word' id='word_1_1026' title='bbox 1906 2421 1993 2463; x_wconf 73' lang='lat' dir='ltr'>quod</span> <span class='ocrx_word' id='word_1_1027' title='bbox 2028 2419 2101 2454; x_wconf 70' lang='lat' dir='ltr'>esset</span> 
     </span>
     <span class='ocr_line' id='line_1_134' title="bbox 1099 2461 2102 2507; baseline 0.004 -13"><span class='ocrx_word' id='word_1_1028' title='bbox 1099 2470 1212 2504; x_wconf 78' lang='lat' dir='ltr'>praeter</span> <span class='ocrx_word' id='word_1_1029' title='bbox 1234 2461 1497 2494; x_wconf 86' lang='lat' dir='ltr'>consuetudinem</span> <span class='ocrx_word' id='word_1_1030' title='bbox 1524 2462 1689 2495; x_wconf 86' lang='lat' dir='ltr'>inventum</span> <span class='ocrx_word' id='word_1_1031' title='bbox 1724 2461 1766 2495; x_wconf 91' lang='lat' dir='ltr'>est</span> <span class='ocrx_word' id='word_1_1032' title='bbox 1794 2487 1802 2493; x_wconf 85' lang='lat'><strong>.</strong></span> <span class='ocrx_word' id='word_1_1033' title='bbox 1838 2463 2006 2507; x_wconf 85' lang='lat' dir='ltr'>Meninges</span> <span class='ocrx_word' id='word_1_1034' title='bbox 2030 2464 2102 2499; x_wconf 85' lang='lat' dir='ltr'>ubi-</span> 
     </span>
     <span class='ocr_line' id='line_1_135' title="bbox 1099 2504 2100 2548; baseline 0.008 -12"><span class='ocrx_word' id='word_1_1035' title='bbox 1099 2515 1160 2546; x_wconf 91' lang='lat' dir='ltr'>que</span> <span class='ocrx_word' id='word_1_1036' title='bbox 1184 2504 1316 2546; x_wconf 78' lang='lat' dir='ltr'>integrae</span> <span class='ocrx_word' id='word_1_1037' title='bbox 1335 2529 1343 2543; x_wconf 92' lang='lat'>,</span> <span class='ocrx_word' id='word_1_1038' title='bbox 1367 2513 1402 2536; x_wconf 93' lang='lat' dir='ltr'>ut</span> <span class='ocrx_word' id='word_1_1039' title='bbox 1426 2515 1464 2536; x_wconf 83' lang='lat' dir='ltr'>ne</span> <span class='ocrx_word' id='word_1_1040' title='bbox 1485 2504 1555 2537; x_wconf 87' lang='lat' dir='ltr'>vasa</span> <span class='ocrx_word' id='word_1_1041' title='bbox 1587 2504 1718 2547; x_wconf 86' lang='lat' dir='ltr'>quidem</span> <span class='ocrx_word' id='word_1_1042' title='bbox 1750 2505 1877 2548; x_wconf 84' lang='lat' dir='ltr'>turgida</span> <span class='ocrx_word' id='word_1_1043' title='bbox 1913 2506 2067 2542; x_wconf 85' lang='lat' dir='ltr'>haberent</span> <span class='ocrx_word' id='word_1_1044' title='bbox 2092 2535 2100 2544; x_wconf 82' lang='lat'><strong>.</strong></span> 
     </span>
     <span class='ocr_line' id='line_1_136' title="bbox 1099 2545 2101 2590; baseline 0.007 -11"><span class='ocrx_word' id='word_1_1045' title='bbox 1099 2545 1157 2580; x_wconf 85' lang='lat' dir='ltr'>Sed</span> <span class='ocrx_word' id='word_1_1046' title='bbox 1180 2548 1235 2579; x_wconf 82' lang='lat' dir='ltr'>vix</span> <span class='ocrx_word' id='word_1_1047' title='bbox 1257 2549 1346 2580; x_wconf 84' lang='lat' dir='ltr'>Dura</span> <span class='ocrx_word' id='word_1_1048' title='bbox 1371 2546 1513 2581; x_wconf 69' lang='lat' dir='ltr'>detrae‘ta</span> <span class='ocrx_word' id='word_1_1049' title='bbox 1537 2547 1661 2589; x_wconf 86' lang='lat' dir='ltr'>fuerat,</span> <span class='ocrx_word' id='word_1_1050' title='bbox 1683 2560 1757 2582; x_wconf 89' lang='lat' dir='ltr'>cum</span> <span class='ocrx_word' id='word_1_1051' title='bbox 1770 2549 2025 2585; x_wconf 85' lang='lat' dir='ltr'>animadversum</span> <span class='ocrx_word' id='word_1_1052' title='bbox 2038 2552 2101 2590; x_wconf 77' lang='lat' dir='ltr'>est,</span> 
     </span>
     <span class='ocr_line' id='line_1_137' title="bbox 1098 2589 2101 2633; baseline 0.008 -11"><span class='ocrx_word' id='word_1_1053' title='bbox 1098 2592 1134 2623; x_wconf 89' lang='lat' dir='ltr'>in</span> <span class='ocrx_word' id='word_1_1054' title='bbox 1165 2589 1283 2623; x_wconf 87' lang='lat' dir='ltr'>cerebri</span> <span class='ocrx_word' id='word_1_1055' title='bbox 1314 2589 1544 2633; x_wconf 81' lang='lat' dir='ltr'>hemisphaerio</span> <span class='ocrx_word' id='word_1_1056' title='bbox 1575 2590 1701 2625; x_wconf 85' lang='lat' dir='ltr'>sinistro</span> <span class='ocrx_word' id='word_1_1057' title='bbox 1733 2594 1864 2626; x_wconf 85' lang='lat' dir='ltr'>tertiam·</span> <span class='ocrx_word' id='word_1_1058' title='bbox 1909 2596 2101 2631; x_wconf 74' lang='lat' dir='ltr'>anteriorem</span> 
     </span>
     <span class='ocr_line' id='line_1_138' title="bbox 1101 2633 2103 2680; baseline 0.004 -14"><span class='ocrx_word' id='word_1_1059' title='bbox 1101 2642 1222 2676; x_wconf 84' lang='lat' dir='ltr'>partem</span> <span class='ocrx_word' id='word_1_1060' title='bbox 1245 2633 1351 2666; x_wconf 86' lang='lat' dir='ltr'>multo</span> <span class='ocrx_word' id='word_1_1061' title='bbox 1374 2633 1583 2668; x_wconf 87' lang='lat' dir='ltr'>humiliorem</span> <span class='ocrx_word' id='word_1_1062' title='bbox 1608 2634 1663 2669; x_wconf 82' lang='lat' dir='ltr'>esse</span> <span class='ocrx_word' id='word_1_1063' title='bbox 1689 2635 1742 2669; x_wconf 86' lang='lat' dir='ltr'>sua</span> <span class='ocrx_word' id='word_1_1064' title='bbox 1763 2638 1907 2680; x_wconf 86' lang='lat' dir='ltr'>compari</span> <span class='ocrx_word' id='word_1_1065' title='bbox 1933 2662 1946 2679; x_wconf 90' lang='lat'>,</span> <span class='ocrx_word' id='word_1_1066' title='bbox 1982 2641 2103 2674; x_wconf 84' lang='lat' dir='ltr'>multo-</span> 
     </span>
     <span class='ocr_line' id='line_1_139' title="bbox 1099 2677 2102 2727; baseline 0.008 -18"><span class='ocrx_word' id='word_1_1067' title='bbox 1099 2688 1160 2718; x_wconf 84' lang='lat' dir='ltr'>que</span> <span class='ocrx_word' id='word_1_1068' title='bbox 1182 2677 1363 2711; x_wconf 86' lang='lat' dir='ltr'>molliorem</span> <span class='ocrx_word' id='word_1_1069' title='bbox 1378 2700 1388 2715; x_wconf 91' lang='lat'>,</span> <span class='ocrx_word' id='word_1_1070' title='bbox 1413 2689 1513 2720; x_wconf 89' lang='lat' dir='ltr'>neque</span> <span class='ocrx_word' id='word_1_1071' title='bbox 1538 2680 1572 2712; x_wconf 87' lang='lat' dir='ltr'>in</span> <span class='ocrx_word' id='word_1_1072' title='bbox 1597 2678 1725 2713; x_wconf 89' lang='lat' dir='ltr'>summo</span> <span class='ocrx_word' id='word_1_1073' title='bbox 1745 2689 1896 2721; x_wconf 85' lang='lat' dir='ltr'>tantum,</span> <span class='ocrx_word' id='word_1_1074' title='bbox 1922 2681 1971 2715; x_wconf 87' lang='lat' dir='ltr'>sed</span> <span class='ocrx_word' id='word_1_1075' title='bbox 1984 2683 2102 2727; x_wconf 85' lang='lat' dir='ltr'>ubique</span> 
     </span>
     <span class='ocr_line' id='line_1_140' title="bbox 1103 2719 2100 2766; baseline 0.009 -15"><span class='ocrx_word' id='word_1_1076' title='bbox 1103 2721 1229 2762; x_wconf 85' lang='lat' dir='ltr'>penitus</span> <span class='ocrx_word' id='word_1_1077' title='bbox 1252 2732 1290 2766; x_wconf 82' lang='lat' dir='ltr'>ne</span> <span class='ocrx_word' id='word_1_1078' title='bbox 1311 2719 1374 2754; x_wconf 85' lang='lat' dir='ltr'>basi</span> <span class='ocrx_word' id='word_1_1079' title='bbox 1397 2722 1527 2764; x_wconf 87' lang='lat' dir='ltr'>quidem</span> <span class='ocrx_word' id='word_1_1080' title='bbox 1551 2732 1679 2764; x_wconf 82' lang='lat' dir='ltr'>excepta</span> <span class='ocrx_word' id='word_1_1081' title='bbox 1693 2749 1702 2755; x_wconf 88' lang='lat'><strong>.</strong></span> <span class='ocrx_word' id='word_1_1082' title='bbox 1727 2724 1857 2757; x_wconf 86' lang='lat' dir='ltr'>Scilicet</span> <span class='ocrx_word' id='word_1_1083' title='bbox 1879 2725 1922 2757; x_wconf 92' lang='lat' dir='ltr'>ob</span> <span class='ocrx_word' id='word_1_1084' title='bbox 1935 2737 2001 2758; x_wconf 86' lang='lat' dir='ltr'>eam</span> <span class='ocrx_word' id='word_1_1085' title='bbox 2014 2729 2100 2760; x_wconf 89' lang='lat' dir='ltr'>mol-</span> 
     </span>
     <span class='ocr_line' id='line_1_141' title="bbox 1101 2763 2099 2808; baseline 0.011 -14"><span class='ocrx_word' id='word_1_1086' title='bbox 1101 2765 1204 2798; x_wconf 80' lang='lat' dir='ltr'>litiem</span> <span class='ocrx_word' id='word_1_1087' title='bbox 1215 2766 1261 2797; x_wconf 88' lang='lat' dir='ltr'>ita</span> <span class='ocrx_word' id='word_1_1088' title='bbox 1274 2763 1471 2798; x_wconf 79' lang='lat' dir='ltr'>subsederat:</span> <span class='ocrx_word' id='word_1_1089' title='bbox 1489 2777 1556 2808; x_wconf 83' lang='lat' dir='ltr'>quae</span> <span class='ocrx_word' id='word_1_1090' title='bbox 1570 2765 1723 2800; x_wconf 78' lang='lat' dir='ltr'>mollities</span> <span class='ocrx_word' id='word_1_1091' title='bbox 1736 2770 1854 2802; x_wconf 88' lang='lat' dir='ltr'>cumin</span> <span class='ocrx_word' id='word_1_1092' title='bbox 1865 2770 2014 2802; x_wconf 82' lang='lat' dir='ltr'>corticali</span> <span class='ocrx_word' id='word_1_1093' title='bbox 2027 2770 2099 2805; x_wconf 87' lang='lat' dir='ltr'>sub-</span> 
     </span>
     <span class='ocr_line' id='line_1_142' title="bbox 1102 2805 2099 2849; baseline 0.01 -10"><span class='ocrx_word' id='word_1_1094' title='bbox 1102 2805 1214 2840; x_wconf 83' lang='lat' dir='ltr'>stantia</span> <span class='ocrx_word' id='word_1_1095' title='bbox 1238 2816 1326 2846; x_wconf 83' lang='lat' dir='ltr'>erat,</span> <span class='ocrx_word' id='word_1_1096' title='bbox 1350 2818 1419 2842; x_wconf 90' lang='lat' dir='ltr'>tum</span> <span class='ocrx_word' id='word_1_1097' title='bbox 1443 2811 1547 2843; x_wconf 80' lang='lat' dir='ltr'>multo</span> <span class='ocrx_word' id='word_1_1098' title='bbox 1565 2810 1710 2849; x_wconf 76' lang='lat' dir='ltr'>magisin</span> <span class='ocrx_word' id='word_1_1099' title='bbox 1721 2810 2002 2846; x_wconf 77' lang='lat' dir='ltr'>medullari.Haec</span> <span class='ocrx_word' id='word_1_1100' title='bbox 2015 2816 2099 2849; x_wconf 89' lang='lat' dir='ltr'>enim</span> 
     </span>
     <span class='ocr_line' id='line_1_143' title="bbox 1103 2846 2098 2898; baseline 0.01 -15"><span class='ocrx_word' id='word_1_1101' title='bbox 1103 2851 1298 2891; x_wconf 71' lang='lat' dir='ltr'>potissimum</span> <span class='ocrx_word' id='word_1_1102' title='bbox 1322 2853 1356 2884; x_wconf 90' lang='lat' dir='ltr'>in</span> <span class='ocrx_word' id='word_1_1103' title='bbox 1379 2851 1536 2895; x_wconf 87' lang='lat' dir='ltr'>quanda-m</span> <span class='ocrx_word' id='word_1_1104' title='bbox 1549 2846 1635 2898; x_wconf 72' lang='lat' dir='ltr'>quasi</span> <span class='ocrx_word' id='word_1_1105' title='bbox 1643 2853 1813 2895; x_wconf 69' lang='lat' dir='ltr'>gelacinam</span> <span class='ocrx_word' id='word_1_1106' title='bbox 1826 2866 1941 2898; x_wconf 88' lang='lat' dir='ltr'>magna</span> <span class='ocrx_word' id='word_1_1107' title='bbox 1956 2867 1994 2890; x_wconf 87' lang='lat' dir='ltr'>ex</span> <span class='ocrx_word' id='word_1_1108' title='bbox 2008 2867 2098 2898; x_wconf 87' lang='lat' dir='ltr'>parte</span> 
     </span>
     <span class='ocr_line' id='line_1_144' title="bbox 1101 2895 2101 2937; baseline 0.01 -11"><span class='ocrx_word' id='word_1_1109' title='bbox 1101 2903 1226 2927; x_wconf 87' lang='lat' dir='ltr'>mutata</span> <span class='ocrx_word' id='word_1_1110' title='bbox 1249 2904 1337 2932; x_wconf 83' lang='lat' dir='ltr'>erat,</span> <span class='ocrx_word' id='word_1_1111' title='bbox 1361 2906 1399 2927; x_wconf 88' lang='lat' dir='ltr'>ex</span> <span class='ocrx_word' id='word_1_1112' title='bbox 1422 2896 1546 2928; x_wconf 88' lang='lat' dir='ltr'>cinereo</span> <span class='ocrx_word' id='word_1_1113' title='bbox 1568 2895 1764 2937; x_wconf 77' lang='lat' dir='ltr'>subfuscam,</span> <span class='ocrx_word' id='word_1_1114' title='bbox 1794 2901 1827 2931; x_wconf 90' lang='lat'>&amp;</span> <span class='ocrx_word' id='word_1_1115' title='bbox 1859 2908 1964 2933; x_wconf 87' lang='lat' dir='ltr'>tamen</span> <span class='ocrx_word' id='word_1_1116' title='bbox 1997 2900 2101 2936; x_wconf 79' lang='lat' dir='ltr'>ferme</span> 
     </span>
     <span class='ocr_line' id='line_1_145' title="bbox 1100 2937 2100 2984; baseline 0.003 -15"><span class='ocrx_word' id='word_1_1117' title='bbox 1100 2937 1293 2979; x_wconf 83' lang='lat' dir='ltr'>pellucidam</span> <span class='ocrx_word' id='word_1_1118' title='bbox 1307 2950 1314 2972; x_wconf 88' lang='lat'>:</span> <span class='ocrx_word' id='word_1_1119' title='bbox 1338 2937 1426 2980; x_wconf 87' lang='lat' dir='ltr'>quod</span> <span class='ocrx_word' id='word_1_1120' title='bbox 1439 2939 1555 2972; x_wconf 86' lang='lat' dir='ltr'>vitium</span> <span class='ocrx_word' id='word_1_1121' title='bbox 1567 2941 1706 2981; x_wconf 85' lang='lat' dir='ltr'>priorem</span> <span class='ocrx_word' id='word_1_1122' title='bbox 1719 2952 1843 2984; x_wconf 89' lang='lat' dir='ltr'>quoque</span> <span class='ocrx_word' id='word_1_1123' title='bbox 1856 2943 2012 2978; x_wconf 74' lang='lat' dir='ltr'>Later-alis</span> <span class='ocrx_word' id='word_1_1124' title='bbox 2024 2956 2100 2979; x_wconf 73' lang='lat' dir='ltr'>ven,</span> 
     </span>
     <span class='ocr_line' id='line_1_146' title="bbox 1102 2981 2099 3033; baseline 0.004 -20"><span class='ocrx_word' id='word_1_1125' title='bbox 1102 2982 1211 3027; x_wconf 78' lang='lat' dir='ltr'>triculi</span> <span class='ocrx_word' id='word_1_1126' title='bbox 1238 2983 1419 3024; x_wconf 81' lang='lat' dir='ltr'>poi-tionem</span> <span class='ocrx_word' id='word_1_1127' title='bbox 1444 2981 1753 3025; x_wconf 86' lang='lat' dir='ltr'>comprehenderat,</span> <span class='ocrx_word' id='word_1_1128' title='bbox 1777 2996 1847 3028; x_wconf 90' lang='lat' dir='ltr'>quae</span> <span class='ocrx_word' id='word_1_1129' title='bbox 1870 2986 1957 3020; x_wconf 85' lang='lat' dir='ltr'>intra</span> <span class='ocrx_word' id='word_1_1130' title='bbox 1980 2998 2099 3033; x_wconf 74' lang='lat' dir='ltr'>propo-</span> 
     </span>
     <span class='ocr_line' id='line_1_147' title="bbox 1099 3023 2099 3075; baseline 0.006 -19"><span class='ocrx_word' id='word_1_1131' title='bbox 1099 3025 1192 3057; x_wconf 84' lang='lat' dir='ltr'>sitam</span> <span class='ocrx_word' id='word_1_1132' title='bbox 1214 3023 1430 3070; x_wconf 64' lang='lat' dir='ltr'>hemisphaerii</span> <span class='ocrx_word' id='word_1_1133' title='bbox 1442 3025 1528 3059; x_wconf 89' lang='lat' dir='ltr'>illius</span> <span class='ocrx_word' id='word_1_1134' title='bbox 1540 3037 1660 3068; x_wconf 81' lang='lat' dir='ltr'>partem</span> <span class='ocrx_word' id='word_1_1135' title='bbox 1671 3027 1896 3062; x_wconf 83' lang='lat' dir='ltr'>continebatur</span> <span class='ocrx_word' id='word_1_1136' title='bbox 1905 3054 1914 3062; x_wconf 86' lang='lat'><strong>.</strong></span> <span class='ocrx_word' id='word_1_1137' title='bbox 1929 3030 2099 3075; x_wconf 74' lang='lat' dir='ltr'>Nusquam</span> 
     </span>
     <span class='ocr_line' id='line_1_148' title="bbox 1097 3068 2099 3118; baseline 0.011 -19"><span class='ocrx_word' id='word_1_1138' title='bbox 1097 3069 1203 3116; x_wconf 82' lang='lat' dir='ltr'>gravis</span> <span class='ocrx_word' id='word_1_1139' title='bbox 1226 3069 1330 3107; x_wconf 89' lang='lat' dir='ltr'>odor,</span> <span class='ocrx_word' id='word_1_1140' title='bbox 1354 3068 1507 3110; x_wconf 83' lang='lat' dir='ltr'>nusquam</span> <span class='ocrx_word' id='word_1_1141' title='bbox 1531 3081 1612 3112; x_wconf 85' lang='lat' dir='ltr'>pus,</span> <span class='ocrx_word' id='word_1_1142' title='bbox 1635 3081 1689 3103; x_wconf 84' lang='lat' dir='ltr'>aut</span> <span class='ocrx_word' id='word_1_1143' title='bbox 1714 3072 1949 3113; x_wconf 84' lang='lat' dir='ltr'>sanguinolenti</span> <span class='ocrx_word' id='word_1_1144' title='bbox 1972 3076 2099 3118; x_wconf 88' lang='lat' dir='ltr'>aliquid</span> 
     </span>
     <span class='ocr_line' id='line_1_149' title="bbox 1100 3111 2098 3159; baseline 0.01 -17"><span class='ocrx_word' id='word_1_1145' title='bbox 1100 3121 1134 3142; x_wconf 87' lang='lat' dir='ltr'>in</span> <span class='ocrx_word' id='word_1_1146' title='bbox 1156 3122 1189 3144; x_wconf 88' lang='lat' dir='ltr'>ea</span> <span class='ocrx_word' id='word_1_1147' title='bbox 1209 3111 1371 3159; x_wconf 56' lang='grc' dir='ltr'>ζξείιῑῑίηᾳς</span> <span class='ocrx_word' id='word_1_1148' title='bbox 1396 3121 1430 3144; x_wconf 88' lang='lat' dir='ltr'>ut</span> <span class='ocrx_word' id='word_1_1149' title='bbox 1454 3114 1623 3154; x_wconf 74' lang='lat' dir='ltr'>peculiaris</span> <span class='ocrx_word' id='word_1_1150' title='bbox 1647 3117 1767 3157; x_wconf 83' lang='lat' dir='ltr'>generis</span> <span class='ocrx_word' id='word_1_1151' title='bbox 1788 3114 1859 3149; x_wconf 81' lang='lat' dir='ltr'>esset</span> <span class='ocrx_word' id='word_1_1152' title='bbox 1883 3116 1918 3149; x_wconf 85' lang='lat' dir='ltr'>id</span> <span class='ocrx_word' id='word_1_1153' title='bbox 1949 3119 2066 3152; x_wconf 86' lang='lat' dir='ltr'>vitium</span> <span class='ocrx_word' id='word_1_1154' title='bbox 2087 3144 2098 3152; x_wconf 76' lang='grc'><em>.</em></span> 
     </span>
     <span class='ocr_line' id='line_1_150' title="bbox 1099 3155 2098 3200; baseline 0.003 -10"><span class='ocrx_word' id='word_1_1155' title='bbox 1099 3155 1179 3187; x_wconf 76' lang='lat' dir='ltr'>Sana</span> <span class='ocrx_word' id='word_1_1156' title='bbox 1201 3156 1308 3187; x_wconf 81' lang='lat' dir='ltr'>omnia</span> <span class='ocrx_word' id='word_1_1157' title='bbox 1331 3164 1364 3186; x_wconf 83' lang='lat'>1¹1</span> <span class='ocrx_word' id='word_1_1158' title='bbox 1387 3155 1512 3198; x_wconf 82' lang='lat' dir='ltr'>reliquo</span> <span class='ocrx_word' id='word_1_1159' title='bbox 1533 3158 1683 3197; x_wconf 85' lang='lat' dir='ltr'>cerebro,</span> <span class='ocrx_word' id='word_1_1160' title='bbox 1706 3162 1739 3192; x_wconf 71' lang='grc' dir='ltr'>δι</span> <span class='ocrx_word' id='word_1_1161' title='bbox 1763 3159 1941 3200; x_wconf 80' lang='lat' dir='ltr'>cerebello,</span> <span class='ocrx_word' id='word_1_1162' title='bbox 1973 3162 2028 3193; x_wconf 87' lang='lat' dir='ltr'>vix</span> <span class='ocrx_word' id='word_1_1163' title='bbox 2060 3171 2098 3197; x_wconf 81' lang='lat' dir='ltr'>ut</span> 
     </span>
     <span class='ocr_line' id='line_1_151' title="bbox 1102 3197 2098 3246; baseline 0.01 -16"><span class='ocrx_word' id='word_1_1164' title='bbox 1102 3208 1214 3246; x_wconf 58' lang='lat' dir='ltr'>aquae,</span> <span class='ocrx_word' id='word_1_1165' title='bbox 1237 3197 1365 3231; x_wconf 80' lang='lat' dir='ltr'>fortasse</span> <span class='ocrx_word' id='word_1_1166' title='bbox 1398 3209 1414 3230; x_wconf 82' lang='lat' dir='ltr'>a</span> <span class='ocrx_word' id='word_1_1167' title='bbox 1438 3198 1575 3233; x_wconf 75' lang='lat' dir='ltr'>seffione</span> <span class='ocrx_word' id='word_1_1168' title='bbox 1610 3201 1802 3236; x_wconf 83' lang='lat' dir='ltr'>rubescentis</span> <span class='ocrx_word' id='word_1_1169' title='bbox 1821 3226 1833 3242; x_wconf 91' lang='lat'>,</span> <span class='ocrx_word' id='word_1_1170' title='bbox 1864 3212 1989 3236; x_wconf 89' lang='lat' dir='ltr'>tanturn</span> <span class='ocrx_word' id='word_1_1171' title='bbox 2023 3204 2098 3239; x_wconf 80' lang='lat' dir='ltr'>esset</span> 
     </span>
     <span class='ocr_line' id='line_1_152' title="bbox 1099 3240 2098 3288; baseline 0.011 -17"><span class='ocrx_word' id='word_1_1172' title='bbox 1099 3251 1134 3272; x_wconf 82' lang='lat' dir='ltr'>iii</span> <span class='ocrx_word' id='word_1_1173' title='bbox 1158 3240 1287 3283; x_wconf 81' lang='lat' dir='ltr'>singulis</span> <span class='ocrx_word' id='word_1_1174' title='bbox 1311 3242 1430 3283; x_wconf 87' lang='lat' dir='ltr'>pariter</span> <span class='ocrx_word' id='word_1_1175' title='bbox 1453 3244 1652 3278; x_wconf 82' lang='lat' dir='ltr'>Lateralibus</span> <span class='ocrx_word' id='word_1_1176' title='bbox 1672 3246 1858 3280; x_wconf 80' lang='lat' dir='ltr'>ventriculis</span> <span class='ocrx_word' id='word_1_1177' title='bbox 1869 3256 2024 3288; x_wconf 84' lang='lat' dir='ltr'>quantum</span> <span class='ocrx_word' id='word_1_1178' title='bbox 2039 3260 2098 3282; x_wconf 89' lang='lat' dir='ltr'>co-</span> 
     </span>
     <span class='ocr_line' id='line_1_153' title="bbox 1099 3283 2096 3334; baseline 0.012 -19"><span class='ocrx_word' id='word_1_1179' title='bbox 1099 3283 1218 3334; x_wconf 75' lang='lat' dir='ltr'>chleari</span> <span class='ocrx_word' id='word_1_1180' title='bbox 1242 3296 1306 3319; x_wconf 90' lang='lat' dir='ltr'>uno</span> <span class='ocrx_word' id='word_1_1181' title='bbox 1327 3287 1398 3327; x_wconf 87' lang='lat' dir='ltr'>capi</span> <span class='ocrx_word' id='word_1_1182' title='bbox 1424 3284 1539 3327; x_wconf 84' lang='lat' dir='ltr'>posset.</span> <span class='ocrx_word' id='word_1_1183' title='bbox 1563 3288 1665 3332; x_wconf 79' lang='lat' dir='ltr'>Aquae</span> <span class='ocrx_word' id='word_1_1184' title='bbox 1697 3290 1794 3322; x_wconf 83' lang='lat' dir='ltr'>etiam</span> <span class='ocrx_word' id='word_1_1185' title='bbox 1824 3289 1949 3331; x_wconf 85' lang='lat' dir='ltr'>aliquid</span> <span class='ocrx_word' id='word_1_1186' title='bbox 1970 3313 1981 3330; x_wconf 86' lang='lat'><em>‚</em></span> <span class='ocrx_word' id='word_1_1187' title='bbox 2016 3291 2096 3327; x_wconf 72' lang='lat' dir='ltr'>dum</span> 
     </span>
     <span class='ocr_line' id='line_1_154' title="bbox 1099 3327 1772 3371; baseline 0.003 -11"><span class='ocrx_word' id='word_1_1188' title='bbox 1099 3337 1241 3361; x_wconf 84' lang='lat' dir='ltr'>cranium</span> <span class='ocrx_word' id='word_1_1189' title='bbox 1266 3327 1565 3371; x_wconf 84' lang='lat' dir='ltr'>circumsecaretur‚</span> <span class='ocrx_word' id='word_1_1190' title='bbox 1588 3332 1772 3366; x_wconf 85' lang='lat' dir='ltr'>effluxerat.</span> 
     </span>
    </p>

    <p class='ocr_par' dir='ltr' id='par_1_12' title="bbox 1100 3373 2099 3634">
     <span class='ocr_line' id='line_1_155' title="bbox 1148 3373 2092 3420; baseline 0.01 -17"><span class='ocrx_word' id='word_1_1191' title='bbox 1148 3381 1195 3413; x_wconf 92' lang='lat'>17.</span> <span class='ocrx_word' id='word_1_1192' title='bbox 1224 3373 1400 3420; x_wconf 84' lang='lat' dir='ltr'>Permirum</span> <span class='ocrx_word' id='word_1_1193' title='bbox 1423 3373 1574 3407; x_wconf 85' lang='lat' dir='ltr'>omnibus</span> <span class='ocrx_word' id='word_1_1194' title='bbox 1586 3377 1641 3418; x_wconf 86' lang='lat' dir='ltr'>qui</span> <span class='ocrx_word' id='word_1_1195' title='bbox 1655 3375 2007 3419; x_wconf 82' lang='lat' dir='ltr'>aderant,videbatnr,</span> <span class='ocrx_word' id='word_1_1196' title='bbox 2020 3389 2092 3412; x_wconf 88' lang='lat' dir='ltr'>cum</span> 
     </span>
     <span class='ocr_line' id='line_1_156' title="bbox 1102 3415 2096 3460; baseline 0.009 -14"><span class='ocrx_word' id='word_1_1197' title='bbox 1102 3424 1198 3448; x_wconf 77' lang='lat' dir='ltr'>tantae</span> <span class='ocrx_word' id='word_1_1198' title='bbox 1222 3423 1325 3456; x_wconf 87' lang='lat' dir='ltr'>partis</span> <span class='ocrx_word' id='word_1_1199' title='bbox 1340 3415 1466 3460; x_wconf 32' lang='lat' dir='ltr'>*cerebri</span> <span class='ocrx_word' id='word_1_1200' title='bbox 1491 3419 1573 3450; x_wconf 85' lang='lat' dir='ltr'>vitio</span> <span class='ocrx_word' id='word_1_1201' title='bbox 1594 3427 1685 3451; x_wconf 87' lang='lat' dir='ltr'>tanto</span> <span class='ocrx_word' id='word_1_1202' title='bbox 1707 3419 1821 3452; x_wconf 78' lang='lat' dir='ltr'>tandiu</span> <span class='ocrx_word' id='word_1_1203' title='bbox 1851 3421 2015 3455; x_wconf 72' lang='lat' dir='ltr'>mulierem</span> <span class='ocrx_word' id='word_1_1204' title='bbox 2048 3424 2096 3455; x_wconf 72' lang='lat' dir='ltr'>ita</span> 
     </span>
     <span class='ocr_line' id='line_1_157' title="bbox 1101 3456 2096 3506; baseline 0.01 -17"><span class='ocrx_word' id='word_1_1205' title='bbox 1101 3456 1235 3506; x_wconf 71' lang='lat' dir='ltr'>vixisse,</span> <span class='ocrx_word' id='word_1_1206' title='bbox 1258 3459 1422 3505; x_wconf 42' lang='lat' dir='ltr'>uti-supra</span> <span class='ocrx_word' id='word_1_1207' title='bbox 1446 3460 1624 3503; x_wconf 82' lang='lat' dir='ltr'>expositum</span> <span class='ocrx_word' id='word_1_1208' title='bbox 1648 3460 1690 3494; x_wconf 89' lang='lat' dir='ltr'>est</span> <span class='ocrx_word' id='word_1_1209' title='bbox 1710 3487 1720 3502; x_wconf 93' lang='lat'><em>‚</em></span> <span class='ocrx_word' id='word_1_1210' title='bbox 1743 3459 1803 3494; x_wconf 88' lang='lat' dir='ltr'>sive</span> <span class='ocrx_word' id='word_1_1211' title='bbox 1824 3460 1860 3495; x_wconf 89' lang='lat' dir='ltr'>id</span> <span class='ocrx_word' id='word_1_1212' title='bbox 1882 3464 1998 3497; x_wconf 83' lang='lat' dir='ltr'>vitium</span> <span class='ocrx_word' id='word_1_1213' title='bbox 2023 3474 2096 3500; x_wconf 88' lang='lat' dir='ltr'>ante</span> 
     </span>
     <span class='ocr_line' id='line_1_158' title="bbox 1101 3502 2095 3549; baseline 0.008 -16"><span class='ocrx_word' id='word_1_1214' title='bbox 1101 3502 1217 3543; x_wconf 82' lang='lat' dir='ltr'>capitis</span> <span class='ocrx_word' id='word_1_1215' title='bbox 1242 3502 1414 3534; x_wconf 87' lang='lat' dir='ltr'>allisionem</span> <span class='ocrx_word' id='word_1_1216' title='bbox 1438 3503 1620 3546; x_wconf 82' lang='lat' dir='ltr'>inceperat,-</span> <span class='ocrx_word' id='word_1_1217' title='bbox 1644 3503 1705 3537; x_wconf 87' lang='lat' dir='ltr'>five</span> <span class='ocrx_word' id='word_1_1218' title='bbox 1730 3503 1800 3548; x_wconf 87' lang='lat' dir='ltr'>post</span> <span class='ocrx_word' id='word_1_1219' title='bbox 1822 3516 1890 3539; x_wconf 83' lang='lat' dir='ltr'>eam</span> <span class='ocrx_word' id='word_1_1220' title='bbox 1901 3506 2034 3549; x_wconf 89' lang='lat' dir='ltr'>denique</span> <span class='ocrx_word' id='word_1_1221' title='bbox 2045 3510 2095 3541; x_wconf 87' lang='lat' dir='ltr'>in-</span> 
     </span>
     <span class='ocr_line' id='line_1_159' title="bbox 1100 3544 2098 3585; baseline 0.004 -9"><span class='ocrx_word' id='word_1_1222' title='bbox 1100 3544 1253 3578; x_wconf 81' lang='lat' dir='ltr'>choatum</span> <span class='ocrx_word' id='word_1_1223' title='bbox 1275 3554 1360 3578; x_wconf 88' lang='lat' dir='ltr'>erat.</span> <span class='ocrx_word' id='word_1_1224' title='bbox 1385 3545 1536 3582; x_wconf 89' lang='lat' dir='ltr'>Quorum</span> <span class='ocrx_word' id='word_1_1225' title='bbox 1560 3548 1622 3581; x_wconf 87' lang='lat' dir='ltr'>hoc</span> <span class='ocrx_word' id='word_1_1226' title='bbox 1646 3546 1785 3581; x_wconf 86' lang='lat' dir='ltr'>indicare</span> <span class='ocrx_word' id='word_1_1227' title='bbox 1807 3548 1932 3583; x_wconf 87' lang='lat' dir='ltr'>videtur</span> <span class='ocrx_word' id='word_1_1228' title='bbox 1955 3551 2029 3583; x_wconf 89' lang='lat' dir='ltr'>vitii</span> <span class='ocrx_word' id='word_1_1229' title='bbox 2053 3551 2098 3585; x_wconf 82' lang='lat' dir='ltr'>se-</span> 
     </span>
     <span class='ocr_line' id='line_1_160' title="bbox 1101 3588 2099 3634; baseline 0.006 -13"><span class='ocrx_word' id='word_1_1230' title='bbox 1101 3588 1155 3622; x_wconf 89' lang='lat' dir='ltr'>des</span> <span class='ocrx_word' id='word_1_1231' title='bbox 1178 3590 1212 3621; x_wconf 89' lang='lat' dir='ltr'>iri</span> <span class='ocrx_word' id='word_1_1232' title='bbox 1235 3588 1346 3622; x_wconf 88' lang='lat' dir='ltr'>eodem</span> <span class='ocrx_word' id='word_1_1233' title='bbox 1367 3588 1487 3630; x_wconf 87' lang='lat' dir='ltr'>latere,</span> <span class='ocrx_word' id='word_1_1234' title='bbox 1511 3591 1545 3624; x_wconf 91' lang='lat' dir='ltr'>in</span> <span class='ocrx_word' id='word_1_1235' title='bbox 1578 3602 1642 3634; x_wconf 84' lang='lat' dir='ltr'>quo</span> <span class='ocrx_word' id='word_1_1236' title='bbox 1670 3600 1768 3634; x_wconf 85' lang='lat' dir='ltr'>caput</span> <span class='ocrx_word' id='word_1_1237' title='bbox 1802 3591 1927 3626; x_wconf 86' lang='lat' dir='ltr'>allisum</span> <span class='ocrx_word' id='word_1_1238' title='bbox 1960 3592 2065 3628; x_wconf 88' lang='lat' dir='ltr'>fuerat</span> <span class='ocrx_word' id='word_1_1239' title='bbox 2088 3619 2099 3630; x_wconf 85' lang='lat'><strong>.</strong></span> 
     </span>
    </p>
   </div>
   <div class='ocr_carea' id='block_1_6' title="bbox 1972 3636 2058 3671">
    <p class='ocr_par' dir='ltr' id='par_1_13' title="bbox 1972 3636 2058 3671">
     <span class='ocr_line' id='line_1_161' title="bbox 1972 3636 2058 3671; baseline 0.035 -2"><span class='ocrx_word' id='word_1_1240' title='bbox 1972 3636 2058 3671; x_wconf 90' lang='lat' dir='ltr'>Illud</span> 
     </span>
    </p>
   </div>
   <div class='ocr_carea' id='block_1_7' title="bbox 1007 3723 2101 3739">
    <p class='ocr_par' dir='ltr' id='par_1_14' title="bbox 1007 3723 2101 3739">
     <span class='ocr_line' id='line_1_162' title="bbox 1007 3723 2101 3739; baseline 0 336"><span class='ocrx_word' id='word_1_1241' title='bbox 1007 3723 2101 3739; x_wconf 95' lang='lat' dir='ltr'> </span> 
     </span>
    </p>
   </div>
   <div class='ocr_carea' id='block_1_8' title="bbox 107 3771 1026 3812">
    <p class='ocr_par' dir='ltr' id='par_1_15' title="bbox 107 3771 1026 3812">
     <span class='ocr_line' id='line_1_163' title="bbox 107 3771 1026 3812; baseline 0.003 -10"><span class='ocrx_word' id='word_1_1242' title='bbox 107 3777 122 3806; x_wconf 82' lang='lat'><strong>(</strong></span> <span class='ocrx_word' id='word_1_1243' title='bbox 137 3785 154 3806; x_wconf 64' lang='lat' dir='ltr'><em>z</em></span> <span class='ocrx_word' id='word_1_1244' title='bbox 168 3777 182 3805; x_wconf 69' lang='lat'>3</span> <span class='ocrx_word' id='word_1_1245' title='bbox 198 3786 224 3802; x_wconf 92' lang='lat' dir='ltr'>n.</span> <span class='ocrx_word' id='word_1_1246' title='bbox 244 3786 281 3803; x_wconf 85' lang='lat' dir='ltr'><strong>u.</strong></span> <span class='ocrx_word' id='word_1_1247' title='bbox 343 3781 358 3809; x_wconf 82' lang='lat'>(</span> <span class='ocrx_word' id='word_1_1248' title='bbox 374 3788 388 3804; x_wconf 83' lang='lat' dir='ltr'>a</span> <span class='ocrx_word' id='word_1_1249' title='bbox 404 3779 418 3808; x_wconf 86' lang='grc'>)</span> <span class='ocrx_word' id='word_1_1250' title='bbox 432 3771 497 3803; x_wconf 64' lang='lat' dir='ltr'>&#39;Sest-</span> <span class='ocrx_word' id='word_1_1251' title='bbox 516 3777 558 3802; x_wconf 80' lang='lat' dir='ltr'>hac</span> <span class='ocrx_word' id='word_1_1252' title='bbox 577 3787 614 3805; x_wconf 89' lang='lat'>12.</span> <span class='ocrx_word' id='word_1_1253' title='bbox 630 3778 690 3804; x_wconf 84' lang='lat' dir='ltr'><strong>obs.</strong></span> <span class='ocrx_word' id='word_1_1254' title='bbox 708 3782 745 3808; x_wconf 79' lang='lat'><strong>36.</strong></span> <span class='ocrx_word' id='word_1_1255' title='bbox 764 3782 798 3809; x_wconf 78' lang='lat'><strong>38.</strong></span> <span class='ocrx_word' id='word_1_1256' title='bbox 819 3781 842 3812; x_wconf 88' lang='lat'><strong>§.</strong></span> <span class='ocrx_word' id='word_1_1257' title='bbox 860 3779 989 3811; x_wconf 79' lang='lat' dir='ltr'>praeserrim</span> <span class='ocrx_word' id='word_1_1258' title='bbox 1005 3789 1026 3806; x_wconf 81' lang='lat'><strong>2.</strong></span> 
     </span>
    </p>
   </div>
   <div class='ocr_carea' id='block_1_9' title="bbox 1092 3779 1522 3813">
    <p class='ocr_par' dir='ltr' id='par_1_16' title="bbox 1092 3779 1522 3813">
     <span class='ocr_line' id='line_1_164' title="bbox 1092 3779 1522 3813; baseline 0 -3"><span class='ocrx_word' id='word_1_1259' title='bbox 1092 3779 1098 3810; x_wconf 84' lang='lat' dir='ltr'>s</span> <span class='ocrx_word' id='word_1_1260' title='bbox 1116 3779 1129 3805; x_wconf 67' lang='grc'><strong>6</strong></span> <span class='ocrx_word' id='word_1_1261' title='bbox 1145 3781 1159 3810; x_wconf 91' lang='grc'>)</span> <span class='ocrx_word' id='word_1_1262' title='bbox 1178 3783 1250 3809; x_wconf 82' lang='lat' dir='ltr'>Cent.</span> <span class='ocrx_word' id='word_1_1263' title='bbox 1269 3790 1292 3805; x_wconf 84' lang='lat'><strong>2.</strong></span> <span class='ocrx_word' id='word_1_1264' title='bbox 1311 3784 1373 3810; x_wconf 74' lang='lat' dir='ltr'>nist.</span> <span class='ocrx_word' id='word_1_1265' title='bbox 1391 3787 1469 3810; x_wconf 83' lang='lat' dir='ltr'>Anat.</span> <span class='ocrx_word' id='word_1_1266' title='bbox 1486 3791 1522 3813; x_wconf 79' lang='lat'>92.</span> 
     </span>
    </p>
   </div>
  </div>
 </body>
</html>
