2498 4075
492 134 515 180 3
530 112 584 171 18

413 190 497 223 &³¹10
528 216 540 234 ‚
585 204 683 236 neque
736 202 801 226 arte
842 198 905 230 uin
952 198 1012 230 aira
1058 197 1203 240 dignosci
1253 208 1380 241 poterat
1407 221 1415 229 .

419 239 545 280 Tuffis,
571 242 600 272 &z
627 240 714 279 sputa
729 261 738 276 ,
763 239 914 283 sanguine
939 240 1100 274 interdurn
1123 240 1177 275 hic
1199 240 1419 282 illicinfeeta,

409 283 495 316 certi
521 282 603 316 nihil
627 281 803 324 significare
825 284 859 315 in
870 283 1006 318 homine
1018 293 1191 326 poterant,
1214 296 1228 317 a
1246 286 1343 326 longo
1354 283 1419 326 jam

413 335 559 368 ternpore
583 326 681 365 ruffi„
700 328 730 360 δι
754 327 893 360 cinereis
909 351 919 367 ,
944 340 978 362 ac
1009 328 1255 371 sanguinolentis
1286 327 1387 370 sputis
1409 347 1420 365 ‚

409 379 485 403 curn
509 368 648 410 spirandi
669 367 865 404 difficultate
890 372 1056 405 obnoxio.
1082 370 1161 404 Haec
1195 379 1298 404 tamen
1333 369 1417 403 facta

408 422 475 443 emt
498 422 583 454 nunc·
604 412 709 445 multo
731 414 861 455 major,
886 415 1066 457 febremque
1078 413 1214 447 habebat
1238 414 1418 455 adjunctam

409 465 483 487 cum
507 465 620 496 magna
643 452 797 497 pulsuum
821 457 999 501 frequentia
1014 482 1023 497 ‚
1047 457 1320 498 duritie‚impetu
1337 454 1418 495 ,fine

407 497 472 530 ulla
495 506 600 530 tamen
624 499 881 541 intermiffione,
906 511 959 536 aut
983 501 1224 543 inaequalitate.
1252 501 1415 532 Postremo

403 551 541 582 ‘imque
565 542 642 577 vitaz
669 545 744 585 die,
766 546 822 587 qui
847 545 885 577 ab
908 545 1316 585 infliCtovulnei-equartus
1328 542 1390 577 fuit
1406 565 1414 580 ,

405 581 466 631 ⁶152
486 583 592 625 lifflssss
620 588 698 623 fasti
723 597 810 622 erant
835 587 979 630 peffimi;
1001 598 1082 630 aeger
1094 596 1197 620 tamen
1222 586 1415 628 &supinus‚

400 629 436 659 ἒῠ
457 637 492 658 ¹¹¹
514 637 630 667 tutum
655 633 766 666 liberet
789 632 873 664 latus
897 634 1009 665 cubire
1025 631 1190 672 perrexit5
1213 631 1292 671 quin
1316 632 1414 662 etiam

402 671 438 701 ΞΠ
459 670 585 709 Ῐθθωο
609 675 737 717 sedens,
761 675 925 718 epistolam
956 673 1078 715 scripsit
1103 685 1110 705 :
1145 683 1242 713 neque
1276 684 1414 716 unquam

400 713 439 745 de
460 719 577 753 &ordis
599 731 731 763 angore,
745 729 797 754 aut
809 717 995 751 doloreullo
1006 715 1189 759 conquestus
1213 714 1272 749 est.

403 757 613 799 MORTUt
648 764 759 797 vulnus
784 762 955 801 rimando,
986 772 1046 793 una
1069 759 1201 803 quidem
1223 770 1260 791 ex
1283 760 1322 793 iis
1345 772 1414 804 quae

396 815 480 837 vcurn
504 805 607 839 sterno
631 808 909 844 committuntur,
931 804 1087 837 costarum
1120 803 1278 845 cartilago
1311 805 1411 837 incisa

392 846 441 880 *fid
466 846 526 885 suae.
550 849 733 883 altitudinis
758 848 853 892 usque
876 848 1017 882 medium
1040 856 1161 888 reperta
1174 845 1240 885 est;
1261 845 1311 879 sed
1334 847 1410 880 reli-

385 900 503 933 ·quumi
525 892 602 927 ensis
625 895 685 927 iter
709 892 871 936 perspicue
896 890 1088 933 deprehendi
1111 901 1174 923 non
1199 891 1329 931 potuit.
1355 892 1406 924 Sic

396 935 487 966 enim
508 936 651 970 thoracis
673 948 746 969 cava
771 935 798 968 se
825 935 960 969 habuere
979 957 987 965 .
1021 935 1196 967 Dexterum
1229 930 1312 965 nihil
1346 933 1405 967 nisi

392 977 585 1018 pulmonem
608 981 819 1018 continebat,
843 978 880 1011 ad
907 978 1049 1018 pleuram
1074 976 1215 1018 undique
1225 985 1404 1017 annexum,

392 1020 571 1057 flaccidum
584 1048 595 1064 ,
619 1023 825 1066 subiugi-um,
849 1022 971 1065 peffirne
1004 1019 1240 1058 constitutum,
1260 1018 1322 1052 fine
1342 1021 1405 1053 ulla

397 1074 507 1101 tamen
530 1066 669 1101 duritie.
704 1068 831 1101 Cavuin
856 1073 962 1099 autem
985 1062 1140 1097 sinistrum
1160 1061 1252 1096 fluidi
1276 1061 1404 1105 sangui-

397 1110 450 1144 nis
475 1110 683 1153 plenissimum
708 1108 796 1150 fuit,
818 1111 851 1143 in
865 1119 929 1151 quo
942 1109 1073 1150 pulmo,
1096 1106 1234 1148 undique
1257 1106 1401 1144 solutus,

390 1155 432 1186 t&
457 1154 547 1188 sanus
560 1181 567 1194 ‚
581 1154 707 1187 natabat
719 1180 726 1187 .
751 1155 852 1187 Sterni
869 1154 1001 1184 interior
1016 1150 1110 1185 facies
1123 1148 1246 1182 finisti-o
1258 1150 1290 1181 in
1306 1149 1400 1184 latere

397 1197 635 1240 sugillationem
647 1197 777 1240 quidem
789 1194 992 1239 aliquamled
1004 1192 1297 1240 incisionisnullum
1310 1203 1398 1235 pror-

396 1239 448 1273 sus
471 1240 606 1274 habebat
629 1242 816 1283 vestigium,
841 1239 929 1282 quod
954 1248 1052 1280 neque
1079 1237 1147 1269 ullo
1170 1246 1202 1267 in
1227 1235 1319 1275 vase,
1344 1248 1399 1270 ne-

392 1294 456 1325 que
479 1285 512 1316 in
537 1286 687 1326 pulmone
711 1282 902 1325 deprehendi
917 1284 1046 1324 potuit.
1061 1278 1293 1317 Pericardium,
1308 1279 1397 1323 quod

394 1337 409 1357 a
433 1325 554 1361 dextris
577 1327 699 1360 craffius
723 1326 844 1361 fastum
860 1349 871 1366 ,
893 1325 937 1358 sui
965 1334 1054 1367 parte
1090 1323 1195 1365 aliqua
1229 1322 1315 1356 cordi
1348 1325 1398 1356 vi-

387 1369 524 1404 debatur
545 1368 700 1405 adhaefiss'e
715 1395 723 1410 ‚
744 1381 802 1412 pus
834 1369 972 1407 flavum,
998 1366 1185 1406 mucosum,
1218 1376 1279 1397 non
1313 1367 1397 1399 mul·

394 1423 463 1446 tum
485 1414 689 1448 continebat.
715 1413 836 1447 Cordis
859 1414 997 1445 exterior
1021 1411 1118 1444 facies
1143 1408 1309 1454 inaequalis
1327 1433 1338 1449 ,
1365 1414 1395 1444 ἃς

388 1455 474 1500 quasi
497 1458 645 1492 corrosa.
671 1458 710 1490 In
733 1457 919 1490 ventriculis
942 1467 1005 1488 non
1028 1454 1152 1495 sanguis
1174 1478 1183 1490 ‚
1217 1451 1268 1485 led
1288 1454 1393 1502 *poly-

387 1503 472 1541 polae
494 1503 715 1536 concretiones
739 1500 842 1534 fuere.
871 1499 1049 1533 substantia
1066 1507 1181 1544 *autem
1204 1495 1312 1529 cordis
1347 1498 1392 1530 la-

383 1555 425 1576 :ta
449 1544 549 1584 adeo,
574 1548 604 1578 ἃ
629 1543 758 1578 flaccida
781 1553 871 1582 erat,
894 1553 929 1577 ut
955 1541 1073 1575 tametsi
1100 1542 1182 1573 circa
1195 1537 1291 1573 basim
1314 1551 1390 1574 ven-

383 1588 496 1621 trich
521 1588 667 1628 dexteri,
690 1587 744 1621 ubi
769 1599 838 1628 pars
861 1586 1007 1629 quaedam
1031 1586 1143 1626 exi-gua
1158 1583 1275 1617 mucofi
1301 1584 1389 1618 illius

382 1633 470 1672 priris
495 1634 633 1665 exterius
655 1630 852 1670 adhaerebat,
877 1628 940 1663 visa
962 1628 1001 1662 fit
1025 1627 1167 1662 foramen
1192 1626 1323 1664 habere,
1341 1627 1388 1661 fa-

379 1675 568 1719 cillimeque
593 1674 760 1718 specillum
783 1672 971 1713 admiserit,
993 1671 1131 1704 dubium
1153 1680 1255 1704 tamen
1269 1669 1389 1709 fuerit,

379 1729 457 1751 num
482 1717 626 1752 foramen
649 1726 736 1750 antea
763 1716 858 1756 esset,
882 1727 920 1749 an
943 1716 986 1747 ob
1009 1715 1174 1747 laxitatem
1205 1713 1307 1754 ipsum
1330 1714 1387 1748 sibi

376 1760 547 1804 specillum
571 1760 690 1795 fecisset
705 1785 712 1792 .
739 1761 789 1793 Sic
814 1770 932 1792 veteres
953 1758 1095 1791 thoracis
1119 1756 1244 1792 morbi,
1280 1767 1313 1789 ut
1339 1759 1387 1789 vi.

373 1815 468 1839 vente
493 1805 643 1846 homine,
667 1804 836 1844 Medicos,
860 1804 905 1836 ita
926 1801 1309 1842 mortu0,Arlatomicos
1323 1799 1386 1834 sus-

373 1849 489 1890 pensos
512 1859 657 1883 tenuere.
700 1881 702 1883 ,

399 1898 401 1900 ’
422 1903 471 1933 30.
497 1893 612 1926 Ensem
636 1895 669 1925 in
692 1890 846 1926 sinistram
867 1889 1011 1924 thoracis
1033 1899 1158 1922 cavearn
1192 1887 1382 1928 pervenisse,

347 1933 407 1970 ’ἃ
429 1948 482 1971 vas
505 1936 638 1981 aliquod
662 1933 882 1978 {anguiferum
906 1932 1099 1972 vulnerasse,
1125 1930 1211 1965 effufi
1245 1933 1277 1964 in
1312 1943 1379 1964 eam

368 1981 535 2023 ‘sanguinis
560 1981 656 2023 copia
679 1979 840 2018 ostendit,
864 1975 988 2011 tametsi
1018 1974 1179 2018 quodnam
1213 1974 1294 2009 illud
1326 1985 1379 2009 vas

367 2024 495 2064 fuerit,
519 2025 679 2058 incertum
699 2023 765 2056 est.
789 2022 877 2055 Curn
889 2033 920 2054 ea
936 2030 1041 2054 autem
1065 2030 1168 2051 caveae
1192 2017 1378 2061 utriusque,

367 2071 404 2102 δε
427 2068 559 2107 cordis,
582 2079 617 2101 ac
641 2065 810 2110 pericardii
833 2064 1062 2098 constitutione
1073 2061 1240 2105 quomodo
1262 2061 1318 2094 illa
1331 2061 1378 2094 es-

368 2111 421 2151 se,
446 2121 498 2145 aut
521 2110 619 2145 abeffe
643 2110 765 2153 possent
789 2120 858 2151 quae
881 2120 920 2141 ex
942 2106 1072 2140 historia
1096 2105 1262 2139 certissime
1294 2115 1376 2138 con-

364 2156 425 2189 ssat
448 2153 557 2192 fuisse,
581 2163 634 2188 aut
660 2151 813 2192 abfuisse,
836 2161 962 2193 quanto
986 2149 1150 2183 difficilius
1174 2147 1215 2182 est
1249 2148 1375 2181 intelle-

361 2200 420 2233 <stu
437 2222 445 2237 ‚
472 2208 563 2232 tanto
586 2199 688 2240 magis
710 2194 804 2240 hujus
827 2195 979 2228 memoria
1003 2193 1248 2239 Observat-ionis
1263 2191 1304 2225 est
1327 2202 1374 2225 re-

360 2241 496 2277 tinenda
521 2251 556 2276 ut
580 2241 646 2275 fieri
671 2242 832 2274 interdum
854 2250 924 2282 quae
948 2237 1053 2270 minus
1084 2236 1233 2269 consueta
1271 2236 1341 2269 sunt
1364 2261 1375 2276 ‚

361 2297 429 2320 non
453 2287 659 2329 ignorantes,
692 2283 855 2327 fignorum
887 2281 1061 2326 praesentiae
1093 2302 1106 2320 ,
1140 2288 1194 2311 aut
1228 2279 1375 2313 absentiae

365 2331 505 2364 multum
530 2329 659 2373 quidem
683 2329 867 2372 plerumque
889 2348 899 2365 ,
932 2323 982 2358 sed
1016 2334 1080 2357 non
1114 2322 1234 2365 semper
1265 2324 1375 2356 omnia

354 2374 541 2409 tribuamus
558 2397 565 2405 .
1298 2409 1306 2416 ἡ

403 2428 455 2460 31·
480 2419 530 2451 De
555 2415 714 2450 Thoracis
738 2414 934 2449 Vulneribus
958 2411 1109 2445 haftenus
1133 2423 1144 2443 .·
1180 2409 1218 2442 de
1251 2409 1368 2449 quibus

356 2461 604 2494 memorabilem
626 2460 669 2491 ob
691 2460 770 2491 levia
794 2458 878 2500 signa
901 2455 1070 2499 graviffimi
1094 2464 1205 2486 eorum
1237 2451 1367 2486 effeetus

356 2502 525 2537 historiam
548 2505 630 2546 leges
657 2503 714 2547 Jo.
750 2501 908 2535 Hadriani
945 2498 1103 2546 Sleyogtii
1143 2498 1234 2537 (u).
1267 2497 1367 2545 Nunc

358 2548 512 2587 Iftuum,
535 2550 567 2580 δε
589 2545 863 2586 Compreffionum
887 2554 958 2585 qiiae
983 2543 1045 2575 sine
1071 2541 1195 2575 vulnere
1220 2539 1366 2588 Thoraci

355 2592 528 2630 accidunt,
549 2590 717 2622 nonnullas
740 2587 989 2621 Observationes
1021 2584 1162 2618 addituri
1187 2607 1198 2622 ‚
1233 2583 1271 2615 ab
1304 2583 1360 2615 1lla

352 2634 494 2667 initium
516 2634 666 2667 ducemus
688 2644 758 2674 quae
783 2629 951 2663 nobiscum
974 2628 1054 2661 olim
1080 2627 1144 2660 fuit
1169 2627 1360 2675 angnatio

354 2677 530 2718 Pedratto,
553 2673 761 2710 Cremonensi
786 2673 919 2707 Medico
934 2696 946 2712 ,
969 2683 1063 2715 quem
1086 2671 1149 2703 tibi
1181 2670 1256 2703 alias
1287 2673 1361 2709 (x)

351 2720 576 2760 laudavimus,
598 2719 837 2752 communicata
853 2741 860 2749 .
885 2718 941 2750 Tu
973 2726 1047 2749 curn
1082 2714 1181 2763 altera
1215 2712 1361 2746 conferre

350 2766 493 2808 poteris,
519 2765 558 2796 ab
582 2764 749 2804 Slevogtio
772 2760 886 2793 eodem
907 2760 973 2802 (y)
996 2758 1178 2800 proposita.

394 2820 445 2855 32.
472 2810 558 2843 VIR
580 2819 618 2840 ex
641 2818 728 2850 equo
750 2805 886 2838 labitur.
908 2804 1049 2847 Jacentis
1060 2802 1170 2848 peetus
1182 2810 1279 2849 equus
1291 2810 1360 2841 per-

348 2863 432 2885 cutit
456 2852 556 2884 altero
579 2850 677 2893 pede.
704 2849 806 2883 Nulla
829 2846 903 2880 inde
925 2847 1066 2880 exterior
1092 2845 1357 2893 laesionis-nota.-

348 2895 401 2928 sed
425 2894 594 2928 difficultas
618 2892 756 2936 spirandi
779 2900 892 2930 tanta,
914 2900 950 2923 ut
973 2900 1073 2932 neque
1097 2889 1257 2930 sanguinis
1281 2886 1359 2936 mis-

345 2938 487 2972 sionibus
502 2960 516 2977 ,
540 2949 638 2981 neque
660 2936 765 2973 datis,
790 2932 985 2977 impofitisve
997 2933 1189 2975 opportunis
1210 2930 1357 2979 remediis

346 2980 498 3022 consequi
524 2981 692 3022 potuerint
704 2978 826 3013 Medici
841 3000 850 3015 ‚
874 2989 911 3011 ne
922 2978 1006 3010 intra
1017 2975 1178 3009 decimum
1188 2974 1357 3022 quintffhiin

345 3024 387 3058 ab
408 3025 476 3058 ἰξὶυ
498 3023 584 3057 diem
608 3035 696 3056 mors
719 3024 901 3064 ingrueret.
1033 3019 1189 3053 COSTA
1213 3017 1298 3051 nulla
1321 3027 1355 3049 1n

345 3066 478 3101 diffesto
502 3069 631 3100 inventa
653 3067 695 3100 est
719 3077 789 3108 quae
813 3064 912 3098 frasta
941 3063 1037 3102 effet,·
1060 3062 1109 3096 sed
1124 3063 1210 3094 inter
1231 3060 1352 3098 costas,

344 3114 378 3144 δι
402 3112 543 3153 pleuram
567 3121 629 3143 non
654 3120 767 3151 parvus
791 3118 901 3141 tumor
923 3106 1008 3149 quali
1026 3116 1066 3140 ex
1083 3105 1217 3147 putrido
1229 3104 1354 3146 sangui-

343 3164 382 3188 ne
404 3154 576 3196 congesto,
599 3164 673 3186 cum
697 3152 766 3186 labe
789 3150 1006 3192 respondentis
1038 3149 1221 3192 pulmonis.
1343 3191 1350 3197 ι

387 3209 438 3241 33.
465 3199 589 3231 PUER
614 3195 746 3230 rusticus
770 3205 867 3227 annos
891 3202 982 3227 natus
1005 3194 1043 3227 ad
1074 3192 1185 3226 decem
1215 3216 1224 3230 ,
1258 3190 1351 3223 humi

341 3241 464 3285 jacebat
489 3265 498 3278 ‚
531 3251 604 3274 cum
637 3249 716 3273 rotae
748 3239 827 3271 carri
860 3237 953 3279 super
988 3237 1154 3270 thoracem
1192 3233 1350 3269 traductae

340 3285 414 3320 :sunt
437 3283 542 3318 nescio
564 3295 628 3327 quo
651 3281 755 3326 pofitu
777 3281 931 3324 jacentis.
955 3281 1030 3315 Hoc
1054 3281 1118 3314 scio
1142 3304 1153 3322 ,
1176 3280 1260 3313 intra
1291 3277 1351 3311 ho-

719 114 874 170 Liber
910 118 1000 171 IV..
1037 119 1120 172 De
1158 122 1351 176 Morbis
1395 120 1716 192 Chirurgicis
1744 149 1748 152 >
1772 126 1826 177 &
1868 123 2257 179 Universalibus

1471 209 1511 232 rae
1534 199 1706 234 dimidium
1729 200 1915 242 exspirasle,
1938 202 2091 235 Bononiae
2115 211 2268 236 autumno
2290 204 2329 237 A.
2368 215 2428 248 170
2455 212 2468 240 .’

1600 245 1869 279 CADAVERIS
1892 256 1965 278 curn
1980 255 2082 286 partes
2097 245 2268 288 quasdam,
2294 210 2464 286 secundugi

1470 294 1613 319 natur-am
1638 287 1666 320 se
1689 286 1862 327 habentes,
1886 292 2061 322 Anatomes
2083 288 2185 321 studio
2217 290 2431 329 perlustrarem
2455 317 2467 332 ,

1471 329 1503 374 ip
1527 328 1678 363 Thorace
1701 329 1832 363 effusum
1859 331 2068 373 sanguinem,
2105 334 2139 364 ἃ·
2171 332 2268 365 costas
2302 335 2422 377 aliquas
2448 347 2465 367 a

1469 370 1598 405 sinistris
1620 371 1790 415 depressas,
1813 377 1846 407 &
1868 373 2004 413 fractas,
2028 386 2043 407 a
2067 373 2188 407 dextris
2212 385 2314 408 autem
2341 378 2466 418 pulmo-

1471 416 1520 447 nis
1544 415 1727 449 inferiorem
1751 416 1860 450 lobum
1882 428 1899 450 a
1925 427 2016 460 tergo
2038 417 2219 459 disruptum
2240 440 2248 455 ‚
2273 418 2307 452 id
2327 420 2368 453 est
2400 432 2467 453 rna·

1471 468 1536 499 gno
1560 457 1728 492 secundum
1750 459 2008 501 longitudinem,
2032 460 2253 502 profundoque
2266 461 2355 495 hiatu
2381 474 2467 504 aper-

1469 510 1540 533 tum
1562 500 1702 534 offendi:
1726 504 1759 534 in
1782 503 1875 535 corde
1898 505 1952 537 vix
1975 503 2097 545 aliquid
2121 502 2279 545 sanguinis
2301 516 2312 543 3
2345 507 2466 541 nullam

1469 554 1572 577 autem
1599 544 1784 587 polyposam
1807 548 2062 580 concretionem.

1515 598 1565 628 34.
1591 588 1662 621 Post
1685 600 1717 620 ea
1742 601 1811 631 quae
1834 588 2044 631 superioribus
2068 588 2222 630 Epistolis
2255 589 2368 633 scripta
2392 592 2465 626 sunt

1465 628 1505 663 de
1526 632 1650 672 magnis
1674 632 1756 664 intra
1779 641 1895 673 caput,
1919 633 2255 674 exteriusinoegium,
2280 645 2317 666 cx
2340 635 2464 669 nauum

1467 676 1497 704 vi
1524 676 1654 715 repertis
1677 673 1853 708 laesionibus
1876 697 1885 712 ‚
1916 675 2027 718 hisque
2058 676 2218 709 interdum
2253 677 2285 710 in
2317 676 2465 719 oppofita

1466 716 1584 749 ictibus
1607 726 1723 759 parte,·
1743 729 1807 751 non
1831 730 2042 761 magnopere,
2065 720 2204 761 opinor,
2227 719 2370 761 expectas
2390 744 2403 761 ,
2426 731 2464 755 ut

1465 757 1522 792 has
1543 758 1619 792 duas
1642 761 1797 803 explicem
1820 762 2085 795 Observationes.
2111 763 2258 795 Secundae
2282 772 2388 795 tamen
2411 776 2464 797 ac-

1462 801 1569 835 cedere
1590 803 1713 837 causam
1737 804 1824 838 vides
1847 817 1862 837 a
1886 806 2046 847 repentina
2074 804 2296 847 compressione
2316 828 2326 843 ,
2360 806 2460 840 viscus

1458 847 1563 885 aeris,
1584 850 1616 879 δε
1641 845 1798 888 sanguinis
1822 849 1950 890 plenum
1972 849 2134 887 arctante,
2169 853 2200 881 ὅε
2235 849 2272 881 ad
2301 848 2461 891 oppositas

1457 887 1555 922 costas
1579 899 1726 930 urgente.
1753 890 1805 923 Ad
1831 893 1967 932 primam
1991 900 2094 925 autern
2120 891 2173 923 illa
2198 891 2316 925 videbis
2342 893 2460 927 attine-

1457 943 1490 964 re
1511 944 1581 976 quae
1603 932 1641 966 de
1665 935 1791 974 ruptis,
1813 934 1941 976 integro
1964 934 2156 974 abdomine,
2180 936 2296 969 ventris
2311 936 2454 970 Partibus

1458 976 1666 1021 interioribus
1689 976 1752 1008 alio
1775 977 1850 1010 loco
1873 981 1943 1020 (z)
1966 987 2208 1019 proponentur.
2242 979 2309 1011 Hic
2345 981 2457 1021 potius

1456 1028 1549 1060 Juvat
1572 1019 1722 1061 quasdam
1747 1020 1821 1054 alias
1837 1045 1846 1060 ,
1869 1032 1938 1063 quae
1963 1033 1977 1052 a
2002 1029 2033 1053 te
2056 1019 2263 1062 Sepulchreto
2287 1022 2360 1054 addi
2384 1022 2458 1065 pos-

1455 1063 1535 1102 sint,
1559 1060 1705 1096 historias
1729 1074 1997 1099 commemorare,
2022 1063 2059 1096 ad
2091 1063 2236 1097 thoracis
2271 1065 2355 1099 ictus
2380 1089 2389 1103 ,
2422 1068 2457 1099 ἃς

1453 1104 1712 1147 compreffiones‚
1735 1105 1772 1139 de
1794 1107 1909 1150 quibus
1935 1108 2058 1148 agimus
2084 1131 2094 1146 ‚
2130 1109 2295 1141 attinentes
2316 1133 2322 1140 .
2357 1108 2458 1142 Missa

1451 1149 1552 1190 igitur
1576 1148 1750 1191 suspicione
1773 1148 1955 1191 Gahrliepii
1980 1154 2046 1190 (a)
2070 1151 2106 1182 de
2129 1149 2340 1184 offibusinter
2364 1152 2453 1193 pleu-

1451 1202 1542 1232 ram,
1565 1195 1598 1226 &
1621 1194 1762 1225 tunicam
1785 1194 1972 1235 pulmonum
2006 1193 2042 1226 ad
2074 1192 2255 1236 juncturam
2292 1195 2450 1229 costarum

1449 1237 1567 1275 genitis
1584 1258 1593 1273 ‚
1618 1235 1703 1279 quasi
1727 1237 1829 1278 prima
1852 1248 1961 1269 eorum
1984 1236 2073 1270 causa
2098 1236 2203 1270 fuisset
2227 1239 2306 1271 olim
2341 1239 2452 1280 pecto-

1448 1280 1492 1311 ris
1516 1279 1553 1311 ad
1579 1278 1681 1313 solum
1702 1280 1965 1313 vehementissima
1979 1279 2179 1322 allisio,·lege
2191 1282 2271 1322 apud
2286 1279 2450 1316 Bohnium

1447 1321 1512 1362 (b)
1532 1321 1570 1356 de
1594 1323 1652 1355 illo
1675 1323 1751 1355 Sene
1773 1322 1850 1356 adeo
1871 1324 2026 1356 violenter
2050 1321 2088 1355 ad
2112 1321 2270 1357 scamnum
2282 1326 2392 1366 alliso,
2411 1335 2451 1359 ut

1447 1366 1541 1399 costis
1564 1368 1704 1408 quinque
1727 1366 1921 1409 transversim
1946 1366 2075 1405 fraffls,
2099 1367 2183 1399 intra
2219 1367 2455 1410 nybihemerum

1447 1407 1617 1442 suffocatus
1640 1409 1783 1442 obierit.
1808 1410 1956 1443 Alterum
1980 1421 2109 1452 quoque
2131 1408 2214 1443 idem
2240 1412 2364 1445 AuGtor
2387 1416 2451 1452 (c)

1445 1451 1591 1486 dissecuit
1616 1453 1721 1486 multo
1744 1453 1840 1486 citius
1873 1464 2034 1487 mortuum
2054 1477 2064 1492 ,
2095 1454 2170 1497 quia
2204 1465 2315 1495 praetei·
2348 1456 2448 1489 costas

1441 1497 1547 1529 multo
1571 1496 1675 1539 plures
1697 1496 1897 1536 confi-aetas,
1923 1496 2301 1540 nonnullasqueluxatas‚
2320 1509 2358 1532 ex
2380 1499 2446 1532 dis-

1443 1542 1547 1581 ruptis
1572 1539 1835 1573 Intercostalibus
1858 1539 1934 1573 vasis
1949 1562 1957 1576 ‚
1983 1543 2015 1573 δε
2038 1541 2134 1573 altera
2158 1552 2196 1573 ex
2207 1543 2341 1575 Internis
2365 1552 2448 1576 arte-

1442 1583 1499 1616 riis
1523 1583 1724 1616 Mammariis
1738 1582 1849 1623 effusus
1873 1584 1956 1616 intra
1980 1581 2141 1616 thoracem
2166 1584 2289 1627 sanguis
2313 1584 2448 1619 suffoca-

1441 1628 1561 1659 tionem
1586 1627 1822 1660 acceleraverat.
1848 1628 1914 1660 Hic
1947 1636 2052 1659 autem
2084 1638 2193 1661 currus
2226 1629 2328 1661 onusti
2363 1631 2446 1663 rotis

1441 1669 1544 1704 fuerat
1567 1669 1731 1704 subactus.
1757 1670 1934 1704 Suffocatio
1957 1671 2093 1712 pariter,
2118 1669 2167 1704 sed
2191 1672 2384 1713 inopinato,
2407 1675 2441 1706 &c

1438 1713 1489 1746 die
1512 1713 1615 1746 morbi
1640 1714 1830 1752 undecimo,
1854 1712 2020 1747 hominem
2044 1713 2166 1747 sustulit
2188 1726 2279 1756 quem
2305 1715 2440 1758 prostra-

1438 1765 1508 1790 tum
1529 1758 1601 1799 equi
1625 1757 1717 1798 pedes
1738 1757 1931 1790 calcaverant
1948 1780 1960 1797 ,
1982 1765 2053 1789 rota
2065 1766 2170 1791 autem
2191 1758 2294 1792 onusti
2307 1758 2411 1792 cursus
2426 1783 2439 1800 ‚

1437 1811 1494 1842 per
1514 1799 1647 1834 dorsum
1671 1799 1836 1840 traduffli,
1859 1798 2096 1841 compresserat.
2123 1801 2160 1833 In
2194 1800 2255 1834 hoc
2280 1824 2290 1838 ‚
2327 1812 2443 1843 praetet·

1437 1844 1521 1884 alia,
1548 1853 1613 1877 tres
1635 1842 1733 1877 costas
1757 1841 1873 1877 fraftas
1896 1867 1908 1883 ,
1942 1845 1973 1875 &
2006 1842 2202 1886 quarundam
2237 1845 2443 1886 cartilagines

1433 1889 1523 1929 plane
1546 1887 1702 1929 disruptas
1725 1888 1891 1928 conspexit
1916 1885 2112 1920 Theodorus
2124 1888 2301 1929 Zuingerus
2324 1892 2335 1927 s
2358 1889 2378 1920 d
2398 1891 2433 1928 ).

1434 1932 1565 1972 Meryus
1589 1934 1653 1970 (e)
1676 1940 1781 1964 autem
1806 1932 1918 1969 Senis,
1940 1931 1992 1962 cui
2017 1930 2127 1971 pectus
2150 1940 2230 1964 rotae
2265 1930 2435 1974 presserant

1430 1974 1621 2007 transeuntis
1645 1972 1771 2013 rhedae,
1794 1972 2022 2006 fractascostas
2045 1973 2275 2011 invenitduas,
2302 1973 2439 2017 emphy-

1430 2017 1556 2051 {ematis
1579 2028 1703 2051 tumore
1726 2018 1865 2059 primum
1889 2017 1926 2050 ad
1950 2014 2099 2050 fraeiurae
2123 2017 2440 2060 seelemincipiente,

1429 2062 1487 2100 &,
1510 2072 1583 2094 curn
1608 2060 1826 2103 respirationis
1848 2059 2034 2092 difficultate
2050 2082 2059 2097 ,
2083 2059 2230 2101 deinceps
2255 2072 2309 2103 per
2332 2061 2435 2094 ambi-

1427 2113 1498 2137 tum
1522 2103 1621 2136 ferme
1645 2114 1755 2138 toturn
1778 2105 1925 2145 corporis
1948 2102 2151 2146 augescente,
2184 2103 2286 2137 donec
2317 2114 2439 2148 quarto

1427 2147 1479 2180 die
1501 2159 1586 2181 mors
1609 2148 1754 2188 ingruit3
1778 2157 1813 2181 ut
1837 2147 1945 2180 mirari
1969 2158 2034 2180 non
2056 2156 2205 2189 oporteat
2226 2148 2313 2191 quod
2334 2149 2435 2192 Agri-

1426 2192 1497 2224 cola
1521 2188 1584 2235 (s)
1603 2190 1693 2233 cujus
1715 2192 1804 2224 lateri
1823 2203 1838 2223 a
1863 2189 2007 2233 fugiente
2032 2201 2115 2231 equo
2138 2199 2206 2224 tota
2230 2192 2327 2224 aratri
2361 2203 2434 2225 mo-

1427 2235 1472 2268 les
1495 2233 1536 2267 fic
1559 2234 1675 2268 incussa
1700 2233 1823 2274 fuerat,
1847 2245 1882 2269 ut
1906 2233 2022 2267 costam
2046 2233 2204 2276 frangeret
2221 2259 2233 2276 ,
2266 2246 2336 2269 cum
2368 2247 2437 2269 em-

1427 2278 1577 2321 physema
1599 2277 1759 2311 acceffiffet
1775 2301 1784 2317 ‚
1809 2277 2060 2320 quotiescunque
2083 2288 2183 2311 aerem
2221 2278 2396 2321 inspirabat
2416 2303 2435 2320 ‚

1425 2322 1459 2355 in
1482 2321 1613 2366 effrac‘lae
1635 2320 1716 2361 costae
1738 2320 1856 2364 regione
1877 2321 2096 2363 protuberaret
2119 2328 2223 2355 tumor
2233 2323 2433 2364 magnitudi-

1424 2375 1461 2399 ne
1484 2366 1536 2398 ovi
1554 2364 1744 2408 gallinacei,
1767 2375 1843 2397 rnox
1870 2366 1902 2397 in
1915 2364 2128 2407 exspiratione
2141 2366 2355 2398 retrocedens.
2371 2365 2436 2400 sed

1420 2407 1497 2447 hic,
1524 2417 1558 2441 ut
1582 2407 1751 2448 robustus,
1775 2409 1808 2440 &
1827 2407 1951 2450 juvenis
1966 2432 1979 2448 ,
2002 2411 2034 2441 &
2059 2406 2123 2440 alio
2145 2409 2245 2441 modo
2267 2416 2393 2442 curatus
2418 2414 2437 2450 ‚‘

1420 2462 1453 2483 ac
1468 2453 1566 2484 Senex
1582 2452 1635 2484 ille
1646 2450 1804 2492 ,servatus
1816 2450 1876 2484 est.
1987 2452 2069 2484 Pene
2080 2451 2247 2485 omiseram
2259 2450 2431 2487 historiam

1417 2495 1674 2535 mirabiliorem,
1698 2497 1731 2527 &
1754 2493 1793 2527 ad
1817 2506 1851 2527 ea
1873 2506 1942 2537 quae
1967 2494 2057 2536 supra
2078 2493 2117 2527 de
2129 2494 2235 2528 cordis
2248 2495 2433 2530 vulneribus

1417 2537 1536 2580 scripta
1573 2538 1645 2572 sunt
1667 2560 1679 2577 ‚
1711 2536 1812 2571 ferme
1846 2540 2035 2571 attinentem
2055 2563 2062 2571 .
2098 2536 2280 2572 Christiani
2312 2539 2432 2573 Vateri

1412 2581 1477 2624 (g)
1501 2581 1542 2615 est
1564 2583 1620 2624 qui
1644 2582 1799 2614 Foeminae
1818 2602 1828 2619 ,
1853 2592 1869 2613 a
1896 2580 2135 2623 praeterlabente
2147 2592 2241 2615 curru
2262 2581 2423 2625 11196610-

1412 2636 1444 2657 re
1467 2625 1605 2667 graviter
1630 2622 1798 2664 percussae,
1821 2635 1922 2666 eoque
1944 2623 2015 2662 ipso
2047 2624 2100 2656 die
2134 2624 2283 2658 extinfiae
2307 2652 2317 2666 ‚
2349 2636 2426 2660 cum

1413 2667 1663 2710 deprehendisset
1685 2666 1785 2701 costas
1808 2666 1981 2708 superiores
2017 2678 2117 2708 prope
2150 2665 2290 2701 sternum
2317 2692 2329 2708 ,
2360 2679 2426 2703 una.

1414 2723 1488 2745 cum
1509 2711 1687 2748 clavicula,
1708 2722 1724 2743 a
1750 2709 1880 2743 sinistris
1903 2709 2041 2748 fractas,
2067 2707 2123 2742 etfi
2147 2712 2250 2744 minus
2273 2712 2425 2745 613111111-

1413 2754 1553 2789 trorsum
1577 2754 1687 2791 flexae,
1712 2754 1878 2796 multoque
1903 2754 2008 2787 minu-s
2031 2753 2421 2796 pei·icardiumlaeserant;

1411 2807 1515 2831 tamen
1539 2799 1625 2831 intra
1657 2796 1720 2830 hoc
1740 2820 1750 2835 ,
1774 2798 1957 2839 integrum,
1992 2799 2024 2830 δε
2057 2796 2207 2839 sanguine
2238 2795 2336 2831 effuso
2368 2796 2422 2832 di-

1408 2841 1546 2876 stentum
1560 2863 1570 2880 ‚
1593 2840 1699 2873 cordis
1722 2841 1936 2874 ventriculum
1948 2840 2069 2874 invenit
2085 2838 2251 2874 dexterum
2266 2851 2328 2874 non
2341 2852 2419 2882 piro.

1409 2886 1461 2918 cul
1497 2897 1512 2918 a
1549 2894 1701 2921 mucrone
1737 2883 1823 2917 ultra
1853 2884 2077 2927 longitudinem
2112 2885 2225 2927 unguis
2248 2892 2376 2926 ruptum
2401 2896 2416 2921 .·

1409 2929 1517 2971 Qam
1540 2927 1808 2961 observationem
1831 2937 1904 2961 cum
1927 2939 1960 2960 ea
1983 2925 2181 2968 conjunges,
2203 2939 2276 2971 quae
2299 2939 2337 2960 ex
2348 2929 2413 2962 Re..

1407 2974 1465 3015 gio
1486 2971 1653 3013 Chirurgo
1678 2971 1820 3004 Boirello
1841 2972 1878 3004 in
1897 2968 2144 3012 Sepulchretum
2168 2970 2235 3014 (h)
2267 2970 2309 3004 est
2333 2971 2416 3005 reia-¹

1407 3026 1463 3055 ta,
1486 3026 1596 3057 nempe
1619 3016 1694 3047 Viri
1719 3014 1814 3047 tertia
1838 3022 1891 3048 aut
1913 3023 2024 3056 quarta
2062 3012 2142 3047 hora
2172 3014 2292 3048 mortui
2332 3014 2418 3053 post..v

1406 3070 1503 3102 quarn
1525 3059 1616 3101 glans
1645 3057 1813 3100 plumbea,
1836 3069 1853 3090 e
1869 3055 2005 3098 sclopeto
2029 3055 2155 3094 emissa,
2179 3058 2290 3099 peetus
2312 3057 2415 3092 subfe-

1405 3113 1479 3143 rat,
1502 3114 1573 3145 quae
1597 3102 1653 3136 etsi
1678 3102 1759 3133 citra
1783 3098 1994 3142 pericardium
2017 3099 2218 3141 substiterat,
2244 3110 2344 3134 tamen
2357 3102 2412 3135 in-

1405 3155 1455 3179 tra
1483 3145 1544 3179 hoc
1559 3169 1567 3184 ,
1592 3144 1716 3188 prorsus
1739 3142 1896 3180 illaesum‚
1921 3143 2069 3185 sanguine
2093 3153 2196 3178 autem
2220 3144 2412 3186 oppletum,

1403 3189 1510 3222 cordis
1534 3189 1647 3223 vulnus
1669 3196 1828 3230 repertum
1851 3185 1895 3220 est
1917 3187 2035 3228 pariter
2057 3187 2092 3220 in
2117 3188 2287 3221 ventriculi
2301 3187 2412 3221 dexte..

1402 3235 1431 3267 ri
1455 3242 1545 3271 parte
1567 3232 1740 3266 inferiore.
1766 3229 1899 3271 Qibus
1919 3230 1953 3262 in
1977 3228 2123 3264 historiis
2144 3228 2264 3264 duabus
2300 3232 2407 3265 minus

1401 3285 1439 3310 te
1461 3275 1519 3311 effe
1543 3277 1736 3310 miraturum
1752 3296 1762 3313 ‚
1784 3273 1881 3307 credo
1905 3298 1916 3315 ,
1947 3273 2034 3316 quod
2066 3273 2182 3308 vulnus
2213 3272 2264 3308 seu
2295 3275 2406 3321 ruptio

2298 3328 2365 3359 ejus

345 3445 2407 3478 Μ’

449 3565 463 3593 )
479 3564 577 3591 niffen.
593 3565 662 3590 inser.
681 3563 793 3589 vomicae
809 3563 926 3589 eulmen.
944 3563 967 3588 8:
983 3567 1028 3588 eaet
1054 3561 1174 3589 Exempla
1190 3558 1217 3589 §.
1233 3561 1270 3584 61.

462 3596 534 3624 Epist.
554 3604 591 3625 54.
609 3603 632 3620 n.
654 3603 692 3623 14·
709 3597 732 3619 δι
751 3595 804 3625 seqq
880 3623 885 3627 ,

450 3626 463 3653 )
482 3625 548 3650 Ibid.
612 3626 620 3652 s
636 3627 652 3651 d
668 3626 682 3654 )
699 3627 758 3649 Dec.
775 3624 850 3650 modo
865 3630 906 3648 eit.

443 3656 456 3684 ,Ἰ
472 3657 552 3681 Mem.
570 3657 599 3681 de
616 3657 632 3681 l’
648 3656 721 3681 Acad.
743 3658 773 3680 R.
790 3657 831 3680 des
847 3656 885 3679 Sc.
903 3656 934 3679 Α.
954 3662 1020 3685 17¹3-
1036 3652 1096 3679 obs.
1112 3660 1138 3682 4.

450 3690 460 3712 )
476 3688 535 3719 pec.
551 3696 574 3717 3.
590 3687 633 3712 cit.
651 3689 722 3715 Ame-
738 3689 761 3712 ἃ
778 3694 806 3711 io
830 3684 888 3709 Obs.
909 3693 959 3715 ¹0⁴·

454 3714 466 3746 ,1
480 3723 508 3743 m
523 3717 606 3747 Addit.
622 3718 652 3746 ad
667 3717 731 3746 sao.
752 3718 813 3745 hanc
830 3724 855 3748 3·
872 3715 930 3742 obs.
948 3723 971 3742 1.

418 3574 435 3590 u

413 3600 446 3624 z)

393 3566 404 3594 s

388 3597 408 3655 ι(
927 3632 948 3654 3.
965 3626 995 3648 A.
1014 3634 1034 3655 ς.
1052 3625 1074 3648 ἃ
1090 3626 1115 3647 6.
1129 3621 1194 3648 Obs.
1212 3627 1267 3648 ²77·

390 3656 402 3714 1

392 3715 414 3746 ί

423 3634 434 3650 G

417 3664 428 3679 θ

417 3694 442 3741 ⁸.

1334 3558 1350 3586 (
1364 3563 1379 3579 Σ
1394 3556 1409 3586 )
1424 3556 1497 3586 Epist.
1514 3562 1554 3581 21.
1570 3562 1587 3580 n
1613 3562 1653 3585 43.

875 3593 933 3621 sa)
949 3596 1011 3622 Eph.
1030 3596 1064 3618 N.
1082 3594 1113 3616 C.
1131 3594 1189 3616 Dec.
1206 3597 1227 3618 ς.
1244 3591 1274 3613 Α.
1293 3596 1313 3618 9.
1332 3588 1355 3611 k
1373 3596 1412 3613 10.
1428 3587 1487 3612 ΟΜ.
1506 3595 1545 3616 43.

1715 3554 1729 3584 (
1742 3560 1760 3585 y
1777 3555 1784 3582 )
1801 3552 1897 3580 niffen.
1912 3550 1986 3576 modo
2000 3549 2044 3575 cit.
2061 3549 2085 3581 §-
2100 3557 2140 3577 π.

1608 3587 1615 3615 s
1636 3583 1651 3609 b
1667 3584 1677 3614 )
1692 3585 1729 3612 De
1744 3587 1856 3618 Renunc.
1872 3583 1947 3610 vulti.
1962 3582 2027 3615 Stet,
2041 3586 2067 3615 x,

1199 3649 1250 3681 (ss
1267 3647 1321 3674 AR.
1338 3651 1374 3675 N.
1391 3649 1422 3674 C.
1437 3650 1512 3675 Tem.
1529 3654 1550 3676 5·
1566 3644 1626 3672 obs.
1643 3650 1679 3676 51.
