2498 4075
278 192 428 257 Epist.
465 191 625 244 Anat.
661 190 876 245 Medica
911 187 1166 243 XLVIII.
1203 191 1325 242 Art.
1344 205 1390 256 4.
1417 206 1456 252 ς.
1474 190 1523 243 6.
1541 204 1584 251 7,
1604 188 1651 241 8.
1670 190 1724 245 ὃ(
1742 203 1790 254 9·

53 269 186 306 domum
209 274 329 307 reversa
344 296 352 311 ‚
376 275 433 307 suo
456 283 598 315 ternpore
621 271 658 304 ad
690 284 740 305 me
775 269 858 304 misit
888 271 945 312 qui
977 280 1048 311 gra-

57 319 117 349 tias
142 327 249 358 ageret
266 340 275 354 ,
300 319 551 359 nunciaretque,
575 315 646 348 filio
669 315 784 359 edito,
809 313 899 348 simul
923 325 938 346 a
964 324 1050 345 mor-

53 361 101 393 bis
125 360 190 392 illis
215 359 372 397 solutam,
395 359 475 393 nihil
498 371 535 392 ex
558 359 616 396 iis,
641 360 698 390 nisi
720 369 852 391 crurum
868 366 1052 395 tumorem,

53 402 227 445 superesse.
361 403 554 444 Complures
576 413 706 445 quoque
730 401 811 438 esse,
839 400 955 439 video,
993 401 1051 446 qui

53 446 145 489 signo
168 448 312 480 nitantur
349 445 552 479 vetussiffimo
575 467 584 482 ,
620 446 739 487 quippe
772 445 804 476 in
839 444 1051 488 Hippocratis

54 488 258 532 Aphorismis
281 492 346 533 (m
370 493 383 528 )
408 488 596 531 proposito:
619 492 695 532 Qae
716 495 803 521 utero
822 494 936 529 gerunt
958 507 970 524 ,
1003 483 1052 516 lus

52 534 136 567 uteri
160 544 193 566 os
215 533 452 574 comprimitur,
474 532 598 565 indicio
621 532 733 571 utique
757 541 822 563 non
844 538 1052 562 contemnen-

53 576 118 616 do,
140 579 169 609 δι
193 577 322 619 perutili
348 577 458 618 primis
481 575 547 607 illis
573 573 750 613 mensibus,
772 573 890 615 quibus
914 571 1053 619 priori)

52 630 89 653 ut
113 620 203 662 supra
226 620 350 652 dic‘tum
374 621 438 655 est,
463 630 525 651 non
549 618 591 652 est
613 617 721 649 locus.
748 618 862 659 Itaque
885 613 946 647 hoc
979 612 1052 646 feli-

52 664 134 696 citer
158 663 230 696 usus
256 664 345 701 sum,
366 673 440 695 cum
464 661 583 698 licuit3
616 660 709 693 licuit
749 669 854 693 autem
887 669 1016 699 perraro
1041 668 1051 694 5

50 707 246 739 nostratibus
270 705 414 739 foeminis
438 703 599 746 ejusmodi
622 705 838 745 explorationi
864 701 1065 748 plerumque·-

53 749 327 790 repugnantibus.
354 748 426 781 Nec
451 759 569 781 temere
593 757 702 781 tamen
734 747 801 778 sum
835 745 907 793 usus
929 766 939 782 ,
986 754 1050 776 non

52 794 224 834 ignorans,
247 789 306 824 esse
329 794 411 825 uteri
436 792 586 828 morbos,
611 792 644 823 in
667 790 807 832 quibus,
833 797 867 821 ut
891 798 924 819 in
960 796 1051 828 parte

50 838 144 869 docet
171 835 386 877 Hippocrates
410 835 506 877 (n),
532 834 600 877 ejus
622 833 767 866 osculum
791 832 963 865 connivet.
981 831 1053 862 lmo

52 881 95 912 ob
119 879 251 910 eandem
274 878 400 911 causam
425 890 489 911 non
514 879 589 912 satis
611 875 693 915 esse,
715 874 856 913 credidi,
880 873 900 906 fi
926 872 966 906 ad
977 883 1054 906 con-

52 923 251 956 strictionem
277 922 368 954 illam
392 921 491 956 osculi
516 923 585 963 ejus
608 930 736 963 quoque
780 928 908 951 coronae
952 918 1054 949 incre·

53 973 199 999 mentum
223 965 357 1006 aliquod
382 964 529 998 additum
551 963 630 1002 esse,
653 973 717 995 non
742 962 911 1003 imperitus
931 959 1055 1000 Explo-

54 1017 140 1040 rator
165 1008 364 1050 perciperet,
387 1020 441 1042 aut
466 1009 486 1042 fi
512 1008 617 1050 digito
640 1018 673 1038 ea
697 1015 815 1037 corona
840 1002 960 1037 sursum
974 1012 1057 1051 non-

54 1050 138 1084 nihil
163 1052 349 1092 compulsa,
375 1064 451 1085 mox
474 1053 576 1088 hanc,
603 1048 760 1082 subducto
785 1046 949 1094 paululum
971 1046 1058 1093 drgo

57 1105 115 1133 to,
138 1098 168 1126 δε
194 1096 295 1127 stante
323 1095 478 1134 muliere,
502 1094 599 1127 relabi
624 1092 724 1125 sinens
747 1113 760 1130 ,
804 1100 929 1132 gravrus
974 1098 1058 1121 uteri

55 1138 182 1180 pondus
204 1140 492 1176 animadverteret,
515 1147 569 1171 aut
592 1136 729 1177 denique
752 1133 774 1166 si
793 1134 883 1182 *idem
910 1131 1059 1180 osculum

55 1181 236 1223 posteriora
260 1182 366 1216 versus
390 1183 583 1215 inclinatum
607 1179 705 1220 magis
720 1176 964 1210 sentiret-Haec
976 1186 1062 1224 emm

54 1224 107 1257 etsi
121 1224 365 1267 Hippocratico
389 1224 477 1268 signo
502 1223 621 1265 adjecta
645 1220 742 1264 ipsius
765 1221 833 1253 vim
858 1228 975 1260 augent
995 1229 1062 1268 uti-

53 1279 136 1309 que3
165 1279 272 1302 tamen
298 1280 491 1311 magnopere
516 1279 581 1299 non
606 1264 769 1298 fidendum
786 1288 795 1303 ,
819 1262 928 1296 censui
950 1284 959 1299 ,
997 1263 1055 1312 nist

53 1322 129 1345 cum
153 1324 188 1345 ea
213 1324 355 1349 corona,
381 1322 416 1345 ut
439 1311 583 1345 Galenus
607 1309 693 1356 (ο)
726 1308 807 1340 olim
854 1306 1058 1354 admonuitn,

54 1366 150 1397 aequo
176 1355 292 1389 durior
317 1366 380 1388 non
406 1353 498 1393 esset,
524 1355 607 1387 uteri
632 1362 737 1385 autem
762 1350 975 1389 morborum,
1009 1359 1059 1381 vi-

54 1401 238 1435 tiorumve,
263 1401 296 1432 in
319 1409 459 1441 quorum
482 1406 566 1432 certe
589 1394 781 1439 quibusdam
804 1392 974 1427 inclinatio
984 1403 1061 1435 quo-

56 1454 119 1483 que
143 1441 324 1475 antrorsum
347 1441 412 1478 est,
436 1443 523 1475 unde
543 1439 690 1474 osculum
714 1435 892 1471 retrorsum
927 1446 1060 1470 conver-

57 1487 165 1526 titur,
188 1487 297 1518 omnia
323 1485 458 1519 abessent
480 1484 620 1517 indicia.

97 1540 130 1572 4.
156 1530 261 1570 Igitur
274 1541 311 1562 ne
322 1539 428 1561 veram
439 1528 667 1570 graviditatem
681 1537 739 1567 pro
751 1523 827 1557 falsa
842 1524 1036 1565 accipiamus
1050 1544 1059 1560 ‚

57 1572 100 1605 est
114 1574 195 1605 ratio
212 1570 354 1606 habenda
367 1570 594 1605 accuratiffime
606 1580 720 1602 eorum
733 1569 882 1601 omnium
895 1575 966 1599 tum
989 1577 1061 1609 quae

54 1615 191 1654 adsunt,
205 1625 273 1649 tum
288 1626 359 1656 quae
383 1614 495 1648 absunt
511 1636 520 1651 ‚
546 1615 578 1646 in
594 1613 767 1655 primisque
793 1609 814 1642 fi
831 1610 948 1643 mulier
972 1619 1062 1642 antea

56 1654 190 1701 gesiaitit
203 1668 327 1692 uterum
339 1680 348 1695 ‚
361 1669 398 1690 an
411 1657 517 1691 eadem
534 1667 605 1699 quae
618 1656 692 1688 alias
706 1676 715 1690 ,
726 1653 812 1697 signa
825 1655 923 1687 initio
936 1652 1066 1694 praeces-

57 1703 240 1739 serint,'ex
262 1702 380 1741 quibus
405 1712 487 1734 nunc
520 1699 643 1742 pariter
680 1698 710 1731 se
745 1697 910 1740 gravidam
945 1694 1063 1729 factam

57 1743 201 1779 censeat.
226 1744 284 1779 Ob
306 1743 400 1785 hujus
423 1745 510 1777 enim
535 1744 603 1782 rei,
627 1740 748 1775 fallacis
785 1741 917 1783 quidem
963 1742 1063 1772 inter-

55 1789 156 1824 dum,
181 1787 228 1820 sed
253 1799 316 1820 non
332 1797 498 1830 propterea
527 1786 726 1827 negligendae
741 1809 749 1823 ,
772 1785 1055 1826 contemptionem

56 1832 135 1873 saepe
159 1831 226 1864 vidi
253 1830 397 1865 Medicos
420 1832 455 1863 in
477 1840 617 1863 errorem
642 1827 831 1870 prolapsos,
856 1836 893 1860 ut
930 1838 968 1859 ex
1003 1830 1064 1861 tri-

56 1876 116 1908 bus
141 1873 254 1907 saltem
269 1898 278 1913 ‚
299 1885 377 1914 quas
400 1873 502 1916 placet
538 1870 692 1914 subjicere
716 1894 724 1908 ,
769 1870 1062 1904 Observationibus

57 1917 203 1960 praeclare
225 1918 405 1960 intelliges.
432 1917 494 1949 Hae
516 1926 626 1948 omnes
649 1915 686 1948 ad
712 1915 875 1947 Foeminas
899 1915 1062 1956 pertinent

58 1958 317 1994 Generosiffimas
330 1984 342 1999 ,
355 1960 493 2002 primam
508 1958 622 2000 liujus,
649 1958 784 2000 reliquas
800 1969 875 1991 meae
887 1958 1042 1989 Civitatis
1054 1980 1061 1988 .

102 2016 129 2045 5.
154 2004 322 2039 FtffiTUS
344 2012 416 2036 ante
439 2003 491 2035 lex
515 2000 652 2037 menses,
675 2004 703 2034 &
730 2001 794 2033 dies
819 2003 967 2043 aliqu0t3
1005 2011 1061 2033 ne-

56 2059 119 2090 que
143 2047 230 2079 enim
256 2046 296 2079 ab
320 2058 358 2079 eo
381 2056 527 2088 tempore
554 2045 669 2078 mulier
693 2056 767 2078 cum
781 2046 866 2078 Viro
889 2043 1060 2077 consueve-

55 2100 105 2123 rat
129 2090 284 2131 ampliu53
308 2099 483 2132 conceptus
506 2088 611 2122 fuerat
626 2109 635 2124 ,
664 2097 765 2120 matre
789 2089 832 2121 ob
856 2087 964 2120 solitas
996 2088 1062 2119 ini-

57 2135 106 2167 tio
130 2133 197 2176 post
220 2143 348 2167 caeteras
370 2132 597 2173 conceptiones
620 2131 799 2170 molestias,
822 2132 901 2173 quin
925 2131 1060 2172 gravida

55 2175 140 2210 faffla
163 2175 259 2214 esset,
284 2187 348 2209 non
373 2175 564 2209 dubitante.
585 2174 724 2218 Jamque
740 2183 850 2208 uterus
862 2176 960 2206 tertio
972 2184 1061 2206 men-

56 2221 86 2253 se
108 2229 232 2252 tumere
255 2229 420 2262 coeperat,
444 2229 540 2256 cum,
564 2216 749 2259 profluente
781 2218 887 2250 multo
919 2227 958 2249 ex
982 2216 1061 2263 ⁴hae-

55 2262 299 2296 morrhoidibus
322 2262 492 2304 sanguine,
518 2261 698 2299 detumuit,
723 2268 758 2294 ut
781 2262 945 2303 deceptam
968 2258 1062 2293 fuisse

56 2307 246 2342 mulierem,
273 2306 529 2339 arbitrarentur.
556 2303 675 2347 Itaque
696 2305 754 2337 etfi
786 2303 954 2347 postquam
979 2326 987 2338 ,
1022 2314 1060 2336 eo

53 2348 149 2383 fluxu
172 2348 443 2391 conquiescente,
468 2357 603 2381 recreata
628 2355 714 2385 erat,
737 2348 858 2380 iterum
882 2356 992 2380 venter
1008 2349 1061 2378 in-

54 2391 247 2426 tumesceret
268 2403 278 2429 3
304 2404 367 2426 non
392 2400 563 2434 propterea
587 2389 752 2432 gravidam
778 2400 928 2431 putavere
952 2414 958 2420 .
997 2392 1060 2424 Re-

53 2437 115 2469 diit
141 2435 307 2468 noviffime
329 2436 413 2469 idem
436 2433 546 2468 fluxus
565 2455 575 2470 ‚
621 2436 711 2476 eique
756 2432 853 2466 febris
898 2433 1022 2478 acceffit
1047 2457 1054 2465 .

58 2481 157 2512 Tunc
181 2489 258 2512 vero
280 2490 352 2512 curn
377 2478 442 2520 ipsa
465 2477 553 2519 jam,
576 2477 691 2509 nedum
717 2476 864 2517 Medici,
897 2477 978 2510 nihil
1017 2477 1057 2509 de

53 2521 249 2565 graviditate
273 2523 411 2563 amplius
438 2520 672 2563 suspicaretur3
698 2518 824 2562 sanguis
856 2532 873 2554 e
895 2520 1054 2559 brachio,

55 2568 87 2598 &
112 2564 315 2606 postmodum
341 2567 438 2599 etiam
460 2576 475 2598 e
499 2564 577 2605 pede
602 2563 709 2596 missus
733 2563 794 2602 est,
827 2573 896 2598 tum
939 2563 1056 2597 deinde

52 2608 322 2642 medicamentum
345 2607 458 2642 datum
482 2607 520 2641 ad
547 2607 653 2640 alvum
680 2606 863 2641 solvendam
886 2631 893 2638 .
943 2608 1055 2641 Paucis

51 2650 221 2694 postquam
246 2651 357 2685 datum
382 2651 486 2685 fuerat
507 2673 517 2688 ,
562 2649 650 2683 horis
695 2662 764 2683 ecce
808 2651 1054 2693 inopinantibus

54 2695 227 2734 omnibus,
251 2694 350 2729 foetus
376 2693 508 2736 ejicitur
532 2704 702 2731 mortuus,
725 2696 756 2727 &
802 2695 937 2737 septima
983 2695 1052 2736 post

51 2736 137 2770 hunc
160 2737 240 2771 hora
264 2739 433 2772 Secundae.
459 2738 542 2775 Quae
566 2748 641 2771 cum
664 2736 766 2776 stetu,
791 2740 822 2770 δι
846 2749 955 2771 eorum
979 2749 1049 2779 quae

51 2780 142 2819 dixi,
167 2782 314 2814 omniurn
337 2782 490 2814 relatione
513 2780 551 2814 ad
564 2793 613 2813 me
630 2780 732 2814 allatae
749 2780 880 2814 fuerunt
896 2780 1052 2822 postridie

52 2833 165 2861 mane,
190 2825 247 2864 qui
271 2823 338 2857 dies
362 2824 425 2858 fuit
448 2825 511 2857 IV.
536 2824 611 2857 Kal.
636 2824 836 2865 Septembres
879 2826 925 2857 A.
954 2833 1047 2866 1727.

181 2867 310 2902 FOET
325 2868 389 2902 US
412 2879 428 2901 a
451 2868 571 2900 vertice
595 2867 631 2900 ad
657 2867 755 2900 calces
779 2875 849 2901 erat
873 2867 925 2900 sex
949 2867 1051 2900 trans-

51 2909 157 2942 versos
180 2908 302 2952 digitos
322 2911 434 2953 longus
449 2937 457 2950 ‚
483 2909 645 2943 funiculus
670 2911 865 2943 umbilicalis
898 2922 1014 2943 novem
1034 2935 1043 2948 ,

50 2951 101 2986 sed
127 2953 206 2986 mira
231 2954 410 2995 tenuitate,
433 2964 468 2987 ut
492 2952 583 2987 filum
608 2951 742 2987 referret
776 2953 914 2988 modicas·
942 2954 1050 2987 craffi-

55 2995 181 3029 tudinis
200 3020 210 3035 ‚
233 2996 297 3030 sine
319 2996 383 3029 ulla
406 2996 602 3034 intorsione,
625 2996 745 3038 ubique
779 2999 899 3039 aequale
926 3022 933 3029 .
965 2999 1047 3031 Cor-

48 3039 217 3081 pusculum
240 3037 361 3077 foetus,
384 3042 440 3081 qui
463 3050 530 3073 erat
553 3040 732 3082 masculus,
751 3041 830 3074 bene
843 3042 929 3074 intus
941 3050 1049 3074 extra-

48 3094 112 3125 que
134 3082 399 3120 conformatum‚
423 3084 481 3116 nisi
507 3085 595 3125 quod
617 3094 715 3126 caput
742 3093 850 3118 totum
873 3085 918 3117 ita
954 3096 1051 3126 appa-

48 3126 139 3158 rebat
156 3147 164 3162 ‚
187 3126 274 3168 quasi
300 3138 316 3158 a
341 3126 490 3159 lateribus
513 3126 619 3160 fuisset
650 3126 863 3169 compressum
888 3153 895 3160 .
942 3128 1046 3161 Albus

47 3168 235 3212 prodierat,
258 3180 342 3202 nunc
366 3169 469 3203 fuscus
493 3181 558 3202 erat
580 3169 849 3204 faetusNiscera
861 3170 925 3204 fere
936 3174 1045 3205 omnia

48 3212 172 3254 pallido
187 3237 195 3250 ,
219 3214 250 3244 δι
272 3212 418 3247 obsoleto
440 3213 570 3252 colore,
592 3214 680 3256 jecur
704 3216 737 3246 in
770 3216 880 3257 primis
905 3239 914 3254 ‚
957 3215 1045 3256 quod

48 3268 87 3289 ex
110 3254 260 3288 subflavo
283 3264 349 3288 erat
375 3254 633 3298 pallidiffimum.
660 3258 738 3291 Non
774 3257 872 3292 modo
906 3260 1046 3293 urinaria

47 3300 147 3332 vesica
171 3300 296 3335 inanis,
322 3298 370 3332 sed
394 3300 424 3330 δι
447 3299 554 3332 Colon
578 3302 786 3339 intestinum,
811 3305 842 3334 δε
868 3301 1010 3334 Κεξὶυιῃ
1035 3325 1043 3333 .

46 3344 135 3375 Cum
158 3341 324 3384 sangui-nei
347 3342 487 3378 coloris,
512 3353 575 3375 non
598 3344 695 3377 modo
721 3343 885 3386 sanguinis
906 3368 917 3384 ‚
962 3344 1044 3378 nihil

45 3386 179 3428 usquam
205 3386 233 3418 se
256 3385 430 3419 ostenderet
453 3396 515 3428 qua
536 3397 659 3430 cunque
683 3388 745 3420 sive
768 3388 883 3421 foetum
909 3387 1044 3427 secares,

46 3427 110 3463 five
135 3428 202 3471 ejus
225 3428 428 3468 funiculum,
453 3430 509 3470 qui
533 3430 570 3462 ad
594 3442 643 3462 me
667 3433 812 3472 integer,
837 3432 912 3465 hinc
937 3433 1043 3464 umbi-

45 3471 111 3505 lico
137 3483 303 3512 annexus,
325 3472 398 3505 inde
421 3472 572 3515 placentae
587 3495 596 3511 ,
620 3474 734 3507 allatus
756 3473 881 3514 fuerat,
904 3486 1042 3517 cumque

44 3517 141 3557 primi
165 3516 275 3549 saltem
299 3516 338 3548 ab
361 3515 419 3548 illo
441 3518 475 3548 in
500 3514 581 3549 hanc
606 3520 682 3550 rami
706 3516 803 3550 essent
817 3529 942 3555 tenues,
965 3521 1040 3560 qui-

43 3557 118 3592 dam
142 3558 227 3602 quafi
253 3559 365 3601 globi,
389 3557 537 3592 nonnihil
564 3570 594 3591 m
619 3561 753 3602 longum
777 3560 804 3594 se
818 3563 1040 3601 extendentes,

43 3604 173 3645 magni,
195 3604 415 3644 nigricantes,
438 3605 467 3635 &
492 3601 643 3644 sanguine
666 3603 762 3637 ferme
786 3604 893 3638 fluido
924 3605 1040 3637 disten-

131 3646 295 3688 Morgagnj
307 3648 340 3677 a'e
353 3648 417 3678 Sed.
429 3647 471 3677 &
481 3646 567 3687 Caes.
582 3647 681 3679 Μονίι.
698 3649 795 3680 Tom.
808 3650 853 3680 ΙΙ.

1935 202 2033 249 227

1100 270 1149 306 ti,
1174 279 1228 311 per
1252 269 1464 305 Set-undarum
1489 269 1724 302 membraneam
1749 266 1864 302 faciem
1887 277 1949 308 qua
1974 267 2099 307 placen-

1102 322 1163 352 τε,
1185 312 1238 345 hic
1262 323 1369 345 revera
1394 324 1452 355 pro
1476 313 1634 353 parvitate
1657 311 1756 345 foetus
1781 310 1975 353 ampliffirnae
1990 331 1999 345 ι
2024 309 2098 342 sub-

1104 364 1216 394 erant,
1239 355 1549 398 transpiciebantur.
1576 356 1739 389 Caeterum
1764 354 1818 389 etfi
1845 352 1946 387 foetus
1969 351 2101 393 corpus-

1102 398 1212 431 culum
1236 409 1336 441 neque
1358 410 1425 433 erat
1449 399 1589 432 exterius
1612 396 1784 432 flaccidum
1805 422 1814 438 ,
1848 406 1948 439 neque
1979 394 2100 435 rugofis

1103 442 1334 484 integumentis
1358 452 1529 485 opertum,
1553 453 1653 484 neque
1676 454 1714 475 ex
1736 442 1825 483 ipso,
1850 450 1905 473 aut
1927 449 1967 471 ex
1982 439 2100 470 Secun-

1102 485 1150 517 dis
1174 485 1351 528 quidquam
1375 486 1483 529 gravis
1505 484 1614 518 odoris
1638 485 1771 528 usquam
1797 485 1928 519 extitits
1954 492 2016 514 non
2040 479 2101 513 du-

1103 527 1203 560 bitavi
1229 538 1334 561 tamen
1357 530 1435 570 quin
1460 528 1581 561 diutins
1603 530 1637 561 in
1660 527 1789 562 occluso
1813 537 1902 561 utero
1913 549 1933 572 ,ἱ
1950 534 2006 573 aut
2017 533 2104 570 mot-

1105 579 1201 608 tuus‚
1228 581 1282 605 aut
1305 582 1388 605 certe
1412 570 1657 610 infirmiffimus,
1682 574 1712 604 δι
1746 581 1878 605 mortuo
1914 567 2024 610 similis
2055 577 2102 608 Ja-

1105 612 1240 654 (uisset,
1265 626 1436 658 antequam
1459 614 1583 656 prorsus
1608 624 1786 648 moreretur
1803 640 1810 647 .
2116 621 2120 625 “

1149 660 1180 690 6.
1206 659 1406 699 Repentinus
1430 658 1524 691 multi
1549 657 1709 699 sanguinis
1733 657 1845 691 fluxus
1878 654 2067 696 exsanguem
2089 675 2104 692 ,

1104 710 1138 734 ut
1162 713 1200 733 ex
1222 700 1406 735 disseffione
1430 701 1600 743 apparuit,
1625 700 1743 741 foetum
1767 700 1898 741 ejusque
1923 696 2103 731 funiculum

1103 743 1308 784 reddiderat,
1330 747 1361 777 δε
1383 745 1468 778 hunc
1493 754 1642 785 praeterea
1668 743 1746 777 adeo
1759 744 1910 786 gracilem
1924 767 1931 774 .
1950 743 1986 773 In
2000 752 2036 772 eo
2049 750 2106 771 au-

1104 789 1268 829 temquod
1292 788 1391 820 scetus
1414 786 1470 820 esse
1481 787 1660 821 crederetur
1673 783 2006 827 nullus,excusandus
2018 790 2106 830 error

1105 831 1311 864 Medicorum
1327 832 1494 873 aliquanto
1505 831 1606 871 magis
1620 842 1734 873 ,quam
1749 834 1780 863 in
1797 830 1942 872 proxima
1956 825 2087 870 historia
2098 847 2107 855 -

1150 886 1178 916 7.
1204 875 1385 910 POETUM
1412 875 1531 914 pariter
1554 876 1787 911 immaturum,
1813 876 1842 906 δι
1868 880 2032 905 mortuum
2044 878 2109 910 eje-

1106 927 1190 950 cerat
1216 918 1311 949 altera
1337 918 1488 950 Matrona
1514 916 1616 950 mense
1640 917 1750 950 Sextili
1776 919 1821 951 A.
1850 918 1941 958 1716.
1967 913 2055 962 Huic
2079 909 2109 943 se

1108 960 1274 1003 gravidam
1298 958 1381 999 esse,
1404 972 1442 992 ex
1463 960 1625 993 consuetis
1649 960 1708 993 fibi
1733 961 1863 994 indiciis
1874 954 2110 1001 putant1,Me-

1108 1005 1198 1037 dicus
1225 1013 1259 1035 ut
1284 1003 1522 1040 abundantem,
1554 1005 1827 1045 quemadmodum
1873 998 2074 1035 existimabat
2097 1019 2112 1036 ,

1111 1048 1269 1080 minueret
1297 1047 1482 1087 sanguinem
1499 1069 1506 1082 ‚
1530 1047 1692 1081 ebrachio
1715 1048 1842 1080 miserat
1868 1045 1976 1086 pondo
2000 1042 2112 1075 librae.

1110 1094 1197 1124 Cum
1222 1099 1332 1122 venter
1358 1088 1462 1130 postea
1488 1102 1550 1122 non
1575 1091 1619 1122 ita
1646 1102 1703 1131 pro
1738 1089 1920 1133 gestationis
1965 1094 2114 1127 ternpore

1114 1142 1273 1171 tumeret,
1297 1133 1476 1176 mulierque
1500 1134 1539 1165 iis
1563 1133 1722 1166 mensibus
1747 1134 1864 1176 quibus
1898 1131 1997 1164 soetus
2043 1139 2114 1161 mo-

1114 1187 1185 1209 tum
1209 1175 1461 1209 animadvertere
1483 1176 1689 1210 consueverat
1704 1201 1713 1216 ,
1735 1188 1798 1209 non
1823 1176 1998 1218 perciperet
2013 1194 2021 1207 ‚
2045 1181 2115 1204 tum

1115 1220 1305 1254 Obstetrix,
1330 1230 1397 1251 tum
1421 1220 1573 1253 Medicus
1596 1219 1684 1262 ipse,
1709 1220 1773 1252 Vir
1796 1219 1942 1260 alioquin
1973 1215 2085 1249 doc‘ius
2109 1236 2119 1252 ‚

1109 1263 1160 1297 sed
1182 1275 1277 1306 quam
1300 1263 1391 1295 semel
1417 1264 1526 1295 animo
1549 1262 1726 1297 imbibisset
1748 1264 1937 1305 opinionem
1962 1257 2047 1293 haud
2070 1255 2118 1307 sa-

1109 1307 1172 1341 cile
1195 1307 1378 1348 deponens,
1401 1318 1465 1339 non
1489 1305 1632 1344 foetum,
1658 1306 1708 1340 sed
1732 1308 1851 1340 molam
1889 1314 1981 1337 utero
2017 1312 2083 1343 geri
2110 1321 2120 1336 ²

1116 1351 1390 1393 pronunciarunt.
1415 1351 1485 1388 Qua
1520 1351 1790 1391 pronunciatione
1836 1361 1910 1383 cum
1958 1342 2121 1395 perculsus

1115 1393 1210 1430 esset,
1235 1395 1390 1436 gravique
1415 1392 1570 1427 moestitia
1596 1392 1736 1427 affliclus
1772 1393 1917 1427 mulieris
1963 1398 2089 1423 animus
2111 1399 2122 1423 3

1116 1437 1200 1470 forte
1226 1436 1344 1470 accidit
1369 1445 1403 1468 ut
1428 1437 1491 1477 ipse
1517 1439 1548 1468 in
1575 1437 1717 1470 Patriam
1741 1437 1844 1470 aestate
1889 1436 1945 1468 illa
1992 1431 2121 1465 secede-

1116 1492 1205 1517 rem,
1232 1479 1414 1520 insciusque
1440 1491 1544 1512 rerum
1570 1480 1720 1520 istarum,
1743 1478 1810 1522 ejus
1837 1488 1954 1521 rogatu
1989 1489 2003 1508 a
2029 1477 2124 1508 Con-

1117 1526 1318 1567 sanguineis‚
1344 1524 1435 1555 Viris
1459 1523 1682 1562 nobiliffimis,
1720 1525 1846 1564 meique
1890 1518 2086 1555 amicissimis
2110 1539 2121 1555 2

1118 1567 1156 1600 ad
1185 1568 1282 1609 ipsam
1308 1566 1499 1599 adducerer.
1629 1566 1742 1609 Quam
1768 1567 1880 1605 bono,
1904 1575 1940 1597 ut
1966 1562 2088 1597 solebat
2112 1584 2124 1601 ‚

1119 1612 1248 1651 colore,
1271 1614 1323 1648 &‚
1347 1608 1405 1643 nifi
1430 1609 1515 1652 quod
1541 1609 1639 1642 tristis
1662 1620 1754 1649 erat,
1777 1610 1857 1642 bene
1883 1609 2039 1641 valentem
2050 1616 2126 1639 curn

1119 1655 1313 1696 aspicerem5
1337 1651 1417 1694 quid
1441 1653 1525 1692 tibi,
1551 1654 1683 1698 inquam
1699 1675 1707 1690 ‚
1748 1653 1880 1686 Medico
1925 1661 2006 1698 opus
2050 1648 2092 1683 est
2113 1648 2127 1682 ?

1119 1698 1272 1739 Nempe,
1297 1699 1405 1740 inquit
1425 1719 1434 1733 ,
1457 1706 1492 1729 ut
1518 1708 1557 1728 ex
1581 1708 1620 1729 eo
1646 1698 1763 1736 sciam,
1788 1694 1924 1738 gravida
1953 1697 2028 1732 sim,
2053 1704 2128 1726 nec-

1118 1753 1177 1775 ne.
1202 1742 1292 1774 Tum
1318 1752 1377 1782 ego
1400 1751 1472 1773 cum
1498 1741 1753 1781 interrogando,
1777 1743 1808 1772 &
1832 1749 1974 1772 ventrem
2000 1746 2129 1769 contre-

1118 1783 1234 1818 &ando
1251 1808 1259 1821 ‚
1286 1784 1367 1816 nihil
1392 1784 1557 1819 audirem,
1584 1783 1731 1826 ninilque
1763 1784 1962 1825 perciperem
1989 1807 1996 1819 ,
2044 1780 2128 1814 unde

1117 1839 1182 1861 non
1208 1828 1373 1869 gravidam
1397 1826 1480 1865 esse,
1506 1826 1692 1866 crederem,
1718 1828 1786 1860 imo
1811 1838 1848 1860 ex
1873 1825 1959 1868 ipsa,
1985 1827 2128 1866 itemque

1116 1883 1156 1903 ex
1179 1873 1291 1903 intima
1317 1870 1430 1903 ancilla
1454 1881 1524 1912 quae
1548 1871 1575 1901 ei
1602 1870 1722 1910 semper
1746 1868 1849 1904 fuerat
1895 1882 1909 1902 a
1947 1868 2127 1907 cubiculo,

1118 1915 1227 1948 eadem
1251 1915 1360 1946 omnia
1387 1924 1470 1945 nunc
1494 1912 1551 1946 esse
1569 1935 1578 1950 ‚
1602 1916 1633 1947 δε
1658 1913 1775 1951 fuisse,
1802 1913 2018 1955 intelligerem
2053 1923 2126 1953 quae

1117 1960 1150 1990 in
1177 1959 1340 2000 prioribus
1366 1956 1490 1989 fuerant
1516 1958 1598 1989 uteri
1623 1957 1859 1998 gestationibus
1881 1982 1888 1995 ,
1913 1957 1934 1989 si
1959 1956 2025 1989 duo
2070 1955 2126 1988 illa

1116 2004 1278 2041 exciperes
1300 2000 1337 2034 de
1361 2002 1479 2043 quibus
1503 2010 1593 2034 antea
1618 2002 1740 2035 dictum
1764 2001 1829 2038 est;
1855 2000 1986 2043 gravida
2000 2010 2050 2036 es,
2077 1999 2127 2031 ifl-

1116 2057 1236 2087 quam,
1262 2056 1317 2077 nec
1341 2043 1406 2077 duo
1430 2044 1504 2081 ista,
1528 2046 1669 2086 opinor,
1693 2043 1854 2082 deessent,
1880 2042 1938 2076 nisi
1963 2042 2069 2087 quod'
2089 2043 2127 2075 in

1117 2089 1187 2120 aliis
1212 2088 1468 2129 gestationibus,
1492 2099 1565 2122 cum
1590 2087 1703 2130 junior
1727 2087 1798 2122 esses
1829 2114 1838 2128 ,
1873 2098 1938 2121 non
1985 2086 2089 2120 fecisti
2112 2108 2127 2125 5

1117 2130 1305 2172 sanguinem
1328 2142 1427 2173 eaque
1452 2132 1567 2174 copia,
1591 2133 1775 2171 mittendo,
1799 2131 1900 2165 foetus
1924 2131 2025 2163 robur
2060 2132 2126 2163 im-

1115 2173 1276 2208 minuisses
1291 2200 1298 2212 ‚
1323 2175 1453 2216 ejusque
1477 2176 1712 2210 incrementum
1738 2175 1918 2210 retardasles
1933 2199 1939 2206 .
1955 2176 2044 2208 Tum
2068 2174 2125 2209 de-

1114 2228 1204 2250 mum
1227 2219 1298 2259 quis
1322 2217 1476 2260 juffilset,
1500 2218 1628 2261 eiusque
1652 2219 1691 2253 de
1739 2220 1823 2253 mola
1875 2219 2124 2259 pronunciatio-

1116 2272 1190 2294 nem
1214 2261 1343 2307 audivi.
1372 2262 1424 2293 Ibi
1448 2273 1529 2303 ego,
1554 2273 1624 2304 quae
1649 2263 1755 2305 ipsum
1802 2263 1944 2295 rationes
1992 2273 2124 2304 permo-

1117 2314 1210 2337 veant
1230 2327 1239 2342 ‚
1265 2306 1393 2337 nescio:
1422 2317 1498 2337 meae
1522 2315 1608 2338 certe
1633 2317 1682 2339 me
1703 2316 1916 2350 permovent,
1942 2314 1976 2338 ut
2001 2305 2038 2339 de
2051 2317 2124 2339 mo-

1114 2349 1144 2381 la
1169 2360 1205 2381 ne
1230 2348 1364 2389 suspicer
1387 2348 1543 2391 quidem5
1569 2347 1690 2383 foetum
1715 2361 1792 2383 vero
1826 2349 2021 2382 imbecillem
2044 2372 2053 2387 ‚
2090 2354 2123 2383 ὃς

1113 2403 1211 2433 quem
1238 2393 1292 2424 nisi
1319 2403 1390 2434 apta
1418 2392 1545 2426 vivendi
1568 2404 1680 2427 norma
1705 2418 1714 2434 ,
1752 2394 1916 2434 animique
1950 2393 2120 2426 alacritate

1113 2446 1253 2473 recrees,
1278 2437 1309 2466 in
1337 2436 1514 2476 periculum
1537 2435 1696 2476 adducas,
1720 2450 1735 2470 a
1762 2447 1792 2469 te
1815 2437 1949 2477 gestari,
1973 2448 2040 2480 quo
2080 2437 2120 2471 ad

1112 2479 1188 2511 licet
1212 2477 1370 2520 ejusmodi
1395 2481 1427 2511 in
1452 2481 1566 2519 rebus,
1591 2480 1774 2514 confirmo.
1803 2480 1886 2512 Vera
1913 2478 1979 2513 haec
2005 2488 2116 2518 orarit3

1113 2531 1142 2554 at
1168 2521 1266 2554 serius
1289 2533 1385 2564 quam
1411 2521 1630 2564 oportuisset,
1653 2524 1831 2557 inculcata.
1857 2525 1943 2556 Cum
1956 2525 2118 2567 enimipse

1112 2564 1302 2598 rusticatum
1328 2564 1494 2602 abiissem;
1520 2577 1583 2598 non
1608 2568 1653 2600 ita
1690 2568 1800 2601 multis
1831 2569 2012 2609 interjectis
2046 2570 2117 2602 die-

1112 2609 1194 2645 bus,
1221 2608 1363 2646 accidit,
1388 2618 1421 2641 ut
1447 2610 1576 2642 mulieri
1602 2622 1659 2644 nec
1684 2613 1831 2652 opinanti
1859 2613 1983 2644 cruenti
2018 2613 2117 2654 quid-

1110 2654 1197 2694 piam
1221 2664 1237 2684 e
1260 2653 1459 2685 naturalibus
1485 2653 1647 2694 prodiret.
1674 2655 1822 2688 Medicus
1857 2665 1962 2688 autem
1996 2656 2115 2697 praeju-

1106 2696 1211 2729 dicata
1235 2697 1389 2737 opinione
1415 2695 1591 2733 adduetus,
1617 2709 1651 2730 ut
1676 2700 1793 2732 molam
1829 2700 1926 2731 citius
1962 2698 2114 2732 deturba-

1107 2750 1180 2779 ret,
1205 2738 1338 2772 rhedam
1361 2738 1593 2780 conscendere,
1618 2744 1647 2773 Sc
1682 2754 1736 2783 per
1769 2743 1938 2784 inaequalia
1964 2750 1985 2778 ,²
2018 2753 2114 2786 atque

1107 2781 1212 2824 aspera
1235 2783 1303 2815 loca
1327 2783 1418 2824 equis
1442 2784 1617 2816 concitatis
1642 2784 1686 2817 ire
1709 2784 1812 2825 juffit-
1851 2786 1993 2818 Dolores
2038 2786 2112 2820 inde

1106 2826 1325 2859 oboriuntur.
1350 2828 1495 2859 Domum
1521 2827 1667 2860 reditur.
1702 2828 1886 2861 Mittuntur
1925 2828 1963 2861 ad
1997 2829 2111 2863 Medi-

1109 2881 1183 2903 cum
1207 2871 1264 2910 qui
1289 2869 1459 2902 consulant
1482 2870 1559 2911 quid
1584 2870 1760 2911 agendum.
1788 2872 1854 2904 Hic
1881 2883 1956 2905 vero
1991 2872 2110 2914 clyste-

1104 2925 1172 2946 rem
1195 2914 1352 2954 imperat:
1377 2923 1442 2953 quo
1465 2912 1590 2946 reddito
1607 2939 1614 2952 ,
1640 2913 1668 2947 se
1691 2925 1881 2954 venturum,
1908 2915 2076 2958 promittit
2099 2941 2108 2950 .

1102 2959 1192 2991 Dum
1220 2956 1386 2994 redditur,
1410 2967 1471 2988 una
1496 2966 1641 2989 mortuus
1665 2957 1784 2997 foetus,
1810 2960 2024 3002 secundaeque
2048 2960 2108 3002 eji-

1102 3001 1236 3033 ciuntur
1260 2998 1347 3031 nulla
1375 3009 1448 3031 cum
1473 2999 1579 3032 mola.
1605 3000 1703 3033 Venit
1727 3012 1790 3034 non
1815 3004 1858 3035 ita
1896 3003 2003 3035 multo
2039 3004 2108 3046 post

1104 3044 1274 3076 Medicus.
1301 3042 1456 3075 Occurrit
1480 3043 1594 3076 ancilla
1620 3044 1657 3077 de
1681 3056 1744 3087 qua
1769 3056 1858 3078 antea
1882 3047 2006 3080 difftum
2029 3050 2073 3080 est
2096 3070 2105 3085 ‚

1104 3086 1283 3128 iisdemque
1309 3084 1540 3130 propemodum
1566 3089 1670 3121 verbis
1693 3090 1833 3130 excipit,
1856 3090 1975 3131 quibus
2009 3091 2041 3122 in
2074 3101 2106 3123 re

1105 3142 1168 3163 non
1196 3130 1284 3162 valde
1309 3129 1471 3168 absimili,
1497 3137 1532 3161 ut
1555 3132 1587 3162 in
1615 3131 1821 3173 Sepulchreto
1857 3137 1911 3174 (p
1934 3136 1944 3170 )
1979 3133 2072 3166 habes
2095 3157 2106 3174 ,

1097 3175 1243 3207 Medicos
1266 3173 1346 3204 olim
1362 3172 1567 3214 excepitsuos
1578 3174 1809 3216 generosiffima
1835 3177 1951 3208 Veneta
1977 3177 2106 3209 Matro—

1098 3228 1136 3250 na
1162 3216 1284 3250 Helena
1309 3217 1347 3248 de
1370 3216 1578 3249 Motenicis.
1610 3219 1737 3251 Ancilla
1774 3220 1859 3251 enim
1895 3220 1950 3251 illa
1985 3218 2103 3253 foetum

1098 3260 1263 3294 ostendens
1281 3281 1288 3293 ,
1312 3270 1347 3291 en
1374 3260 1457 3292 mola
1473 3283 1485 3299 ,
1509 3261 1637 3302 inquit,
1662 3273 1758 3303 quam
1771 3260 1843 3294 hera
1857 3261 1996 3303 gestabat
2012 3273 2078 3295 mea
2093 3289 2101 3296 .

1228 3302 1437 3342 Ftffi'sUM,
1459 3314 1532 3336 cum
1559 3314 1593 3337 ut
1617 3305 1711 3344 dixi,
1736 3305 1868 3338 abessem
1892 3328 1905 3344 ,
1952 3305 2102 3339 dissecare

1101 3358 1163 3380 non
1190 3347 1303 3389 potui.
1329 3347 1386 3377 Sed
1412 3346 1588 3388 gracilem,
1618 3350 1647 3379 ὅ(
1692 3345 1775 3380 nihil
1820 3359 1916 3390 grave
1959 3350 2111 3382 olentemx

1098 3389 1212 3428 fuisse,
1239 3390 1277 3421 ab
1302 3391 1341 3421 iis
1365 3392 1420 3430 qui
1446 3390 1616 3428 viderant,
1641 3392 1775 3432 accepi.

1142 3435 1170 3465 8.
1197 3433 1301 3465 Venia
1326 3443 1431 3466 tamen
1454 3433 1546 3475 digni
1570 3432 1641 3466 sunt
1665 3433 1809 3473 Medici,
1832 3432 1889 3467 nisi
1914 3434 1935 3467 si
1951 3436 2093 3476 pertina-

1097 3480 1182 3511 ciam
1196 3475 1270 3510 falsa
1281 3487 1352 3510 cum
1366 3477 1520 3518 opinione
1530 3475 1728 3518 conjungant
1741 3503 1748 3510 .
1766 3478 1877 3511 Multo
1888 3477 2079 3512 dociliorem
2093 3495 2103 3510 ³

1097 3533 1131 3555 ut
1155 3521 1314 3553 continuo
1337 3519 1520 3560 intelliges,
1545 3519 1785 3553 ibideminveni
1800 3521 1934 3554 alterum
1945 3523 1988 3554 A.
2005 3533 2098 3564 1721.

1140 3575 1170 3604 9.
1197 3563 1363 3599 POETUS
1387 3574 1482 3605 quem
1505 3564 1714 3596 immaturum
1732 3585 1739 3599 ,
1765 3566 1796 3596 &
1816 3573 1983 3598 mortuum
2004 3566 2100 3608 ejecit

1094 3616 1195 3639 mater
1214 3629 1226 3645 ,
1246 3606 1413 3639 historiam
1439 3617 1521 3638 nunc
1546 3607 1677 3682 tertiari}
1699 3611 1828 3649 accipe,
1853 3620 1890 3640 eo
1913 3607 2097 3650 digniorem

1610 3651 1633 3682 F
1715 3662 1730 3681 2
1982 3663 2053 3694 qua:

99 3790 149 3815 (m
169 3792 176 3820 J
193 3790 250 3815 Sest.
270 3800 289 3819 5,
311 3792 372 3819 aph.
394 3799 435 3820 52-
499 3792 543 3819 (n
563 3792 570 3820 J
588 3791 640 3814 lb'ni
668 3792 731 3820 Aps-r.
748 3801 785 3823 55.

845 3794 884 3824 (α
900 3795 910 3827 )
926 3797 960 3818 ΒΞ
976 3796 1021 3818 loc.
1040 3795 1108 3820 affe&
1134 3798 1149 3820 l.
1167 3799 1188 3821 6,
1207 3803 1228 3820 c.
1248 3806 1269 3826 ς.

1332 3800 1376 3829 (p
1393 3800 1403 3821 )
1422 3798 1428 3820 1
1458 3806 1477 3827 3..
1498 3800 1511 3822 S
1537 3808 1563 3826 21
1592 3796 1618 3820 in
1635 3798 1713 3822 Schoi.
1733 3799 1820 3827 penult,
1839 3798 1867 3823 ad
1886 3800 1940 3825 Obs.
1960 3801 1999 3830 58⁴.
