2498 4075
472 171 627 242 Epist.
664 177 829 230 Anat.
864 175 1078 247 Medica
1111 171 1424 227 XXXVIII.
1459 173 1579 243 Aru
1614 189 1684 235 ες.

87 258 157 300 post
199 254 295 292 horas
334 256 630 298 vigintiquatuor
661 255 848 298 inspicerem
869 279 878 294 ,
910 257 976 290 visa
1010 256 1084 291 uni-

84 298 178 334 versa'
212 299 254 333 est
297 299 402 331 albida
431 310 445 339 ‚⁴
486 298 537 332 sed
577 310 651 332 cum
694 301 854 341 paulatim
885 300 924 333 de
946 298 1016 333 vase
1050 301 1083 331 in

80 355 133 377 vas
173 340 390 377 effunderetur
414 366 423 381 ,
464 342 603 376 subflava
647 344 757 383 potius
803 345 950 385 apparuit
976 356 986 375 :
1031 354 1084 375 ne-

80 399 142 429 que
180 388 319 420 multum
352 396 411 427 pro
441 396 530 427 aquae
563 386 656 427 copia
697 387 731 418 in
775 385 875 419 fundo
907 385 1086 419 subsederat

55 446 60 451 ¹
83 430 229 464 humoris
252 429 377 462 subalbi
401 450 410 466 ‚
445 428 660 471 craffiorisque
683 429 723 462 ab
756 430 895 466 admistis
926 432 1024 463 etiam
1047 441 1085 461 o-

83 475 186 506 menti
210 472 353 506 frustulis
369 496 378 510 ,
401 472 441 504 ab
464 472 594 514 aliisque
617 473 655 504 de
677 473 795 513 quibus
821 475 928 515 postea
960 473 1084 506 indica-

83 517 195 550 bitur.
222 517 388 549 Caeterum
411 526 511 557 neque
535 526 613 556 aqua
630 539 643 554 ,
668 526 769 558 neque
790 516 922 549 cadaver
933 515 1084 554 foetebat,

86 559 141 593 etsi
165 560 292 592 ‘sennia
317 557 468 604 intestina
491 557 595 590 tribus
617 559 649 589 in
674 559 752 592 locis
776 560 933 601 nigricare
954 558 1085 600 incepe-'

85 612 180 641 rant,
206 613 269 638 non
294 603 378 635 ultra
402 600 608 635 latitudinem
632 610 741 634 tamen
764 601 928 643 transverfi
952 602 1050 643 digiti
1073 626 1083 635 .

84 647 209 680 Eorum
232 644 457 679 intestinorum
482 644 630 687 pleraque
652 646 822 680 tumebant
845 657 932 684 aere,
956 645 1006 679 sed
1018 655 1082 678 non

84 691 131 726 ita
156 689 318 723 multum.
344 688 474 726 Craffa,
499 696 535 720 ut
560 689 756 722 ventriculus
778 713 791 729 ,
824 687 950 731 prorsus
973 690 1082 721 inania

84 733 301 766 connivebam
327 756 335 764 .
359 732 398 773 ¹Si
421 731 543 764 omenti
567 741 691 773 partem
725 734 884 774 exciperes
917 732 1080 765 modicam

83 776 359 819 quae‘ventriculo
383 773 546 807 adhaerens
568 798 577 813 ,
609 776 733 818 reliqua
755 785 823 809 erat
848 797 858 812 ,
891 785 993 815 partes
1015 775 1080 816 ejus

65 829 205 866 qcaeterae
229 816 314 861 quasi
339 819 372 850 in
395 816 491 850 frusta
514 815 681 860 discerptae
705 827 813 855 erant,
837 818 964 854 abina,
986 820 1080 851 &in-

66 862 134 895 ‘ter
157 862 185 894 se
208 864 344 894 omnino
369 859 528 903 sejuncta,
550 872 689 902 quorum
713 872 811 899 unum
836 861 864 895 se
897 862 1082 895 conforma-

85 914 175 938 verat
199 905 232 936 in
256 914 337 937 teres
360 926 369 942 ,
404 903 620 937 rubicundum
646 928 655 943 ‚
688 907 721 937 &
744 905 841 938 molle
863 916 979 947 corpus
1001 905 1083 938 ulnae

84 947 319 992 propemodum
342 948 568 989 longitudine.
589 947 687 990 jecur
710 956 781 982 tota
805 959 946 981 convexa
969 948 1049 982 facie
1072 970 1081 984 ,

83 992 217 1034 ipsoque
240 992 310 1024 imo
342 991 500 1024 anteriore
533 990 639 1023 limbo
653 1001 734 1037 ‘cum
766 991 1006 1034 diaphragmate
1029 1001 1085 1025 co-

84 1033 247 1069 haerebat:
272 1046 288 1066 a
310 1045 376 1076 quo
400 1034 455 1067 ubi
479 1034 616 1067 divisum
641 1033 706 1067 fuit
730 1059 738 1073 ‚
769 1036 870 1076 magis
894 1035 1086 1069 extuberan-

83 1078 266 1115 ternfillatn
290 1076 405 1110 faciem
430 1077 545 1110 habere
567 1076 775 1119 conspectum
798 1078 862 1115 est3
885 1089 981 1120 quam
1005 1078 1061 1120 ipsi
1077 1102 1086 1116 ‚

75 1124 116 1155 ’δε
140 1121 292 1162 Virginis
315 1120 440 1154 staturae
464 1145 472 1159 ‚
510 1119 548 1153 ad
574 1131 704 1161 parvam
727 1121 876 1163 vergenti
899 1143 909 1159 ,
935 1124 1088 1155 conveni-

83 1173 156 1198 ret.
182 1163 388 1202 Perfectum,
416 1164 516 1206 paulo
538 1163 660 1205 ubique
683 1185 693 1201 ‚
717 1174 931 1206 praeterquam
955 1166 989 1198 in
1014 1166 1086 1208 Spi-

85 1208 162 1251 gelii
185 1207 302 1253 lobulo
323 1229 333 1244 ‚
354 1210 386 1240 δε
409 1207 559 1248 pallidius
580 1228 591 1245 ,
624 1208 655 1238 δι
678 1206 789 1241 durius
812 1208 922 1241 inveni
947 1221 957 1240 :
990 1208 1087 1244 bilem

86 1261 194 1285 autem
217 1251 252 1284 in
273 1261 341 1292 ejus
362 1248 498 1283 vesicula
523 1260 680 1291 paucam,
702 1262 740 1283 ex
764 1250 849 1284 flavo
875 1250 1053 1286 subfuscam
1078 1278 1087 1293 ‚

85 1293 277 1334 turbidam,
302 1292 475 1327 viscidam.
501 1294 581 1326 Lien
609 1317 617 1331 ‚
641 1292 700 1326 nisi
721 1293 809 1336 quod
832 1295 1054 1338 aequo‘major
1074 1319 1088 1336 ,

85 1339 172 1371 intus
195 1337 285 1373 sanus
308 1336 393 1370 fuit:
418 1343 453 1371 ut
478 1336 568 1370 sanus
590 1346 658 1370 erat
680 1336 743 1370 lien
766 1338 867 1375 alter,
890 1340 1001 1372 multis
1013 1350 1087 1382 par-

89 1382 179 1414 tibus
203 1382 310 1415 minor
325 1403 336 1418 ,
360 1380 482 1423 quippe
506 1380 666 1413 diametro
690 1378 789 1423 digiti
812 1380 1004 1422 transversi,
1027 1384 1085 1425 qui

51 1445 59 1450 --
86 1423 301 1459 fubrotundus
324 1426 409 1456 inter
443 1424 513 1456 vasa
544 1421 685 1456 haerebat
709 1449 719 1464 ,
751 1424 1011 1467 membranasque
1047 1425 1086 1460 ad

84 1468 242 1510 majorem
265 1468 435 1509 alligatas,
458 1466 534 1500 huic
558 1466 719 1507 vicinus„
747 1468 797 1501 sed
821 1470 957 1501 omnino
981 1468 1089 1510 sejun-

85 1511 173 1551 ἃι-ις,
196 1513 321 1544 interna
344 1511 503 1544 structura
528 1508 637 1543 eadem
661 1509 808 1551 prorsus,
833 1508 1007 1554 eodemq'ue
1030 1524 1086 1546 co-

85 1555 155 1588 lore
180 1580 188 1586 .
224 1555 284 1588 Sed
307 1555 342 1586 in
366 1552 499 1594 majoris
521 1553 613 1586 lienis
638 1555 748 1586 tunica
770 1577 783 1594 ,
817 1563 933 1594 praeter
963 1556 1088 1598 aliquot

86 1597 288 1641 hydatides,
311 1595 501 1638 corpuscula
526 1596 635 1638 paffim
661 1595 888 1636 prominebant
910 1596 1088 1634 subrotun-

86 1643 148 1680 da,
174 1642 244 1678 alba
262 1666 271 1679 ,
292 1642 324 1673 &
346 1638 424 1672 dura
439 1663 450 1680 ,
473 1638 695 1680 magnitudine
718 1642 805 1673 varia
828 1665 836 1679 ,
861 1640 1010 1684 pleraque
1035 1652 1088 1676 ta·-

86 1697 160 1718 rnen
184 1684 271 1717 milii
292 1683 399 1724 granis
422 1683 590 1724 aliquanto
615 1681 740 1723 majora
761 1707 766 1713 .
793 1683 956 1717 Extabaut
979 1685 1086 1719 eadem

84 1728 140 1762 hic
162 1728 231 1760 illic
255 1729 288 1759 in
312 1724 393 1759 facie
415 1726 568 1761 interiore
593 1727 762 1766 peritonaei
784 1751 794 1766 ‚
817 1729 848 1760 ὃς
871 1728 903 1759 in
928 1732 1087 1762 exteriore

84 1771 312 1805 intestinorum
329 1791 338 1806 ,
363 1769 528 1803 Tenuium
553 1768 753 1810 praesertim,
776 1772 809 1802 in
833 1781 896 1812 qua
919 1781 1008 1805 erant
1031 1784 1088 1814 pa-

83 1818 163 1849 riter
186 1814 377 1856 hydatides.
403 1812 695 1851 Harummaxima
721 1824 852 1855 parvum
878 1824 1011 1855 pomum
1035 1827 1087 1849 ro-

82 1858 223 1892 tundum
247 1856 417 1898 aequabat,
440 1854 599 1898 diametro
623 1855 805 1897 digitorum
828 1856 989 1898 duorum,
1012 1858 1090 1892 vafis

82 1914 122 1936 ex
145 1900 299 1934 intestino
323 1896 511 1940 sanguiferis
538 1909 593 1940 per
615 1900 702 1931 illius
725 1899 945 1934 membranam
969 1902 998 1935 se
1011 1909 1087 1944 pro-

84 1944 278 1979 ducentibus
302 1964 311 1978 ,
335 1946 365 1975 δε
389 1943 421 1974 in
446 1953 550 1974 ramos
571 1942 797 1976 dividentibus
820 1969 827 1975 .
855 1946 983 1986 Aquam
1009 1956 1087 1978 con-

85 1989 213 2022 tinebat
238 1986 327 2021 nullo
351 1985 449 2017 ferme
472 1985 580 2017 colore
605 1985 771 2027 praeditam
786 2011 793 2024 ,
815 1999 855 2019 ex
879 1999 967 2029 parte
981 1998 1086 2022 autem

86 2031 271 2065 mucosam.
298 2031 447 2061 Pancreas
472 2028 648 2061 subdurum
675 2028 759 2062 fuit.
782 2030 1085 2065 Glandulae-autem

85 2075 204 2116 quibus
226 2075 311 2106 ultra
345 2072 526 2106 naturalem
562 2071 696 2105 modurn
722 2073 822 2105 autfiis
842 2074 929 2116 quasi
947 2075 1085 2116 plenum

85 2127 154 2151 erat
178 2118 386 2155 mesaraeum,
406 2114 550 2152 duritie,
574 2116 605 2147 &
629 2115 774 2149 albedine
798 2114 927 2150 fuerunt
951 2120 1087 2150 omnino

86 2161 264 2196 scffihola.
291 2160 494 2200 Praecipuum
518 2168 651 2197 tamen,
674 2162 704 2192 δι
729 2160 887 2201 peculiare
911 2161 1029 2194 vitium
1054 2163 1087 2193 in

89 2202 254 2244 testibus,
274 2202 386 2241 tubis,
407 2200 545 2243 ipsoque
568 2209 660 2234 utero
684 2202 878 2243 deprehendi
903 2217 910 2234 :
943 2204 1029 2246 quod
1054 2207 1089 2236 in

83 2259 181 2284 'utero
203 2259 269 2281 non
292 2245 349 2278 nisi
373 2256 428 2287 per
452 2244 624 2277 sectionem
648 2244 677 2278 se
702 2245 846 2287 prodidit
866 2256 879 2285 ;
901 2247 933 2279 in
958 2247 1091 2280 testibus

88 2301 198 2326 autem
214 2313 224 2329 ,
251 2293 283 2323 &¹
305 2288 394 2321 tubis
417 2287 505 2320 ultro
527 2288 561 2319 in
584 2287 788 2330 conspeffum
821 2290 908 2322 venit
935 2315 942 2322 .
976 2291 1036 2323 Hae
1060 2303 1093 2323 ew

88 2336 160 2369 nim
184 2343 288 2376 partes
310 2341 449 2373 utroque
471 2331 591 2373 pariter
614 2333 647 2364 in
672 2333 768 2365 latere
785 2343 846 2365 una
869 2344 943 2366 cum
968 2332 1024 2366 alis
1039 2345 1093 2366 ve-

89 2377 315 2421 spertilionum
340 2375 424 2419 inter
447 2374 476 2406 se
498 2374 543 2406 ita
564 2375 775 2412 coaluerant,
798 2378 829 2409 δε
849 2374 1035 2410 crass'efatstae
1060 2377 1094 2409 in

90 2432 188 2455 unam
212 2417 370 2463 quandam
395 2417 601 2457 tuberosam,
621 2417 818 2456 informem,
843 2430 906 2451 non
930 2419 1093 2452 modicam

90 2464 224 2499 massam
248 2469 504 2502 concreverant,
523 2469 557 2492 ut
580 2461 670 2494 nullo
694 2461 818 2504 prorsus
841 2463 938 2495 modo
962 2464 1094 2496 alteram

91 2508 133 2542 ab
158 2507 259 2540 altera
281 2503 496 2537 internoscere
520 2504 651 2543 liceret,
675 2504 792 2538 nedum
816 2505 979 2548 sejungere
1002 2531 1009 2539 .
1045 2506 1096 2538 U-

89 2550 235 2592 triusque
260 2545 363 2581 massae
388 2546 570 2591 superficies
604 2558 667 2581 non
692 2559 793 2590 parvo
817 2549 921 2592 spatio
952 2549 1053 2583 lacera
1080 2573 1091 2588 ‚

88 2606 125 2628 ac
150 2605 205 2636 per
229 2591 260 2626 se
284 2600 395 2634 aperta
418 2590 547 2623 inventa
570 2591 611 2624 est
635 2602 699 2624 non
724 2591 809 2626 secus
832 2604 867 2626 ac
890 2592 913 2626 fi
939 2604 1091 2636 magnum

88 2635 254 2681 quoddam
279 2635 430 2670 steatoma
454 2632 482 2666 se
505 2632 688 2676 disrupisset
709 2659 719 2666 .
743 2636 895 2676 roum
920 2646 1091 2678 propterea

90 2679 302 2722 comparavi,
324 2678 399 2721 quia
423 2688 462 2710 ex
475 2678 607 2713 materia
630 2676 727 2712 fiebat
744 2679 832 2714 nihil
856 2681 1093 2722 magis,quam

90 2722 322 2765 ¹semisiccatum
344 2721 452 2754 sebum
475 2721 628 2754 referente
650 2733 664 2762 ;
696 2723 742 2755 ita
775 2733 843 2757 erat
877 2724 947 2756 alba
972 2745 981 2760 ‚
1016 2726 1044 2755 8(
1069 2722 1092 2755 li

92 2766 309 2801 contrectares
333 2789 343 2804 ‚
376 2765 552 2806 unguinosa
577 2786 587 2801 ‚
618 2767 649 2798 δι
672 2766 800 2807 specillo
825 2766 968 2800 immisso
998 2765 1091 2799 facile

93 2810 206 2845 cedens
230 2834 238 2842 .
270 2808 352 2841 Eam
377 2807 399 2840 fi
423 2806 617 2850 discerperes
641 2830 650 2844 ‚
684 2810 773 2850 quasi
796 2822 846 2851 rex
871 2820 920 2843 tot
946 2808 1092 2842 frustulis

93 2853 255 2890 constare,
279 2848 509 2896 perspiciebas.
535 2852 614 2884 Erat
638 2860 743 2886 autem
766 2855 904 2887 omnino
927 2852 1061 2887 inodora
1080 2875 1092 2882 .

94 2899 150 2931 Ut
175 2904 279 2939 partes
301 2904 378 2935 quas
400 2896 565 2937 nominavi
587 2916 598 2931 ,
630 2894 664 2926 in
689 2895 798 2930 sebum
821 2892 982 2931 conversae
1001 2896 1093 2928 vide-

94 2941 239 2980 bantur3
261 2937 303 2969 fic
326 2937 379 2970 ubi
402 2939 486 2972 uteri
509 2937 667 2977 fundum,
688 2940 746 2980 qui
769 2939 860 2974 sanus
883 2940 1023 2975 exterius
1038 2964 1047 2977 ‚
1062 2942 1093 2971 δε

93 2981 253 3028 parietum
277 2984 405 3022 quoque
429 2980 543 3023 majori
568 2982 717 3023 portione
739 2981 824 3022 fuit,
850 2984 943 3016 altius
965 2981 1098 3016 incidis-

96 3028 185 3066 sem,
208 3025 366 3065 reliquam
389 3032 489 3057 totam
512 3027 702 3058 interiorem
734 3026 911 3060 eorundem
935 3026 1097 3068 parietum

95 3070 306 3105 substantiam
330 3067 362 3098 in
388 3069 552 3101 materiam
576 3067 759 3102 conversam
781 3071 849 3103 vidi
870 3069 938 3112 e-jus
960 3069 1097 3102 fimilem

100 3125 174 3157 quae
199 3111 297 3145 modo
321 3109 544 3153 descripta·est
569 3138 577 3150 ‚
610 3113 670 3145 nisi
693 3113 780 3154 quod
812 3112 921 3146 colore
945 3110 1096 3145 nonnihil

100 3159 139 3191 ad
163 3158 323 3190 cinereum
345 3153 540 3188 inclinabat.
566 3156 750 3197 Eademque
774 3158 907 3190 materia
929 3155 1022 3189 fundi
1045 3166 1099 3188 ca-

98 3212 178 3235 vum
200 3197 354 3232 refertum
377 3206 464 3238 erat,
486 3208 524 3230 ex
548 3210 644 3240 eaque
667 3200 753 3240 qnod
778 3203 883 3233 minus
904 3199 1040 3233 solidum
1054 3199 1100 3231 esa

99 3245 169 3281 fet,
191 3254 245 3286 per
268 3242 448 3281 cervicem,
471 3252 542 3282 quae
567 3244 733 3275 amateriae
757 3243 853 3285 ipfius
864 3243 1030 3284 reliqniis,
1054 3241 1100 3274 fa-

98 3288 160 3322 cile
182 3284 420 3326 abstergendis,
444 3282 621 3325 albicabat,
644 3286 788 3320 excidere
810 3287 844 3319 in
857 3287 1005 3328 vaginam
1026 3297 1104 3319 con-

100 3329 231 3365 suevisse
253 3329 446 3361 videbatur.
470 3328 633 3363 Caeterurn
657 3331 767 3363 cervix
788 3332 875 3363 intus
899 3352 909 3367 ‚
948 3337 1102 3371 extraque

87 3374 313 3416 integerrima
335 3380 425 3408 erat,
450 3370 581 3412 ejusque
600 3397 610 3412 ,
633 3382 669 3405 ut
692 3372 783 3406 fundi
807 3374 905 3407 etiam
929 3398 939 3412 ,
975 3372 1103 3413 magni-

103 3418 184 3452 tudo
208 3415 292 3450 haud
318 3415 458 3456 amplior
480 3435 492 3452 ,
520 3426 616 3456 quam
639 3414 704 3455 ejus
727 3418 830 3450 aetatis
852 3417 1024 3458 Virginem
1048 3415 1103 3448 de-

103 3470 175 3495 ceat
201 3485 210 3500 ,
240 3457 297 3493 nifi
321 3458 410 3501 quod
433 3456 578 3491 osculum
612 3459 777 3492 internum
801 3460 883 3493 uteri
916 3460 1012 3501 paulo
1035 3470 1104 3491 arn-

103 3506 189 3549 plius
213 3503 317 3537 visum
340 3501 403 3535 est.
428 3501 562 3534 Ventris
585 3510 687 3542 partes
709 3501 840 3543 reliquae
863 3527 872 3542 ,
905 3505 936 3535 &
959 3512 1047 3541 renes
1069 3503 1104 3535 in

191 3545 356 3588 Morgagni
366 3546 400 3578 de
411 3545 477 3578 Sed.
489 3544 531 3576 Θ
541 3543 627 3586 Caus.
640 3544 742 3577 Morb.
757 3547 856 3579 Torn.
868 3547 914 3578 II.
1083 3552 1085 3554 '

90 3639 128 3655 μο-

198 3717 214 3733 u
230 3708 244 3737 2
260 3707 332 3737 Epist·
349 3714 384 3736 39-
401 3714 426 3730 11-
445 3709 486 3736 36-
548 3707 559 3737 (
573 3717 587 3732 x
603 3709 617 3738 )
634 3708 691 3733 Vid.
708 3708 780 3739 Epist.
796 3718 834 3740 43.
851 3718 878 3734 n.
895 3713 932 3734 16.
948 3711 974 3733 8:-
988 3708 1050 3738 seqq.

200 3747 217 3767 ζ
234 3740 246 3767 )
264 3739 321 3763 sect.
337 3738 388 3763 ead.
407 3738 465 3761 Obs.
478 3746 518 3769 ¹zo.
538 3739 561 3768 §.
579 3743 616 3763 16.

199 3778 211 3794 c
226 3770 239 3798 )
254 3768 306 3794 Ait.
324 3770 355 3799 N·
373 3770 402 3793 C.
421 3770 495 3793 Torn.
512 3778 535 3794 a..
552 3769 613 3795 obs.
631 3771 686 3794 208.

168 3711 184 3799 [ΚΗΛ

748 3771 756 3801 (
772 3771 789 3795 d
803 3772 814 3803 )
830 3767 904 3800 Epist.
924 3773 960 3795 16.
979 3777 1002 3794 n.
1021 3777 1060 3798 30·
1078 3771 1100 3793 8c
1117 3769 1191 3799 Epist.
1210 3773 1247 3793 ὴ.
1265 3776 1287 3792 n.
1308 3770 1342 3792 18.
1366 3798 1370 3802 ff

1975 183 2062 230 105

1136 256 1248 301 primis
1271 281 1281 297 ,
1315 265 1404 289 erant
1427 257 1506 290 sanae
1531 279 1539 287 .
1571 255 1702 295 Magnae
1726 262 1829 286 tamen
1852 253 1975 285 arteriae
1998 260 2130 284 truncus

1138 300 1258 333 minori
1281 310 1378 341 quam
1390 311 1443 340 par
1456 299 1550 337 esset,
1572 297 1741 331 latitudine
1753 297 1900 337 apparuit
1913 314 1925 326 .-
1946 294 2130 343 Diaphrag-

1137 354 1188 376 rna
1212 352 1317 376 autem
1342 343 1434 377 altius
1456 345 1490 375 in
1515 341 1679 384 thoracem
1692 340 1856 373 ascendens
1871 364 1880 378 ,
1904 337 2072 386 multoque
2095 334 2128 369 id

1137 387 1238 427 magis
1262 397 1278 417 a
1299 387 1420 418 dextris
1442 398 1503 428 qna
1527 396 1542 424 a
1567 383 1810 426 protuberantia
1828 404 1835 419 ‚
1856 392 1889 414 ut
1901 381 2040 414 diximus
2055 378 2129 417 ‚he-

1134 431 1216 472 patis
1240 429 1434 470 urgebatur.
1458 428 1560 471 Quod
1581 438 1654 460 curn
1678 436 1789 459 venam
1800 427 1922 458 Cavam
1946 420 2130 459 incidendo,

1134 485 1150 505 a
1173 471 1418 513 diaphragmate
1439 470 1675 505 detraheremus
1698 490 1708 505 ‚
1742 480 1806 501 non
1825 468 1987 516 plurimus
2021 476 2060 498 ex
2094 476 2129 497 ea

1134 516 1278 558 sanguis,
1302 517 1333 547 &
1356 517 1381 548 is
1406 516 1517 556 niger,
1543 525 1597 547 nec
1621 521 1789 545 concretus
1813 535 1822 549 ,
1852 510 1997 544 effluxit.
2122 519 2126 524 ’

1134 558 1294 592 Thoracis
1317 557 1492 600 parietibus
1514 556 1686 601 omnibus,
1709 556 1742 588 id
1766 555 1809 587 est
1831 552 2039 602 inferioribus
2049 562 2131 602 quo-

1133 613 1195 642 que
1211 626 1219 641 ‚
1242 601 1409 643 pulmones
1432 601 1552 642 ubique
1575 608 1664 633 erant
1689 597 1854 631 arffiffime
1876 607 1988 629 aunem
2011 620 2017 626 .
2043 596 2131 643 Sini-

1132 646 1189 679 stri
1214 656 1282 687 pars
1304 644 1446 687 superior
1469 645 1610 686 quodam
1633 642 1707 675 loco
1732 641 1985 688 erataliquanto
2008 638 2133 676 durior,

1133 699 1188 721 nec
1211 696 1316 721 tamen
1341 685 1504 721 evidenter
1526 687 1666 720 vitiata.
1693 686 1733 717 In·
1755 682 1933 725 pericardio
1955 692 2033 730 aqua
2049 679 2133 712 rnul-

1131 741 1164 764 ta
1187 730 1418 773 ejusdemmodi
1441 743 1476 764 ac
1500 731 1534 763 in
1560 738 1689 762 ventre.
1714 728 1781 759 Cor
1805 727 1918 774 laxum·
1935 747 1948 764 ,
1964 734 2005 774 'in
2028 734 2132 772 eoque

1130 775 1164 807 δε
1188 774 1264 807 vasis
1275 776 1332 809 Ma
1360 777 1407 807 nis
1430 785 1495 807 non
1519 774 1660 807 multum
1683 770 1863 812 sanguinis,
1887 777 1972 809 nigri
1984 767 2135 808 quidem,

1130 816 1179 850 secl
1204 819 1309 851 minus
1334 786 1425 850 sinidi
1448 828 1547 860 qnam
1570 818 1603 849 in
1616 813 1705 849 Cava
1731 811 1886 846 Inferiore
1900 821 1976 844 vena
1991 832 1999 846 ‚
2021 820 2134 852 quam·
2163 824 2165 826 ·

1134 862 1183 893 vis
1209 860 1270 894 sine
1294 857 1362 894 ulla¹
1383 861 1538 903 polypola
1562 859 1786 893 concretione.
1918 856 2027 895 Caput
2057 853 2134 885 dum

1135 917 1151 936 a
1172 905 1350 940 cervicibus
1374 902 1613 937 abscinderetur
1637 927 1647 943 ,
1681 902 1882 943 aliquantum
1909 908 1998 940 aquae
2022 906 2091 928 tum
2115 907 2132 928 e

1135 947 1354 980 vertebrarum
1368 970 1380 986 ,
1405 955 1475 980 tum
1498 960 1513 979 e
1535 946 1634 980 cranii
1658 946 1740 978 cavo
1761 943 1897 977 defluxit
1911 938 2003 991 ..Sed
2028 942 2057 972 ἃ.
2072 939 2134 971 La-

1139 991 1253 1023 terales
1275 990 1397 1023 cerebri
1423 990 1593 1023 ventriculi
1617 999 1731 1029 aquam
1755 999 1819 1021 non
1842 995 1977 1018 omnino
2002 992 2137 1025 paucam

1138 1033 1318 1067 habuerunt
1328 1031 1504 1066 subfuscam
1519 1057 1527 1071 ‚
1550 1035 1580 1066 &
1592 1032 1777 1068 turbidam,
1801 1031 1910 1072 plexus
1924 1035 2030 1060 autem
2042 1025 2136 1059 Cho-

1139 1076 1245 1110 roides
1267 1077 1403 1119 pallidos
1429 1077 1564 1108 maxima
1589 1087 1627 1108 ex
1658 1085 1747 1115 parte
1771 1099 1778 1106 .

1139 1119 1203 1154 fuit
1228 1119 1269 1153 fic
1292 1118 1365 1152 satis
1389 1119 1517 1154 firmum
1534 1133 1542 1149 :
1568 1118 1759 1151 cerebellum
1784 1115 1954 1160 permolle.
2126 1153 2136 1159 ·

1181 1173 1234 1206 35.
1260 1163 1367 1195 Multa
1392 1162 1463 1195 sunt
1486 1165 1519 1195 in
1545 1159 1708 1202 proposita
1734 1160 1971 1194 Observatione
1987 1179 1995 1194 ,
2018 1163 2088 1197 quae‘
2115 1155 2138 1186 (ι

1139 1206 1344 1251 persequerer
1367 1204 1514 1247 singula,
1538 1204 1684 1246 Epistola
1708 1204 1776 1237 haec
1800 1204 1895 1244 longe
1918 1208 2014 1243 quam
2049 1198 2140 1239 supe-

1140 1252 1228 1288 rior,
1256 1251 1418 1291 prolixior
1441 1249 1536 1282 eslet.
1563 1248 1729 1289 Intelliges
1753 1247 1787 1279 id
1809 1258 1847 1279 ex
1870 1245 1910 1278 iis
1932 1254 2002 1292 quae
2026 1241 2063 1275 de
2078 1241 2140 1290 hy7

1138 1294 1269 1328 datibus
1292 1303 1419 1327 tanturn
1443 1292 1602 1327 scribam.
1626 1292 1715 1324 Nam
1737 1289 1793 1323 etsi
1817 1299 1924 1322 rarum
1948 1285 2028 1319 illud
2053 1295 2139 1335 uteri

1140 1338 1260 1370 vitium
1282 1346 1436 1378 perquam
1461 1336 1596 1378 dignum
1621 1335 1663 1369 est
1700 1334 1827 1375 dequo
1852 1332 2007 1380 scribatur
2030 1340 2042 1368 ,·
2077 1337 2143 1378 erit

1138 1390 1244 1414 tamen
1270 1379 1304 1412 in
1328 1379 1420 1418 aliis,
1443 1382 1479 1412 &e
1498 1377 1625 1412 fortasse
1648 1377 1962 1420 proximisLitterrs
1987 1376 1997 1411 (
2022 1382 2042 1405 u
2067 1375 2077 1410 )
2109 1370 2143 1423 id

1138 1422 1278 1457 faciendi
1302 1423 1522 1464 opportunior
1547 1424 1656 1458 locus3
1671 1420 1825 1463 hydropis
1848 1420 1935 1451 enim
1958 1415 1996 1449 de
2020 1428 2086 1465 quo
2109 1425 2144 1448 m

1138 1467 1188 1500 his
1214 1468 1315 1500 sermo
1338 1465 1402 1505 est,
1426 1467 1574 1508 proxima
1597 1474 1684 1498 certe
1708 1463 1798 1497 cansa
1811 1474 1877 1494 non
1900 1459 1982 1494 illud
2006 1457 2090 1496 fuit,
2105 1469 2143 1492 ut

1139 1510 1270 1544 fuerunt
1284 1518 1467 1552 ,quantum
1478 1510 1627 1543 existimo
1639 1533 1648 1548 ‚
1671 1506 1823 1549 disruptae
1837 1503 2004 1554 hydatides
2019 1502 2145 1552 .Neni-

1139 1566 1177 1596 pe
1202 1563 1236 1586 ut
1261 1554 1294 1586 in
1319 1553 1477 1586 exteriore
1499 1552 1729 1585 intestinorum
1757 1572 1766 1586 ,
1799 1552 1831 1580 &
1857 1550 1948 1595 lienis
1982 1544 2063 1579 faeie
2087 1547 2147 1595 ali-

1138 1606 1222 1639 quot
1245 1596 1397 1630 extabant
1419 1607 1491 1638 quae
1516 1596 1653 1629 necdum
1677 1592 1865 1627 diffilierant
1880 1614 1889 1628 ‚
1915 1592 1956 1641 sic
1982 1600 2146 1638 propem-

1140 1651 1288 1674 numeras
1309 1650 1379 1673 tum
1403 1640 1436 1671 in
1462 1639 1548 1677 illis,
1573 1648 1644 1672 turn
1669 1638 1702 1669 in
1742 1637 1811 1669 aliis
1838 1635 1987 1668 l’artxbus
2022 1631 2114 1665 fuisse
2137 1656 2147 1670 ,

1120 1725 1121 1728 Ἴ
1141 1684 1307 1723 arbitror,
1329 1694 1400 1725 quae
1422 1682 1482 1716 diu
1507 1690 1781 1730 antea-perruptae
1805 1702 1817 1719 ,
1856 1679 1945 1712 suum
1970 1678 2003 1710 in
2026 1676 2148 1709 ventris

1141 1739 1269 1761 caveam
1295 1727 1463 1759 humorem
1488 1726 1670 1760 effudissent
1693 1749 1701 1758 .
1734 1724 1776 1755 Et
1802 1734 1840 1755 ne
1865 1722 1975 1755 multis
2009 1718 2149 1769 teste&-

1140 1781 1253 1806 neam3
1279 1781 1354 1802 meaa
1376 1781 1426 1802 me
1452 1771 1483 1801 in
1510 1770 1719 1810 Albuginea.
1743 1769 1776 1799 δε
1799 1766 1954 1807 Vaginali
1980 1763 2148 1812 testiculo-

1139 1825 1210 1846 rum
1236 1814 1355 1847 tunicis
1378 1812 1510 1854 persaepe
1535 1813 1652 1846 liabitae
1678 1809 1931 1844 Observationes
1954 1808 2010 1857 (κ
2034 1811 2044 1846 )
2069 1806 2149 1855 illuc

1144 1857 1327 1893 adducunt,
1351 1865 1386 1888 ut
1409 1856 1533 1893 credam
1557 1853 1753 1899 hydatidum
1775 1877 1786 1893 ,
1819 1852 1881 1885 sive
1907 1862 2089 1885 tunicarum
2113 1861 2149 1881 in

1141 1901 1262 1942 quibus
1286 1900 1466 1933 increscunt
1490 1899 1565 1941 ipsae
1586 1922 1594 1936 ‚
1631 1899 1848 1943 membraneas
1881 1896 2013 1928 laminas
2038 1905 2149 1928 earum

1140 1943 1311 1977 humorem
1334 1944 1603 1985 complectentes,
1627 1941 1795 1985 postquam
1818 1939 1972 1982 disruptae
1996 1938 2080 1972 hunc
2104 1935 2150 1970 ef-
2189 1943 2192 1946 '

1139 1986 1293 2020 fuderunt
1316 2010 1328 2026 ‚
1360 1986 1389 2019 se
1422 1986 1538 2028 suaque
1571 1985 1695 2020 vascula
1728 1987 1762 2019 in
1793 1983 1974 2017 carunculae
2009 1980 2150 2014 formam

1142 2032 1284 2072 primum
1308 2029 1517 2071 contrahere,
1540 2032 1570 2063 &
1593 2030 1650 2063 nisi
1674 2040 1775 2062 novus
1798 2028 1872 2060 illac
1896 2026 2014 2063 humor
2037 2025 2151 2059 efflue-

1142 2084 1176 2107 re
1201 2083 1331 2116 pemat,
1356 2074 1524 2114 indurari,
1548 2076 1580 2106 δε
1603 2073 1752 2106 exsiccari
1775 2071 1912 2113 denique
1936 2069 2001 2109 fic,
2019 2079 2055 2103 ut
2081 2069 2152 2119 alba

1141 2117 1197 2149 illa
1220 2141 1232 2157 ,
1267 2122 1296 2151 δέ
1320 2116 1399 2150 dura
1423 2116 1622 2150 subrotunda
1645 2115 1813 2150 tubercula
1838 2114 2062 2156 repraesentent
2088 2113 2149 2145 alia

1144 2160 1215 2193 aliis
1231 2186 1239 2200 ,
1263 2159 1638 2202 uthydatidesfuerant,
1662 2159 1786 2202 majora
1803 2184 1812 2199 ,
1836 2167 1888 2192 aut
1902 2158 2047 2195 minora,
2072 2169 2152 2202 qua-

1143 2203 1230 2236 libus
1251 2205 1283 2236 in
1306 2202 1464 2245 descripta
1476 2205 1616 2246 Virgine
1640 2205 1756 2237 intima
1781 2202 1950 2244 peritonaei
1974 2200 2095 2239 facies,
2119 2212 2151 2232 e-

1146 2246 1258 2288 jusque
1282 2247 1461 2288 produfflor
1477 2258 1532 2289 per
1554 2248 1709 2281 extimam
1734 2246 1844 2283 lienis,
1859 2248 1899 2277 ⁴&
1923 2245 2150 2277 intestinorum

1146 2289 1411 2331 exasperabatur.
1437 2290 1565 2332 Legesis
1588 2291 1621 2322 in
1632 2288 1843 2332 Sepulchreto
1866 2291 1920 2330 (y
1947 2291 1957 2326 )
1982 2289 2151 2321 Observa»

1147 2335 1272 2366 tionem
1292 2334 1408 2377 Jacobi
1433 2333 1580 2371 Wolffii‚
1605 2333 1806 2367 ubiasciticae
1830 2330 1981 2370 intestinis
2005 2331 2109 2374 adhaesi
2136 2330 2150 2364 e

1142 2375 1296 2418 sparfim,
1321 2378 1384 2414 ait,
1408 2376 1592 2409 carunculas
1604 2388 1667 2418 quae
1678 2384 1790 2419 apertae
1805 2373 2146 2418 fundebantichorem.

1148 2421 1234 2461 Lege
1257 2432 1328 2462 quae
1351 2421 1389 2452 de
1413 2420 1510 2452 altera
1535 2419 1661 2453 ascitica
1687 2432 1726 2453 ex
1749 2419 1878 2461 Bilgero
1903 2422 1913 2457 (
1937 2419 1994 2461 z)
2029 2420 2149 2462 produ-

1146 2472 1288 2502 cuntur,
1310 2461 1452 2503 universa
1474 2462 1614 2501 intestina
1636 2461 1884 2505 quaquaverfiim
1899 2487 1908 2501 ,
1932 2463 1969 2495 <¹5
1991 2460 2078 2495 ambo
2101 2464 2145 2496 la-

1146 2514 1215 2540 tera
1238 2508 1319 2538 circa
1341 2505 1542 2547 diaphragma
1565 2505 1675 2538 multis
1697 2503 1838 2539 millibus
1858 2505 2000 2547 granulis
2023 2532 2029 2545 ,
2054 2507 2148 2541 infiat·-

1137 2549 1231 2591 suum
1249 2547 1525 2591 grandinosarum,
1552 2546 1668 2591 referta
1691 2572 1700 2579 .
1733 2550 1819 2581 Cum
1843 2548 1893 2582 his
1915 2547 2014 2591 junge
2036 2550 2148 2584 'editas

1143 2591 1249 2635 postea
1273 2593 1307 2624 in
1330 2592 1404 2625 aliis
1427 2590 1616 2635 hydropicis
1639 2592 1912 2630 Observationes,
1940 2603 1975 2625 ut
2001 2604 2074 2635 puta
2091 2595 2144 2629 Cl.

1143 2634 1309 2668 Anhornii
1334 2639 1345 2674 (
1368 2635 1443 2677 a),
1467 2637 1524 2678 qui
1550 2637 1762 2677 peritonaeum
1787 2636 1870 2668 vidit
1894 2637 1927 2668 in
1953 2636 2149 2672 adolescente

1144 2677 1268 2711 nodulis
1287 2677 1475 2720 glandulofis
1484 2702 1498 2719 ,
1519 2678 1681 2721 limpidam
1697 2705 1706 2720 ,
1721 2678 1750 2721 fi
1768 2676 1858 2721 preffi
1881 2679 1977 2713 essent
1988 2703 1999 2719 ,
2020 2680 2148 2723 ploran-

1145 2721 1232 2754 tibus
1254 2720 1402 2762 confitum
1427 2746 1436 2762 ,
1469 2723 1503 2755 in
1527 2723 1657 2756 muliere
1695 2731 1799 2757 autem
1834 2721 1993 2756 hincinde
2027 2725 2144 2758 habens

1140 2764 1235 2805 plura
1257 2763 1416 2798 tubercula
1435 2764 1616 2807 glandulosa
1637 2788 1646 2803 ,
1678 2764 1763 2808 fabae
1796 2765 1928 2804 adinstar
1959 2767 2076 2806 majora
2104 2770 2145 2801 Θ

1144 2807 1265 2840 minora
1281 2834 1289 2847 ‚
1312 2807 1528 2841 extuberantia
1553 2830 1562 2844 ,
1594 2819 1657 2849 quie
1679 2805 1777 2850 preffla
1800 2808 1962 2850 limpidam
1986 2810 2147 2851 lympham

1139 2849 1326 2892 plorabant,
1352 2851 1493 2892 itemque
1516 2851 1772 2884 Clariffimorum
1797 2852 1981 2894 Stegmanni
2007 2857 2017 2892 (
2040 2853 2058 2886 b
2080 2858 2093 2893 )
2117 2859 2148 2888 δέ

1143 2893 1284 2927 Goetzii
1310 2895 1360 2936 (c
1382 2898 1416 2933 )‚
1439 2905 1578 2936 quorum
1603 2895 1655 2927 ille
1678 2896 1710 2926 in
1736 2896 1804 2927 viro
1829 2906 1978 2935 pancreas
2002 2899 2146 2930 animad-

1148 2939 1250 2970 vertit
1272 2937 1374 2971 veluti
1389 2936 1506 2979 semine
1538 2937 1622 2971 milii
1653 2936 1841 2980 conspersum
1864 2962 1877 2979 ,
1911 2938 1964 2973 hic
2000 2952 2079 2973 vero
2110 2943 2146 2974 in

1149 2980 1312 3022 Virgine,
1337 2979 1426 3019 sacco
1448 2980 1505 3022 qui
1529 2981 1697 3014 humorem
1708 2983 1911 3015 continuerat
1926 3005 1936 3020 ‚
1952 2983 2083 3028 sparfim
2094 2987 2147 3018 ad-

1149 3031 1224 3056 nata
1246 3024 1334 3056 intus
1365 3025 1455 3056 varia
1491 3022 1649 3057 tubercula
1684 3024 1808 3067 diversae
1831 3027 2062 3068 magnitudinis
2081 3049 2094 3064 f
2123 3040 2140 3061 a

1144 3065 1205 3108 pifi
1227 3066 1353 3108 majoris
1376 3066 1416 3098 acl
1436 3066 1565 3100 minoris
1581 3067 1711 3108 seminis
1733 3067 1879 3101 cannabis
1901 3071 2144 3112 magnitudinem

1149 3109 1338 3148 accedentia,
1364 3119 1442 3142 nnnc
1458 3108 1626 3150 solitaria,
1648 3120 1728 3143 nunc
1748 3111 1899 3153 racemosa
1923 3137 1931 3151 ,
1956 3112 2112 3154 scirrhosa
2136 3138 2145 3152 ‚

1149 3152 1247 3192 dura,
1270 3150 1386 3194 dzsciffiz
1407 3150 1488 3191 nihil
1499 3151 1629 3195 liquoris
1651 3161 1709 3187 aut
1727 3154 1869 3196 gelarinae
1876 3155 2053 3196 plorantia.
2079 3158 2147 3189 Re-

1149 3196 1216 3237 lege
1238 3195 1368 3229 demum
1391 3206 1462 3238 quae
1484 3194 1523 3228 de
1545 3196 1632 3230 duris
1655 3198 1815 3240 granulis,
1840 3207 1894 3231 aut
1917 3198 2089 3232 tuberculis
2113 3203 2148 3234 in

1155 3240 1323 3280 peritonaei
1345 3261 1354 3276 ,
1381 3249 1436 3272 aut
1461 3238 1576 3280 pleurae
1600 3242 1754 3274 interiore
1778 3240 1859 3273 facie
1881 3241 2094 3279 extantibus-7
2116 3257 2148 3277 a.

1156 3282 1212 3314 lias
1235 3282 1251 3324 (
1270 3283 1289 3314 cl
1309 3286 1322 3321 )
1345 3282 1383 3315 ad
1407 3291 1467 3315 tea
1490 3283 1585 3316 nobis
1609 3284 1726 3326 scripta
1750 3282 1838 3321 sunt,
1861 3294 1935 3317 cum
1947 3284 2040 3318 effusa
2065 3298 2145 3328 aqua

1156 3326 1190 3358 in
1215 3328 1337 3367 magnis
1360 3327 1462 3359 caveis
1484 3338 1561 3368 quas
1583 3327 1646 3360 illae
1672 3326 1970 3369 comprehendunt·
1990 3330 2146 3363 membra-

1154 3379 1201 3401 nae
1227 3394 1235 3407 ‚
1267 3370 1365 3403 etiam
1389 3380 1457 3404 tum
1480 3369 1552 3403 esset
1577 3382 1587 3408 3
1621 3369 1714 3403 facile
1749 3369 1943 3411 propofitam
1981 3370 2147 3406 succeden-

1154 3414 1237 3445 tium
1281 3414 1497 3446 mutationum
1543 3412 1651 3446 seriem
1710 3412 1860 3453 agnosces
1883 3438 1890 3446 .
1931 3415 2042 3448 Annis
2096 3416 2146 3449 su—

1155 3455 1334 3498 perioribus
1378 3456 1494 3491 accidit
1518 3481 1528 3496 ‚
1572 3465 1609 3489 ut
1653 3456 1686 3488 in
1732 3455 1867 3489 foemina
1912 3468 2017 3499 -quam
2068 3459 2145 3493 asci-

1156 3509 1203 3532 tes
1234 3498 1397 3533 sustulerat
1418 3524 1428 3540 ,
1462 3500 1570 3535 tunica
1591 3500 1731 3532 exterior
1752 3500 1977 3533 intestinorum
1999 3504 2148 3538 omnium

1682 3544 1725 3582 *O
1960 3563 1963 3567 ·
1983 3544 2109 3578 inveni-

1111 3708 1119 3736 (
1135 3717 1151 3735 y
1169 3709 1183 3737 )
1199 3706 1363 3732 in'Additam.
1383 3707 1412 3732 ad
1427 3708 1488 3734 hane
1504 3710 1563 3734 Sest.
1580 3718 1619 3735 21.
1634 3710 1692 3735 Obs.
1710 3714 1747 3741 ὅς.

679 3738 689 3768 (
705 3748 720 3764 a
736 3744 744 3770 )
761 3741 822 3768 Eph.
841 3743 873 3764 N.
891 3742 920 3765 C,
939 3742 1008 3764 Cent.
1028 3747 1051 3767 ⁹·
1069 3739 1128 3762 Obs.
1148 3746 1201 3763 100.
1219 3747 1244 3762 n.
1261 3745 1283 3762 2.
1302 3741 1322 3762 ὅ(
1340 3746 1362 3766 7.

1424 3741 1439 3768 (
1453 3743 1468 3767 b
1484 3742 1497 3770 )
1514 3742 1616 3767 Earund.
1635 3743 1689 3766 Dec.
1708 3749 1728 3771 3.
1746 3743 1774 3765 A.
1792 3750 1811 3772 ς.
1829 3741 1852 3766 &-
1868 3746 1892 3768 6.
1911 3742 1971 3768 obs.
1991 3746 2040 3769 169.

1815 1072 1994 1105 Cerebrum
2029 1079 2135 1102 tamen
2188 1102 2191 1105 ,
