2498 4075
396 103 491 157 288

333 171 436 216 solum
457 180 607 224 inspicias
630 176 830 222 Epistolarn;
855 187 991 220 quatuor
1025 177 1164 210 invenies
1183 201 1193 216 ,
1226 179 1334 210 Senem

333 225 486 261 videlicet
519 227 534 264 (
555 235 574 256 n
596 226 611 264 )
641 233 677 254 ac
700 223 870 256 Mulierem
895 226 905 260 (
931 220 982 261 o)
1006 245 1016 259 ,
1050 232 1186 262 quorum
1211 230 1334 254 utrum-

337 279 399 309 que
421 281 489 303 ,nos
521 265 661 300 vidimus
684 287 694 302 ‚
728 265 869 308 duosque
909 264 987 297 alios
1023 264 1111 306 (p)
1134 287 1146 303 ‚
1182 276 1263 306 quos
1295 263 1334 296 ab

330 311 404 346 aliis
435 309 620 351 conspectos
653 311 898 342 memoravimus
921 333 928 338 .
963 307 1017 339 An
1051 305 1242 349 pinguedo,
1263 318 1333 350 quae

333 356 445 389 molles
460 357 492 387 in
504 352 562 385 hae
577 353 664 392 Anu,
676 350 755 386 ficut
768 353 917 394 opinatus
928 349 996 383 surn
1010 349 1185 390 ‚costarum
1202 351 1332 383 servavit

329 399 538 440 cartilagines
562 417 571 433 ‚
608 393 702 429 fibras
728 406 853 437 quoque
876 397 909 426 in
931 392 1008 425 vasis
1029 415 1037 429 ,
1069 405 1239 435 earumque
1260 404 1334 425 con-

332 449 457 474 textum
489 439 627 472 laxiores
651 437 771 478 servat,
794 441 826 470 &
848 436 1049 470 distrastioni
1071 459 1083 476 ,
1115 435 1200 479 siqua
1222 436 1336 469 disten-

333 486 386 515 tio
408 481 511 525 major
533 481 678 521 incidat,
717 483 822 513 minus
856 479 1057 513 resistentes?
1090 479 1269 522 cujusmodi
1304 481 1337 512 in

334 527 396 560 hoc
427 526 499 559 casu
533 524 755 558 distentionem
780 524 818 557 ab
841 534 925 556 novo
947 547 960 563 ,
993 525 1025 555 δε
1047 520 1263 555 effervescente
1284 523 1336 556 ad-

328 569 393 603 huc
416 569 495 602 vino
516 566 572 601 esse
597 567 713 600 factam
729 591 742 607 ,
764 578 801 599 eo
825 566 955 599 facilius
976 566 1104 603 credes,
1127 564 1148 597 si
1173 565 1240 608 post
1271 565 1338 607 ejus

330 614 398 645 vini
423 614 512 646 usum
534 634 541 648 ‚
567 610 622 643 ubi
647 611 725 643 vitia
749 609 876 646 cordis,
901 620 955 643 aut
980 609 1122 641 vasorum
1134 608 1194 642 sint
1210 610 1337 645 ‚omni-

330 666 373 689 no
409 654 597 689 fur-siendum
614 679 623 692 ,
647 654 725 696 quid
751 654 873 685 Sartori
907 654 1033 686 Veneto
1069 655 1080 690 (
1102 652 1157 694 q)
1191 654 1337 694 contige-

335 700 380 732 rit
406 723 416 738 ,
442 702 474 731 ἃ
504 697 579 740 quid
626 695 663 729 de
689 697 855 738 repentino
873 695 967 738 hujus
1008 694 1101 727 obitu
1147 696 1337 729 Santorinus

330 739 484 776 censuerit
508 764 520 780 ,
555 739 765 772 recordaberis
790 763 798 777 ‚
834 750 956 771 necnon
980 748 1089 771 eorum
1121 749 1190 781 quae
1214 738 1252 771 de
1277 750 1336 772 no-

331 788 381 821 xis
404 785 442 817 ab
466 783 594 824 ingestis
619 783 751 822 liquidis
774 781 839 823 ipso
871 781 943 815 αξῖιι
968 781 1239 823 fermentantibus
1262 783 1283 815 i.
1308 794 1332 816 e.

332 839 401 862 aere
437 825 628 871 copzofiſjrnro
663 827 702 858 ό*
737 826 828 858 valde
864 832 948 869 moto
977 823 1175 866 scatentibus
1210 851 1217 864 ‚
1261 837 1333 859 curn

329 870 480 903 videlicet
506 867 600 909 hujus
627 869 792 912 particulae
816 879 832 899 a
854 868 1014 910 sanguinis
1037 867 1142 900 calore
1154 869 1339 911 expandun-

332 923 384 947 tur
412 936 422 951 ‚
455 911 616 953 majusque
639 919 822 953 occupantes
840 910 1007 953 spatium,
1031 911 1104 953 nasa
1136 914 1306 945 extendunt
1326 936 1339 952 ,

331 954 629 999 Experieneiffimus
663 955 758 987 docet
808 953 1118 990 iuslchenbroeckius
1141 958 1155 994 (
1178 966 1193 987 r
1215 959 1229 995 )
1252 980 1259 987 .
1285 955 1338 988 An

331 1009 490 1041 quantum
526 998 582 1031 sub
614 1007 686 1031 cute
719 998 924 1039 congestam,
947 1001 978 1031 &
1002 998 1181 1031 adstriftam
1205 1001 1338 1040 pingue—

330 1044 416 1077 dinis
448 1042 578 1084 copiam
610 1040 733 1075 obstare
766 1041 943 1083 sanguini,
977 1042 1136 1074 credimus
1160 1066 1167 1079 ,
1201 1043 1338 1074 exterio-

333 1098 366 1120 ra
389 1110 402 1128 ,
436 1089 467 1119 &
501 1086 628 1118 minora
667 1084 734 1118 vasa
768 1086 928 1128 repleturo
952 1107 963 1124 ,
997 1093 1122 1118 tantum
1157 1084 1209 1117 hic
1242 1096 1338 1126 coga-

329 1138 384 1163 tur
419 1128 532 1162 necesse
568 1127 609 1161 est
642 1137 678 1161 ut
702 1130 853 1162 interiora
877 1152 889 1168 ,
919 1130 950 1160 ὃ(
976 1129 1095 1171 majora
1118 1126 1209 1167 vasa,
1234 1139 1268 1160 ac
1292 1140 1339 1160 re-

332 1172 496 1215 ceptacula
521 1170 676 1205 distendat
700 1194 712 1211 ,
745 1173 775 1205 &
810 1172 855 1204 ibi
889 1171 1084 1213 potissimum
1117 1171 1171 1203 ubi
1205 1169 1342 1205 laxiores

333 1215 405 1249 sunt
429 1239 439 1255 ‚
473 1224 527 1248 aut
560 1227 598 1248 ex
632 1224 722 1257 parte
754 1214 834 1247 erosi
870 1226 978 1247 eorum
1025 1215 1158 1257 parietes
1203 1214 1340 1247 disrum-

332 1257 425 1302 pat?
457 1259 512 1291 An
544 1257 679 1301 denique
715 1257 816 1291 erosio
850 1267 942 1290 tanto
974 1256 1101 1291 facilius
1133 1256 1171 1289 fit
1194 1280 1206 1297 ,
1240 1269 1340 1299 quan-

332 1311 369 1335 to
402 1302 503 1344 magis
540 1302 748 1345 pinguedinis
783 1302 877 1344 copia
910 1300 1036 1343 sanguis
1060 1300 1196 1334 abundat
1221 1299 1234 1334 ?
1257 1301 1338 1334 Non

328 1357 376 1379 rne
411 1344 535 1388 fugit,
569 1347 729 1391 plerisque
761 1345 910 1377 omnibus
946 1353 1059 1377 contra
1099 1344 1235 1384 videri,
1267 1356 1330 1377 non

325 1388 570 1428 dubitantibus,
601 1390 679 1432 quin
706 1387 869 1432 pinguedo
892 1390 1032 1430 corrigat
1066 1388 1227 1420 erodentia
1259 1399 1331 1421 cor-

326 1433 456 1478 puscula
474 1459 486 1475 ‚
520 1443 575 1467 aut
605 1442 687 1466 certe
722 1433 854 1469 obruat,
880 1435 911 1464 δέ
936 1432 1083 1464 irretiat.
1111 1429 1199 1464 Mihi
1224 1443 1301 1464 vero
1321 1455 1333 1471 ‚

329 1489 402 1512 cum
429 1491 461 1511 ea
484 1478 585 1512 nimia
608 1476 667 1514 est,
694 1474 754 1508 sive
791 1475 834 1508 ob
866 1475 899 1507 id
933 1473 1037 1517 ipsum
1073 1475 1155 1508 bona
1189 1474 1245 1507 esse
1273 1485 1340 1507 non

327 1522 420 1565 possit
448 1545 456 1560 ‚
489 1525 521 1555 δε
555 1522 668 1553 idonea
703 1518 740 1552 ad
775 1518 1001 1560 corrigendum
1028 1542 1039 1558 ,
1071 1516 1132 1550 five
1168 1517 1340 1560 premendo

325 1568 458 1599 minima
483 1565 606 1598 vascula
619 1587 629 1603 ‚
644 1566 675 1596 δε
694 1564 840 1596 humores
866 1564 898 1595 in
915 1560 965 1594 his
981 1561 1170 1595 retardando
1185 1586 1192 1599 ‚
1219 1561 1316 1593 faciat
1333 1582 1342 1599 ‚

330 1619 366 1643 ut
392 1621 481 1643 mora
504 1609 639 1641 acriores
663 1605 762 1646 fiant,
786 1604 845 1638 sive
869 1607 1010 1639 acriores
1032 1606 1202 1647 particulas
1234 1604 1275 1637 fic
1299 1607 1341 1637 ir-

327 1654 422 1687 retiat
446 1677 458 1694 ‚
491 1661 526 1685 ut
556 1653 641 1683 intra
665 1660 780 1691 corpus
805 1651 940 1681 retineat
959 1673 969 1688 ,
995 1648 1023 1681 se
1046 1649 1173 1681 tandem
1199 1650 1340 1692 aliquan-

328 1697 373 1730 do
396 1696 451 1731 ubi
478 1695 579 1737 magis
594 1718 605 1734 ,
630 1693 792 1735 magisque
815 1701 1004 1725 coacervatae
1028 1691 1169 1729 fuerint,
1195 1692 1267 1725 dara
1280 1692 1340 1725 ali-

327 1753 390 1784 qua
433 1738 594 1774 occasione
616 1761 629 1778 ,
666 1746 824 1769 exerturas
849 1749 859 1775 ς
894 1734 975 1767 mihi
999 1758 1011 1776 ,
1044 1735 1209 1777 inquam‚·
1242 1747 1278 1768 ne
1303 1733 1340 1767 de

328 1783 427 1818 modo
451 1809 459 1823 ‚
491 1786 522 1816 &
555 1780 644 1814 causa
678 1779 873 1822 dispute1n3
908 1777 991 1811 illud
1027 1777 1101 1811 satis
1144 1778 1185 1812 cst
1211 1801 1220 1817 ‚
1262 1777 1340 1822 saepe

328 1827 384 1861 esse
409 1830 442 1860 in
456 1825 628 1869 pinguibus
652 1823 804 1856 erosiones
829 1820 1080 1861 animadversas,
1104 1833 1214 1864 ineque
1238 1821 1342 1865 ipsum

331 1874 364 1905 in
389 1870 448 1904 hac
470 1895 482 1911 ,
515 1872 657 1910 itemque
694 1869 730 1899 in
762 1867 858 1899 altera
892 1865 976 1908 (s)
1007 1866 1188 1906 pinguioris
1213 1864 1342 1898 habitus

329 1916 467 1950 Munere
490 1938 502 1955 ,
539 1912 654 1957 quibus
692 1912 842 1953 pinguem
874 1910 971 1941 etiam
995 1909 1104 1940 Senem
1142 1911 1230 1948 (t)
1265 1907 1342 1940 faci-

328 1960 358 1991 le
396 1959 490 1992 addas
517 1985 525 1999 ,
560 1955 681 1989 erosam
714 1955 801 1987 intus
841 1953 989 1986 arteriam
1032 1952 1186 1993 Magnam
1232 1951 1342 1992 depre-

330 2001 469 2036 hendisse
495 2027 501 2032 .
536 2001 626 2042 Qin
667 2008 750 2030 renes
772 2008 900 2040 quoque
925 2018 935 2033 ‚
970 1995 1093 2033 multa,
1119 1993 1229 2036 siquod
1254 1993 1341 2026 aliud

329 2046 452 2085 viscus,
476 2043 681 2088 pinguedinis
704 2041 795 2081 copia
821 2039 940 2080 obsiti,
964 2040 996 2071 in
1021 2037 1081 2071 hac
1104 2037 1240 2071 foemina
1252 2036 1342 2070 exul-

330 2091 522 2123 cerationem
548 2098 611 2120 non
635 2084 834 2126 effugerunt.

375 2146 406 2177 4.
433 2131 526 2166 Ossea
551 2140 656 2163 autern
682 2129 737 2160 illa
772 2127 878 2161 tubera
906 2150 916 2165 ‚
947 2136 1016 2168 quae
1050 2126 1083 2158 in
1122 2125 1223 2157 cranii
1262 2125 1343 2157 inte-

331 2179 416 2210 riore
452 2175 534 2210 facie
567 2173 717 2206 extabant
743 2195 751 2209 ‚
787 2182 851 2203 non
887 2169 923 2203 ad
956 2168 1111 2202 exostoses
1133 2179 1182 2202 eas
1205 2167 1306 2201 refero
1330 2192 1340 2208 ,

331 2233 408 2263 quas
442 2220 510 2263 post
544 2218 676 2250 insultus
711 2215 902 2257 epilepticos
926 2235 934 2249 ‚
980 2212 1098 2246 ibidem
1142 2212 1180 2245 ab
1214 2211 1240 2244 se
1265 2234 1274 2249 ‚
1308 2214 1340 2245 &

331 2266 436 2299 Ravio
468 2263 547 2296 visas
580 2268 808 2293 commemorat
842 2255 1058 2292 Boerhaavius
1092 2259 1102 2295 (
1126 2265 1145 2288 u
1168 2259 1204 2295 ),
1227 2254 1278 2288 sed
1302 2254 1342 2288 ad

335 2319 430 2342 novas
465 2307 534 2340 ossis
558 2329 566 2344 ‚
601 2316 637 2337 uc
671 2303 711 2336 sic
745 2302 870 2337 dicam,
897 2301 1110 2341 vegetationes
1139 2324 1147 2338 ,
1179 2299 1287 2341 quales
1309 2299 1343 2331 in

335 2351 489 2385 vertebris
519 2349 664 2383 hominis
698 2355 826 2378 centum
860 2345 990 2377 circiter
1015 2353 1112 2374 annos
1136 2345 1201 2374 nati
1226 2340 1343 2374 descri-

336 2395 396 2439 pfit
422 2388 854 2437 Poupartius(>:)singulari
871 2409 878 2421 ‚
903 2398 962 2429 qua
979 2386 1086 2417 nostrae
1098 2396 1224 2426 quoque
1235 2394 1322 2417 erant
1336 2406 1343 2419 ‚

336 2438 478 2471 albedine
499 2460 511 2477 ‚
548 2438 578 2468 ὃ(
614 2436 749 2466 nitore.
785 2430 886 2472 Qod
924 2429 943 2460 si
979 2438 1120 2469 utraeque
1149 2453 1155 2464 ,
1188 2426 1268 2461 ficut
1293 2428 1342 2459 illi

337 2483 397 2517 suae
421 2505 433 2522 ,
471 2483 501 2513 &
534 2478 645 2512 nostrae
688 2475 781 2508 nobis
815 2473 1003 2516 videbantur
1030 2497 1038 2508 ,
1072 2469 1156 2512 quasi
1192 2470 1230 2503 ab
1262 2468 1342 2504 effu-

337 2528 422 2561 fione
456 2523 592 2565 quadam
628 2520 719 2554 fasti?
751 2527 837 2550 erant
874 2514 947 2549 ossei
983 2515 1102 2554 succi,·
1134 2515 1239 2547 minus
1264 2513 1342 2547 faci-

338 2571 381 2605 les
413 2567 575 2603 habebunt
610 2565 789 2606 explicatus
822 2561 989 2594 secundum
1028 2566 1165 2591 recentes
1200 2557 1345 2590 observa-

338 2617 441 2647 tiones
465 2636 477 2653 ,
510 2611 760 2649 sententiamque
798 2602 1167 2650 Experientiffimiyiri
1184 2625 1195 2641 ,
1221 2601 1345 2643 praeser-

339 2661 401 2692 tim
435 2666 508 2690 cum
542 2655 575 2687 in
610 2651 711 2686 nostra
748 2651 825 2683 Anu
860 2645 967 2680 Crassa
1004 2655 1133 2678 meninx
1156 2668 1168 2684 ,
1199 2656 1267 2686 quae
1292 2647 1343 2677 in-

338 2703 421 2735 terni
470 2696 613 2741 periostei
660 2695 767 2728 locum
808 2700 895 2725 tenet
921 2714 933 2730 ,
967 2689 1051 2722 nihil
1082 2688 1216 2725 Iasionis
1251 2689 1284 2720 in
1316 2688 1343 2721 se

340 2744 514 2779 ostenderet
548 2753 610 2784 qua
645 2739 701 2777 illa
734 2737 845 2771 tubera
879 2733 1091 2769 obducebat,
1126 2742 1225 2773 neque
1251 2731 1287 2764 ad
1311 2743 1344 2764 ea

342 2789 461 2823 arffius
486 2810 498 2826 ,
528 2784 607 2818 sicut
643 2782 680 2816 ad
719 2791 820 2814 certas
852 2776 1004 2822 quasdam
1042 2777 1119 2809 alias
1149 2775 1249 2807 cranii
1276 2786 1343 2816 par-

343 2842 391 2865 tes
417 2857 426 2872 ‚
459 2829 629 2862 adhaertret
655 2853 663 2867 ,
700 2836 755 2857 nec
789 2823 903 2857 mulier
938 2820 975 2853 dc
998 2821 1065 2854 ullo
1087 2829 1228 2860 unquam
1251 2816 1344 2850 dolo-

344 2887 374 2908 re
399 2900 408 2914 ,
444 2882 497 2906 aut
529 2870 642 2904 morbo
679 2869 792 2909 sapitis
815 2865 918 2910 questa
952 2863 1023 2898 esset
1048 2889 1054 2895 .
1093 2862 1174 2898 Quae
1200 2872 1244 2893 res
1267 2872 1350 2901 quo-

347 2917 446 2952 modo
478 2915 570 2959 poffit
602 2912 744 2953 intelligi
770 2935 779 2948 ,
811 2914 841 2943 δε
875 2908 953 2952 quid
989 2920 1026 2941 ex
1059 2918 1091 2939 ea
1116 2904 1253 2944 deduci,
1276 2916 1350 2937 cnm

345 2962 421 2995 satis
451 2960 484 2992 in
518 2956 717 2991 Adversariis
750 2956 809 2987 VI.
848 2957 898 2994 (y
921 2956 935 2992 )
958 2951 994 2984 sit
1033 2950 1209 2983 indicatum
1227 2972 1246 2994 .³
1295 2947 1350 2980 hic

345 3007 459 3038 iterare
492 3001 573 3034 nihil
608 3000 723 3032 attinet
748 3023 755 3030 .
888 2999 1001 3038 Itaque
1037 2993 1075 3026 ad
1099 2992 1279 3035 promislam
1305 3003 1350 3023 re-

346 3057 454 3081 vertor
477 3045 584 3078 seriem
609 3041 902 3078 Observationum,
926 3050 995 3080 quae
1019 3036 1101 3071 mihi
1128 3035 1255 3078 quidem
1280 3034 1350 3081 sunt

347 3094 511 3135 cognita,
537 3087 673 3127 disrupti
699 3085 806 3117 cordis
831 3107 838 3114 .
876 3084 965 3120 Quas
990 3083 1074 3113 inter
1097 3079 1186 3113 locus
1211 3078 1263 3110 hic
1288 3089 1353 3119 ejus

351 3135 392 3168 est
417 3144 513 3177 quam
526 3132 636 3163 eodem
658 3129 789 3161 circiter
814 3137 846 3159 ac
870 3137 962 3165 mea,
985 3135 1125 3166 tempore
1150 3124 1182 3155 in
1206 3121 1265 3154 hoc
1281 3122 1355 3153 No·-

354 3179 500 3212 socomio
533 3174 573 3207 ab
603 3174 631 3206 se
663 3171 807 3205 habitam
830 3193 844 3210 ,
878 3168 959 3201 mihi
996 3168 1136 3200 narravit
1182 3166 1223 3198 A.
1259 3164 1350 3206 1708.

353 3222 469 3265 probus
493 3229 584 3261 atque
613 3215 760 3249 honestus
784 3213 847 3245 Vir
872 3214 1036 3244 Antonius
1063 3208 1235 3244 Marisatus
1254 3230 1262 3245 ‚
1298 3208 1354 3249 qui

352 3275 431 3299 tnnc
455 3262 575 3296 ibidem
602 3259 721 3293 Medici
748 3256 920 3290 Affistentis
945 3266 1071 3287 munere
1096 3253 1285 3295 fungebatur
1307 3251 1357 3282 di-

354 3305 572 3348 ligentissime.
885 3342 891 3347 .
948 3342 954 3347 ι
1124 3340 1128 3345 ι

382 3346 430 3392 ”ς.
455 3346 660 3385 ΡΟΞΜΙΝΑ
678 3371 685 3384 ,
711 3356 780 3387 quae
805 3341 1016 3385 palpitatione
1040 3339 1147 3373 cordis
1172 3336 1358 3375 laborabat,

359 3406 431 3427 curn
464 3388 635 3435 prandendi
667 3392 754 3420 caula
789 3389 822 3418 in
855 3385 973 3417 lectulo
1017 3387 1049 3417 in
1092 3394 1157 3425 quo
1200 3381 1321 3423 jacebat
1345 3402 1357 3418 ,

360 3439 417 3470 vix
449 3433 604 3469 resedisset
632 3456 643 3472 ³
678 3432 799 3465 morior
822 3453 835 3470 ,
868 3430 913 3460 ait
935 3450 944 3465 ‚
980 3425 1128 3469 &quasi
1151 3425 1243 3457 illico
1272 3433 1358 3456 mor-

920 98 1078 153 Liber
1110 97 1176 149 ΙΙ.
1210 100 1294 151 De
1331 97 1539 150 Morbis
1573 94 1830 149 Thoracis

1386 186 1441 210 tua
1472 175 1514 209 est
1536 199 1545 208 .
1677 175 1912 209 THORACE
1956 176 2025 219 post
2055 175 2135 210 duos
2177 175 2274 210 tresve
2317 174 2386 212 dies

1386 228 1496 260 aperto
1517 242 1530 258 ‚
1564 217 1728 252 inventum
1764 218 1807 251 est
1840 219 2055 259 pericardium
2076 227 2227 252 concreto
2258 218 2386 261 sangui..

1385 274 1422 295 ne
1456 261 1645 295 distentum.
1671 261 1738 294 Hic
1763 270 1867 295 autem
1892 263 2053 303 prodierat
2074 274 2113 296 ex
2135 261 2257 297 sinistro
2278 264 2385 300 cordis

1386 305 1583 344 ventriculo,
1608 315 1702 348 quem
1726 304 1925 339 ulcusculum
1947 306 2033 349 quasi
2055 305 2213 349 quoddam
2228 307 2265 341 ad
2279 307 2386 352 cuspi-

1386 347 1456 382 dem
1478 347 1716 391 perforaverat.

1428 394 1458 423 6.
1493 392 1559 424 Hic
1590 390 1676 424 casus
1708 389 1781 423 satis
1813 389 1927 424 similis
1961 391 2058 426 nostri
2082 392 2125 426 est
2144 404 2158 433 ,·
2189 404 2227 427 an
2249 405 2323 429 vero
2344 397 2386 429 il.

1388 435 1491 468 lorum
1523 434 1621 467 etiarn
1653 444 1733 476 quos
1769 434 1929 468 Lancisius
1961 434 2140 469 observavit
2163 459 2176 476 ,
2211 436 2264 470 etsi
2307 450 2386 473 con-

1388 479 1524 511 trarium
1556 489 1595 510 ex
1626 485 1713 519 parte
1747 475 1943 518 suspicamur
1965 501 1978 518 ‚
2012 487 2118 512 tamen
2143 489 2203 520 pro
2221 489 2310 514 certo
2333 494 2387 516 ne-

1388 521 1504 555 scimus
1528 545 1536 552 .
1571 523 1609 554 In
1642 519 1815 562 posthumo
1836 522 1921 555 enim
1947 523 2055 564 Opere
2088 523 2123 555 de
2156 525 2247 556 Motu
2282 527 2385 561 Cordis

1387 567 1482 607 (z)
1513 562 1601 611 edito
1631 563 1791 612 A.·1728.
1816 574 1917 597 revera
1948 568 1979 598 δε
2012 565 2078 608 ipse
2108 576 2228 599 eorumr
2248 571 2387 603 mentio-

1388 619 1459 640 nem
1489 608 1601 649 injecit
1634 607 1880 652 qu1,2·epent2'no
1911 608 2043 642 interitu
2083 607 2120 642 ob
2163 618 2306 651 apertum
2349 623 2386 648 ex

1388 659 1524 693 tempore
1557 650 1657 684 cordis
1680 647 1823 690 foramen
1856 651 2020 684 concidunt
2041 676 2055 692 ‚
2088 650 2179 695 seque
2212 653 2245 686 id
2270 656 2394 689 mortis'

1385 705 1483 737 genus
1513 704 1576 726 non
1611 693 1711 726 modo
1740 690 1850 725 vidiffe
1871 715 1881 730 ,
1914 692 1966 726 sed
2001 694 2103 728 crebro
2127 695 2223 729 etiam
2246 695 2354 741 vidisse
2376 723 2387 738 ,

1387 737 1514 771 testatus
1545 736 1587 769 est
1612 747 1620 769 ε
1657 737 1713 779 qui
1748 736 1836 769 locus
1860 758 1872 775 ,
1904 745 1940 769 ut
1974 735 2011 770 fit
2033 760 2047 778 ,
2076 739 2195 772 Virum
2229 744 2388 784 quendam

1386 780 1473 822 fugit
1515 781 1710 821 caeteroquin
1755 776 1930 812 Eruditum
1952 802 1960 810 .
2003 780 2111 823 Atque
2145 783 2268 818 utinam
2304 790 2388 821 Lan-

1385 824 1478 858 cisius
1508 826 1604 865 Opus
1628 821 1709 856 illud
1734 822 1823 856 suum
1858 823 1981 864 explere
2014 822 2164 865 potuisset
2180 840 2199 867 ‘3
2240 830 2389 869 profecto

1391 878 1491 910 neque
1528 865 1583 900 has
1606 890 1618 906 ‚
1648 876 1747 907 neque
1779 865 1854 897 alias
1877 888 1889 904 ‚
1921 864 2035 899 diserte
2064 868 2104 901 ab
2133 880 2172 901 eo
2192 892 2202 908 ‚
2235 875 2267 907 δε
2312 875 2322 882 ”
2351 877 2357 884 ·

1390 912 1484 944 latim
1517 911 1647 952 scriptas
1680 908 1929 941 Observationes
1972 908 2242 947 defideraremusi
2288 915 2388 955 Nunc

1390 954 1477 997 quod
1509 954 1638 996 quidem
1669 950 1705 985 ad
1736 953 1791 985 has
1814 953 1929 984 attinet
1953 973 1965 990 ,
1995 951 2078 986 nihil
2103 955 2256 992 habemus
2278 962 2365 997 alind

1390 997 1448 1030 nisi
1472 998 1560 1040 quod
1585 995 1705 1030 ibidem
1728 995 1783 1028 sibi
1809 994 1987 1037 persuasum
2009 995 2167 1039 ostendit,
2193 1000 2270 1035 huic
2301 989 2390 1040 mori

1390 1042 1434 1074 tis
1468 1041 1573 1082 generi
1606 1048 1786 1082 opportuna
1819 1040 1900 1071 inter
1933 1047 2046 1072 caetera
2076 1040 2133 1074 esse
2166 1043 2222 1077 illa
2255 1056 2391 1092 corpora

1389 1085 1421 1116 in
1455 1084 1569 1126 quibus
1602 1084 1715 1125 puerili
1750 1081 1854 1116 adhuc
1876 1090 1969 1115 aetate
1992 1082 2099 1118 cordis
2122 1084 2213 1121 fibras
2236 1099 2301 1124 non
2324 1104 2395 1127 mo-

1388 1127 1430 1160 do
1453 1126 1680 1169 languidiores,
1706 1137 1761 1159 nec
1778 1126 1862 1168 satis
1893 1125 2078 1160 cohaerentes
2098 1151 2111 1168 ,
2146 1129 2197 1163 sed
2220 1134 2316 1168 etiam
2339 1134 2392 1171 ἄε-

1389 1169 1532 1213 ficientcs
1568 1171 1725 1209 invenit,
1756 1178 1793 1202 ut
1825 1169 2019 1202 nominatim
2050 1170 2172 1212 sinistro
2206 1175 2239 1208 in
2270 1182 2392 1214 ‘ventri-

1393 1213 1462 1246 culo
1496 1213 1597 1247 locum
1619 1213 1768 1254 quendam
1791 1236 1803 1251 ‚
1835 1222 1870 1244 ac
1891 1212 1995 1245 veluti
2009 1210 2154 1255 foramen
2174 1218 2368 1258 perlucidum

1392 1256 1471 1298 quod
1499 1264 1644 1296 externa,
1666 1256 1847 1297 internaque
1869 1262 1992 1288 tantum
2014 1255 2213 1300 membrana,
2235 1272 2270 1296 ne
2292 1246 2394 1299 omni:

1391 1310 1430 1332 no
1462 1299 1629 1341 dcliisceret
1653 1322 1661 1334 ‚
1697 1298 1884 1340 impediebat
1908 1322 1915 1330 .
1949 1299 2049 1332 Recte
2072 1311 2177 1336 autem
2200 1304 2320 1348 scripsit
2343 1309 2394 1342 in-

1388 1349 1437 1375 ter
1469 1352 1580 1376 caetera
1604 1367 1612 1374 .
1648 1343 1737 1375 Nam
1771 1344 1804 1375 &
1836 1341 1997 1376 ulceribus
2018 1344 2152 1378 internis
2174 1347 2317 1384 obnoxia
2360 1355 2394 1386 δε

1382 1385 1499 1428 quibus
1514 1409 1522 1423 ‚
1546 1395 1583 1419 ut
1606 1385 1714 1424 dixit,
1742 1384 1949 1428 languidiores
1959 1385 2045 1420 fibrae
2056 1386 2163 1422 cordis
2176 1390 2268 1433 sunt,
2292 1377 2396 1431 eidem

1385 1431 1484 1463 morti
1510 1429 1580 1463 sunt
1603 1438 1802 1472 opportuna.

1434 1484 1465 1523 7.
1501 1472 1679 1515 Utriusque
1713 1470 1811 1521 hujus
1835 1472 1946 1506 ultimi
1968 1476 2091 1517 generis
2113 1480 2294 1522 exempIum
2318 1491 2398 1525 pro-r

1393 1516 1472 1549 tulit
1516 1517 1716 1550 luculentum
1746 1526 1773 1548 is
1806 1517 1863 1558 qui
1895 1517 1933 1550 de
1968 1517 2077 1552 cordis
2110 1525 2264 1563 ruptione
2301 1526 2396 1568 plura

1392 1559 1544 1610 lia-&renus
1575 1571 1672 1603 quam
1696 1558 1864 1601 quisquam
1888 1583 1900 1599 ,
1932 1561 2065 1604 collegit
2088 1587 2100 1602 ‚
2132 1574 2168 1597 ac
2190 1566 2314 1609 scripsit
2337 1570 2397 1603 Cl.

1391 1604 1456 1637 Vir
1488 1602 1665 1636 Morandus
1700 1605 1751 1644 (a
1775 1605 1789 1641 )
1813 1626 1820 1633 -
1856 1605 2002 1646 Uterque
2037 1606 2124 1640 casus
2147 1610 2180 1641 in
2204 1621 2321 1645 annum
2344 1614 2396 1646 in-

1391 1646 1472 1680 cidit
1508 1657 1600 1695 3730.
1637 1646 1732 1693 Alter
1764 1646 1797 1677 in
1820 1647 1966 1680 foemina
1992 1649 2141 1693 Principe
2164 1674 2178 1691 ,
2212 1663 2303 1688 aetate
2326 1654 2393 1698 jam

1391 1690 1578 1735 provecta,
1609 1699 1699 1731 cnjus
1733 1690 1945 1723 ventriculum
1978 1692 2088 1726 cordis
2117 1694 2282 1730 dexterum
2307 1708 2396 1732 exte-

1390 1736 1456 1766 rius
1486 1734 1609 1766 erosum
1641 1732 1817 1765 observavit
1849 1733 1902 1765 Cl.
1938 1734 2111 1769 Lcmervus
2134 1762 2143 1777 ,
2177 1747 2212 1772 ut
2234 1739 2322 1775 ulcus
2345 1744 2398 1776 in-

1392 1776 1429 1810 de
1462 1776 1617 1818 paulatim
1652 1776 1811 1809 videretur
1853 1775 1892 1808 ad
1927 1770 2098 1812 ventriculi
2145 1781 2240 1825 usquc
2284 1796 2396 1820 cavum

1392 1818 1561 1862 pervenisse
1585 1834 1593 1852 ε
1630 1821 1685 1861 qui
1717 1827 1881 1860 propterea
1911 1820 2014 1854 inanis
2046 1831 2111 1855 erat
2134 1846 2144 1862 ,
2175 1827 2294 1868 quippe
2317 1828 2397 1863 effu-

1394 1863 1428 1897 so
1460 1864 1547 1895 intra
1579 1862 1793 1905 pericardium
1827 1861 2013 1904 sanguine3
2046 1864 2136 1908 cujus
2180 1868 2299 1903 sinister
2329 1883 2396 1906 erat

1394 1907 1508 1949 plenus
1531 1930 1538 1937 .
1573 1907 1668 1941 Alter
1702 1906 1735 1937 in
1758 1905 1862 1938 nobili
1885 1907 1994 1947 Viro,
2016 1919 2110 1950 quem
2133 1911 2309 1948 Morandus
2332 1916 2399 1957 ipse

1394 1949 1540 1983 dissecuit
1561 1972 1575 1990 ,
1607 1950 1791 1991 invenitque
1820 1949 2031 1990 pericardiurn
2060 1963 2214 1988 concreto
2248 1957 2398 1993 sanouine

1394 1992 1547 2025 refertum
1567 2016 1579 2032 ,
1612 2003 1784 2040 quem-cor
1806 1992 1915 2026 laxum
1948 1993 2025 2027 adeo
2046 2018 2055 2033 ,
2088 2005 2125 2030 ut
2158 1998 2279 2041 specilli
2302 1987 2399 2037 durn-

1395 2044 1481 2068 taxat
1506 2035 1643 2077 pondere
1666 2036 1772 2078 trajici
1798 2035 1920 2077 posset,
1943 2049 1958 2069 e
1980 2040 2162 2073 ventriculo
2193 2041 2317 2078 sinistro
2350 2046 2399 2079 ef-

1394 2078 1520 2113 fuderat
1552 2089 1606 2121 per
1638 2077 1798 2112 scissuram
1829 2079 1905 2112 octo
1941 2081 2072 2114 circiter
2104 2083 2201 2119 lineas
2233 2087 2364 2131 longam
2385 2095 2401 2128 ‚'

1394 2134 1466 2165 quae
1499 2122 1533 2154 in
1562 2121 1670 2155 medio
1694 2122 1781 2155 illius
1804 2122 1976 2156 ventriculi
2011 2136 2132 2167 reperta
2167 2128 2209 2163 est
2230 2154 2238 2162 .
2272 2134 2400 2166 Caetera

1392 2177 1461 2209 quae
1498 2164 1537 2198 ad
1568 2177 1622 2198 eos
1654 2165 1913 2200 casus'attinent
1936 2188 1945 2204 ‚
1977 2168 2131 2210 perlegere
2161 2174 2282 2213 poteris
2315 2176 2401 2218 apud

1393 2208 1528 2242 eundem
1560 2209 1756 2242 Morandum
1781 2234 1790 2249 ‚
1820 2218 1934 2251 praeter
1966 2221 2014 2244 eas
2049 2222 2118 2253 quae
2153 2216 2366 2255 praecesserant

1392 2252 1532 2301 causas,
1563 2254 1594 2284 &
1624 2262 1720 2301 ⁴notas
1742 2264 1751 2285 .·
1787 2263 1857 2295 quae
1890 2263 1966 2287 num
1999 2256 2071 2297 quia
2095 2257 2181 2291 nulla
2204 2258 2324 2294 fuerint
2347 2243 2403 2296 aci-³.

1394 2305 1571 2348 notatione
1599 2294 1703 2345 dignae
1726 2319 1738 2336 ,
1772 2306 1809 2328 an
1845 2298 1954 2338 potius
1990 2298 2077 2340 quod
2112 2299 2174 2334 fint
2202 2303 2244 2336 'ad
2267 2304 2402 2339 ulterio-

1395 2350 1461 2372 rem
1496 2345 1722 2373 tractationem
1754 2338 1863 2372 dilatae
1884 2362 1896 2380 ,
1930 2342 1963 2373 in
1997 2352 2035 2373 eo
2068 2343 2198 2384 quidem
2223 2348 2403 2381 Commen-

1395 2384 1479 2415 tario
1513 2392 1577 2414 non
1607 2391 1803 2416 occurrunt.
1937 2385 1996 2418 Sed
2021 2386 2054 2422 in
2079 2389 2278 2427 penultima,
2300 2403 2401 2434 quan-

1394 2435 1463 2459 tum
1486 2436 1556 2474 ‘ego
1590 2427 1664 2458 novi
1687 2449 1700 2466 ‚
1735 2426 1822 2468 rupti
1847 2427 1952 2460 cordis
1976 2427 2228 2472 observatione,
2253 2433 2291 2467 ad
2313 2436 2401 2468 exul-

1394 2477 1588 2515 cerationem
1615 2471 1791 2510 pertinente
1812 2492 1826 2508 ‚
1860 2468 1951 2503 sicuti
1987 2470 2134 2514 utrasque
2157 2486 2263 2509 earum
2285 2475 2325 2510 ad
2351 2490 2402 2512 me

1396 2511 1519 2553 scripsit
1552 2510 1637 2545 idem
1668 2513 1722 2553 qui
1750 2512 1840 2545 illam
1865 2512 1979 2546 habuit
1996 2537 2008 2553 ,
2031 2525 2218 2559 mecumque
2252 2531 2400 2555 commu-

1398 2557 1516 2588 nicavit
1539 2555 1579 2587 A.
1599 2565 1685 2597 1740¹
1702 2553 1939 2593 Medicusoli'm
1964 2557 1996 2589 in
2022 2558 2204 2594 Placentina
2229 2564 2313 2596 Aula
2326 2566 2401 2606 Spe-

1398 2597 1582 2632 &atiffimus
1606 2599 1797 2632 Laurentius
1812 2599 1974 2633 Marianus
1988 2622 1995 2636 ‚
2008 2601 2052 2633 ita
2064 2611 2145 2637 nunc
2159 2616 2173 2636 a
2188 2617 2235 2637 me
2246 2605 2379 2641 habebis
2390 2632 2399 2639 .

1445 2642 1473 2676 8.
1509 2642 1666 2681 EQUES
1698 2650 1763 2674 erat
1796 2642 2047 2683 Ornanffimus,
2072 2656 2168 2679 annos
2191 2658 2283 2682 natus
2308 2652 2402 2693 quin-

1395 2696 1457 2728 que
1480 2707 1489 2722 ,
1523 2687 1553 2717 &
1579 2684 1738 2727 sexaginta
1762 2708 1771 2724 ‚
1807 2684 1857 2718 sed
1889 2685 2021 2720 robustis
2053 2689 2201 2723 membris
2226 2715 2237 2732 ,
2271 2695 2303 2725 δε
2328 2706 2404 2738 pro-

1397 2729 1436 2761 ba
1469 2727 1640 2762 humorum
1675 2729 1827 2770 temperie
1852 2754 1860 2768 ,
1895 2729 1950 2762 nisi
1985 2730 2072 2772 qnod
2106 2742 2177 2765 ante
2213 2746 2312 2769 annos
2345 2738 2404 2770 ali-

1397 2781 1476 2813 quot
1509 2771 1673 2804 diuturnis
1696 2795 1708 2811 ‚
1739 2774 1771 2804 &
1802 2772 2046 2807 contumacibus
2082 2785 2208 2811 crurum
2245 2780 2403 2814 ulceribus

1398 2814 1627 2848 laboraverat.-
1661 2826 1730 2856 quae
1763 2815 1909 2857 pertaesus
1932 2841 1941 2856 ,
1979 2817 2125 2851 remediis
2162 2833 2223 2863 qua
2246 2820 2404 2865 internis,

1401 2870 1462 2902 qua
1497 2859 1635 2891 externis
1663 2857 1791 2891 tandem
1814 2860 2043 2900 persanaverat.
2072 2863 2102 2894 Is
2125 2864 2285 2899 novissime
2309 2866 2404 2901 rheu-

1403 2903 1530 2935 maticis
1574 2901 1741 2934 doloribus
1783 2901 1911 2935 subinde
1951 2904 2112 2938 obnoxius
2135 2929 2144 2945 ,
2194 2907 2242 2943 sed
2279 2910 2403 2944 levibus

1404 2944 1487 2994 adeo⁴
1505 2968 1516 2985 ,
1550 2953 1585 2977 ut
1617 2944 1715 2978 domo
1737 2945 1822 2977 exire
1862 2956 1923 2978 non
1969 2946 2173 2988 prohiberent
2198 2976 2207 2990 ‚
2239 2954 2348 2994 quod,
2372 2957 2405 2987 &

1405 2987 1507 3030 pridie
1539 2987 1654 3020 fecerat
1679 3011 1688 3025 ‚
1723 2999 1818 3030 quarn
1852 2999 2025 3024 moreretur
2047 3013 2059 3030 ,
2091 2993 2131 3026 iis
2166 2995 2309 3031 acerbius
2334 3007 2405 3040 pre-

1405 3031 1516 3065 hensus
1549 3031 1590 3064 est
1622 3032 1664 3064 V.
1698 3031 1811 3064 Nonas
1839 3033 1952 3076 Junias
1989 3033 2027 3067 ad
2071 3034 2206 3070 sternum
2239 3040 2373 3082 quidem

1406 3078 1437 3108 &
1472 3074 1600 3108 brachia
1624 3097 1636 3113 ,
1669 3084 1730 3105 non
1765 3072 1827 3108 sine
1859 3077 1976 3117 capitis
2009 3079 2251 3118 perturbatione
2279 3108 2286 3114 .
2319 3065 2408 3122 Qui:

1406 3118 1464 3151 bus
1500 3129 1553 3160 per
1588 3129 1621 3163 ea
1654 3128 1722 3162 quae
1754 3116 1825 3150 sunt
1858 3119 1922 3152 visa
1957 3123 2057 3161 magis
2097 3122 2210 3157 idonea
2242 3122 2317 3160 cum
2349 3137 2408 3159 oc-

1406 3161 1529 3195 cursum
1562 3161 1632 3194 esset
1657 3172 1667 3198 3
1699 3170 1764 3202 Jam
1793 3163 1877 3194 circa
1908 3163 2072 3199 meridiem
2103 3177 2214 3209 magna
2251 3181 2290 3203 ex
2321 3178 2407 3212 parte

1407 3205 1586 3244 relevatus,
1610 3204 1754 3245 quamvis
1777 3204 1907 3238 infirmo
1931 3208 2021 3249 pulsu
2043 3232 2056 3249 ,
2089 3209 2235 3244 alacriter
2258 3212 2287 3245 se
2317 3223 2405 3256 gere-

1410 3248 1464 3280 bat
1490 3272 1496 3278 .
1531 3250 1562 3280 A
1587 3247 1718 3288 prandio
1741 3258 1813 3280 curn
1835 3249 2022 3291 quievisset,
2046 3252 2305 3296 expergefaftus,
2338 3255 2410 3288 eos-

1411 3292 1483 3325 dem
1506 3301 1586 3334 quos
1610 3301 1699 3323 mane
1721 3312 1737 3338 ,1
1765 3291 1889 3325 dolores
1913 3291 2004 3326 sensit
2029 3320 2036 3327 .
2068 3297 2276 3340 Quapropter
2306 3299 2410 3332 inam-

1412 3335 1517 3368 bulare
1541 3336 1573 3366 in
1596 3333 1739 3366 conclavi
1761 3337 1885 3376 coepit3
1909 3335 1951 3368 sic
1977 3339 2060 3373 enim
2083 3340 2156 3373 illos
2180 3339 2305 3375 facilius
2329 3340 2411 3375 fere-

1408 3378 1492 3427 bat..
1529 3377 1587 3411 Sed
1619 3376 1783 3419 postquam
1818 3377 1891 3412 satis
1913 3380 1946 3411 id
1971 3379 2105 3419 fecerat,
2127 3394 2202 3416 cum
2226 3385 2342 3418 lestum
2366 3396 2412 3417 re-

1410 3418 1569 3464 petiisset,
1593 3419 1782 3463 querebatur
1802 3420 1840 3455 de
1863 3422 1961 3456 fumis
1986 3424 2024 3458 ad
2046 3435 2142 3467 caput
2156 3426 2412 3469 ascendentibus,

2275 3471 2369 3503 &dc

365 3557 2410 3578 W

423 3635 587 3662 (n)n.=3.
651 3630 812 3661 (0)n.i7.
875 3626 1021 3657 (piam.

423 3665 438 3692 (
451 3664 576 3692 s)1?.pist.
596 3665 631 3686 26.
651 3671 675 3685 n.
696 3671 731 3689 17.
794 3661 808 3688 (
824 3665 833 3681 r
849 3657 862 3685 )
880 3666 900 3680 n.
923 3665 945 3686 ¹5
1017 3654 1058 3684 (α
1081 3657 1086 3682 J
1105 3653 1207 3677 Praelest
1224 3652 1250 3674 ad
1272 3652 1344 3674 lnstn.

423 3697 462 3724 (y
479 3698 488 3723 )
504 3694 619 3718 Animad.
638 3694 676 3721 841
741 3691 753 3719 (
770 3698 787 3718 z
804 3696 812 3720 )
829 3687 926 3717 Propos.
944 3686 980 3710 28.
1043 3686 1056 3712 (
1072 3693 1086 3708 a

1083 3620 1124 3652 (q
1139 3623 1153 3651 )
1169 3620 1231 3649 Epist
1243 3623 1270 3644 26
1288 3628 1341 3648 n.37
1355 3622 1390 3650 38.

1363 3651 1385 3681 §.
1403 3651 1459 3673 860.

1105 3687 1112 3713 J
1128 3686 1197 3707 Mein
1221 3682 1248 3706 de.
1264 3683 1272 3705 l
1290 3683 1337 3704 Aca
1345 3683 1365 3706 d.

1454 3618 1462 3649 (
1477 3628 1488 3644 r
1503 3619 1519 3647 )
1535 3618 1597 3647 Disp.
1610 3618 1637 3642 de
1646 3618 1705 3642 aeris
1713 3622 1821 3648 praei'ent.
1831 3619 1855 3644 in
1865 3619 1984 3644 huniorib.
1994 3621 2093 3646 animal.
2103 3623 2172 3653 c.1-§
2188 3625 2221 3647 i8.
2231 3625 2342 3654 coroll.4.
2355 3629 2376 3652 δι
2389 3636 2411 3657 ς.

1522 3649 1529 3677 (
1546 3658 1560 3673 x
1574 3650 1588 3678 J
1603 3649 1664 3672 Hist.
1680 3651 1709 3674 de
1726 3652 1816 3677 l'Acad.
1832 3652 1862 3676 R.
1881 3652 1921 3674 des
1938 3653 1976 3675 SC.
1993 3654 2022 3675 Α.
2041 3655 2109 3682 1699.
2127 3654 2185 3677 Obs.
2205 3660 2276 3679 Anat,
2300 3665 2318 3680 ι.

1384 3683 1412 3705 R.
1431 3680 1470 3704 des
1487 3681 1523 3704 Sc.
1540 3681 1569 3703 A.
1591 3687 1656 3709 ¹73²·
