2498 4075
455 230 606 297 Epist.
643 230 804 283 Anat.
837 228 1053 283 Medica
1089 228 1217 282 XV.
1253 227 1372 280 Art.
1391 228 1438 283 8.
1455 232 1500 296 9.
1522 231 1752 285 10.&11.

88 307 130 341 do
144 320 182 342 or
204 308 416 343 convulsionis
441 311 541 352 magis
565 319 659 352 quam
686 308 901 349 laxitudinis,
924 309 1082 344 indicium

90 363 179 393 erat,
203 353 321 387 scilicet
342 354 386 386 ob
407 353 537 387 affiduos
561 350 764 399 ingentesque
790 352 1005 386 musculorum
1029 366 1083 386 co-

91 406 183 432 natus
207 400 240 430 in
263 397 416 438 ejusmodi
443 396 649 437 respiratione
673 395 747 437 ipsis
772 395 1083 439 proximisquelaxa-

91 444 157 482 tis,
178 439 393 483 distractisque
418 440 578 480 partibus.
602 439 764 472 Caeterum
793 439 857 472 haec
881 438 1083 480 quaestiosive

92 487 179 524 hoc,
201 483 260 517 sive
284 483 349 516 alio
373 484 478 524 potius
502 481 599 514 modo
621 480 684 513 tibi
707 481 855 515 videatur
877 481 1051 517 dirimenda
1072 495 1083 520 3

92 529 206 572 agitari
232 538 298 560 non
322 527 442 568 poterit
465 525 507 572 ob
528 524 692 566 signorum
714 524 875 558 defestum
898 527 933 558 in
966 526 1086 559 Obser-

90 573 218 607 vatione
242 581 331 603 mea:
354 579 451 611 quam
475 570 514 600 iic
530 568 634 610 accipe
648 592 655 598 .

135 616 164 648 8.
188 612 376 647 MULIER
398 609 606 653 quadraginta
628 611 757 643 circiter
781 623 876 647 annos
907 621 979 645 nata
1001 636 1014 653 ‚
1048 613 1087 644 li-

89 659 238 691 berorum
263 665 388 693 mater,
410 653 501 694 cujus
524 653 638 687 sinistri
662 655 751 687 oculi
774 656 855 688 vitia
880 656 951 688 aliis
985 655 1021 688 ad
1055 665 1087 687 te

90 702 225 735 Litteris
247 700 258 737 <
282 698 301 731 h
321 701 337 737 >
356 696 525 739 descripsi,
548 698 643 730 certis
666 696 704 729 de
727 697 825 731 causis
839 723 851 738 ,
883 710 959 740 quas
983 700 1086 740 requi-

92 756 162 777 rens
184 744 260 777 scire
283 751 347 773 non
371 742 488 782 potui,
510 740 550 773 ab
573 741 614 773 iis
637 752 718 782 quos
752 740 926 781 habuerat,
950 741 1085 775 Medicis

92 789 282 831 pulmonum
304 782 448 817 infarctu
470 783 611 816 laborare
633 783 773 821 credita,
797 796 870 819 cum
892 786 925 816 in
937 784 1088 818 Nosoco-

92 832 162 864 mio
185 829 314 862 demum
335 835 462 860 mortua
486 825 556 860 esset
575 848 585 863 ,
608 825 747 869 pulsibus
771 839 827 869 per
839 837 997 861 extremos
1014 828 1087 860 illos

91 875 157 908 dies
182 871 379 909 humilibus,
402 868 483 902 facie
506 869 678 903 rubicunda
694 896 703 910 ,
727 871 817 904 nullo
841 871 976 906 delirio,
1002 871 1087 904 nulla

93 916 241 959 soporosa
265 912 434 948 affer-‘tione
458 923 581 946 tentata
598 936 610 953 ,
634 913 690 946 sub
719 915 852 948 initium
883 914 1009 956 Aprilis
1043 915 1086 947 A.

95 970 185 1003 1741.
209 970 227 991 a
250 958 364 994 nob-is,
388 956 491 999 plures
514 966 590 990 tunc
613 956 699 990 forte
719 957 877 1000 variasque
889 958 1086 990 anatomicas

92 1001 358 1045 perquisitiones,
381 1009 420 1032 ut
441 999 552 1041 saepius
576 999 732 1038 solemus,
754 999 990 1042 repetentibus,
1012 999 1086 1032 dili-

90 1054 200 1089 genter
222 1043 365 1078 confecta
388 1042 449 1075 est.
582 1044 636 1076 IN
661 1044 864 1078 VENTRE
888 1043 971 1076 nihil
1002 1043 1091 1086 quod

92 1097 206 1131 praeter
229 1097 374 1121 naturam
396 1084 467 1118 esset
481 1109 493 1125 ‚
515 1084 806 1130 deprehendimus,
829 1086 851 1119 fi
877 1085 984 1119 testem
1017 1085 1091 1119 fini-

91 1132 213 1171 strum,
236 1134 267 1163 δι
291 1131 373 1163 uteri
399 1128 535 1162 fundum
558 1130 718 1172 excipias.
747 1130 807 1162 Ille
830 1130 914 1162 enim
938 1129 1110 1179 hydatideo

91 1176 243 1209 interiore
267 1173 444 1212 distentus,
466 1173 639 1208 castaneam
661 1171 805 1215 aequabat
829 1185 837 1204 .-
863 1173 916 1206 hic
952 1172 1094 1216 quodam

91 1220 126 1252 in
148 1219 223 1251 Ioco
246 1215 340 1250 faciei
365 1217 499 1249 interna·
523 1217 695 1249 anterioris
714 1241 723 1255 ‚
746 1217 888 1259 itemque
921 1217 954 1249 in
989 1217 1093 1250 altero

91 1261 274 1305 posterioris
296 1259 492 1293 excrescebat
517 1261 549 1292 in
572 1259 775 1292 substantiam
798 1270 836 1293 ex
858 1259 948 1292 fusco
981 1261 1094 1293 ruben-

91 1314 184 1344 tem,
207 1304 395 1346 inaequalem
411 1325 421 1339 ‚
446 1303 569 1337 ambitu
593 1301 814 1342 subrotundo‚
839 1303 1010 1336 altitudine
1020 1315 1092 1336 mo-

91 1348 182 1382 dica.
324 1345 460 1380 Thorax
491 1347 658 1388 pulmones
689 1345 804 1380 habuit
837 1346 927 1379 sanos
960 1348 1094 1380 omnino

92 1401 189 1434 atque
211 1391 377 1433 integros,
399 1398 436 1423 ut
458 1400 513 1422 cor
538 1400 687 1433 qnoque.
818 1388 878 1424 Sed
899 1390 1095 1427 Cerebrum,

93 1433 206 1477 siquod
229 1444 368 1476 unquam
393 1432 501 1471 aliud,
524 1432 593 1465 vasa
621 1433 730 1465 omnia
758 1431 922 1473 ostendit,
947 1444 1016 1475 quae
1040 1445 1095 1476 per

93 1479 245 1512 'sennem
269 1479 449 1519 meningen]
471 1474 675 1516 discurrunt,
699 1475 848 1518 sanguine
870 1476 999 1518 turgida
1019 1490 1027 1508 :
1063 1479 1096 1509 &

97 1521 260 1563 sanguinis
283 1520 420 1554 multum
445 1519 543 1552 in-iis
566 1520 664 1552 etiarn
686 1517 751 1552 fuit
774 1531 843 1562 quae
867 1530 921 1562 per
944 1519 1097 1552 medulla,

99 1574 167 1598 rem
191 1563 399 1605 trajiciuntur
422 1560 647 1595 substantiam.
671 1563 834 1595 Caeterum
857 1574 931 1595 cum
963 1563 1097 1595 cerebel-

99 1607 168 1641 lum
191 1605 263 1641 esset
296 1605 485 1640 laxiffimum
506 1627 518 1643 ‚
553 1604 714 1638 cerebrum
749 1605 854 1648 ipsum
887 1605 996 1639 laxum
1033 1617 1097 1639 non

101 1653 166 1684 luit
180 1675 188 1683 .

137 1707 168 1734 9.
196 1694 321 1727 Mirum
339 1717 346 1730 ,
370 1692 450 1725 hanc
471 1691 639 1725 mulierem
662 1702 761 1735 neque
792 1691 934 1727 delirasse
956 1717 968 1734 ,
999 1704 1098 1736 neque

96 1736 237 1779 sopitam
261 1734 375 1775 fuisse,
400 1743 435 1767 ut
459 1734 551 1775 dixi,
575 1735 640 1768 illis
661 1736 789 1769 ultimis
803 1737 936 1776 diebus;
959 1748 996 1769 an
1008 1737 1098 1781 quod

97 1789 169 1813 ante
193 1779 394 1812 novissimum
416 1778 590 1815 morbum,
613 1778 683 1811 vasa
707 1779 764 1811 illa
787 1780 907 1813 cerebri
929 1779 993 1822 jam
1005 1780 1099 1814 habe-

97 1835 131 1856 re
154 1822 327 1868 consuesset
353 1823 454 1864 magis
479 1822 645 1864 aliquanto
668 1822 826 1863 distenta,
848 1834 943 1866 quam
972 1835 1099 1868 aequurn

97 1865 211 1900 foret?
236 1868 287 1899 Sic
311 1867 394 1899 tnirn
420 1865 528 1897 liceret
553 1874 661 1899 utrum
688 1877 724 1898 ue
745 1867 943 1909 intelligere,
979 1869 1011 1900 δε
1043 1879 1098 1901 cur

97 1910 204 1943 minus
224 1920 320 1951 quam
344 1909 471 1948 caeteri,
494 1906 532 1940 fit
556 1907 637 1950 passa
660 1921 674 1941 a
721 1910 852 1944 adaueta
866 1909 1024 1953 postremo
1047 1922 1099 1943 va-

95 1953 204 1986 sorum
229 1952 442 1991 distentione,
465 1954 496 1984 &
520 1962 577 1984 cur
601 1952 640 1984 ab
663 1951 722 1986 hac
746 1962 859 1994 antea,
883 1953 999 1995 majori
1032 1952 1098 1987 for-

92 1994 167 2029 tasse
194 1995 231 2029 ad
256 2006 366 2030 eorum
389 2005 558 2027 nervorum
583 1996 721 2037 origines
744 1998 800 2039 qui
835 1997 976 2039 spirandi
1008 2008 1097 2039 orga-

92 2040 142 2072 nis
169 2038 366 2073 famulantur
381 2061 390 2077 ,
417 2039 518 2080 magis
541 2037 605 2070 illae
628 2040 809 2082 compreffae
834 2051 896 2073 non
920 2039 1003 2074 secus
1026 2042 1097 2084 pul-

92 2094 227 2116 monum
248 2082 356 2116 officia
380 2081 543 2116 turbarent
559 2107 568 2119 ‚
592 2092 629 2114 ac
651 2081 672 2115 fi
705 2082 740 2117 hi
764 2094 868 2117 revera
893 2082 1023 2117 infausti
1053 2084 1098 2117 es-

92 2126 160 2159 sent
177 2152 184 2157 .
318 2127 391 2159 Nec
417 2124 524 2161 dicas,
548 2124 570 2158 si
593 2135 640 2158 res
665 2125 693 2158 se
717 2126 754 2160 ad
778 2126 861 2160 hunc
883 2126 1015 2160 modum
1041 2127 1098 2159 ha-

93 2166 231 2208 buisset5
254 2170 425 2202 mulierem
448 2166 538 2201 fuisse
564 2177 652 2201 antea
675 2168 713 2201 de
735 2171 839 2211 capite
871 2171 971 2212 magis
1001 2181 1096 2212 quarn

92 2211 131 2246 de
153 2213 305 2252 thorace,
329 2220 382 2245 aut
406 2211 516 2244 saltem
539 2222 628 2252 aeque
649 2211 891 2254 conquesturam
906 2237 913 2244 .
941 2213 1029 2245 Nam
1063 2215 1096 2245 δε

91 2254 197 2298 questa
221 2253 278 2288 esse
304 2255 439 2297 potuit,
461 2264 517 2287 nos
542 2254 628 2285 enim
650 2254 766 2296 quibus
790 2263 879 2287 antea
902 2255 1042 2288 obnoxia
1054 2255 1097 2288 es-

94 2300 139 2333 set
161 2296 402 2337 incommodis,
425 2298 573 2338 ignorare
605 2298 708 2330 coacti
744 2296 848 2331 sumus
870 2310 881 2337 3
918 2302 949 2332 &
987 2301 1098 2340 potuit

95 2343 193 2375 etiam
218 2351 279 2372 non
305 2338 362 2373 esse
408 2338 508 2373 uesta.
534 2339 655 2381 Accipe
678 2341 763 2373 enim
794 2352 864 2383 quae
899 2353 914 2374 a
953 2342 1099 2375 Valsalva

94 2387 131 2419 in
153 2383 302 2417 Confilio
323 2352 464 2425 quddam
487 2381 603 2423 scripta
629 2382 698 2416 sunt
722 2394 782 2426 pro
804 2383 1020 2417 Nobiliffimo
1034 2386 1096 2417 Vi-

94 2439 156 2465 ro,
179 2427 235 2469 qui
260 2437 334 2458 cum
354 2426 436 2459 recte
458 2427 572 2458 valeret
595 2427 700 2469 capite
714 2452 723 2466 ‚
747 2427 1004 2461 convulsionibus
1028 2437 1095 2461 ten-

96 2471 225 2505 tabatur
248 2469 285 2502 ad
309 2468 397 2502 testes
420 2469 585 2509 primum,
620 2468 692 2501 inde
726 2468 764 2502 ad
796 2471 973 2503 universum
1006 2471 1094 2514 quasi

95 2521 261 2551 ventrem,
284 2510 360 2544 hinc
384 2510 517 2552 denique
542 2511 580 2544 ad
604 2522 699 2554 caput
715 2537 723 2544 .
749 2513 877 2546 Scilicet
902 2515 935 2545 in
957 2512 1094 2556 ejusmo-

95 2558 129 2592 di
153 2555 270 2590 cafibus
294 2554 322 2588 se
347 2553 431 2588 haud
456 2554 547 2588 semel
573 2555 724 2590 invenisse
737 2567 790 2599 per
802 2555 1023 2597 dissetfftiones,
1048 2558 1096 2591 af-

95 2599 246 2635 firmabat
267 2622 280 2639 ,
301 2596 544 2643 convulsionum
577 2600 737 2641 originem
774 2600 806 2632 in
841 2599 912 2643 ipso
941 2602 1069 2635 cerebro
1090 2627 1098 2641 ‚

95 2644 243 2687 quamvis
266 2641 390 2675 nullum
416 2639 522 2675 fuisset
547 2640 644 2684 hujus
668 2643 841 2676 laborantis
865 2642 1024 2677 indicium
1049 2647 1097 2678 vel

94 2687 167 2730 ipso
188 2684 431 2719 convulsionum
454 2693 622 2728 tempore;
645 2696 772 2720 caeteras
795 2696 899 2720 autem
914 2687 1101 2729 convulsas,

96 2734 130 2764 &
154 2730 264 2763 dolore
289 2726 413 2761 affeetas
438 2737 542 2771 partes
567 2730 614 2762 vel
649 2729 766 2764 summa
802 2742 874 2764 cura
906 2732 1099 2765 examinatas

96 2774 160 2807 sine
183 2773 246 2806 ulla
269 2772 400 2806 omnino
422 2771 556 2805 laefionis
580 2780 655 2806 nota
677 2772 931 2816 deprehendiffe.
945 2775 1020 2807 Huc
1045 2775 1100 2809 ad-

104 2816 197 2850 debat
213 2838 221 2853 ‚
247 2815 324 2857 srepe
347 2815 381 2847 in
405 2815 588 2850 vulneribus
611 2828 763 2860 quoque,
786 2818 989 2851 imminentes
1020 2830 1099 2852 con-

98 2859 254 2893 vulsiones
276 2869 340 2890 non
362 2858 493 2893 illorum
509 2881 518 2897 ‚
542 2858 592 2892 sed
616 2858 792 2903 pharyngis
817 2861 1016 2894 antecedente
1039 2862 1099 2895 do-

97 2905 167 2937 lore
190 2899 424 2944 praemonstrari
450 2907 459 2942 (
485 2904 496 2936 i
521 2905 560 2941 >3
583 2913 656 2936 cum
681 2912 786 2937 tamen
808 2905 951 2944 constet,
977 2916 1041 2938 non
1064 2908 1097 2939 in

98 2946 284 2990 pharynge‚
308 2943 357 2976 sed
379 2945 412 2977 in
435 2946 619 2979 vulneribus
642 2947 883 2981 convulsionum
906 2948 1029 2982 causam
1056 2949 1097 2982 es-

99 2991 129 3024 se
144 3012 152 3026 ‚
176 2991 208 3021 &
230 2987 371 3021 doloris:
396 3000 458 3032 qua
481 2989 520 3023 de
543 3000 574 3022 re
598 3000 635 3023 tu
660 2989 806 3032 Wepferi
839 2992 938 3028 etiam
972 2996 1095 3034 poteris

99 3034 148 3066 vel
173 3033 208 3065 in
232 3029 440 3072 Sepulchreto
461 3035 474 3072 <
497 3032 516 3073 l<
536 3036 547 3072 )
571 3032 806 3067 observationes
829 3034 953 3068 videre.
989 3037 1097 3078 Igitur

82 3083 173 3110 'cum
197 3074 364 3117 respiratio
385 3074 524 3109 difficilis
547 3076 589 3110 est
611 3077 698 3110 vitio
721 3088 887 3111 nervorum
903 3102 915 3118 ,
941 3077 996 3111 etfi
1020 3089 1096 3113 tunc

98 3119 230 3163 quidem
254 3117 380 3151 facilius
403 3118 624 3160 dignoscitur,
650 3120 671 3153 si
696 3121 858 3155 causarum
883 3121 1018 3155 aliarum
1043 3124 1098 3156 ab·

100 3162 240 3197 sentibus
250 3160 346 3204 fignis
358 3186 369 3199 ‚
394 3161 514 3195 laborat
527 3172 644 3206 caput5
667 3164 828 3199 interdum
839 3175 941 3198 tamen
959 3166 1075 3200 accidit
1087 3193 1098 3208 ,

100 3216 137 3240 ut
161 3206 199 3239 ab
222 3205 284 3238 hoc
306 3203 367 3244 sit,
390 3215 462 3237 cum
486 3208 619 3239 omnino
641 3207 767 3241 videtur
791 3209 944 3242 illaesum.

148 3260 195 3283 10.
219 3251 383 3282 Caeterum
404 3249 436 3280 ὅ(
459 3247 536 3291 saepe
559 3261 726 3285 nervorum
748 3253 863 3295 culpa,
890 3252 1013 3285 insonte
1049 3264 1101 3286 ce-

98 3294 213 3330 rebro,
237 3291 359 3325 ¹turbari
382 3290 618 3332 respirationem
639 3293 746 3337 posse,
772 3296 806 3329 in
832 3296 1012 3330 acutiffimis
1044 3295 1102 3329 do-

99 3336 224 3374 loribus
248 3334 447 3368 manifestum
469 3335 528 3369 est.
553 3337 785 3381 Quamcunque
807 3342 892 3373 enim
929 3338 964 3373 lii
998 3340 1101 3373 corri-

104 3382 195 3423 piant
218 3387 339 3422 partem
353 3402 366 3419 ,
388 3379 543 3412 continuo
565 3383 685 3414 mutari
709 3381 976 3425 respirationem,
1011 3382 1101 3416 vide-

103 3435 173 3457 mus
194 3447 201 3453 .
243 3419 451 3472 Itaque-five.
481 3422 569 3454 nervi
602 3425 656 3465 qui
691 3425 729 3459 ad
763 3425 980 3469 respirandum
1003 3426 1098 3458 inser-

104 3469 220 3506 viunt,
242 3467 302 3498 sive
324 3465 373 3498 illi
397 3474 453 3508 qui
478 3476 550 3498 cum
580 3464 631 3500 his
662 3467 790 3503 demum
819 3469 891 3504 sunt
923 3471 1099 3512 colligati,

106 3519 160 3545 aut
184 3510 284 3543 acrius
307 3509 492 3545 irritentur,
519 3517 574 3542 aut
609 3521 795 3552 premantur
818 3535 831 3552 ‚
862 3513 1064 3547 obstruantur
1087 3537 1096 3551 ,

102 3556 254 3589 intimeve
278 3560 511 3594 pervertantur3
535 3552 573 3585 ab
595 3554 754 3590 alterutris
777 3557 881 3590 nervis
914 3557 1098 3600 respiratio-

193 3598 357 3639 Morgagm'
367 3597 403 3630 de
413 3596 480 3629 Sed.
492 3596 535 3629 (φ
543 3595 632 3639 caus.
645 3599 747 3632 Morb,
761 3600 861 3633 Tom,
877 3603 904 3634 1,

1124 704 1175 732 *ve
1198 707 1289 731 extra
1308 697 1471 746 proprium
1493 706 1601 733 tonum
1624 700 1825 742 extensionem
1848 699 1910 733 sint
1946 699 2016 741 paffi
2042 723 2049 730 .

1134 323 1204 344 nem
1228 308 1299 342 laedi
1325 309 1428 352 posse,
1453 312 1653 356 perspicuum
1676 313 1734 347 est.
1762 315 1807 347 Et
1831 314 1944 357 primis
1967 311 2096 356 quiden-1
2120 323 2132 350 ς

1134 364 1168 388 ut
1193 361 1295 386 vetera
1318 353 1434 385 Galeni
1459 354 1506 396 (l
1527 360 1540 395 )
1565 358 1598 390 in
1623 357 1725 390 nervis
1748 358 1930 391 Costalibus
1965 360 2133 390 mittamus

1133 397 1371 439 experimenta,
1394 399 1426 429 ἃ
1450 397 1497 429 vel
1522 399 1584 432 sola
1610 401 1768 439 recentia,
1792 412 1862 442 quae
1888 400 1942 432 hic
1965 401 1998 433 in
2024 398 2133 440 Sepul-

1135 440 1247 474 chretO
1269 439 1336 481 (m
1361 442 1372 477 )
1397 437 1512 477 habes,
1537 454 1551 473 a
1577 444 1711 476 Lowero
1734 445 1767 475 in
1792 442 1966 476 Phraenicis
1989 441 2135 476 instituta

1137 481 1356 521 attendamu55
1382 484 1516 524 primis,
1539 486 1668 528 inquam
1684 509 1693 524 ‚
1717 485 1749 518 id
1773 485 1815 519 est
1836 485 1886 519 his
1901 485 2134 520 Phraenicisin-

1135 526 1230 566 cilis,
1252 523 1359 557 eadem
1382 527 1537 560 continuo
1561 529 1728 571 respiratio
1751 527 1809 565 fit,
1832 540 1927 571 quarn
1952 530 1984 561 in
2001 527 2135 561 asthma-

1136 571 1211 602 ticis
1237 569 1326 611 equis
1348 567 1587 611 conspicimus3
1610 581 1646 606 ut
1670 572 1742 604 inde
1766 572 1888 614 egregie
1914 573 2063 605 Lowerus
2080 569 2137 603 de-

1136 612 1264 646 duxerit
1297 609 1383 644 hunc
1408 622 1561 653 equorum
1587 615 1755 654 morbum,
1778 614 1865 657 quod
1889 615 1985 646 nimis
2007 613 2136 656 depres-

1138 659 1171 689 so
1193 653 1433 698 diaphragmate
1455 658 1542 688 nervi
1568 658 1618 690 illi
1635 657 1782 692 ‘distracti
1797 683 1805 695 ,
1829 655 2137 732 relaxationena,]gi-

2120 709 2135 730 e

1139 743 1240 774 nervis
1263 750 1370 775 autem
1393 751 1450 783 qul
1472 752 1545 774 cum
1569 742 1808 776 inservientibus
1831 741 2141 785 respirationicolli-

1139 793 1277 828 gantur,
1299 783 1378 827 quid
1402 784 1518 817 attinet
1543 784 1704 818 scribere?
1725 785 1854 829 quando
1878 797 1955 828 pene
1990 783 2141 828 quotidie

1138 839 1172 862 ut
1196 829 1317 859 irritati
1344 826 1547 869 respirationi
1572 828 1714 862 officiant
1726 852 1738 869 s
1762 830 1794 862 in
1819 828 2113 872 hypochondriacis
2128 850 2138 863 ‚

1137 869 1312 914 praesertim
1334 881 1408 902 vero
1431 871 1465 902 in
1491 870 1656 912 hystericis
1680 872 1842 905 videmus.
1870 874 1959 915 Qu
1983 873 2078 904 etiam
2090 870 2141 904 su-

1139 926 1192 957 pra
1217 918 1282 953 (tc)
1302 913 1350 946 vel
1377 912 1459 954 apud
1474 914 1657 948 Ballonium
1670 914 1886 954 ostendimus,
1909 915 2139 957 orthopnoeam

1138 958 1176 990 ab
1198 959 1279 989 renis
1301 957 1426 989 calculo
1450 956 1488 989 ad
1512 957 1644 991 eundem
1670 957 1801 992 modum
1826 956 1914 991 fuisse
1927 958 2139 1000 explicatam.

1143 999 1248 1033 Postea
1259 1010 1332 1032 vero
1343 1010 1437 1041 quam
1451 999 1609 1046 lelifius
1624 1001 1802 1043 persecutus
1825 1001 1867 1035 est
1890 1000 1987 1036 fufius
2010 1000 2144 1034 convul-

1143 1043 1251 1076 sorum
1266 1053 1434 1075 nervorum
1455 1043 1584 1076 estestus
1606 1046 1637 1076 in
1661 1044 1772 1078 diffitis
1783 1045 1959 1087 quibusque
1973 1044 2142 1086 partibus;

1143 1086 1345 1119 Medicorum
1358 1085 1512 1127 plerique,
1523 1097 1589 1118 non
1601 1088 1700 1119 modo
1710 1099 1783 1120 cum
1795 1086 2040 1129 oportuit‚hanc
2054 1087 2143 1120 illius

1144 1129 1229 1171 sequi
1252 1129 1433 1162 doctrinam
1455 1139 1643 1169 coeperunt3
1668 1129 1718 1163 sed
1743 1130 1827 1164 haud
1842 1141 1911 1163 raro
1927 1132 2023 1163 etiarn
2048 1127 2144 1170 huju's

1145 1172 1301 1206 facilitate
1324 1174 1355 1204 &
1386 1171 1619 1204 commoditate
1652 1173 1753 1206 illeffi
1771 1197 1795 1213 ,,
1830 1173 1991 1207 interdum
2015 1183 2144 1216 quoque

1145 1215 1251 1249 fallaci
1277 1225 1379 1248 rerum
1400 1214 1498 1256 specie
1519 1212 1666 1256 decepti,
1690 1215 1773 1249 abusi
1796 1216 1868 1250 sunt
1880 1216 1975 1260 usque
1988 1217 2086 1256 adeo,
2108 1224 2146 1248 ut

1145 1271 1218 1292 cum
1241 1269 1436 1302 organorum
1457 1258 1536 1289 vitia
1562 1269 1625 1291 non
1650 1257 1808 1300 deessent,
1832 1259 1917 1292 nihil
1944 1259 2000 1293 nisi
2011 1258 2146 1292 convul-

1143 1302 1244 1339 siones
1269 1305 1301 1336 in
1328 1301 1437 1334 multis
1461 1302 1602 1335 morbis.
1627 1302 1801 1343 praesertim
1814 1315 1889 1337 vero
1902 1302 1941 1337 ad
1965 1302 2148 1344 respiratio-

1145 1357 1217 1379 nem
1241 1344 1476 1384 attinentibus,
1498 1343 1707 1379 accusaverint
1731 1357 1793 1379 non
1818 1347 1901 1379 secus
1925 1358 1970 1384 acv
1994 1348 2150 1379 Veterum

1146 1389 1292 1433 plerique
1316 1387 1504 1421 accusabant
1527 1399 1675 1431 vapores.
1700 1389 1767 1432 Qri
1794 1390 1929 1429 abusus,
1955 1388 2012 1422 nisi
2036 1399 2150 1422 cavea-

1149 1445 1241 1473 mus,
1263 1444 1358 1476 quam
1381 1429 1486 1464 facilis
1509 1430 1547 1463 iit
1562 1457 1570 1471 ‚
1595 1442 1657 1464 non
1682 1443 1742 1466 una
1766 1433 1799 1465 in
1823 1433 1984 1476 proximis
2017 1431 2150 1475 Episto-

1147 1477 1187 1510 lis
1209 1480 1223 1516 (
1246 1489 1262 1510 o
1284 1481 1298 1516 )
1326 1474 1455 1508 docebit
1479 1473 1630 1508 historia.
2030 1491 2032 1493 ·
2200 1514 2205 1517 Α

1194 1530 1241 1552 ri.
1269 1521 1368 1553 Nunc
1391 1528 1465 1550 vero
1488 1529 1559 1551 cum
1582 1519 1616 1550 in
1640 1518 1697 1551 hac
1720 1517 1876 1561 quidem,
1902 1518 2068 1563 postquam
2079 1518 2150 1553 dif-

1148 1563 1243 1596 ficilis
1268 1561 1484 1604 respirationis
1507 1561 1598 1595 causa
1619 1562 1652 1594 in
1675 1563 1791 1603 Capite
1816 1562 1953 1604 spesina
1976 1562 2045 1603 est,
2068 1562 2151 1597 illud

1148 1606 1295 1650 sequatur
1318 1613 1354 1638 ut
1376 1605 1497 1645 pariter
1520 1603 1732 1639 consideretur
1753 1606 1786 1637 in
1811 1607 1955 1646 Ventre;
1975 1608 2152 1649 paucis,ut

1150 1651 1184 1683 in
1207 1661 1238 1682 re
1260 1660 1279 1682 a
1301 1647 1428 1681 vetustis
1451 1646 1546 1689 usque
1568 1648 1766 1690 temporibus
1788 1651 1994 1692 pervulgata,
2018 1661 2068 1683 me
2098 1662 2153 1683 exm

1151 1693 1296 1736 pediam.
1321 1689 1421 1724 Vides
1443 1692 1527 1723 enim
1549 1691 1711 1726 Calenum
1735 1691 1788 1724 hic
1811 1693 1843 1726 in
1857 1692 2065 1736 Sepulchreto
2089 1696 2154 1735 (p)

1150 1736 1296 1776 laudari,
1320 1744 1422 1776 aperte
1446 1733 1479 1767 id
1503 1733 1669 1768 docentem
1692 1737 1726 1768 in
1737 1737 1831 1769 certis
1843 1735 2066 1771 affeffionibus
2078 1749 2153 1770 ven-

1150 1780 1261 1813 triculi
1276 1802 1288 1819 ,
1312 1777 1457 1819 hepatis,
1483 1777 1594 1816 lienis,
1620 1788 1671 1811 aut
1695 1780 1796 1821 partis
1806 1782 2069 1815 omninoventris
2080 1792 2152 1823 qua?

1152 1823 1370 1865 respirationis
1392 1822 1523 1862 organis
1545 1820 1583 1867 sit
1607 1832 1745 1855 annexa.
1770 1823 1959 1865 Seponimus
1983 1823 2058 1857 hinc
2073 1835 2153 1858 corr-

1149 1865 1303 1900 vulsiones
1319 1886 1328 1902 ‚
1349 1864 1387 1897 de
1409 1863 1522 1907 quibus
1548 1866 1620 1898 satis
1642 1864 1706 1908 jam
1730 1864 1821 1907 supra
1844 1878 1883 1900 ex
1905 1867 2068 1901 occasione
2101 1867 2152 1900 di..

1150 1912 1238 1944 &um
1261 1910 1322 1944 est,
1347 1909 1379 1940 in
1404 1908 1522 1953 ventris
1546 1909 1662 1941 viscere
1685 1920 1815 1952 quoque
1836 1911 1918 1942 ortis
1935 1935 1942 1942 .
1982 1912 2084 1945 Nulla
2117 1913 2152 1945 in

1152 1950 1439 1995 liypochondriaco
1460 1951 1497 1982 iit
1530 1951 1696 1985 convulsio
1719 1963 1727 1984 :
1764 1954 1957 1987 ventriculus
1990 1963 2115 1990 tantum
2138 1979 2154 1996 ,

1148 2006 1202 2031 aut
1228 1996 1373 2039 proxima
1396 1992 1541 2027 intestina
1566 1994 1694 2029 flatibus
1706 2004 1877 2037 turgeant;
1901 1997 2153 2032 obstabunteer-

1148 2050 1179 2073 te
1202 2038 1404 2072 descendenti
1427 2036 1465 2069 ad
1489 2036 1710 2080 inspirandum
1734 2037 1994 2083 diaphra-gmati.
2029 2044 2080 2076 Sic
2116 2044 2152 2076 iri

1149 2083 1336 2117 asthmatica
1360 2081 1415 2114 illa
1441 2080 1615 2120 Matrona,
1639 2082 1676 2116 de
1699 2094 1759 2126 qua
1784 2082 1826 2118 est
1846 2086 2021 2120 CXLVH.
2055 2086 2154 2129 hujus.

1149 2127 1304 2160 Sectionis
1328 2123 1524 2173 Observatio
1539 2147 1549 2163 ‚
1573 2124 1644 2160 bene
1669 2125 1850 2166 constitutos
1872 2128 2068 2171 pulmones,
2100 2131 2154 2164 in-

1149 2169 1256 2209 testina
1278 2179 1350 2202 vero
1372 2178 1499 2209 omme,
1521 2170 1670 2212 inprimis
1694 2168 1862 2214 jejunum,
1883 2173 1962 2206 mire
1986 2173 2095 2217 inflate
2117 2185 2154 2207 ac

1145 2213 1271 2251 distenta
1295 2213 1498 2245 invenerunt.
1524 2214 1632 2256 Hepar
1652 2222 1758 2248 autem
1780 2224 1894 2258 praeter
1904 2225 2047 2251 naturam
2058 2218 2154 2252 adau-

1145 2257 1256 2297 ctum,
1280 2267 1343 2289 non
1366 2264 1491 2289 tantum
1515 2258 1598 2290 mole
1624 2258 1679 2292 sua
1706 2257 1928 2301 descendenti,
1954 2260 2004 2294 sed
2028 2264 2154 2304 &pon-

1150 2299 1225 2333 dere
1249 2298 1369 2333 officiet
1392 2299 1569 2333 ascendenti
1592 2300 1852 2344 diaphragmati;
1875 2304 1983 2347 itaque
2006 2304 2154 2347 &inspi-

1151 2344 1295 2383 rationi‚
1318 2345 1348 2376 δε
1373 2342 1581 2390 exspirationi
1606 2344 1844 2380 adversabitur.
1871 2349 1960 2381 Hinc
1988 2346 2151 2390 dyspnoeae

1149 2387 1291 2429 exempla
1316 2386 1355 2418 ab
1378 2387 1472 2419 aucto
1495 2389 1634 2429 jecinore
1667 2388 1761 2423 habes
1797 2391 1830 2423 in
1864 2390 1971 2424 eadem
2003 2392 2152 2424 Sectione

1148 2429 1208 2471 (q)
1227 2443 1236 2462 :
1261 2441 1316 2462 nec
1338 2429 1448 2462 desunt
1470 2430 1507 2462 ab
1530 2433 1628 2477 nimia
1654 2432 1737 2465 mole
1759 2433 1897 2466 aliorum
1920 2435 2041 2467 ventris
2052 2436 2151 2467 visce-

1147 2483 1219 2505 rum
1241 2483 1293 2505 aut
1320 2479 1514 2506 annexorum
1540 2476 1629 2517 septo
1641 2474 1858 2513 Transverso,
1886 2486 1938 2511 aut
1949 2487 2151 2512 tantummo-

1146 2514 1188 2548 do
1210 2514 1446 2558 subjectorum.
1470 2518 1558 2549 Inter
1580 2529 1650 2560 quae
1674 2518 1761 2552 illius
1785 2520 1957 2562 praesertim
1990 2523 2120 2556 memini
2144 2547 2154 2564 ,

1148 2559 1237 2635 quod
1261 2557 1343 2592 mihi
1368 2557 1911 2598 adolescentinarrabatAlbertinus
1926 2565 2066 2601 ‚Genuae
2078 2569 2154 2610 qui--

1174 2614 1224 2635 am
1248 2602 1399 2635 asthmate
1422 2603 1614 2642 vexabatur,
1641 2605 1732 2647 cujus
1757 2607 1881 2640 causam
1894 2609 2045 2643 Medicus
2071 2613 2150 2644 tho-

1151 2657 1218 2679 race
1242 2647 1426 2683 contineri,
1453 2657 1514 2679 non
1538 2647 1726 2682 dubitabat.
1762 2649 1955 2687 Consanus?
1974 2664 2045 2690 curn
2078 2653 2151 2688 esset

1152 2689 1362 2730 Albertinus,
1386 2690 1481 2722 latere
1504 2691 1593 2723 illam
1616 2693 1724 2734 potius
1749 2694 1782 2725 in
1805 2704 1935 2734 ventre,
1952 2689 2015 2729 'nec
2039 2698 2152 2738 procu}

1151 2745 1167 2765 a
1190 2733 1455 2776 diaphraginate,
1478 2732 1650 2777 suspicatus
1675 2734 1716 2769 est
1738 2735 1781 2768 ob
1802 2747 1923 2771 certum
1945 2740 2104 2782 quoddam
2118 2743 2151 2774 in

1150 2777 1329 2810 ventriculo
1353 2776 1532 2819 symptoma
1556 2780 1589 2810 in
1611 2778 1685 2811 cibo
1708 2779 1883 2821 capiendo,
1919 2792 1957 2815 an
1996 2783 2064 2825 post
2097 2796 2151 2817 ca-

1150 2829 1265 2862 ptum3
1291 2831 1388 2863 neque
1411 2822 1496 2854 enim
1521 2820 1583 2853 hoc
1607 2832 1666 2863 pro
1689 2830 1778 2855 certo
1802 2824 1969 2858 recordor.
1994 2825 2079 2860 Illud
2104 2838 2156 2867 re-¹

1149 2862 1291 2904 cordor,
1313 2865 1392 2905 'aegri
1416 2863 1543 2897 demum
1568 2865 1689 2897 mortui
1715 2865 1968 2902 observationem
1990 2893 2000 2909 ,
2023 2882 2038 2903 a
2065 2872 2151 2904 Viro

1149 2905 1274 2947 doffito,
1299 2916 1391 2950 atque
1414 2908 1574 2952 ingenuo,
1598 2908 1663 2949 ejus
1699 2908 1832 2942 Medico
1865 2911 1902 2944 ad
1936 2913 2150 2948 Albertinum

1149 2947 1270 2982 missam
1283 2974 1295 2990 ,
1319 2950 1632 2992 hujussuipicionem
1642 2951 1882 2994 comprobass‘e3
1906 2958 2061 2998 nempein
2074 2969 2150 3000 pan-

1146 3003 1248 3026 create
1271 2994 1397 3027 morbus
1421 2993 1544 3033 fuerat,
1569 2994 1657 3037 quod
1679 2995 1712 3026 in
1737 2996 1842 3037 plures
1853 3007 1991 3033 tumores
2005 3012 2150 3034 excreve-

1149 3045 1196 3069 rat
1221 3037 1359 3072 totidem
1383 3048 1476 3079 poma
1502 3037 1690 3076 referentes3
1713 3039 1793 3072 &ad
1805 3043 1908 3074 cancri
1922 3053 2065 3079 naturam
2081 3056 2150 3078 ver-

1148 3090 1276 3122 gentes.
1302 3080 1358 3113 Sed
1384 3081 1540 3114 Valsalvae
1560 3104 1572 3121 ,
1597 3085 1624 3114 ἂ
1660 3092 1742 3115 meas
1775 3083 2021 3120 Observationes
2039 3112 2052 3128 ,
2088 3088 2150 3121 huc

1151 3123 1324 3166 spectantes
1339 3149 1346 3163 ,
1370 3126 1521 3166 quoniam
1543 3125 1585 3157 ob
1608 3125 1693 3166 alia,
1718 3127 2079 3171 praeterrespirationis,
2101 3132 2150 3164 vi-

1151 3169 1196 3199 tia
1219 3168 1258 3201 ad
1282 3169 1380 3200 alium
1403 3166 1519 3200 servare
1542 3169 1650 3202 locum
1675 3171 1798 3211 praestat
1815 3192 1823 3207 ,
1847 3171 2088 3214 alibihabebis,
2111 3176 2148 3208 in

1151 3210 1252 3253 iisque
1278 3212 1380 3254 aliqua
1403 3211 1437 3243 in
1460 3211 1575 3254 quibus
1596 3212 1639 3245 ob
1660 3213 1759 3246 levem
1781 3214 1817 3247 ad
1844 3214 2146 3256 speciemlaesionem

1150 3256 1345 3294 ventriculi,
1368 3255 1507 3287 maxima
1530 3264 1596 3288 erat
1619 3256 1789 3298 conjuncta
1802 3257 1973 3292 difficultas
1984 3259 2121 3302 spirandi
2138 3286 2147 3294 .

1278 3299 1345 3331 Hic
1368 3308 1467 3330 unum
1490 3298 1563 3332 satis
1587 3299 1683 3333 suerit
1707 3299 1894 3333 admonere:
1920 3312 2048 3347 propter
2072 3306 2147 3339 imae

1154 3340 1320 3381 thoracis,
1344 3344 1374 3374 ὃ(
1398 3339 1526 3375 summae
1551 3345 1671 3376 ventris
1696 3344 1793 3385 partis
1822 3355 2004 3379 communes
2037 3346 2111 3381 fines
2134 3372 2147 3389 ,

1153 3396 1216 3417 non
1241 3385 1312 3418 satis
1336 3396 1350 3416 a
1377 3385 1518 3426 pluribus
1544 3385 1680 3420 Medicis
1711 3387 1940 3421 animadversos
1974 3390 2044 3423 aliis
2080 3402 2147 3426 non

1151 3428 1425 3462 reminiscentibus
1434 3450 1446 3466 ‚
1456 3431 1618 3462 nonnullis
1629 3430 1851 3471 ignorantibus
1861 3453 1869 3468 ‚
1879 3443 1975 3474 quam
1986 3434 2046 3467 alte
2061 3435 2147 3468 intra

1149 3471 1400 3515 diaphragmatis
1413 3470 1569 3506 fornicem
1583 3497 1594 3513 ‚
1605 3474 1810 3507 circumcirca
1827 3474 1969 3509 thoracis
1979 3486 2059 3509 cavo
2071 3478 2148 3511 infi-

1151 3526 1204 3548 mo
1213 3514 1497 3556 comprehensum,
1515 3516 1619 3550 subeat
1633 3527 1705 3549 cum
1717 3517 1888 3551 altioribus
1905 3517 1966 3552 suis
1976 3519 2147 3556 visceribus

1150 3559 1328 3601 supremum
1338 3559 1457 3592 ventris
1466 3570 1578 3594 cavum
1590 3572 1600 3599 5
1612 3559 1654 3593 ob
1665 3558 1698 3592 id
1707 3583 1721 3601 ,
1730 3562 1860 3604 inquam
1868 3585 1881 3603 ,
1892 3561 1975 3596 haud
1986 3573 2058 3597 raro
2069 3567 2150 3600 acci-

1742 3615 1759 3636 2
2041 3606 2112 3641 dere

101 3689 2155 3710 Ἢ

250 3752 324 3782 Epist.
346 3760 381 3782 13.
399 3760 421 3777 n.
441 3761 463 3782 9.
525 3753 540 3782 ζ
555 3754 565 3776 i
579 3754 593 3783 )
609 3754 663 3778 Vid.
681 3754 752 3784 Epist.
771 3762 807 3785 54.
825 3763 848 3780 n.
868 3766 889 3782 2.
906 3758 929 3783 δε
946 3758 992 3789 seq.

251 3786 286 3808 De
303 3785 440 3809 Anatomic.
457 3784 597 3810 Administr.
613 3787 631 3810 l.
647 3787 669 3810 8.
687 3794 710 3810 ε.
727 3794 749 3815 4.

165 3752 205 3812 2¹2
219 3756 254 3819 3.

168 3817 179 3839 (
191 3821 209 3844 P
225 3817 234 3848 J
248 3823 273 3840 in
289 3817 371 3842 Schol.
387 3816 416 3840 ad
431 3815 491 3842 obs.
511 3818 563 3845 158.

753 3815 760 3820 ι
809 3787 823 3815 (
839 3795 862 3822 Ψ
881 3790 1013 3818 >mmmd-
1030 3760 1067 3813 ad(
1078 3759 1210 3818 (ed—13¹2..
1222 3762 1247 3786 s.
1267 3768 1300 3790 ¹3·
1317 3761 1340 3784 En
1357 3760 1440 3787 Addit.
1459 3761 1518 3787 Obs.
1534 3771 1557 3788 2.
1575 3765 1597 3787 8:
1614 3764 1640 3788 in
1656 3762 1736 3788 schol.

624 3817 639 3847 (
655 3826 670 3848 q
687 3819 695 3849 )
712 3821 738 3842 ut
753 3823 779 3841 m
795 3816 919 3844 Additum.
936 3820 994 3848 Obs.
1011 3827 1047 3847 12.
1066 3823 1088 3848 δι
1106 3830 1141 3853 ¹7·

1272 3794 1280 3821 (
1300 3800 1314 3815 n
1332 3792 1344 3820 )
1360 3799 1383 3815 n.
1400 3800 1423 3821 4,
1484 3795 1498 3823 (
1512 3804 1525 3819 a
1541 3796 1554 3824 J
1571 3795 1645 3824 Epist,
1662 3803 1701 3825 17.
1717 3798 1787 3821 n-26.
1806 3793 1829 3818 ἃ.
1848 3795 1918 3825 Epist.
1936 3798 1974 3824 18-
1991 3796 2146 3832 n.17.&seq.
