2498 4075
450 216 625 288 Epist.
662 220 824 272 Anat.
859 218 1075 272 Medica.
1107 215 1342 270 xxvln
1377 216 1500 270 Art.
1528 230 1576 269 2.
1614 217 1670 269 &
1709 231 1756 281 3.

131 300 361 336 2.MUL-1ER
372 311 470 335 annos
492 308 563 334 nata
574 299 736 341 quinque,
759 297 998 340 &septuaginta
1016 322 1024 336 ,
1047 297 1099 330 vi-

89 345 144 380 rili
169 343 316 386 aspeGm,
336 347 368 378 δε
392 344 482 378 valde
504 342 617 379 obesa,
638 351 712 374 cum
737 341 776 374 ad
799 342 967 383 quinRum
1001 339 1097 382 usque

91 392 125 423 &
147 387 421 431 quadragesimum
445 397 560 421 annum
584 383 690 419 fuisset
723 385 851 426 gracilis
874 397 884 423 ς
917 385 1007 416 annis
1038 394 1096 415 no-

89 430 222 466 viffimis
247 430 330 465 fafita
355 440 423 466 erat
445 427 675 463 valetudinaria
698 426 740 460 fic
763 436 890 464 tamen,
913 435 948 460 ut
972 425 1009 460 de
1043 437 1098 458 ca-

89 475 169 518 pitis
193 473 306 508 dolore
328 485 509 517 nunquam,
533 472 649 505 nedum
672 469 710 504 de
733 472 876 511 graviore
898 471 986 508 ullo,
1009 469 1097 513 quod

89 517 200 552 referri
227 517 265 552 ad
287 518 393 560 ipsum
415 515 535 558 posset,
558 508 790 555 incommodo,
810 523 1015 558 quereretur5
1047 512 1100 546 sed

92 561 132 596 de
156 560 227 595 aliis
251 562 387 604 potius,
408 562 441 592 in
465 559 584 601 quibus
608 558 802 595 familiares,
826 559 971 601 quamvis
994 556 1099 589 minus

90 613 237 638 accurate
260 604 419 638 attendere
440 603 527 637 soliti
551 602 607 636 has
630 601 772 644 querula:
794 611 869 634 anus
893 601 1099 635 lamentatio-

88 658 143 682 nes
160 671 170 687 ,
193 657 299 681 tamen
322 646 466 689 quaedam
490 646 663 689 praesertim
686 643 906 678 memorabant
929 643 1014 688 quafi
1047 642 1101 675 de-

90 691 217 733 liquia,
241 690 483 733 affeffionesque
505 688 661 731 ejusmodi
685 689 789 728 alias,·
818 699 893 730 quas
926 687 992 730 ipsa
1024 697 1099 719 cum

90 734 251 778 explicare
274 733 431 773 nesciret,
454 732 574 766 solebat
596 733 783 769 communi,
809 740 845 763 ut
868 731 946 764 alias
993 730 1063 764 dixi
1087 752 1096 767 ,

90 777 174 820 apud
198 778 366 821 populares
390 776 462 810 suos
490 775 589 819 flatus
623 775 780 808 vocabulo
814 773 972 817 designare
993 797 1001 805 .
1036 772 1099 805 Hae

88 819 225 856 semestri
268 821 387 855 ultimo
431 819 505 853 vitae
554 818 657 860 spatio
679 817 772 851 faerae
798 827 888 850 erant
911 818 1069 860 graviores
1091 840 1098 846 .

93 863 244 898 Tandem
267 875 341 897 cum
364 874 418 904 per
440 873 494 895 eos
517 863 584 895 dies
618 860 755 903 cyathos
792 861 917 904 aliquot
950 857 1097 893 haufiffet

89 907 158 940 vini
182 908 281 944 novi3
304 906 427 939 medius
449 907 535 939 enim
559 904 706 938 Odeober
728 903 840 937 menfis
863 903 981 947 elapsus
1005 910 1097 940 erat3

89 950 226 992 indeque
248 950 415 992 aliquanto
437 949 528 992 pejus
552 948 580 982 se
603 947 754 987 haberet,
780 957 906 990 repente
929 948 1015 979 inter
1037 945 1098 978 do-

88 992 239 1033 mestica,
261 993 377 1036 quibus
399 991 485 1025 forte
509 992 614 1026 sedens
636 992 760 1025 intenta
785 1000 873 1030 erat,
896 1000 1010 1033 opera,
1036 989 1103 1031 pri-

88 1040 179 1070 mum
200 1035 309 1077 dixit,
330 1036 418 1069 intus
442 1036 500 1069 fibi
524 1035 609 1075 huc,
634 1037 667 1068 δε
690 1035 769 1069 illuc
791 1033 895 1068 nescio
917 1032 997 1076 quid
1031 1044 1104 1066 mo-

86 1080 178 1117 veri,
202 1090 279 1113 mox
301 1078 403 1112 videri
427 1078 487 1113 fibi
509 1079 641 1113 domurn
667 1078 817 1112 vacillare
833 1100 842 1113 ‚
866 1088 942 1110 mox
957 1100 965 1114 ‚
989 1075 1102 1110 sterto-

85 1132 119 1156 re
143 1131 291 1165 correpta
313 1122 511 1165 brevissimo,
534 1122 681 1154 interiit.
815 1122 846 1154 C
853 1122 885 1153 A
898 1121 971 1154 DA
985 1120 1103 1153 VER

89 1165 246 1209 postridie
268 1165 493 1209 inspicientes,
517 1165 725 1208 sanguineum
747 1175 790 1199 ex
810 1175 865 1197 ore
888 1163 1101 1205 prodeuntem

87 1208 258 1243 humorem
283 1209 447 1250 vidimus,
470 1208 600 1243 dorsum
622 1219 661 1242 ex
684 1207 784 1242 rubro
818 1206 956 1240 lividum
981 1232 990 1246 ,
1033 1216 1103 1239 ma-

86 1263 188 1286 nuum
212 1252 337 1296 digitos
361 1253 566 1292 conti-aeros,
588 1263 669 1295 quos
691 1263 764 1286 cum
786 1250 950 1285 extendere
974 1261 1103 1284 conare-

87 1298 185 1334 mur,
209 1297 381 1330 renitentes
407 1295 710 1333 animadvertimu33
735 1306 799 1328 non
821 1297 899 1328 item
932 1292 1062 1327 brachia
1090 1317 1098 1324 .

85 1339 175 1373 Cum
198 1350 275 1373 vero
293 1363 303 1379 ,
324 1341 447 1374 caeteris
486 1340 613 1373 Amicis
651 1338 846 1373 adstantibus
867 1361 879 1378 ,
916 1337 1100 1371 consecante

87 1388 195 1417 autem
243 1383 413 1417 uobiscum
444 1383 499 1417 Cl.
524 1383 721 1423 Santorino,
743 1381 928 1416 communia
952 1380 1100 1422 corporis

86 1428 311 1467 integumenta
335 1426 475 1460 incidere
498 1423 723 1468 coepissemus,-
748 1426 859 1467 niger,
884 1427 917 1458 δε
940 1422 1104 1466 spumosus

89 1468 235 1510 sanguis,
258 1471 388 1513 qualem
421 1469 527 1513 postea
557 1471 589 1501 in
637 1467 793 1512 plerisque
835 1466 1104 1510 deprehendimus

84 1511 164 1546 vafis
181 1536 193 1553 ‚
216 1511 375 1547 effluebat,
397 1539 404 1547 .
439 1512 617 1554 Adiposam
640 1512 857 1545 membranam
900 1511 977 1544 alibi
1021 1509 1105 1543 cras·-

88 1555 156 1589 sarn
170 1579 183 1596 ‚
205 1557 244 1589 ad
267 1557 385 1599 pubem
416 1556 622 1590 craffiffimam
646 1555 894 1598 conspeximus,
917 1565 954 1588 ut
980 1552 1105 1595 digitos

84 1598 278 1633 transversos
301 1610 440 1642 quatuor
461 1599 637 1641 superaret.
773 1599 915 1632 Peetoris
938 1597 1104 1640 cartilagi-

86 1653 169 1683 nes,
189 1653 261 1685 quae
283 1642 384 1676 costas
407 1654 481 1676 cum
494 1642 598 1675 sterno
607 1642 848 1681 committunt,
871 1641 1024 1684 scalpello
1039 1651 1104 1673 non

84 1687 189 1729 magis
210 1696 308 1729 quam
331 1687 366 1718 in
388 1684 590 1727 junioribus,
616 1684 796 1719 resistebant
812 1710 820 1724 ,
843 1685 955 1719 molles
978 1683 1103 1718 servan-

87 1738 146 1769 te,
168 1737 206 1763 ut
227 1729 370 1770 opinor,
392 1728 501 1762 eadem
515 1753 529 1769 ‚
551 1740 612 1772 qua
638 1739 754 1771 corpus
788 1729 970 1763 universum
1004 1727 1103 1761 abun-

79 1772 181 1806 dabat
196 1797 204 1810 ,
226 1772 439 1815 pinguedine.
464 1773 566 1811 l-Iaec,
594 1771 698 1806 sterno
722 1772 870 1813 sublato,
894 1771 969 1806 hinc
982 1772 1016 1804 in
1028 1770 1105 1804 tho-

89 1823 165 1848 ra'cev
184 1826 218 1847 ea
240 1817 340 1857 copia
365 1817 538 1858 apparuit,
561 1824 596 1849 ut
621 1814 847 1849 mediastinum
869 1816 1029 1857 operiret,
1052 1815 1104 1847 in-

84 1858 124 1892 de
146 1859 183 1891 in
205 1868 313 1892 ventre
335 1868 456 1902 quanta
479 1856 552 1892 effer
567 1884 575 1900 ,
600 1871 639 1893 ex
661 1870 700 1892 eo
733 1858 854 1893 licebat
886 1859 1067 1900 intelligere
1089 1881 1103 1898 ‚

85 1900 178 1945 quod
222 1901 433 1945 diaphragma
478 1902 575 1938 altius
618 1903 653 1936 in
676 1901 841 1936 thoracem
875 1901 1101 1945 compulsum,

84 1954 217 1979 tantum
239 1943 278 1978 de
302 1944 394 1988 justo·
410 1943 507 1987 huius
532 1945 637 1989 spatio
660 1945 822 1987 demeret,
847 1955 883 1980 ut
898 1946 1101 1989 inspicienti-

84 1987 145 2022 bus
170 1990 289 2022 mirum
311 1988 398 2023 haud
419 1989 496 2023 esset
519 1988 609 2031 quod
623 1988 707 2022 obesi
728 2000 791 2022 non
804 1989 921 2027 facile,
943 1988 1001 2022 nifi
1025 2000 1103 2031 pau-

85 2032 120 2065 lo
144 2032 315 2066 altioribus
337 2032 517 2066 cervicibus
532 2058 539 2071 ‚
563 2035 596 2066 &
620 2031 746 2067 summo
769 2032 890 2073 dorso,
914 2032 1020 2075 supini
1043 2043 1100 2065 cu-

85 2074 179 2108 bent.
206 2076 377 2110 Pulmones
389 2100 401 2116 ‚
424 2087 563 2119 quorum
585 2075 707 2110 fi-nister
730 2076 812 2110 facie
836 2076 1009 2119 posteriore
1045 2076 1100 2109 ad-

85 2116 229 2153 haerebat
255 2118 294 2152 ad
318 2120 483 2162 pleni-am,
506 2119 572 2153 sani
594 2129 682 2153 erant
705 2122 841 2153 omnino
856 2144 866 2159 ,
888 2120 1036 2164 quamvis
1049 2120 1100 2152 in-

85 2163 186 2197 terius
209 2175 226 2196 a
249 2170 375 2196 retento
399 2163 550 2205 sanguine
573 2164 769 2204 nigricarent
792 2188 799 2194 .
837 2163 999 2197 Bronehia
1024 2187 1032 2200 ‚
1067 2164 1101 2194 &

86 2215 220 2240 truncus
242 2206 365 2240 arteriae
389 2205 518 2248 Asperae
540 2205 624 2239 nihil
649 2207 684 2238 in
707 2206 737 2239 se
760 2204 897 2239 effusum
919 2205 1100 2240 habebant.

88 2249 151 2284 Sed
175 2248 392 2292 pericardium
412 2258 541 2283 tantum
564 2248 681 2284 habuit
705 2247 793 2283 effufi
819 2247 983 2291 sanguinis
1028 2259 1101 2289 par-

87 2293 151 2327 tim
173 2291 313 2335 grumofi
325 2315 342 2332 ,Α
360 2293 480 2334 partim
503 2290 623 2331 fluidi,
654 2300 695 2326 ut·
731 2291 913 2335 priusquam
947 2290 1103 2324 incidere-

88 2344 164 2375 tur,
185 2334 399 2378 sphaeroidem
422 2332 574 2372 referret,
598 2332 689 2376 cujus
722 2336 877 2369 diameter
911 2334 1102 2377 spithamam

88 2378 328 2422 propemodum
350 2378 496 2421 aequabat
511 2402 519 2409 .
546 2379 649 2421 Spatii
675 2388 781 2412 tamen
804 2390 876 2412 non·
892 2378 1053 2411 modicam
1067 2379 1103 2410 in

90 2433 132 2455 eo
154 2425 277 2464 partem
300 2432 357 2455 cor
378 2421 579 2464 occupabat,
603 2430 737 2464 propter
759 2421 907 2455 adnatam
932 2421 1103 2465 pinguedi-

91 2476 164 2498 nem
187 2476 339 2508 magnum
355 2487 368 2506 ‚
391 2474 454 2506 qua
476 2473 585 2497 totum
609 2463 710 2497 ferme
732 2464 970 2499 obducebatur.
1007 2466 1102 2498 Hanc

90 2508 171 2543 dum
194 2509 359 2551 undique,
380 2506 506 2540 inverso
530 2508 631 2540 etiarn
652 2507 776 2548 corde,
799 2520 815 2541 a
839 2508 990 2552 sanguine
1005 2532 1017 2549 ‚
1037 2520 1103 2551 quo

88 2551 283 2586 circumfusa
307 2550 435 2589 fuerat,
458 2551 692 2593 purgabamus,
725 2560 811 2585 certa
842 2553 981 2596 quadam
1014 2561 1102 2594 parte

90 2596 195 2636 magis
218 2594 459 2628 extuberantem
469 2617 482 2635 ,
505 2597 537 2627 δε
563 2597 690 2637 penitus
712 2596 925 2638 nigricantem
948 2595 1103 2638 asangui-

92 2649 135 2672 ne
153 2638 243 2673 intus
265 2636 449 2672 subsistente
472 2637 756 2672 animadverti-mus
771 2664 779 2672 .
804 2640 885 2672 Erat
908 2650 943 2672 ea
967 2650 1036 2683 pars
1069 2641 1103 2673 iu

90 2677 267 2725 posteriore
287 2679 396 2714 cordis
419 2680 502 2714 facie
525 2683 675 2716 mucroni
697 2681 868 2725 proxima:
896 2683 1005 2726 ibique
1028 2683 1101 2726 pin-

90 2724 218 2768 guedo,
240 2724 397 2759 attentius
419 2723 559 2766 inspecta
577 2749 585 2762 ,
613 2725 847 2760 lacerationem
869 2726 1051 2761 ostendebat
1065 2728 1100 2759 in

91 2766 200 2802 medio
225 2766 404 2810 nigredinis
426 2767 535 2801 illius.
562 2770 660 2804 Tunc
684 2767 812 2803 finistro
834 2770 868 2803 in
882 2769 1027 2813 opposita
1052 2769 1101 2803 fa-

91 2812 142 2845 cie
165 2810 335 2845 secundum
356 2810 595 2853 longitudinem
619 2820 730 2855 aperto
741 2814 941 2853 ventriculo,
961 2813 1044 2847 nihil
1057 2813 1106 2846 fe-

93 2866 128 2889 re
150 2856 184 2888 in
209 2853 270 2888 hoc
292 2853 454 2896 sanguinis
476 2855 658 2890 invenimus
674 2878 687 2895 ,
708 2855 731 2889 fi
753 2857 941 2898 grumulum
966 2858 1105 2900 excipias

93 2896 134 2931 ad
157 2908 226 2931 eam
250 2906 372 2940 partem
396 2897 611 2933 adhaerentem
643 2910 715 2941 quae
753 2900 894 2933 laceratae
931 2900 1104 2943 pinguedi-

94 2942 130 2975 ni
156 2939 382 2983 respondebat.
408 2943 440 2975 Is
459 2943 627 2984 grumulus
649 2942 737 2976 lenta
759 2954 855 2977 manu
877 2944 1031 2978 retraetus
1054 2946 1104 2977 in-

97 2984 221 3018 dicavit
244 2982 419 3034 rotundum
442 2983 586 3019 foramen
608 2986 704 3020 lentis
749 2986 970 3029 magnitudine
992 3009 1003 3026 ,
1039 2999 1107 3030 quo

94 3027 266 3061 ventriculi
291 3028 417 3069 paries,
439 3027 484 3061 ibi
507 3028 678 3063 secundum
702 3039 847 3064 naturam
881 3031 1009 3065 tenuior
1041 3030 1106 3073 jam

97 3069 226 3111 fadius,
250 3069 518 3113 pe1·tundebatur;
543 3081 578 3107 ut
602 3072 806 3108 manifestum
828 3072 923 3113 esset,
955 3074 1029 3108 illac
1062 3086 1101 3108 ex

96 3114 195 3164 corde
225 3113 408 3164 sanguinein
441 3116 579 3157 primum
611 3116 669 3154 sub
700 3117 927 3161 pinguedinem
960 3115 1067 3151 exiisse
1085 3141 1098 3158 ‚

96 3156 216 3205 dei-nde·
233 3159 320 3198 huc,
342 3160 376 3191 δε
398 3157 476 3191 illuc
501 3170 555 3201 per
578 3160 793 3195 membraneas
816 3160 883 3202 ejus
906 3161 1035 3195 cellulas
1068 3161 1098 3194 se

96 3198 284 3238 insinuasse,
306 3200 417 3244 easque
428 3200 653 3241 distendendo,
677 3204 873 3241 attollendo,
896 3203 1101 3248 urgendoque

98 3243 193 3279 facile
215 3244 344 3295 demum
366 3243 556 3287 perrupisse.
582 3247 647 3281 His
670 3249 716 3281 ita
739 3248 911 3291 perspectis
933 3273 941 3288 ‚
974 3248 1035 3281 alia
1066 3249 1101 3280 in

98 3288 212 3322 eodem
234 3288 416 3325 ventriculo
436 3288 736 3326 animadvertimus.
762 3292 967 3325 Namxirca
1012 3290 1104 3324 orifi-

99 3332 188 3370 cium
210 3342 278 3375 quo
300 3331 484 3373 sanguinem
509 3332 676 3376 admittit,
698 3337 732 3368 in
756 3334 822 3377 ipsa
844 3334 952 3368 cordis
965 3334 1104 3368 substan-

99 3376 147 3408 tia
170 3385 207 3408 os
230 3383 295 3407 erat
318 3374 494 3409 transverso
519 3377 636 3417 pollice
666 3378 790 3412 craffius
817 3401 826 3416 ‚
859 3376 963 3412 forma
995 3378 1105 3411 annuli

101 3417 289 3456 dimidiati,
314 3419 366 3452 cui
390 3418 538 3453 Mitrales
560 3419 689 3455 valvulae
702 3421 903 3455 adhaerebant
919 3445 928 3458 ,
951 3419 1041 3455 osseae
1052 3433 1108 3464 pa-

104 3463 186 3496 riter
206 3460 323 3502 faeftae,
345 3460 403 3495 nifi
426 3461 514 3505 quod
535 3462 629 3496 altera
652 3475 801 3508 magnam
826 3465 872 3499 sui
896 3475 1018 3508 partem
1042 3465 1106 3499 ser-

101 3505 195 3539 vabat
220 3504 348 3545 sanam,
372 3513 410 3540 ut
431 3504 594 3539 occludere
618 3506 717 3550 posset
740 3508 902 3543 orificium
926 3509 968 3542 ob
991 3520 1047 3548 ea,
1081 3507 1105 3541 fi

100 3548 301 3598 valvularum
323 3547 436 3582 osseam
458 3558 581 3592 partem
605 3549 776 3592 adjiceres,
799 3553 843 3586 ob
865 3564 899 3585 ea
914 3575 923 3590 ,
948 3553 1079 3594 inquam
1092 3575 1105 3592 ‚

101 3591 167 3625 fere
189 3602 309 3626 cn‘cum
334 3602 429 3632 nata,
451 3595 484 3626 &
506 3593 681 3627 introrsum
705 3596 919 3636 prominentia
945 3594 1007 3629 offa
1029 3607 1103 3629 con-

105 3635 265 3673 trassum5
289 3634 359 3669 haec
381 3636 466 3669 enim
487 3636 652 3678 grandaeva
673 3637 729 3672 illa
752 3639 867 3673 mulier
888 3638 930 3672 est
944 3660 954 3677 ,
975 3651 1014 3672 ex
1045 3650 1107 3682 qua

1982 216 2083 276 28¹7

1147 293 1257 328 eadem
1280 294 1314 326 in
1337 296 1382 328 V.
1403 294 1602 328 Adversariis
1630 295 1644 332 (
1666 293 1686 333 l<
1702 292 1720 333 )
1752 290 1986 335 descripsimus.
2019 292 2149 334 Magnae

1145 349 1274 382 quoque
1300 337 1423 370 arteriae
1447 337 1582 372 valvulae
1605 336 1724 379 partim
1756 345 1845 369 erant
1877 333 1967 369 osseae
1986 356 1997 373 ,
2030 335 2149 376 partim

1145 381 1345 423 incipiebant
1367 379 1456 415 osseae
1479 380 1548 415 fieri
1562 405 1570 414 .
1701 380 1740 411 In
1763 379 1942 413 ventriculo
1956 386 2062 412 autem
2072 377 2150 410 dex—

1146 435 1240 464 tero,
1264 433 1442 466 annexaque
1465 423 1607 458 auricula
1620 420 1703 456 nihil
1716 420 1957 462 adnotavimus,
1980 420 2039 454 nisi
2063 419 2152 463 quod

1148 467 1298 510 sanguine
1313 492 1322 505 ,
1346 475 1383 500 ut
1405 466 1472 500 fere
1495 465 1615 501 sinistra
1628 475 1756 508 quoque
1768 466 1928 504 auricula,
1952 465 2088 498 omnino
2098 474 2151 496 ca-

1149 511 1282 551 rebant,
1304 520 1379 543 cum
1402 510 1604 543 Pulmonaris
1626 509 1747 542 arteriae
1768 517 1898 542 truncus
1922 507 1995 542 esset
2017 519 2055 541 eo
2086 507 2152 550 ple-

1149 565 1206 588 nus
1222 576 1231 592 ,
1256 553 1383 598 qualem
1405 554 1439 586 in
1462 553 1641 596 pericardio
1662 550 1839 586 videramus
1853 575 1863 591 ,
1885 551 2085 593 multumque
2095 549 2154 583 ha-

1149 598 1258 636 beret,
1283 595 1333 630 sed
1355 597 1389 628 in
1413 607 1542 639 grumos
1575 596 1746 635 coaffflm,
1768 595 1874 628 Aorta
1893 618 1907 635 ‚
1938 602 1975 628 ut
2004 593 2107 637 ipsam
2136 605 2152 626 a

1149 640 1247 674 corde
1271 640 1309 673 ad
1332 640 1451 673 Iliacos
1476 640 1572 681 usque
1596 649 1698 672 ramos
1731 638 1906 681 aperientes
1927 660 1940 677 ,
1984 636 2154 679 conspexi-
2200 676 2201 679 Ἴ

1149 696 1220 718 mus
1234 708 1242 716 .
1263 685 1345 718 I-Iaec
1367 683 1451 716 circa
1474 681 1632 716 sinistrum
1655 681 1750 715 finem
1773 691 1862 715 arcus
1886 679 1961 719 sui;
1982 690 2056 713 nam
2078 679 2156 713 illuc

1151 728 1248 770 usque
1273 726 1343 760 sana
1366 723 1575 768 processerat5
1597 725 1722 768 magnis
1744 723 1837 758 osseis
1880 722 2023 766 squamis
2067 723 2156 755 intus

1151 770 1322 812 exasperari
1346 768 1542 813 incipiebat,
1564 780 1636 813 quae
1662 767 1741 801 alibi
1764 768 1867 810 magis
1887 789 1902 807 ,
1935 765 2014 799 alibi
2045 773 2155 799 autern

1151 815 1257 847 minus
1278 812 1393 847 crebrae
1408 835 1417 850 ,
1440 823 1498 846 nec
1519 811 1583 846 fine
1605 810 1769 852 cujusdam
1792 821 1856 844 non
1879 808 2019 844 obscurae
2030 808 2157 842 exulce-

1152 858 1287 891 rationis
1309 856 1461 893 indiciis,
1486 864 1562 888 toto
1595 854 1701 898 paffim
1733 854 1859 897 reliquo
1881 860 2000 887 trunco
2032 851 2151 893 specsta-

1148 901 1283 934 bantur:
1307 901 1386 942 quin
1409 898 1580 932 arteriosos
1604 909 1708 932 ramos
1732 909 1788 940 per
1808 905 1954 929 ventrem
1998 895 2123 937 aliquos
2145 914 2158 933 ‚

1149 948 1182 978 δε
1205 943 1398 976 nominatim
1421 954 1459 975 ex
1481 943 1522 975 iis
1543 954 1612 985 quae
1637 940 1674 974 ad
1697 942 1877 976 Coeliacam
1901 940 2038 972 attinent
2062 962 2074 978 ,
2107 935 2160 970 os-

1152 987 1218 1020 seos
1240 986 1304 1028 jam
1326 986 1429 1020 factos
1453 984 1717 1028 deprehendimus
1740 1008 1748 1015 .
1894 983 2017 1016 Ventre
2049 990 2161 1016 autem

1153 1031 1250 1074 paulo
1273 1038 1344 1062 ante
1367 1028 1507 1067 recluso,
1530 1031 1561 1060 &
1586 1027 1750 1061 nonnullis
1773 1028 1807 1061 in
1818 1027 1920 1066 locis,
1943 1024 2068 1059 tametsi
2079 1033 2159 1058 tem-

1153 1072 1252 1117 pestas
1274 1082 1339 1106 erat
1364 1072 1472 1113 potius
1494 1070 1635 1112 frigida,
1667 1071 1767 1104 etiam
1796 1079 1868 1104 tum
1899 1069 2007 1102 calido
2029 1090 2042 1108 ‚
2072 1065 2161 1111 quod

1153 1120 1245 1151 intra>
1263 1116 1430 1150 thoracem
1450 1125 1581 1156 quoque
1606 1113 1762 1146 acciderat
1785 1136 1795 1151 ,
1844 1110 2066 1146 animadverso
2086 1133 2096 1148 ,
2119 1112 2153 1143 &

1152 1161 1275 1194 omenti
1297 1161 1440 1202 primum
1462 1154 1660 1190 craffitudine
1689 1156 1731 1188 ob
1753 1156 1889 1190 multam
1913 1153 2163 1198 pinguedinem,

1152 1205 1299 1247 quamvis
1319 1202 1506 1238 coenosam,
1528 1211 1606 1233 mox
1629 1202 1661 1233 &
1686 1199 1864 1232 mesenterii
1890 1197 2028 1240 speirata
2049 1219 2058 1232 ‚
2091 1196 2161 1229 haec

1154 1248 1363 1281 adnotatione
1384 1245 1480 1287 digna
1504 1252 1731 1277 occurrerunt.
1757 1243 1838 1275 Lien
1862 1240 2012 1284 spumoso
2034 1239 2163 1282 sangui-

1152 1303 1191 1325 ne
1213 1289 1382 1330 turgidus.
1410 1290 1562 1322 Pancreas
1593 1285 1709 1319 durum
1733 1311 1738 1317 .
1765 1285 1862 1319 Fellis
1894 1282 2027 1318 vesicula
2073 1281 2164 1316 valde

1151 1328 1340 1374 commista,
1362 1335 1395 1366 &
1417 1331 1549 1365 calculis
1572 1329 1662 1371 plena
1685 1328 1722 1362 ad
1733 1327 1977 1371 quatuordecim
1992 1352 2001 1366 ,
2023 1336 2164 1369 quorum

1154 1379 1231 1412 ofto
1254 1377 1402 1416 minuti,
1424 1374 1538 1417 reliqui
1562 1371 1751 1416 majusculi:
1779 1372 1814 1404 hi
1839 1372 1879 1405 ad
1913 1371 1988 1405 cubi
2019 1369 2165 1403 formam

1154 1420 1382 1458 acccedebant3
1406 1421 1439 1452 δε
1461 1429 1534 1451 cum
1556 1417 1596 1450 ad
1630 1415 1827 1451 flammulam
1860 1415 1967 1448 statim
2002 1412 2165 1447 admovis-

1155 1466 1238 1502 sem,
1262 1463 1343 1497 hanc
1367 1461 1612 1504 concipiebant.
1637 1461 1708 1494 Ren
1732 1459 1841 1493 dexter
1876 1457 2039 1501 superficie
2083 1468 2169 1500 quoa

1154 1509 1228 1542 darn
1270 1508 1346 1540 loco
1390 1505 1567 1539 exulcerata
1591 1527 1604 1544 ,
1627 1502 1704 1536 alibi
1726 1501 1938 1536 cicatricosa.-
1963 1509 2119 1543 uterque,
2142 1498 2169 1533 fi

1155 1552 1389 1591 commestares,
1412 1549 1523 1582 molles
1547 1545 1633 1589 quafi
1657 1558 1673 1578 a
1697 1546 1784 1579 lotio
1807 1546 1894 1578 intus
1918 1544 2077 1578 concluso.
2092 1554 2168 1586 pera·

1153 1595 1355 1637 cipiebantur
1371 1606 1382 1626 .·
1405 1589 1527 1625 diffeffi
1552 1599 1639 1623 erant
1662 1590 1729 1622 laxi
1758 1587 1995 1631 propemodum
2019 1596 2055 1621 ut
2101 1587 2170 1619 lien

1155 1639 1257 1677 solet,
1283 1634 1583 1676 humidiffimique,
1605 1633 1744 1666 humore
1770 1632 1867 1664 etiam
1892 1630 2030 1665 seorsum
2063 1630 2170 1664 alicu*

1155 1684 1189 1717 bi
1212 1680 1298 1725 quafi
1320 1682 1354 1714 in
1378 1679 1496 1712 loculis
1518 1676 1708 1720 quibusdam
1752 1677 1915 1718 stagnante
1940 1699 1948 1708 .
2082 1675 2170 1707 Cra·

1155 1728 1247 1760 nium
1265 1724 1400 1766 denique
1424 1722 1614 1761 reserantes,
1636 1719 1779 1767 Crassam
1801 1721 1984 1762 meaingem
2017 1718 2166 1752 animad-

1155 1772 1312 1804 vertimus
1334 1775 1426 1801 tanto
1449 1766 1569 1800 aretius
1590 1774 1689 1806 quam·
1710 1764 1833 1803 soleat,
1858 1763 1897 1798 ad
1921 1762 2052 1797 suturas
2072 1784 2084 1799 ,
2129 1764 2167 1796 &-

1155 1826 1255 1858 prope
1279 1813 1424 1849 suturas‚
1450 1808 1626 1852 praesertim
1651 1807 1840 1850 Sagittalem
1863 1831 1875 1849 ‚
1908 1809 1941 1840 δε
1988 1805 2169 1841 Lambdoiv-

1154 1858 1227 1892 dem
1250 1881 1263 1898 ‚
1298 1855 1426 1890 affixam
1450 1852 1531 1893 esse,
1557 1860 1591 1885 ut
1614 1850 1678 1884 fine
1700 1852 1890 1886 laceratione
1914 1850 2007 1885 avelli
2032 1861 2096 1884 non
2108 1860 2169 1893 po-

1153 1903 1273 1937 tuerit.
1299 1902 1447 1938 Contra,
1473 1897 1597 1930 Tenuis
1620 1896 1751 1930 meninx
1773 1896 1954 1930 attollentes
1977 1894 2103 1937 digitos
2116 1892 2172 1927 fa„

1152 1946 1275 1980 cillime
1299 1942 1510 1987 sequebatur3
1536 1951 1618 1982 aqua
1641 1941 1726 1973 enim
1750 1940 1898 1974 suberat:
1921 1950 1994 1982 quae
2015 1940 2175 1972 irrLateo

1154 1989 1274 2022 ralibus
1297 1989 1393 2020 etiam
1417 1984 1607 2017 ventriculis
1629 1982 1798 2026 conspesta
1822 1983 1865 2017 est
1876 2007 1892 2024 ‚—
1911 1982 2042 2016 modica
2075 1991 2167 2016 utro-

1151 2033 1250 2075 bique
1273 2032 1367 2073 copia
1383 2055 1390 2061 .
1415 2027 1591 2062 Cerebrum
1614 2028 1750 2068 sanum,
1783 2036 1819 2061 ut
1854 2026 2050 2061 cerebellum
2080 2037 2165 2070 quo-

1151 2088 1236 2120 que5
1260 2074 1311 2108 sed
1333 2074 1396 2108 hoc
1420 2072 1544 2105 laxius.
1571 2070 1719 2105 Bafilaris
1743 2072 1857 2105 arteria
1879 2069 2063 2106 duriuscula
2086 2093 2099 2109 ‚
2128 2079 2170 2104 ut

1152 2123 1184 2152 δε
1208 2120 1289 2152 rami
1312 2117 1419 2150 caeteri
1443 2114 1585 2149 arteriosi
1608 2116 1665 2159 qui
1688 2117 1773 2148 circa:
1792 2114 2170 2149 cerebru-m·sunt.Cum³

1150 2164 1261 2196 omnia
1284 2173 1299 2194 e
1320 2162 1430 2194 cranio
1452 2167 1598 2201 exempta
1621 2157 1737 2197 essent,
1763 2157 1853 2202 cujus
1877 2169 1945 2192 nori⁴
1967 2158 2172 2191 mediocrem·

1150 2204 1385 2239 craffitudinem
1407 2228 1421 2244 ,
1452 2203 1629 2236 letfrionum
1671 2202 1815 2236 latitudo
1861 2201 2045 2236 ostendebat
2071 2212 2082 2239 3
2126 2202 2172 2234 irr—

1151 2247 1218 2291 ejus
1262 2247 1324 2281 basi
1344 2271 1357 2288 ,
1401 2250 1434 2280 &
1478 2247 1512 2278 in
1555 2257 1632 2278 cava
1675 2247 1756 2279 item
1801 2245 1889 2278 faeie
1925 2244 2003 2279 aliia«
2045 2244 2171 2278 frontis

1153 2304 1186 2326 ea
1231 2293 1264 2325 in
1309 2289 1514 2333 conspedmm
1536 2298 1709 2329 venerunt,
1733 2287 1777 2321 de·
1794 2288 1912 2332 quibus
1933 2290 2055 2322 in·‘VI·.
2094 2286 2166 2321 Ad„

1153 2335 1300 2369 versariis
1322 2337 1337 2373 (
1359 2333 1370 2367 l
1393 2337 1407 2373 )
1429 2331 1609 2366 indicatum
1631 2331 1674 2366 est
1688 2356 1696 2363 .
1726 2332 1858 2366 Scilicet
1880 2344 1921 2366 os
1952 2331 2071 2366 frontis
2116 2331 2166 2365 ibi

1157 2377 1365 2423 prominebat
1388 2381 1423 2410 iu
1445 2375 1673 2410 confertiffima
1696 2375 1829 2416 tubera,
1853 2377 1962 2420 qualia
1985 2378 2105 2419 pariter
2128 2377 2166 2409 in

1153 2425 1252 2456 cranii
1275 2420 1359 2457 basi,
1385 2420 1558 2464 praefertim
1581 2430 1596 2452 e
1619 2419 1755 2454 Petrosis
1776 2420 1986 2463 proceffibus,
2018 2418 2073 2453 sed
2102 2420 2166 2454 mi-

1154 2478 1250 2504 nora,
1275 2475 1372 2507 atque
1394 2462 1524 2505 disjetffta
1548 2462 1577 2496 se
1601 2463 1817 2497 attollebant.
1841 2465 1965 2497 Omnia
1975 2475 2014 2497 ex
2026 2461 2167 2497 substan-

1153 2513 1199 2543 tia
1224 2518 1312 2542 erant
1337 2508 1438 2549 magis
1462 2506 1556 2545 alba,
1577 2517 1676 2549 quam
1698 2506 1829 2549 usquam
1852 2507 1887 2540 in
1911 2516 1987 2541 toto
2017 2508 2133 2540 craniov
2150 2530 2167 2547 a

1154 2563 1190 2587 ut
1214 2565 1251 2586 ex
1273 2563 1356 2585 nova
1378 2548 1468 2584 oss‘eae
1494 2548 1669 2584 substantiae
1692 2549 1877 2591 accersione,
1900 2555 1932 2585 &
1966 2549 2054 2594 quasi
2085 2548 2166 2587 effu·
2218 2550 2221 2553 ’

1154 2597 1240 2631 lione
1264 2596 1346 2629 faeta
1370 2592 1428 2628 esse
1451 2594 1656 2627 viderentur.
1694 2594 1846 2636 Qorum
1880 2593 2082 2637 fingulorum
2114 2594 2165 2631 su-

1154 2639 1298 2684 perficies
1321 2637 1376 2672 etfi
1400 2636 1506 2671 nitida
1531 2646 1618 2674 erat,
1644 2640 1676 2670 ὃ(
1699 2637 1870 2679 laevigata3
1904 2648 1969 2672 non
2013 2649 2164 2683 potuerat

1152 2694 1259 2718 tamen
1281 2692 1369 2716 tanta
1392 2680 1614 2716 universorum
1637 2681 1837 2724 inaequalitas
1851 2707 1860 2721 ,
1883 2684 1915 2715 &
1938 2684 2163 2718 extuberantia

1152 2739 1217 2762 non
1240 2726 1401 2761 cerebrum
1424 2724 1514 2758 valde
1537 2725 1750 2768 comprimere
1764 2748 1777 2764 ,
1799 2725 1834 2757 in
1866 2736 1933 2767 quo
1964 2729 2163 2771 caeteroquin

1156 2772 1244 2807 nulla
1268 2770 1436 2814 apparebat
1462 2767 1569 2809 laesio,
1591 2778 1776 2810 quacunque
1799 2768 1840 2801 iis
1856 2768 2023 2804 tuberibus
2034 2772 2164 2814 respon-

1156 2814 1246 2850 derat
1271 2839 1279 2847 .
1415 2811 1516 2854 Qod
1538 2812 1696 2853 reliquum
1720 2810 1788 2851 est,
1810 2822 1886 2844 cum
1911 2822 2029 2855 praeter
2050 2825 2164 2856 renes,

1156 2862 1186 2892 &
1210 2860 1346 2892 Aortam
1368 2881 1380 2897 ,
1411 2856 1517 2889 cordis
1540 2864 1661 2897 partem
1685 2852 1762 2887 huic
1785 2856 1992 2897 proximam,
2014 2860 2048 2891 δε
2069 2858 2166 2893 tubas

1154 2904 1236 2936 uteri
1253 2926 1265 2942 ,
1286 2911 1355 2943 quae
1378 2901 1457 2932 albae
1475 2907 1587 2939 erant,
1609 2909 1624 2930 e
1646 2897 1794 2931 cadavere
1817 2899 2019 2941 exemissem,
2042 2910 2080 2935 ut
2104 2912 2163 2945 po-

1155 2945 1263 2980 stridie
1286 2944 1462 2982 nonnulla,
1486 2943 1618 2975 minime
1642 2940 1679 2974 ad
1701 2941 1851 2975 morbum
1873 2944 2045 2978 attinentia
2068 2966 2078 2983 ,
2110 2947 2164 2978 ina-

1156 2990 1349 3033 spe&arem3
1374 2989 1510 3020 miratus
1534 2985 1623 3025 sum,
1646 2985 1730 3018 intra
1752 2984 1819 3027 ejus
1843 2987 1952 3021 noetis
1985 2987 2127 3030 spatium
2147 3013 2163 3030 5,

1156 3033 1211 3067 etfi
1234 3030 1401 3074 tempestas
1423 3029 1461 3063 de
1485 3027 1603 3071 frigida
1626 3029 1732 3063 multo
1754 3028 1910 3071 frigidior
1942 3040 2008 3064 erat
2040 3031 2128 3066 fasta
2147 3056 2163 3073 ,

1156 3078 1266 3111 omnia
1291 3084 1397 3107 tamen
1430 3081 1543 3115 praeter
1576 3073 1833 3115 expesftationem
1851 3097 1865 3113 ‚
1906 3076 2162 3116 graveolentiam

1151 3116 1324 3197 COIssepiffe
1369 3115 1591 3157 incredibilem
1611 3139 1625 3156 ‚
1654 3119 1687 3149 δε
1718 3128 1791 3160 quae
1823 3117 1951 3160 prorsus
1983 3119 2061 3152 ferri
2092 3129 2160 3153 non

1174 3176 1194 3198 ο
1221 3173 1251 3196 et
1264 3188 1272 3194 .

1150 3176 1171 3208 p
1197 3220 1225 3248 3.
1252 3204 1497 3240 Intolerabilem
1521 3202 1630 3237 odoris
1653 3201 1839 3238 foeditatem
1872 3215 1888 3237 e
1922 3203 2070 3238 cadavere
2101 3216 2160 3248 pa-

1153 3252 1233 3285 riter
1255 3250 1388 3282 alterius
1411 3247 1576 3289 foeminae‚
1600 3250 1631 3280 &
1653 3247 1783 3290 quidem
1806 3247 2057 3291 pinguiusculae,
2081 3250 2158 3291 opi-

1154 3296 1249 3329 nione
1270 3292 1367 3326 citius
1388 3300 1558 3331 coortam,
1577 3290 1749 3329 recordor,
1773 3302 1824 3324 me
1847 3291 1909 3323 tibi
1940 3291 2021 3325 alias
2054 3294 2068 3331 (
2090 3303 2122 3326 m
2143 3296 2159 3333 )

1155 3333 1433 3372 commemorasse.
1458 3335 1580 3368 Verum
1603 3334 1658 3367 illa
1680 3334 1789 3367 saltem
1811 3336 1845 3367 in
1867 3333 2072 3368 Noso'comio
2090 3334 2158 3369 dies

1157 3379 1341 3424 quindecim
1366 3379 1481 3411 morbo
1495 3376 1596 3411 fuerat
1609 3387 1764 3411 macerata
1777 3389 1790 3418 ,·
1812 3379 1880 3412 haec
1904 3385 2010 3412 autem
2027 3382 2153 3421 repente

1159 3424 1267 3460 obiit,
1289 3421 1339 3455 sed
1363 3422 1494 3455 viciffim
1519 3422 1698 3464 putredinis
1721 3420 1801 3454 illud
1825 3421 1948 3463 signum
1981 3421 2158 3463 ostendit,

1159 3466 1249 3511 quod
1271 3476 1334 3498 non
1357 3464 1399 3498 est
1421 3467 1454 3498 in
1478 3464 1573 3498 altera
1603 3463 1853 3498 animadversum
1873 3488 1886 3504 ‚
1931 3464 1966 3497 in
2009 3464 2161 3508 sanguine

1155 3509 1312 3544 bullulas.
1338 3508 1430 3546 Quid
1453 3519 1529 3541 vero
1551 3508 1613 3545 est,
1638 3506 1725 3550 quod
1747 3517 1783 3541 ut
1805 3507 1904 3542 obesae
1929 3506 2006 3542 huic
2040 3510 2158 3543 mulie-

1155 3555 1206 3595 ri,
1229 3552 1270 3586 fic
1293 3553 1390 3585 etiarn
1413 3552 1488 3585 aliis
1510 3552 1623 3595 pingui
1647 3550 1759 3585 habitu
1783 3552 1950 3594 praeditis,
1982 3551 2160 3596 disruptio,

1155 3609 1193 3630 ne
1215 3595 1393 3638 improviso
1417 3595 1522 3632 faeta,
1545 3596 1670 3638 sanguis
1693 3594 1736 3628 est
1767 3595 1801 3627 in
1833 3595 2046 3636 pericardium
2076 3595 2160 3631 effu-

1155 3640 1228 3681 sus,
1251 3651 1350 3682 neque
1371 3640 1412 3672 iis
1433 3641 1569 3673 omnino
1590 3640 1699 3683 paucis
1718 3638 1735 3671 ,ἓ
1765 3640 1815 3672 Ut
1848 3639 1933 3672 enim
1964 3639 2159 3716 supseriorem

2030 3683 2119 3717 olum

156 3767 160 3778 ,
281 3769 284 3771 ,
419 3768 488 3771 ⁷„

165 3826 176 3856 (
190 3826 207 3852 k
224 3827 234 3858 )
250 3827 364 3854 Animal.
380 3836 416 3858 ¹4-
479 3829 493 3858 (
508 3828 518 3852 l
535 3828 548 3858 )
564 3827 677 3855 Animad.
694 3834 733 3860 84.

794 3831 809 3860 ζ
825 3839 849 3856 m
865 3832 874 3861 )
889 3832 964 3862 Epist.
984 3834 1020 3857 18.
1037 3841 1062 3858 n.
1081 3841 1116 3862 3⁶³·
