<?xml version="1.0" encoding="UTF-8"?>
<!DOCTYPE html PUBLIC "-//W3C//DTD XHTML 1.0 Transitional//EN"
    "http://www.w3.org/TR/xhtml1/DTD/xhtml1-transitional.dtd">
<html xmlns="http://www.w3.org/1999/xhtml" xml:lang="en" lang="en">
 <head>
  <title>
</title>
<meta http-equiv="Content-Type" content="text/html;charset=utf-8" />
  <meta name='ocr-system' content='tesseract 3.04.00' />
  <meta name='ocr-capabilities' content='ocr_page ocr_carea ocr_par ocr_line ocrx_word'/>
</head>
<body>
  <div class='ocr_page' id='page_1' title='image "./desedibusetcausi00morg_0431.png"; bbox 0 0 2498 4075; ppageno 0'>
   <div class='ocr_carea' id='block_1_1' title="bbox 453 231 1876 303">
    <p class='ocr_par' dir='ltr' id='par_1_1' title="bbox 453 231 1876 303">
     <span class='ocr_line' id='line_1_1' title="bbox 453 231 1876 303; baseline 0.006 -18"><span class='ocrx_word' id='word_1_1' title='bbox 453 232 609 300; x_wconf 75' lang='lat' dir='ltr'>Epist,</span> <span class='ocrx_word' id='word_1_2' title='bbox 647 231 811 287; x_wconf 82' lang='lat' dir='ltr'>Anat.</span> <span class='ocrx_word' id='word_1_3' title='bbox 839 232 1057 288; x_wconf 85' lang='lat' dir='ltr'>Medica</span> <span class='ocrx_word' id='word_1_4' title='bbox 1093 232 1311 289; x_wconf 82' lang='lat' dir='ltr'>XXXl.</span> <span class='ocrx_word' id='word_1_5' title='bbox 1348 234 1469 293; x_wconf 84' lang='lat' dir='ltr'>Art.</span> <span class='ocrx_word' id='word_1_6' title='bbox 1487 250 1565 303; x_wconf 79' lang='lat'>24.</span> <span class='ocrx_word' id='word_1_7' title='bbox 1596 248 1673 297; x_wconf 79' lang='lat'>&#39;25-</span> <span class='ocrx_word' id='word_1_8' title='bbox 1705 239 1763 292; x_wconf 85' lang='lat'>&amp;</span> <span class='ocrx_word' id='word_1_9' title='bbox 1797 238 1876 293; x_wconf 82' lang='lat'>26.</span> 
     </span>
    </p>
   </div>
   <div class='ocr_carea' id='block_1_2' title="bbox 65 310 1146 3621">
    <p class='ocr_par' dir='ltr' id='par_1_2' title="bbox 65 310 1146 3278">
     <span class='ocr_line' id='line_1_2' title="bbox 121 310 1146 357; baseline -0.001 -10"><span class='ocrx_word' id='word_1_10' title='bbox 121 312 223 357; x_wconf 69' lang='lat' dir='ltr'>sicam</span> <span class='ocrx_word' id='word_1_11' title='bbox 244 312 320 347; x_wconf 87' lang='lat' dir='ltr'>bilis</span> <span class='ocrx_word' id='word_1_12' title='bbox 341 310 435 347; x_wconf 74' lang='lat' dir='ltr'>fuisl&#39;e</span> <span class='ocrx_word' id='word_1_13' title='bbox 456 311 636 357; x_wconf 79' lang='lat' dir='ltr'><em>turgidam,</em></span> <span class='ocrx_word' id='word_1_14' title='bbox 659 321 730 346; x_wconf 90' lang='lat' dir='ltr'>tum</span> <span class='ocrx_word' id='word_1_15' title='bbox 754 312 818 347; x_wconf 91' lang='lat' dir='ltr'>hoc</span> <span class='ocrx_word' id='word_1_16' title='bbox 839 313 1012 356; x_wconf 72' lang='lat' dir='ltr'>praesertim</span> <span class='ocrx_word' id='word_1_17' title='bbox 1025 337 1037 355; x_wconf 92' lang='lat'>‚</span> <span class='ocrx_word' id='word_1_18' title='bbox 1061 311 1146 348; x_wconf 86' lang='lat' dir='ltr'>nihil</span> 
     </span>
     <span class='ocr_line' id='line_1_3' title="bbox 131 353 1144 399; baseline 0.001 -9"><span class='ocrx_word' id='word_1_19' title='bbox 131 356 267 399; x_wconf 84' lang='lat' dir='ltr'>usquam</span> <span class='ocrx_word' id='word_1_20' title='bbox 292 356 443 391; x_wconf 88' lang='lat' dir='ltr'>intestina</span> <span class='ocrx_word' id='word_1_21' title='bbox 467 353 612 392; x_wconf 75' lang='lat' dir='ltr'>habuiss&#39;e</span> <span class='ocrx_word' id='word_1_22' title='bbox 636 355 730 396; x_wconf 89' lang='lat' dir='ltr'>vitii,</span> <span class='ocrx_word' id='word_1_23' title='bbox 757 356 815 390; x_wconf 83' lang='lat' dir='ltr'>nisi</span> <span class='ocrx_word' id='word_1_24' title='bbox 838 357 928 398; x_wconf 88' lang='lat' dir='ltr'>quod</span> <span class='ocrx_word' id='word_1_25' title='bbox 952 361 1065 392; x_wconf 73' lang='lat' dir='ltr'>cuneta</span> <span class='ocrx_word' id='word_1_26' title='bbox 1088 369 1144 399; x_wconf 85' lang='lat' dir='ltr'>pa-</span> 
     </span>
     <span class='ocr_line' id='line_1_4' title="bbox 130 398 1142 446; baseline 0.001 -14"><span class='ocrx_word' id='word_1_27' title='bbox 130 401 214 433; x_wconf 82' lang='lat' dir='ltr'>riter</span> <span class='ocrx_word' id='word_1_28' title='bbox 229 402 335 433; x_wconf 83' lang='lat' dir='ltr'>tenuia</span> <span class='ocrx_word' id='word_1_29' title='bbox 350 423 359 439; x_wconf 92' lang='lat'>‚</span> <span class='ocrx_word' id='word_1_30' title='bbox 384 404 426 434; x_wconf 73' lang='lat'>&amp;⁴</span> <span class='ocrx_word' id='word_1_31' title='bbox 450 398 546 446; x_wconf 74' lang='lat' dir='ltr'>crafla</span> <span class='ocrx_word' id='word_1_32' title='bbox 569 398 653 431; x_wconf 84' lang='lat' dir='ltr'>omni</span> <span class='ocrx_word' id='word_1_33' title='bbox 688 398 814 433; x_wconf 81' lang='lat' dir='ltr'>humore</span> <span class='ocrx_word' id='word_1_34' title='bbox 849 399 968 442; x_wconf 84' lang='lat' dir='ltr'>mucoso</span> <span class='ocrx_word' id='word_1_35' title='bbox 1000 401 1142 440; x_wconf 75' lang='lat' dir='ltr'>destitue-</span> 
     </span>
     <span class='ocr_line' id='line_1_5' title="bbox 128 441 1143 484; baseline 0.002 -9"><span class='ocrx_word' id='word_1_36' title='bbox 128 441 270 483; x_wconf 79' lang='lat' dir='ltr'><em>bantur,</em></span> <span class='ocrx_word' id='word_1_37' title='bbox 296 446 327 476; x_wconf 86' lang='lat'>&amp;</span> <span class='ocrx_word' id='word_1_38' title='bbox 352 444 493 478; x_wconf 63' lang='lat' dir='ltr'>Reetum</span> <span class='ocrx_word' id='word_1_39' title='bbox 515 449 583 477; x_wconf 81' lang='lat' dir='ltr'>erat</span> <span class='ocrx_word' id='word_1_40' title='bbox 607 444 877 484; x_wconf 78' lang='lat' dir='ltr'>gangraenosum.</span> <span class='ocrx_word' id='word_1_41' title='bbox 904 443 1004 480; x_wconf 90' lang='lat' dir='ltr'>Quod</span> <span class='ocrx_word' id='word_1_42' title='bbox 1034 443 1056 476; x_wconf 85' lang='lat' dir='ltr'>si</span> <span class='ocrx_word' id='word_1_43' title='bbox 1091 444 1143 477; x_wconf 90' lang='lat' dir='ltr'>ul-</span> 
     </span>
     <span class='ocr_line' id='line_1_6' title="bbox 130 485 1142 530; baseline 0 -10"><span class='ocrx_word' id='word_1_44' title='bbox 130 486 200 520; x_wconf 89' lang='lat' dir='ltr'>lum</span> <span class='ocrx_word' id='word_1_45' title='bbox 223 487 256 519; x_wconf 87' lang='lat' dir='ltr'>in</span> <span class='ocrx_word' id='word_1_46' title='bbox 281 488 354 530; x_wconf 87' lang='lat' dir='ltr'>ipsis</span> <span class='ocrx_word' id='word_1_47' title='bbox 380 486 559 521; x_wconf 76' lang='lat' dir='ltr'>adnotasset</span> <span class='ocrx_word' id='word_1_48' title='bbox 581 485 808 525; x_wconf 81' lang='lat' dir='ltr'>ulcusculum3</span> <span class='ocrx_word' id='word_1_49' title='bbox 834 496 907 519; x_wconf 84' lang='lat' dir='ltr'>tum</span> <span class='ocrx_word' id='word_1_50' title='bbox 930 488 998 519; x_wconf 80' lang='lat' dir='ltr'>vias</span> <span class='ocrx_word' id='word_1_51' title='bbox 1013 486 1142 529; x_wconf 80' lang='lat' dir='ltr'>sangui-</span> 
     </span>
     <span class='ocr_line' id='line_1_7' title="bbox 128 529 1144 573; baseline 0 -10"><span class='ocrx_word' id='word_1_52' title='bbox 128 532 179 563; x_wconf 88' lang='lat' dir='ltr'>nis</span> <span class='ocrx_word' id='word_1_53' title='bbox 203 541 300 572; x_wconf 86' lang='lat' dir='ltr'>quem</span> <span class='ocrx_word' id='word_1_54' title='bbox 325 543 407 573; x_wconf 82' lang='lat' dir='ltr'>aegra</span> <span class='ocrx_word' id='word_1_55' title='bbox 429 530 611 572; x_wconf 80' lang='lat' dir='ltr'>dejecerat,</span> <span class='ocrx_word' id='word_1_56' title='bbox 634 539 777 570; x_wconf 65' lang='lat' dir='ltr'>quaerere</span> <span class='ocrx_word' id='word_1_57' title='bbox 790 541 854 563; x_wconf 90' lang='lat' dir='ltr'>uon</span> <span class='ocrx_word' id='word_1_58' title='bbox 867 529 1027 564; x_wconf 79' lang='lat' dir='ltr'>debuisset</span> <span class='ocrx_word' id='word_1_59' title='bbox 1041 531 1073 563; x_wconf 92' lang='lat' dir='ltr'>in</span> <span class='ocrx_word' id='word_1_60' title='bbox 1089 541 1144 563; x_wconf 82' lang='lat' dir='ltr'>ex-</span> 
     </span>
     <span class='ocr_line' id='line_1_8' title="bbox 130 572 1142 617; baseline 0.001 -11"><span class='ocrx_word' id='word_1_61' title='bbox 130 575 243 606; x_wconf 78' lang='lat' dir='ltr'>tremis</span> <span class='ocrx_word' id='word_1_62' title='bbox 267 575 341 616; x_wconf 85' lang='lat' dir='ltr'>ipsis</span> <span class='ocrx_word' id='word_1_63' title='bbox 366 585 517 607; x_wconf 87' lang='lat' dir='ltr'>venarum</span> <span class='ocrx_word' id='word_1_64' title='bbox 541 572 677 611; x_wconf 87' lang='lat' dir='ltr'>osculis,</span> <span class='ocrx_word' id='word_1_65' title='bbox 699 574 821 617; x_wconf 83' lang='lat' dir='ltr'>quippe</span> <span class='ocrx_word' id='word_1_66' title='bbox 833 584 911 615; x_wconf 86' lang='lat' dir='ltr'>quas</span> <span class='ocrx_word' id='word_1_67' title='bbox 924 572 1090 607; x_wconf 84' lang='lat' dir='ltr'>scirrhosae</span> <span class='ocrx_word' id='word_1_68' title='bbox 1107 576 1142 607; x_wconf 91' lang='lat' dir='ltr'>in</span> 
     </span>
     <span class='ocr_line' id='line_1_9' title="bbox 128 613 1140 660; baseline 0 -10"><span class='ocrx_word' id='word_1_69' title='bbox 128 616 319 651; x_wconf 81' lang='lat' dir='ltr'>mesenterio</span> <span class='ocrx_word' id='word_1_70' title='bbox 331 617 491 660; x_wconf 82' lang='lat' dir='ltr'>glandulae</span> <span class='ocrx_word' id='word_1_71' title='bbox 502 639 514 656; x_wconf 86' lang='lat'>,</span> <span class='ocrx_word' id='word_1_72' title='bbox 538 613 716 659; x_wconf 84' lang='lat' dir='ltr'>spasmique</span> <span class='ocrx_word' id='word_1_73' title='bbox 728 615 989 651; x_wconf 84' lang='lat' dir='ltr'>constrinxissent</span> <span class='ocrx_word' id='word_1_74' title='bbox 1004 643 1010 652; x_wconf 85' lang='grc'>,</span> <span class='ocrx_word' id='word_1_75' title='bbox 1023 627 1058 650; x_wconf 88' lang='lat' dir='ltr'>ut</span> <span class='ocrx_word' id='word_1_76' title='bbox 1072 616 1140 650; x_wconf 86' lang='lat' dir='ltr'>san-</span> 
     </span>
     <span class='ocr_line' id='line_1_10' title="bbox 127 659 1141 703; baseline -0.002 -8"><span class='ocrx_word' id='word_1_77' title='bbox 127 662 200 703; x_wconf 74' lang='lat' dir='ltr'>guis</span> <span class='ocrx_word' id='word_1_78' title='bbox 221 662 399 695; x_wconf 79' lang='lat' dir='ltr'>immediate</span> <span class='ocrx_word' id='word_1_79' title='bbox 423 672 477 702; x_wconf 86' lang='lat' dir='ltr'>per</span> <span class='ocrx_word' id='word_1_80' title='bbox 499 672 533 694; x_wconf 89' lang='lat' dir='ltr'>ea</span> <span class='ocrx_word' id='word_1_81' title='bbox 566 659 676 693; x_wconf 90' lang='lat' dir='ltr'>oscula</span> <span class='ocrx_word' id='word_1_82' title='bbox 700 661 732 693; x_wconf 90' lang='lat' dir='ltr'>in</span> <span class='ocrx_word' id='word_1_83' title='bbox 758 660 907 694; x_wconf 87' lang='lat' dir='ltr'>intestina</span> <span class='ocrx_word' id='word_1_84' title='bbox 933 661 1141 702; x_wconf 72' lang='lat' dir='ltr'>regurgiraret</span> 
     </span>
     <span class='ocr_line' id='line_1_11' title="bbox 127 702 1142 744; baseline -0.001 -7"><span class='ocrx_word' id='word_1_85' title='bbox 127 716 194 737; x_wconf 86' lang='lat' dir='ltr'>non</span> <span class='ocrx_word' id='word_1_86' title='bbox 220 705 306 738; x_wconf 82' lang='lat' dir='ltr'>secus</span> <span class='ocrx_word' id='word_1_87' title='bbox 329 716 363 737; x_wconf 88' lang='lat' dir='ltr'>ac</span> <span class='ocrx_word' id='word_1_88' title='bbox 387 704 546 738; x_wconf 82' lang='lat' dir='ltr'>coeruleus</span> <span class='ocrx_word' id='word_1_89' title='bbox 571 705 604 737; x_wconf 91' lang='lat' dir='ltr'>in</span> <span class='ocrx_word' id='word_1_90' title='bbox 615 703 736 737; x_wconf 83' lang='lat' dir='ltr'>easdem</span> <span class='ocrx_word' id='word_1_91' title='bbox 748 702 990 743; x_wconf 68' lang='lat' dir='ltr'>venasinjefius</span> <span class='ocrx_word' id='word_1_92' title='bbox 1002 703 1142 744; x_wconf 83' lang='lat' dir='ltr'>humor,</span> 
     </span>
     <span class='ocr_line' id='line_1_12' title="bbox 126 746 1141 790; baseline -0.001 -10"><span class='ocrx_word' id='word_1_93' title='bbox 126 747 253 781; x_wconf 77' lang='lat' dir='ltr'>coerulei</span> <span class='ocrx_word' id='word_1_94' title='bbox 268 747 396 790; x_wconf 83' lang='lat' dir='ltr'>sudoris</span> <span class='ocrx_word' id='word_1_95' title='bbox 419 748 570 782; x_wconf 85' lang='lat' dir='ltr'>indicium</span> <span class='ocrx_word' id='word_1_96' title='bbox 594 757 673 780; x_wconf 89' lang='lat' dir='ltr'>tunc</span> <span class='ocrx_word' id='word_1_97' title='bbox 698 747 755 789; x_wconf 86' lang='lat' dir='ltr'>ipsi</span> <span class='ocrx_word' id='word_1_98' title='bbox 769 746 920 780; x_wconf 82' lang='lat' dir='ltr'>exhibuit</span> <span class='ocrx_word' id='word_1_99' title='bbox 946 748 1032 780; x_wconf 80' lang='lat' dir='ltr'>intra</span> <span class='ocrx_word' id='word_1_100' title='bbox 1056 748 1141 780; x_wconf 89' lang='lat' dir='ltr'>inte-</span> 
     </span>
     <span class='ocr_line' id='line_1_13' title="bbox 126 788 1141 833; baseline -0.001 -9"><span class='ocrx_word' id='word_1_101' title='bbox 126 792 210 824; x_wconf 80' lang='lat' dir='ltr'>stina</span> <span class='ocrx_word' id='word_1_102' title='bbox 234 788 527 833; x_wconf 68' lang='lat' dir='ltr'>manifestiffimum.</span> <span class='ocrx_word' id='word_1_103' title='bbox 558 793 711 827; x_wconf 64' lang='lat' dir='ltr'>Praeterea</span> <span class='ocrx_word' id='word_1_104' title='bbox 738 790 780 823; x_wconf 84' lang='lat' dir='ltr'>est</span> <span class='ocrx_word' id='word_1_105' title='bbox 792 789 994 824; x_wconf 83' lang='lat' dir='ltr'>Observatio</span> <span class='ocrx_word' id='word_1_106' title='bbox 1020 789 1141 824; x_wconf 84' lang='lat' dir='ltr'>Whar-</span> 
     </span>
     <span class='ocr_line' id='line_1_14' title="bbox 124 832 1140 877; baseline 0.001 -11"><span class='ocrx_word' id='word_1_107' title='bbox 124 836 222 872; x_wconf 85' lang='lat' dir='ltr'>toni,</span> <span class='ocrx_word' id='word_1_108' title='bbox 250 845 265 866; x_wconf 92' lang='lat' dir='ltr'>a</span> <span class='ocrx_word' id='word_1_109' title='bbox 289 832 453 867; x_wconf 81' lang='lat' dir='ltr'>Glissonio</span> <span class='ocrx_word' id='word_1_110' title='bbox 477 833 640 877; x_wconf 85' lang='lat' dir='ltr'>proposita</span> <span class='ocrx_word' id='word_1_111' title='bbox 665 837 699 867; x_wconf 90' lang='lat' dir='ltr'>in</span> <span class='ocrx_word' id='word_1_112' title='bbox 724 834 883 868; x_wconf 58' lang='lat' dir='ltr'>Tractatu</span> <span class='ocrx_word' id='word_1_113' title='bbox 906 834 944 867; x_wconf 90' lang='lat' dir='ltr'>de</span> <span class='ocrx_word' id='word_1_114' title='bbox 964 834 1140 867; x_wconf 84' lang='lat' dir='ltr'>Ventricu-</span> 
     </span>
     <span class='ocr_line' id='line_1_15' title="bbox 124 876 1142 920; baseline -0.001 -9"><span class='ocrx_word' id='word_1_115' title='bbox 124 879 183 918; x_wconf 77' lang='lat'>30,</span> <span class='ocrx_word' id='word_1_116' title='bbox 206 880 237 911; x_wconf 89' lang='lat'><strong>&amp;</strong></span> <span class='ocrx_word' id='word_1_117' title='bbox 261 878 448 918; x_wconf 84' lang='lat' dir='ltr'>Intestinis‚</span> <span class='ocrx_word' id='word_1_118' title='bbox 471 889 545 920; x_wconf 76' lang='lat' dir='ltr'>quae</span> <span class='ocrx_word' id='word_1_119' title='bbox 569 889 647 911; x_wconf 89' lang='lat' dir='ltr'>cum</span> <span class='ocrx_word' id='word_1_120' title='bbox 670 878 842 919; x_wconf 88' lang='lat' dir='ltr'>aliquanto</span> <span class='ocrx_word' id='word_1_121' title='bbox 866 876 960 910; x_wconf 83' lang='lat' dir='ltr'>aliter</span> <span class='ocrx_word' id='word_1_122' title='bbox 978 879 1011 910; x_wconf 92' lang='lat' dir='ltr'>in</span> <span class='ocrx_word' id='word_1_123' title='bbox 1026 876 1142 919; x_wconf 86' lang='lat' dir='ltr'>Sepul-</span> 
     </span>
     <span class='ocr_line' id='line_1_16' title="bbox 124 919 1142 966; baseline -0.002 -11"><span class='ocrx_word' id='word_1_124' title='bbox 124 919 242 955; x_wconf 85' lang='lat' dir='ltr'>chreto</span> <span class='ocrx_word' id='word_1_125' title='bbox 266 924 320 966; x_wconf 74' lang='lat' dir='ltr'>(g</span> <span class='ocrx_word' id='word_1_126' title='bbox 342 925 356 961; x_wconf 96' lang='lat'>)</span> <span class='ocrx_word' id='word_1_127' title='bbox 379 932 418 954; x_wconf 76' lang='lat' dir='ltr'>ex</span> <span class='ocrx_word' id='word_1_128' title='bbox 449 922 609 955; x_wconf 70' lang='lat' dir='ltr'>Tractatu</span> <span class='ocrx_word' id='word_1_129' title='bbox 642 919 754 956; x_wconf 86' lang='lat' dir='ltr'>eodem</span> <span class='ocrx_word' id='word_1_130' title='bbox 784 919 986 955; x_wconf 82' lang='lat' dir='ltr'>describatur</span> <span class='ocrx_word' id='word_1_131' title='bbox 1006 941 1017 958; x_wconf 90' lang='lat'>‚</span> <span class='ocrx_word' id='word_1_132' title='bbox 1052 920 1142 953; x_wconf 88' lang='lat' dir='ltr'>nullo</span> 
     </span>
     <span class='ocr_line' id='line_1_17' title="bbox 123 963 1140 1006; baseline 0 -9"><span class='ocrx_word' id='word_1_133' title='bbox 123 973 216 997; x_wconf 88' lang='lat' dir='ltr'>certo</span> <span class='ocrx_word' id='word_1_134' title='bbox 239 963 339 1006; x_wconf 72' lang='lat' dir='ltr'>hujus</span> <span class='ocrx_word' id='word_1_135' title='bbox 362 966 509 998; x_wconf 87' lang='lat' dir='ltr'>indicato</span> <span class='ocrx_word' id='word_1_136' title='bbox 533 965 630 1003; x_wconf 70' lang='lat' dir='ltr'>loco,</span> <span class='ocrx_word' id='word_1_137' title='bbox 655 963 677 997; x_wconf 87' lang='lat' dir='ltr'>si</span> <span class='ocrx_word' id='word_1_138' title='bbox 703 976 719 997; x_wconf 91' lang='lat' dir='ltr'>a</span> <span class='ocrx_word' id='word_1_139' title='bbox 746 973 777 997; x_wconf 93' lang='lat' dir='ltr'>te</span> <span class='ocrx_word' id='word_1_140' title='bbox 789 964 914 1006; x_wconf 81' lang='lat' dir='ltr'>legetur</span> <span class='ocrx_word' id='word_1_141' title='bbox 935 976 1006 1006; x_wconf 87' lang='lat' dir='ltr'>cap·</span> <span class='ocrx_word' id='word_1_142' title='bbox 1028 974 1081 1006; x_wconf 78' lang='lat'>2⁷3.</span> <span class='ocrx_word' id='word_1_143' title='bbox 1107 975 1140 997; x_wconf 91' lang='lat' dir='ltr'>n.</span> 
     </span>
     <span class='ocr_line' id='line_1_18' title="bbox 126 1006 1140 1051; baseline -0.001 -11"><span class='ocrx_word' id='word_1_144' title='bbox 126 1007 336 1041; x_wconf 76' lang='lat' dir='ltr'>11.osteudet</span> <span class='ocrx_word' id='word_1_145' title='bbox 350 1030 358 1045; x_wconf 92' lang='lat'><em>‚</em></span> <span class='ocrx_word' id='word_1_146' title='bbox 385 1009 453 1050; x_wconf 88' lang='lat' dir='ltr'>post</span> <span class='ocrx_word' id='word_1_147' title='bbox 464 1019 639 1047; x_wconf 82' lang='lat' dir='ltr'>enormem,</span> <span class='ocrx_word' id='word_1_148' title='bbox 651 1019 667 1040; x_wconf 88' lang='lat' dir='ltr'>a</span> <span class='ocrx_word' id='word_1_149' title='bbox 682 1006 881 1051; x_wconf 87' lang='lat' dir='ltr'>pharmaco,</span> <span class='ocrx_word' id='word_1_150' title='bbox 904 1008 1067 1050; x_wconf 81' lang='lat' dir='ltr'>sanguinis</span> <span class='ocrx_word' id='word_1_151' title='bbox 1084 1018 1140 1040; x_wconf 92' lang='lat' dir='ltr'>vo-</span> 
     </span>
     <span class='ocr_line' id='line_1_19' title="bbox 122 1050 1139 1093; baseline -0.002 -8"><span class='ocrx_word' id='word_1_152' title='bbox 122 1051 264 1090; x_wconf 86' lang='lat' dir='ltr'>mitum,</span> <span class='ocrx_word' id='word_1_153' title='bbox 286 1050 408 1087; x_wconf 84' lang='lat' dir='ltr'>nullam</span> <span class='ocrx_word' id='word_1_154' title='bbox 431 1053 464 1087; x_wconf 87' lang='lat' dir='ltr'>in</span> <span class='ocrx_word' id='word_1_155' title='bbox 487 1051 685 1089; x_wconf 71' lang='lat' dir='ltr'>ventriculo,</span> <span class='ocrx_word' id='word_1_156' title='bbox 709 1052 768 1093; x_wconf 88' lang='lat' dir='ltr'>qui</span> <span class='ocrx_word' id='word_1_157' title='bbox 791 1050 944 1086; x_wconf 89' lang='lat' dir='ltr'>nonnihil</span> <span class='ocrx_word' id='word_1_158' title='bbox 979 1051 1139 1093; x_wconf 78' lang='lat' dir='ltr'>sanguinis</span> 
     </span>
     <span class='ocr_line' id='line_1_20' title="bbox 122 1093 1138 1139; baseline 0.002 -13"><span class='ocrx_word' id='word_1_159' title='bbox 122 1095 175 1128; x_wconf 88' lang='lat' dir='ltr'>vel</span> <span class='ocrx_word' id='word_1_160' title='bbox 200 1094 270 1137; x_wconf 87' lang='lat' dir='ltr'>post</span> <span class='ocrx_word' id='word_1_161' title='bbox 295 1104 437 1130; x_wconf 87' lang='lat' dir='ltr'>mortem</span> <span class='ocrx_word' id='word_1_162' title='bbox 461 1094 676 1132; x_wconf 87' lang='lat' dir='ltr'>continebat,</span> <span class='ocrx_word' id='word_1_163' title='bbox 701 1093 902 1139; x_wconf 70' lang='lat' dir='ltr'>comparuisse</span> <span class='ocrx_word' id='word_1_164' title='bbox 938 1104 1052 1129; x_wconf 69' lang='lat' dir='ltr'>venam</span> <span class='ocrx_word' id='word_1_165' title='bbox 1069 1093 1138 1137; x_wconf 67' lang='lat' dir='ltr'>five</span> 
     </span>
     <span class='ocr_line' id='line_1_21' title="bbox 123 1136 1139 1181; baseline 0 -11"><span class='ocrx_word' id='word_1_166' title='bbox 123 1145 274 1180; x_wconf 79' lang='lat' dir='ltr'>ruptam,</span> <span class='ocrx_word' id='word_1_167' title='bbox 295 1138 363 1181; x_wconf 74' lang='lat' dir='ltr'>five</span> <span class='ocrx_word' id='word_1_168' title='bbox 386 1138 527 1181; x_wconf 87' lang='lat' dir='ltr'>exesam,</span> <span class='ocrx_word' id='word_1_169' title='bbox 552 1137 602 1172; x_wconf 90' lang='lat' dir='ltr'>sed</span> <span class='ocrx_word' id='word_1_170' title='bbox 624 1136 709 1179; x_wconf 87' lang='lat' dir='ltr'>dorso</span> <span class='ocrx_word' id='word_1_171' title='bbox 732 1136 830 1170; x_wconf 82' lang='lat' dir='ltr'>cultri</span> <span class='ocrx_word' id='word_1_172' title='bbox 852 1138 1000 1172; x_wconf 80' lang='lat' dir='ltr'>interiore</span> <span class='ocrx_word' id='word_1_173' title='bbox 1033 1138 1139 1171; x_wconf 80' lang='lat' dir='ltr'>tunica</span> 
     </span>
     <span class='ocr_line' id='line_1_22' title="bbox 121 1180 1141 1223; baseline -0.001 -9"><span class='ocrx_word' id='word_1_174' title='bbox 121 1181 263 1223; x_wconf 74' lang='lat' dir='ltr'>detersa,</span> <span class='ocrx_word' id='word_1_175' title='bbox 287 1182 366 1215; x_wconf 80' lang='lat' dir='ltr'>tunc</span> <span class='ocrx_word' id='word_1_176' title='bbox 391 1182 553 1217; x_wconf 85' lang='lat' dir='ltr'>innumera</span> <span class='ocrx_word' id='word_1_177' title='bbox 570 1180 734 1223; x_wconf 84' lang='lat' dir='ltr'>sanguinis</span> <span class='ocrx_word' id='word_1_178' title='bbox 752 1181 905 1222; x_wconf 56' lang='lat' dir='ltr'>pannula</span> <span class='ocrx_word' id='word_1_179' title='bbox 924 1181 956 1214; x_wconf 89' lang='lat' dir='ltr'>in</span> <span class='ocrx_word' id='word_1_180' title='bbox 972 1180 1141 1223; x_wconf 73' lang='lat' dir='ltr'>superficie</span> 
     </span>
     <span class='ocr_line' id='line_1_23' title="bbox 124 1222 1144 1270; baseline 0 -13"><span class='ocrx_word' id='word_1_181' title='bbox 124 1222 363 1269; x_wconf 70' lang='lat' dir='ltr'>detersasenfim</span> <span class='ocrx_word' id='word_1_182' title='bbox 384 1226 603 1270; x_wconf 76' lang='lat' dir='ltr'>comparuisle.</span> <span class='ocrx_word' id='word_1_183' title='bbox 629 1224 723 1258; x_wconf 88' lang='lat' dir='ltr'>Num</span> <span class='ocrx_word' id='word_1_184' title='bbox 748 1235 824 1258; x_wconf 86' lang='lat' dir='ltr'>vero</span> <span class='ocrx_word' id='word_1_185' title='bbox 838 1224 1015 1259; x_wconf 76' lang='lat' dir='ltr'>detersione</span> <span class='ocrx_word' id='word_1_186' title='bbox 1037 1222 1144 1258; x_wconf 87' lang='lat' dir='ltr'>istius-</span> 
     </span>
     <span class='ocr_line' id='line_1_24' title="bbox 117 1266 1142 1311; baseline 0 -9"><span class='ocrx_word' id='word_1_187' title='bbox 117 1267 232 1308; x_wconf 85' lang='lat' dir='ltr'>modi,</span> <span class='ocrx_word' id='word_1_188' title='bbox 256 1279 294 1302; x_wconf 86' lang='lat' dir='ltr'>ut</span> <span class='ocrx_word' id='word_1_189' title='bbox 317 1266 424 1302; x_wconf 84' lang='lat' dir='ltr'>censet</span> <span class='ocrx_word' id='word_1_190' title='bbox 448 1268 635 1304; x_wconf 82' lang='lat' dir='ltr'>Gliffonius</span> <span class='ocrx_word' id='word_1_191' title='bbox 658 1293 666 1307; x_wconf 88' lang='lat'>‚</span> <span class='ocrx_word' id='word_1_192' title='bbox 690 1266 778 1310; x_wconf 85' lang='lat' dir='ltr'>quasi</span> <span class='ocrx_word' id='word_1_193' title='bbox 814 1269 959 1302; x_wconf 87' lang='lat' dir='ltr'>cuticula</span> <span class='ocrx_word' id='word_1_194' title='bbox 993 1268 1142 1311; x_wconf 80' lang='lat' dir='ltr'>quaedam</span> 
     </span>
     <span class='ocr_line' id='line_1_25' title="bbox 118 1310 1137 1355; baseline -0.001 -10"><span class='ocrx_word' id='word_1_195' title='bbox 118 1310 231 1346; x_wconf 83' lang='lat' dir='ltr'>abrasa</span> <span class='ocrx_word' id='word_1_196' title='bbox 254 1311 377 1349; x_wconf 89' lang='lat' dir='ltr'>fuerit,</span> <span class='ocrx_word' id='word_1_197' title='bbox 400 1323 505 1354; x_wconf 87' lang='lat' dir='ltr'>neque</span> <span class='ocrx_word' id='word_1_198' title='bbox 529 1314 620 1347; x_wconf 91' lang='lat' dir='ltr'>aliter</span> <span class='ocrx_word' id='word_1_199' title='bbox 644 1313 678 1345; x_wconf 90' lang='lat' dir='ltr'>in</span> <span class='ocrx_word' id='word_1_200' title='bbox 697 1314 828 1346; x_wconf 84' lang='lat' dir='ltr'>vivente</span> <span class='ocrx_word' id='word_1_201' title='bbox 840 1313 1051 1355; x_wconf 81' lang='lat' dir='ltr'>pharmacum</span> <span class='ocrx_word' id='word_1_202' title='bbox 1063 1323 1137 1354; x_wconf 86' lang='lat' dir='ltr'>ege-</span> 
     </span>
     <span class='ocr_line' id='line_1_26' title="bbox 119 1354 1136 1399; baseline 0.001 -10"><span class='ocrx_word' id='word_1_203' title='bbox 119 1357 168 1389; x_wconf 78' lang='lat' dir='ltr'>rit</span> <span class='ocrx_word' id='word_1_204' title='bbox 183 1381 192 1396; x_wconf 84' lang='lat'>‚</span> <span class='ocrx_word' id='word_1_205' title='bbox 216 1367 292 1390; x_wconf 80' lang='lat' dir='ltr'>cuin</span> <span class='ocrx_word' id='word_1_206' title='bbox 314 1354 383 1399; x_wconf 87' lang='lat' dir='ltr'>ipsa</span> <span class='ocrx_word' id='word_1_207' title='bbox 406 1368 541 1399; x_wconf 87' lang='lat' dir='ltr'>quoque</span> <span class='ocrx_word' id='word_1_208' title='bbox 564 1357 703 1389; x_wconf 89' lang='lat' dir='ltr'>interior</span> <span class='ocrx_word' id='word_1_209' title='bbox 727 1356 838 1388; x_wconf 85' lang='lat' dir='ltr'>tunica</span> <span class='ocrx_word' id='word_1_210' title='bbox 852 1368 917 1390; x_wconf 91' lang='lat' dir='ltr'>non</span> <span class='ocrx_word' id='word_1_211' title='bbox 939 1356 1024 1390; x_wconf 86' lang='lat' dir='ltr'>secus</span> <span class='ocrx_word' id='word_1_212' title='bbox 1036 1366 1071 1388; x_wconf 83' lang='lat' dir='ltr'>ac</span> <span class='ocrx_word' id='word_1_213' title='bbox 1082 1366 1136 1390; x_wconf 88' lang='lat' dir='ltr'>cu-</span> 
     </span>
     <span class='ocr_line' id='line_1_27' title="bbox 65 1398 1137 1441; baseline -0.001 -9"><span class='ocrx_word' id='word_1_214' title='bbox 65 1413 71 1416; x_wconf 36' lang='lat'><em>*</em></span> <span class='ocrx_word' id='word_1_215' title='bbox 118 1400 165 1433; x_wconf 82' lang='lat' dir='ltr'>tis</span> <span class='ocrx_word' id='word_1_216' title='bbox 186 1399 294 1433; x_wconf 89' lang='lat' dir='ltr'>derasa</span> <span class='ocrx_word' id='word_1_217' title='bbox 316 1400 483 1437; x_wconf 86' lang='lat' dir='ltr'>cuticula,</span> <span class='ocrx_word' id='word_1_218' title='bbox 506 1409 640 1433; x_wconf 87' lang='lat' dir='ltr'>cruenta</span> <span class='ocrx_word' id='word_1_219' title='bbox 651 1409 853 1437; x_wconf 80' lang='lat' dir='ltr'>cerneretur3</span> <span class='ocrx_word' id='word_1_220' title='bbox 879 1411 918 1433; x_wconf 88' lang='lat' dir='ltr'>an</span> <span class='ocrx_word' id='word_1_221' title='bbox 943 1400 1052 1441; x_wconf 86' lang='lat' dir='ltr'>potius</span> <span class='ocrx_word' id='word_1_222' title='bbox 1066 1398 1137 1432; x_wconf 88' lang='lat' dir='ltr'>san-</span> 
     </span>
     <span class='ocr_line' id='line_1_28' title="bbox 119 1441 1139 1487; baseline -0.001 -11"><span class='ocrx_word' id='word_1_223' title='bbox 119 1445 231 1486; x_wconf 74' lang='lat' dir='ltr'>guinis</span> <span class='ocrx_word' id='word_1_224' title='bbox 255 1446 350 1487; x_wconf 90' lang='lat' dir='ltr'>copia</span> <span class='ocrx_word' id='word_1_225' title='bbox 374 1454 474 1485; x_wconf 89' lang='lat' dir='ltr'>quam</span> <span class='ocrx_word' id='word_1_226' title='bbox 499 1443 668 1485; x_wconf 83' lang='lat' dir='ltr'>pharmaci</span> <span class='ocrx_word' id='word_1_227' title='bbox 692 1443 850 1476; x_wconf 83' lang='lat' dir='ltr'>violentia</span> <span class='ocrx_word' id='word_1_228' title='bbox 883 1444 1063 1480; x_wconf 82' lang='lat' dir='ltr'>acciverat,</span> <span class='ocrx_word' id='word_1_229' title='bbox 1087 1441 1139 1475; x_wconf 89' lang='lat' dir='ltr'>di-</span> 
     </span>
     <span class='ocr_line' id='line_1_29' title="bbox 118 1486 1140 1530; baseline -0.003 -9"><span class='ocrx_word' id='word_1_230' title='bbox 118 1488 229 1521; x_wconf 84' lang='lat' dir='ltr'>latatae</span> <span class='ocrx_word' id='word_1_231' title='bbox 253 1497 406 1520; x_wconf 75' lang='lat' dir='ltr'>extremae</span> <span class='ocrx_word' id='word_1_232' title='bbox 429 1486 659 1521; x_wconf 86' lang='lat' dir='ltr'>arteriolarum</span> <span class='ocrx_word' id='word_1_233' title='bbox 683 1488 743 1519; x_wconf 87' lang='lat' dir='ltr'>viae</span> <span class='ocrx_word' id='word_1_234' title='bbox 767 1488 800 1518; x_wconf 72' lang='grc' dir='ltr'>δε</span> <span class='ocrx_word' id='word_1_235' title='bbox 823 1486 1009 1530; x_wconf 84' lang='lat' dir='ltr'>sanguinem</span> <span class='ocrx_word' id='word_1_236' title='bbox 1043 1487 1140 1528; x_wconf 88' lang='lat' dir='ltr'>paulo</span> 
     </span>
     <span class='ocr_line' id='line_1_30' title="bbox 118 1529 1139 1573; baseline 0.001 -10"><span class='ocrx_word' id='word_1_237' title='bbox 118 1541 195 1564; x_wconf 78' lang='lat' dir='ltr'>ante</span> <span class='ocrx_word' id='word_1_238' title='bbox 218 1529 391 1565; x_wconf 84' lang='lat' dir='ltr'>effuderint</span> <span class='ocrx_word' id='word_1_239' title='bbox 406 1552 415 1567; x_wconf 90' lang='lat'>‚</span> <span class='ocrx_word' id='word_1_240' title='bbox 441 1532 471 1562; x_wconf 73' lang='grc' dir='ltr'>δι</span> <span class='ocrx_word' id='word_1_241' title='bbox 486 1540 564 1563; x_wconf 81' lang='lat' dir='ltr'>tunc</span> <span class='ocrx_word' id='word_1_242' title='bbox 575 1529 670 1563; x_wconf 87' lang='lat' dir='ltr'>dorso</span> <span class='ocrx_word' id='word_1_243' title='bbox 684 1529 783 1561; x_wconf 89' lang='lat' dir='ltr'>cultri</span> <span class='ocrx_word' id='word_1_244' title='bbox 795 1530 956 1573; x_wconf 87' lang='lat' dir='ltr'>quidquid</span> <span class='ocrx_word' id='word_1_245' title='bbox 971 1530 1139 1572; x_wconf 76' lang='lat' dir='ltr'>sanguinis</span> 
     </span>
     <span class='ocr_line' id='line_1_31' title="bbox 118 1573 1137 1615; baseline -0.001 -7"><span class='ocrx_word' id='word_1_246' title='bbox 118 1573 284 1609; x_wconf 78' lang='lat' dir='ltr'>habebant</span> <span class='ocrx_word' id='word_1_247' title='bbox 297 1575 472 1615; x_wconf 79' lang='lat' dir='ltr'>reliquum³</span> <span class='ocrx_word' id='word_1_248' title='bbox 483 1575 698 1615; x_wconf 81' lang='lat' dir='ltr'>exprimente,</span> <span class='ocrx_word' id='word_1_249' title='bbox 714 1575 929 1614; x_wconf 88' lang='lat' dir='ltr'>protulerint,</span> <span class='ocrx_word' id='word_1_250' title='bbox 943 1574 1056 1607; x_wconf 87' lang='lat' dir='ltr'>malim</span> <span class='ocrx_word' id='word_1_251' title='bbox 1067 1596 1081 1613; x_wconf 89' lang='lat'>,</span> <span class='ocrx_word' id='word_1_252' title='bbox 1104 1584 1137 1607; x_wconf 87' lang='lat' dir='ltr'>te</span> 
     </span>
     <span class='ocr_line' id='line_1_32' title="bbox 119 1615 1135 1662; baseline 0 -11"><span class='ocrx_word' id='word_1_253' title='bbox 119 1629 161 1651; x_wconf 82' lang='lat' dir='ltr'>ex</span> <span class='ocrx_word' id='word_1_254' title='bbox 184 1619 225 1651; x_wconf 86' lang='lat' dir='ltr'>iis</span> <span class='ocrx_word' id='word_1_255' title='bbox 247 1630 319 1662; x_wconf 68' lang='lat' dir='ltr'>quae</span> <span class='ocrx_word' id='word_1_256' title='bbox 334 1616 554 1650; x_wconf 82' lang='lat' dir='ltr'>Boerliaavius</span> <span class='ocrx_word' id='word_1_257' title='bbox 567 1615 611 1659; x_wconf 86' lang='lat' dir='ltr'>(h</span> <span class='ocrx_word' id='word_1_258' title='bbox 625 1619 636 1655; x_wconf 87' lang='lat'>)</span> <span class='ocrx_word' id='word_1_259' title='bbox 650 1626 714 1648; x_wconf 81' lang='lat' dir='ltr'>nou</span> <span class='ocrx_word' id='word_1_260' title='bbox 729 1626 794 1648; x_wconf 86' lang='lat' dir='ltr'>uno</span> <span class='ocrx_word' id='word_1_261' title='bbox 808 1617 882 1651; x_wconf 90' lang='lat' dir='ltr'>loco</span> <span class='ocrx_word' id='word_1_262' title='bbox 894 1617 932 1653; x_wconf 89' lang='lat' dir='ltr'>de</span> <span class='ocrx_word' id='word_1_263' title='bbox 945 1616 1135 1651; x_wconf 81' lang='lat' dir='ltr'>anastomofi</span> 
     </span>
     <span class='ocr_line' id='line_1_33' title="bbox 117 1658 1135 1704; baseline -0.001 -9"><span class='ocrx_word' id='word_1_264' title='bbox 117 1661 266 1704; x_wconf 76' lang='lat' dir='ltr'>scripsit,</span> <span class='ocrx_word' id='word_1_265' title='bbox 290 1658 682 1702; x_wconf 82' lang='lat' dir='ltr'>existimare,quamipse</span> <span class='ocrx_word' id='word_1_266' title='bbox 694 1659 821 1694; x_wconf 78' lang='lat' dir='ltr'>dicere,</span> <span class='ocrx_word' id='word_1_267' title='bbox 847 1661 1006 1704; x_wconf 83' lang='lat' dir='ltr'>Exempla</span> <span class='ocrx_word' id='word_1_268' title='bbox 1029 1670 1135 1694; x_wconf 83' lang='lat' dir='ltr'>atten-</span> 
     </span>
     <span class='ocr_line' id='line_1_34' title="bbox 118 1701 1135 1747; baseline 0.004 -12"><span class='ocrx_word' id='word_1_269' title='bbox 118 1707 161 1739; x_wconf 83' lang='lat' dir='ltr'>de</span> <span class='ocrx_word' id='word_1_270' title='bbox 184 1716 257 1746; x_wconf 81' lang='lat' dir='ltr'>quae</span> <span class='ocrx_word' id='word_1_271' title='bbox 281 1705 329 1737; x_wconf 88' lang='lat' dir='ltr'>ibi</span> <span class='ocrx_word' id='word_1_272' title='bbox 355 1701 499 1744; x_wconf 84' lang='lat' dir='ltr'>profert,</span> <span class='ocrx_word' id='word_1_273' title='bbox 523 1706 555 1736; x_wconf 87' lang='lat'>&amp;</span> <span class='ocrx_word' id='word_1_274' title='bbox 580 1703 659 1736; x_wconf 91' lang='lat' dir='ltr'>alibi</span> <span class='ocrx_word' id='word_1_275' title='bbox 683 1703 803 1741; x_wconf 74' lang='lat' dir='ltr'>etiam,</span> <span class='ocrx_word' id='word_1_276' title='bbox 827 1713 861 1737; x_wconf 89' lang='lat' dir='ltr'>ut</span> <span class='ocrx_word' id='word_1_277' title='bbox 886 1715 963 1747; x_wconf 84' lang='lat' dir='ltr'>puta</span> <span class='ocrx_word' id='word_1_278' title='bbox 995 1716 1071 1738; x_wconf 83' lang='lat' dir='ltr'>curn</span> <span class='ocrx_word' id='word_1_279' title='bbox 1094 1704 1135 1738; x_wconf 92' lang='lat' dir='ltr'>de</span> 
     </span>
     <span class='ocr_line' id='line_1_35' title="bbox 117 1745 1136 1790; baseline 0 -8"><span class='ocrx_word' id='word_1_280' title='bbox 117 1757 247 1783; x_wconf 80' lang='lat' dir='ltr'>retento</span> <span class='ocrx_word' id='word_1_281' title='bbox 271 1747 431 1783; x_wconf 87' lang='lat' dir='ltr'>menstruo</span> <span class='ocrx_word' id='word_1_282' title='bbox 455 1746 608 1789; x_wconf 82' lang='lat' dir='ltr'>sanguine</span> <span class='ocrx_word' id='word_1_283' title='bbox 634 1758 690 1790; x_wconf 90' lang='lat' dir='ltr'>per</span> <span class='ocrx_word' id='word_1_284' title='bbox 714 1746 790 1780; x_wconf 87' lang='lat' dir='ltr'>alias</span> <span class='ocrx_word' id='word_1_285' title='bbox 810 1750 877 1780; x_wconf 87' lang='lat' dir='ltr'>vias</span> <span class='ocrx_word' id='word_1_286' title='bbox 900 1745 1014 1782; x_wconf 78' lang='lat' dir='ltr'>emisso</span> <span class='ocrx_word' id='word_1_287' title='bbox 1039 1749 1136 1783; x_wconf 81' lang='lat' dir='ltr'>verba</span> 
     </span>
     <span class='ocr_line' id='line_1_36' title="bbox 117 1788 1137 1834; baseline -0.001 -8"><span class='ocrx_word' id='word_1_288' title='bbox 117 1790 242 1826; x_wconf 83' lang='lat' dir='ltr'>faciens</span> <span class='ocrx_word' id='word_1_289' title='bbox 257 1812 266 1830; x_wconf 89' lang='lat'>,</span> <span class='ocrx_word' id='word_1_290' title='bbox 290 1794 305 1834; x_wconf 88' lang='lat'><em>(</em></span> <span class='ocrx_word' id='word_1_291' title='bbox 327 1791 339 1826; x_wconf 92' lang='lat' dir='ltr'>i</span> <span class='ocrx_word' id='word_1_292' title='bbox 360 1793 375 1830; x_wconf 90' lang='lat'>)</span> <span class='ocrx_word' id='word_1_293' title='bbox 396 1790 465 1826; x_wconf 64' lang='lat' dir='ltr'>vidi</span> <span class='ocrx_word' id='word_1_294' title='bbox 477 1815 486 1830; x_wconf 93' lang='lat'>‚</span> <span class='ocrx_word' id='word_1_295' title='bbox 507 1791 619 1833; x_wconf 82' lang='lat' dir='ltr'>inquit</span> <span class='ocrx_word' id='word_1_296' title='bbox 629 1813 642 1831; x_wconf 91' lang='lat'>,</span> <span class='ocrx_word' id='word_1_297' title='bbox 664 1788 1037 1833; x_wconf 80' lang='lat' dir='ltr'>hujusmodihaemoptoen</span> <span class='ocrx_word' id='word_1_298' title='bbox 1048 1803 1137 1834; x_wconf 64' lang='lat' dir='ltr'>,quat</span> 
     </span>
     <span class='ocr_line' id='line_1_37' title="bbox 117 1832 1136 1878; baseline -0.002 -9"><span class='ocrx_word' id='word_1_299' title='bbox 117 1837 153 1870; x_wconf 77' lang='lat' dir='ltr'>in</span> <span class='ocrx_word' id='word_1_300' title='bbox 175 1833 425 1869; x_wconf 74' lang='lat' dir='ltr'>consuetudinem</span> <span class='ocrx_word' id='word_1_301' title='bbox 455 1832 579 1867; x_wconf 78' lang='lat' dir='ltr'>abierat</span> <span class='ocrx_word' id='word_1_302' title='bbox 593 1856 604 1871; x_wconf 89' lang='lat'>,</span> <span class='ocrx_word' id='word_1_303' title='bbox 627 1841 665 1866; x_wconf 78' lang='lat' dir='ltr'>ut</span> <span class='ocrx_word' id='word_1_304' title='bbox 689 1832 821 1876; x_wconf 79' lang='lat' dir='ltr'>sanguis</span> <span class='ocrx_word' id='word_1_305' title='bbox 838 1832 972 1877; x_wconf 81' lang='lat' dir='ltr'>floridus</span> <span class='ocrx_word' id='word_1_306' title='bbox 1000 1835 1136 1878; x_wconf 76' lang='lat' dir='ltr'>singulis</span> 
     </span>
     <span class='ocr_line' id='line_1_38' title="bbox 116 1872 1135 1921; baseline -0.002 -8"><span class='ocrx_word' id='word_1_307' title='bbox 116 1872 271 1921; x_wconf 63' lang='lat' dir='ltr'>mensibus</span> <span class='ocrx_word' id='word_1_308' title='bbox 285 1904 294 1918; x_wconf 93' lang='lat'><em>‚</em></span> <span class='ocrx_word' id='word_1_309' title='bbox 318 1875 429 1919; x_wconf 81' lang='lat' dir='ltr'>absque</span> <span class='ocrx_word' id='word_1_310' title='bbox 439 1878 627 1910; x_wconf 78' lang='lat' dir='ltr'>detrimento</span> <span class='ocrx_word' id='word_1_311' title='bbox 641 1874 797 1917; x_wconf 78' lang='lat' dir='ltr'>sanitatis</span> <span class='ocrx_word' id='word_1_312' title='bbox 812 1903 820 1916; x_wconf 88' lang='lat'>,</span> <span class='ocrx_word' id='word_1_313' title='bbox 834 1888 904 1911; x_wconf 85' lang='lat' dir='ltr'>cum</span> <span class='ocrx_word' id='word_1_314' title='bbox 917 1877 983 1911; x_wconf 74' lang='lat' dir='ltr'>levi</span> <span class='ocrx_word' id='word_1_315' title='bbox 994 1878 1135 1921; x_wconf 82' lang='lat' dir='ltr'>rufficula</span> 
     </span>
     <span class='ocr_line' id='line_1_39' title="bbox 119 1918 1135 1963; baseline 0 -8"><span class='ocrx_word' id='word_1_316' title='bbox 119 1930 337 1957; x_wconf 78' lang='lat' dir='ltr'>excrearetur.</span> <span class='ocrx_word' id='word_1_317' title='bbox 356 1920 425 1953; x_wconf 87' lang='lat' dir='ltr'>Vidi</span> <span class='ocrx_word' id='word_1_318' title='bbox 448 1918 503 1953; x_wconf 84' lang='lat' dir='ltr'>ubi</span> <span class='ocrx_word' id='word_1_319' title='bbox 513 1919 714 1953; x_wconf 73' lang='lat' dir='ltr'>evomebatur</span> <span class='ocrx_word' id='word_1_320' title='bbox 716 1919 848 1962; x_wconf 84' lang='lat' dir='ltr'>sanguis</span> <span class='ocrx_word' id='word_1_321' title='bbox 862 1933 871 1953; x_wconf 87' lang='lat'>:</span> <span class='ocrx_word' id='word_1_322' title='bbox 883 1921 953 1954; x_wconf 64' lang='lat' dir='ltr'>vidi</span> <span class='ocrx_word' id='word_1_323' title='bbox 958 1932 1016 1963; x_wconf 84' lang='lat' dir='ltr'>per</span> <span class='ocrx_word' id='word_1_324' title='bbox 1025 1923 1135 1955; x_wconf 66' lang='lat' dir='ltr'>alvum</span> 
     </span>
     <span class='ocr_line' id='line_1_40' title="bbox 117 1960 1136 2007; baseline 0.002 -10"><span class='ocrx_word' id='word_1_325' title='bbox 117 1966 250 2007; x_wconf 76' lang='lat' dir='ltr'>deponi,</span> <span class='ocrx_word' id='word_1_326' title='bbox 274 1966 315 1999; x_wconf 67' lang='lat' dir='ltr'>s&amp;</span> <span class='ocrx_word' id='word_1_327' title='bbox 335 1972 393 2006; x_wconf 83' lang='lat' dir='ltr'>per</span> <span class='ocrx_word' id='word_1_328' title='bbox 409 1961 576 2006; x_wconf 81' lang='lat' dir='ltr'>sudorem.</span> <span class='ocrx_word' id='word_1_329' title='bbox 602 1960 873 2004; x_wconf 84' lang='lat' dir='ltr'>Confcrinsuper</span> <span class='ocrx_word' id='word_1_330' title='bbox 883 1965 1026 2007; x_wconf 84' lang='lat' dir='ltr'>exempla</span> <span class='ocrx_word' id='word_1_331' title='bbox 1052 1967 1136 2005; x_wconf 85' lang='lat' dir='ltr'>alia,</span> 
     </span>
     <span class='ocr_line' id='line_1_41' title="bbox 117 2004 1133 2051; baseline -0.001 -9"><span class='ocrx_word' id='word_1_332' title='bbox 117 2021 192 2051; x_wconf 84' lang='lat' dir='ltr'>quae</span> <span class='ocrx_word' id='word_1_333' title='bbox 216 2009 296 2042; x_wconf 89' lang='lat' dir='ltr'>bene</span> <span class='ocrx_word' id='word_1_334' title='bbox 320 2007 422 2042; x_wconf 83' lang='lat' dir='ltr'>multa</span> <span class='ocrx_word' id='word_1_335' title='bbox 445 2004 538 2039; x_wconf 86' lang='lat' dir='ltr'>addit</span> <span class='ocrx_word' id='word_1_336' title='bbox 569 2004 609 2039; x_wconf 84' lang='lat' dir='ltr'>ad</span> <span class='ocrx_word' id='word_1_337' title='bbox 642 2004 765 2048; x_wconf 83' lang='lat' dir='ltr'>fingula</span> <span class='ocrx_word' id='word_1_338' title='bbox 799 2005 856 2041; x_wconf 84' lang='lat' dir='ltr'>ista</span> <span class='ocrx_word' id='word_1_339' title='bbox 890 2007 1133 2042; x_wconf 82' lang='lat' dir='ltr'>Eruditiffimus</span> 
     </span>
     <span class='ocr_line' id='line_1_42' title="bbox 117 2050 1135 2094; baseline -0.001 -9"><span class='ocrx_word' id='word_1_340' title='bbox 117 2052 273 2087; x_wconf 88' lang='lat' dir='ltr'>Hallerus</span> <span class='ocrx_word' id='word_1_341' title='bbox 297 2056 308 2093; x_wconf 92' lang='lat'>(</span> <span class='ocrx_word' id='word_1_342' title='bbox 331 2050 408 2093; x_wconf 61' lang='lat' dir='ltr'>lz):</span> <span class='ocrx_word' id='word_1_343' title='bbox 433 2050 521 2083; x_wconf 79' lang='lat' dir='ltr'>&amp;in</span> <span class='ocrx_word' id='word_1_344' title='bbox 534 2050 871 2092; x_wconf 77' lang='lat' dir='ltr'>quocunqueinvenis</span> <span class='ocrx_word' id='word_1_345' title='bbox 884 2051 916 2085; x_wconf 89' lang='lat' dir='ltr'>id</span> <span class='ocrx_word' id='word_1_346' title='bbox 929 2050 1053 2086; x_wconf 64' lang='lat' dir='ltr'>faetum</span> <span class='ocrx_word' id='word_1_347' title='bbox 1066 2051 1135 2094; x_wconf 86' lang='lat' dir='ltr'>abs-</span> 
     </span>
     <span class='ocr_line' id='line_1_43' title="bbox 115 2092 1136 2139; baseline -0.002 -10"><span class='ocrx_word' id='word_1_348' title='bbox 115 2107 175 2139; x_wconf 77' lang='lat' dir='ltr'>que</span> <span class='ocrx_word' id='word_1_349' title='bbox 197 2096 385 2130; x_wconf 73' lang='lat' dir='ltr'>detrimento</span> <span class='ocrx_word' id='word_1_350' title='bbox 401 2092 579 2136; x_wconf 73' lang='lat' dir='ltr'>=sanitaris,</span> <span class='ocrx_word' id='word_1_351' title='bbox 604 2092 722 2136; x_wconf 80' lang='lat' dir='ltr'>absque</span> <span class='ocrx_word' id='word_1_352' title='bbox 748 2095 991 2129; x_wconf 80' lang='lat' dir='ltr'>exulceratione</span> <span class='ocrx_word' id='word_1_353' title='bbox 1014 2098 1136 2137; x_wconf 85' lang='lat' dir='ltr'>pariter</span> 
     </span>
     <span class='ocr_line' id='line_1_44' title="bbox 114 2135 1138 2179; baseline -0.004 -5"><span class='ocrx_word' id='word_1_354' title='bbox 114 2139 241 2174; x_wconf 61' lang='lat' dir='ltr'>fac-”tum</span> <span class='ocrx_word' id='word_1_355' title='bbox 265 2139 392 2174; x_wconf 87' lang='lat' dir='ltr'>credito</span> <span class='ocrx_word' id='word_1_356' title='bbox 415 2147 481 2170; x_wconf 91' lang='lat' dir='ltr'>non</span> <span class='ocrx_word' id='word_1_357' title='bbox 508 2135 593 2170; x_wconf 88' lang='lat' dir='ltr'>secus</span> <span class='ocrx_word' id='word_1_358' title='bbox 618 2146 717 2178; x_wconf 81' lang='lat' dir='ltr'>atque</span> <span class='ocrx_word' id='word_1_359' title='bbox 738 2148 814 2170; x_wconf 89' lang='lat' dir='ltr'>cum</span> <span class='ocrx_word' id='word_1_360' title='bbox 838 2148 894 2179; x_wconf 90' lang='lat' dir='ltr'>per</span> <span class='ocrx_word' id='word_1_361' title='bbox 906 2138 1052 2172; x_wconf 84' lang='lat' dir='ltr'>sudorem</span> <span class='ocrx_word' id='word_1_362' title='bbox 1068 2137 1138 2170; x_wconf 88' lang='lat' dir='ltr'>san-</span> 
     </span>
     <span class='ocr_line' id='line_1_45' title="bbox 115 2179 1136 2228; baseline -0.005 -10"><span class='ocrx_word' id='word_1_363' title='bbox 115 2186 190 2228; x_wconf 78' lang='lat' dir='ltr'>guis</span> <span class='ocrx_word' id='word_1_364' title='bbox 214 2185 348 2221; x_wconf 81' lang='lat' dir='ltr'>exibat,</span> <span class='ocrx_word' id='word_1_365' title='bbox 371 2188 480 2215; x_wconf 88' lang='lat' dir='ltr'>cutem</span> <span class='ocrx_word' id='word_1_366' title='bbox 503 2179 552 2213; x_wconf 85' lang='lat' dir='ltr'>ibi</span> <span class='ocrx_word' id='word_1_367' title='bbox 577 2180 822 2223; x_wconf 75' lang='lat' dir='ltr'>integerrimam</span> <span class='ocrx_word' id='word_1_368' title='bbox 846 2179 974 2214; x_wconf 87' lang='lat' dir='ltr'>visurus</span> <span class='ocrx_word' id='word_1_369' title='bbox 1010 2180 1136 2219; x_wconf 76' lang='lat' dir='ltr'>fuisses,</span> 
     </span>
     <span class='ocr_line' id='line_1_46' title="bbox 115 2222 1136 2271; baseline -0.005 -10"><span class='ocrx_word' id='word_1_370' title='bbox 115 2240 221 2271; x_wconf 87' lang='lat' dir='ltr'>neque</span> <span class='ocrx_word' id='word_1_371' title='bbox 246 2226 334 2263; x_wconf 85' lang='lat' dir='ltr'>aliud</span> <span class='ocrx_word' id='word_1_372' title='bbox 357 2226 392 2258; x_wconf 87' lang='lat' dir='ltr'>in</span> <span class='ocrx_word' id='word_1_373' title='bbox 413 2223 474 2258; x_wconf 88' lang='lat' dir='ltr'>hac</span> <span class='ocrx_word' id='word_1_374' title='bbox 497 2222 641 2260; x_wconf 89' lang='lat' dir='ltr'>detersa,</span> <span class='ocrx_word' id='word_1_375' title='bbox 666 2234 765 2264; x_wconf 88' lang='lat' dir='ltr'>quam</span> <span class='ocrx_word' id='word_1_376' title='bbox 801 2223 962 2258; x_wconf 82' lang='lat' dir='ltr'>innumera</span> <span class='ocrx_word' id='word_1_377' title='bbox 986 2223 1043 2258; x_wconf 88' lang='lat' dir='ltr'>illa</span> <span class='ocrx_word' id='word_1_378' title='bbox 1059 2223 1136 2265; x_wconf 69' lang='lat' dir='ltr'>sau-</span> 
     </span>
     <span class='ocr_line' id='line_1_47' title="bbox 114 2265 1134 2315; baseline -0.004 -10"><span class='ocrx_word' id='word_1_379' title='bbox 114 2273 224 2315; x_wconf 70' lang='lat' dir='ltr'>guinis</span> <span class='ocrx_word' id='word_1_380' title='bbox 242 2268 395 2314; x_wconf 64' lang='lat' dir='ltr'>puniiula</span> <span class='ocrx_word' id='word_1_381' title='bbox 421 2278 493 2302; x_wconf 79' lang='lat' dir='ltr'>Quae</span> <span class='ocrx_word' id='word_1_382' title='bbox 517 2267 552 2298; x_wconf 91' lang='lat' dir='ltr'>in</span> <span class='ocrx_word' id='word_1_383' title='bbox 575 2265 699 2299; x_wconf 82' lang='lat' dir='ltr'>detersa</span> <span class='ocrx_word' id='word_1_384' title='bbox 723 2267 898 2300; x_wconf 88' lang='lat' dir='ltr'>ventriculi</span> <span class='ocrx_word' id='word_1_385' title='bbox 912 2268 1134 2307; x_wconf 75' lang='lat' dir='ltr'>interiorem·</span> 
     </span>
     <span class='ocr_line' id='line_1_48' title="bbox 116 2308 1136 2353; baseline 0.001 -10"><span class='ocrx_word' id='word_1_386' title='bbox 116 2317 192 2349; x_wconf 77' lang='lat' dir='ltr'>nica</span> <span class='ocrx_word' id='word_1_387' title='bbox 216 2312 384 2353; x_wconf 76' lang='lat' dir='ltr'>conspexit</span> <span class='ocrx_word' id='word_1_388' title='bbox 409 2309 617 2346; x_wconf 87' lang='lat' dir='ltr'>Whartonus</span> <span class='ocrx_word' id='word_1_389' title='bbox 632 2333 639 2341; x_wconf 88' lang='lat'><strong>.</strong></span> <span class='ocrx_word' id='word_1_390' title='bbox 665 2308 822 2343; x_wconf 81' lang='lat' dir='ltr'>Transfer</span> <span class='ocrx_word' id='word_1_391' title='bbox 847 2308 915 2344; x_wconf 85' lang='lat' dir='ltr'>haec</span> <span class='ocrx_word' id='word_1_392' title='bbox 939 2311 1136 2344; x_wconf 86' lang='lat' dir='ltr'>aventricu-</span> 
     </span>
     <span class='ocr_line' id='line_1_49' title="bbox 117 2352 1136 2395; baseline -0.006 -3"><span class='ocrx_word' id='word_1_393' title='bbox 117 2359 154 2392; x_wconf 74' lang='lat' dir='ltr'>io</span> <span class='ocrx_word' id='word_1_394' title='bbox 177 2359 215 2391; x_wconf 89' lang='lat' dir='ltr'>ad</span> <span class='ocrx_word' id='word_1_395' title='bbox 237 2356 408 2392; x_wconf 85' lang='lat' dir='ltr'>intestina,</span> <span class='ocrx_word' id='word_1_396' title='bbox 432 2356 463 2386; x_wconf 72' lang='grc' dir='ltr'>δε</span> <span class='ocrx_word' id='word_1_397' title='bbox 487 2352 551 2386; x_wconf 88' lang='lat' dir='ltr'>sine</span> <span class='ocrx_word' id='word_1_398' title='bbox 574 2353 694 2387; x_wconf 89' lang='lat' dir='ltr'>horum</span> <span class='ocrx_word' id='word_1_399' title='bbox 719 2353 981 2391; x_wconf 79' lang='lat' dir='ltr'>exulceratione,</span> <span class='ocrx_word' id='word_1_400' title='bbox 1008 2353 1136 2395; x_wconf 85' lang='lat' dir='ltr'>sangui-</span> 
     </span>
     <span class='ocr_line' id='line_1_50' title="bbox 120 2395 1133 2438; baseline -0.007 -2"><span class='ocrx_word' id='word_1_401' title='bbox 120 2404 173 2436; x_wconf 88' lang='lat' dir='ltr'>nis</span> <span class='ocrx_word' id='word_1_402' title='bbox 197 2402 322 2436; x_wconf 83' lang='lat' dir='ltr'>fluxum</span> <span class='ocrx_word' id='word_1_403' title='bbox 345 2398 528 2438; x_wconf 74' lang='lat' dir='ltr'>intelliges.</span> <span class='ocrx_word' id='word_1_404' title='bbox 553 2398 623 2430; x_wconf 89' lang='lat' dir='ltr'>Aut</span> <span class='ocrx_word' id='word_1_405' title='bbox 646 2396 668 2431; x_wconf 85' lang='lat' dir='ltr'>si</span> <span class='ocrx_word' id='word_1_406' title='bbox 694 2395 799 2429; x_wconf 87' lang='lat' dir='ltr'>adhuc</span> <span class='ocrx_word' id='word_1_407' title='bbox 824 2397 975 2432; x_wconf 83' lang='lat' dir='ltr'>nonnihil</span> <span class='ocrx_word' id='word_1_408' title='bbox 999 2395 1098 2430; x_wconf 86' lang='lat' dir='ltr'>haeres</span> <span class='ocrx_word' id='word_1_409' title='bbox 1122 2408 1133 2437; x_wconf 78' lang='lat'>5</span> 
     </span>
     <span class='ocr_line' id='line_1_51' title="bbox 120 2439 1132 2489; baseline -0.005 -10"><span class='ocrx_word' id='word_1_410' title='bbox 120 2446 239 2489; x_wconf 77' lang='lat' dir='ltr'>sepone</span> <span class='ocrx_word' id='word_1_411' title='bbox 262 2444 329 2488; x_wconf 82' lang='lat' dir='ltr'>jam</span> <span class='ocrx_word' id='word_1_412' title='bbox 354 2440 632 2475; x_wconf 58' lang='lat' dir='ltr'>observationem</span> <span class='ocrx_word' id='word_1_413' title='bbox 654 2439 745 2474; x_wconf 83' lang='lat' dir='ltr'>istam</span> <span class='ocrx_word' id='word_1_414' title='bbox 771 2439 974 2481; x_wconf 81' lang='lat' dir='ltr'>Whartoni,</span> <span class='ocrx_word' id='word_1_415' title='bbox 997 2443 1028 2472; x_wconf 87' lang='lat'><strong>&amp;</strong></span> <span class='ocrx_word' id='word_1_416' title='bbox 1052 2452 1132 2482; x_wconf 84' lang='lat' dir='ltr'>prae-</span> 
     </span>
     <span class='ocr_line' id='line_1_52' title="bbox 112 2482 1131 2531; baseline -0.006 -7"><span class='ocrx_word' id='word_1_417' title='bbox 112 2500 164 2524; x_wconf 81' lang='lat' dir='ltr'>ter</span> <span class='ocrx_word' id='word_1_418' title='bbox 188 2489 334 2531; x_wconf 84' lang='lat' dir='ltr'>exempla</span> <span class='ocrx_word' id='word_1_419' title='bbox 357 2496 428 2527; x_wconf 82' lang='lat' dir='ltr'>quae</span> <span class='ocrx_word' id='word_1_420' title='bbox 439 2484 524 2516; x_wconf 74' lang='lat' dir='ltr'>dic&#39;ta</span> <span class='ocrx_word' id='word_1_421' title='bbox 549 2482 647 2524; x_wconf 86' lang='lat' dir='ltr'>sunt,</span> <span class='ocrx_word' id='word_1_422' title='bbox 669 2482 719 2517; x_wconf 84' lang='lat' dir='ltr'>fac</span> <span class='ocrx_word' id='word_1_423' title='bbox 744 2483 807 2517; x_wconf 85' lang='lat' dir='ltr'>tibi</span> <span class='ocrx_word' id='word_1_424' title='bbox 823 2484 987 2527; x_wconf 79' lang='lat' dir='ltr'>sanguinis</span> <span class='ocrx_word' id='word_1_425' title='bbox 1001 2483 1131 2518; x_wconf 82' lang='lat' dir='ltr'>fluentis</span> 
     </span>
     <span class='ocr_line' id='line_1_53' title="bbox 106 2528 1129 2570; baseline -0.006 -3"><span class='ocrx_word' id='word_1_426' title='bbox 106 2547 126 2568; x_wconf 80' lang='lat' dir='ltr'>e</span> <span class='ocrx_word' id='word_1_427' title='bbox 149 2534 280 2567; x_wconf 82' lang='lat' dir='ltr'>naribus</span> <span class='ocrx_word' id='word_1_428' title='bbox 305 2530 411 2563; x_wconf 84' lang='lat' dir='ltr'>veniat</span> <span class='ocrx_word' id='word_1_429' title='bbox 435 2529 469 2561; x_wconf 90' lang='lat' dir='ltr'>in</span> <span class='ocrx_word' id='word_1_430' title='bbox 486 2537 650 2561; x_wconf 80' lang='lat' dir='ltr'>mentem.</span> <span class='ocrx_word' id='word_1_431' title='bbox 677 2528 770 2561; x_wconf 88' lang='lat' dir='ltr'>Num</span> <span class='ocrx_word' id='word_1_432' title='bbox 782 2537 887 2570; x_wconf 83' lang='lat' dir='ltr'>ruptae</span> <span class='ocrx_word' id='word_1_433' title='bbox 900 2528 1046 2570; x_wconf 84' lang='lat' dir='ltr'>semper,</span> <span class='ocrx_word' id='word_1_434' title='bbox 1074 2537 1129 2561; x_wconf 89' lang='lat' dir='ltr'>aut</span> 
     </span>
     <span class='ocr_line' id='line_1_54' title="bbox 114 2570 1128 2614; baseline -0.006 -3"><span class='ocrx_word' id='word_1_435' title='bbox 114 2576 211 2612; x_wconf 69' lang='lat' dir='ltr'>exesae</span> <span class='ocrx_word' id='word_1_436' title='bbox 226 2586 317 2609; x_wconf 86' lang='lat' dir='ltr'>venae</span> <span class='ocrx_word' id='word_1_437' title='bbox 333 2600 340 2611; x_wconf 86' lang='grc'>,</span> <span class='ocrx_word' id='word_1_438' title='bbox 353 2573 543 2605; x_wconf 78' lang='lat' dir='ltr'>arteriaeve?</span> <span class='ocrx_word' id='word_1_439' title='bbox 570 2583 647 2606; x_wconf 87' lang='lat' dir='ltr'>num</span> <span class='ocrx_word' id='word_1_440' title='bbox 670 2572 854 2605; x_wconf 85' lang='lat' dir='ltr'>exulcerata</span> <span class='ocrx_word' id='word_1_441' title='bbox 866 2570 989 2614; x_wconf 84' lang='lat' dir='ltr'>semper</span> <span class='ocrx_word' id='word_1_442' title='bbox 1001 2572 1128 2605; x_wconf 89' lang='lat' dir='ltr'>narium</span> 
     </span>
     <span class='ocr_line' id='line_1_55' title="bbox 109 2614 1129 2658; baseline -0.008 -2"><span class='ocrx_word' id='word_1_443' title='bbox 109 2618 250 2656; x_wconf 73' lang='lat' dir='ltr'>tunica?</span> <span class='ocrx_word' id='word_1_444' title='bbox 272 2620 305 2651; x_wconf 85' lang='lat' dir='ltr'>Si</span> <span class='ocrx_word' id='word_1_445' title='bbox 325 2617 389 2651; x_wconf 72' lang='lat' dir='ltr'>11]ae</span> <span class='ocrx_word' id='word_1_446' title='bbox 414 2625 543 2658; x_wconf 84' lang='lat' dir='ltr'>ruptae,</span> <span class='ocrx_word' id='word_1_447' title='bbox 568 2626 622 2649; x_wconf 86' lang='lat' dir='ltr'>aut</span> <span class='ocrx_word' id='word_1_448' title='bbox 647 2615 765 2652; x_wconf 74' lang='lat' dir='ltr'>exesae3</span> <span class='ocrx_word' id='word_1_449' title='bbox 790 2617 849 2657; x_wconf 66' lang='lat' dir='ltr'>qui</span> <span class='ocrx_word' id='word_1_450' title='bbox 874 2615 912 2649; x_wconf 85' lang='lat' dir='ltr'>fit</span> <span class='ocrx_word' id='word_1_451' title='bbox 936 2624 973 2649; x_wconf 84' lang='lat' dir='ltr'>ut</span> <span class='ocrx_word' id='word_1_452' title='bbox 998 2614 1129 2657; x_wconf 82' lang='lat' dir='ltr'>sanguis</span> 
     </span>
     <span class='ocr_line' id='line_1_56' title="bbox 111 2658 1128 2708; baseline -0.006 -10"><span class='ocrx_word' id='word_1_453' title='bbox 111 2667 194 2708; x_wconf 76' lang='lat' dir='ltr'>saepe</span> <span class='ocrx_word' id='word_1_454' title='bbox 219 2661 309 2697; x_wconf 87' lang='lat' dir='ltr'>nullo</span> <span class='ocrx_word' id='word_1_455' title='bbox 322 2659 450 2706; x_wconf 85' lang='lat' dir='ltr'>prorsus</span> <span class='ocrx_word' id='word_1_456' title='bbox 471 2660 615 2694; x_wconf 89' lang='lat' dir='ltr'>remedio</span> <span class='ocrx_word' id='word_1_457' title='bbox 628 2658 802 2698; x_wconf 86' lang='lat' dir='ltr'>adhibito,</span> <span class='ocrx_word' id='word_1_458' title='bbox 826 2670 883 2701; x_wconf 89' lang='lat' dir='ltr'>per</span> <span class='ocrx_word' id='word_1_459' title='bbox 903 2658 933 2692; x_wconf 88' lang='lat' dir='ltr'>se</span> <span class='ocrx_word' id='word_1_460' title='bbox 957 2658 1128 2692; x_wconf 81' lang='lat' dir='ltr'>subsistat?</span> 
     </span>
     <span class='ocr_line' id='line_1_57' title="bbox 114 2702 1125 2746; baseline -0.003 -8"><span class='ocrx_word' id='word_1_461' title='bbox 114 2710 151 2742; x_wconf 79' lang='lat' dir='ltr'>Si</span> <span class='ocrx_word' id='word_1_462' title='bbox 174 2708 242 2743; x_wconf 81' lang='lat' dir='ltr'>haec</span> <span class='ocrx_word' id='word_1_463' title='bbox 265 2706 470 2741; x_wconf 80' lang='lat' dir='ltr'>exulcerata·‚</span> <span class='ocrx_word' id='word_1_464' title='bbox 494 2703 662 2746; x_wconf 86' lang='lat' dir='ltr'>quomodo</span> <span class='ocrx_word' id='word_1_465' title='bbox 687 2702 791 2739; x_wconf 85' lang='lat' dir='ltr'>nihil,</span> <span class='ocrx_word' id='word_1_466' title='bbox 818 2713 883 2735; x_wconf 88' lang='lat' dir='ltr'>non</span> <span class='ocrx_word' id='word_1_467' title='bbox 906 2702 982 2736; x_wconf 89' lang='lat' dir='ltr'>dico</span> <span class='ocrx_word' id='word_1_468' title='bbox 1005 2704 1092 2743; x_wconf 88' lang='lat' dir='ltr'>puris</span> <span class='ocrx_word' id='word_1_469' title='bbox 1115 2724 1125 2741; x_wconf 89' lang='lat'>‚</span> 
     </span>
     <span class='ocr_line' id='line_1_58' title="bbox 116 2746 1129 2790; baseline -0.007 -4"><span class='ocrx_word' id='word_1_470' title='bbox 116 2752 171 2788; x_wconf 77' lang='lat' dir='ltr'>sed</span> <span class='ocrx_word' id='word_1_471' title='bbox 194 2763 233 2784; x_wconf 89' lang='lat' dir='ltr'>ne</span> <span class='ocrx_word' id='word_1_472' title='bbox 255 2749 378 2783; x_wconf 90' lang='lat' dir='ltr'>doloris</span> <span class='ocrx_word' id='word_1_473' title='bbox 401 2746 534 2790; x_wconf 83' lang='lat' dir='ltr'>quidem</span> <span class='ocrx_word' id='word_1_474' title='bbox 546 2747 784 2790; x_wconf 84' lang='lat' dir='ltr'>consequitur?</span> <span class='ocrx_word' id='word_1_475' title='bbox 809 2746 1059 2789; x_wconf 85' lang='lat' dir='ltr'>Nuncquodin</span> <span class='ocrx_word' id='word_1_476' title='bbox 1073 2758 1129 2779; x_wconf 86' lang='lat' dir='ltr'>na-</span> 
     </span>
     <span class='ocr_line' id='line_1_59' title="bbox 117 2789 1130 2836; baseline -0.005 -7"><span class='ocrx_word' id='word_1_477' title='bbox 117 2797 208 2832; x_wconf 84' lang='lat' dir='ltr'>rium</span> <span class='ocrx_word' id='word_1_478' title='bbox 231 2793 343 2827; x_wconf 84' lang='lat' dir='ltr'>tunica</span> <span class='ocrx_word' id='word_1_479' title='bbox 367 2791 459 2831; x_wconf 88' lang='lat' dir='ltr'>fieri,</span> <span class='ocrx_word' id='word_1_480' title='bbox 481 2792 662 2833; x_wconf 77' lang='lat' dir='ltr'>intelligis,</span> <span class='ocrx_word' id='word_1_481' title='bbox 686 2791 773 2824; x_wconf 87' lang='lat' dir='ltr'>idem</span> <span class='ocrx_word' id='word_1_482' title='bbox 796 2791 906 2832; x_wconf 82' lang='lat' dir='ltr'>cogita</span> <span class='ocrx_word' id='word_1_483' title='bbox 941 2790 1010 2823; x_wconf 87' lang='lat' dir='ltr'>fieri</span> <span class='ocrx_word' id='word_1_484' title='bbox 1044 2789 1130 2836; x_wconf 75' lang='lat' dir='ltr'>posse</span> 
     </span>
     <span class='ocr_line' id='line_1_60' title="bbox 117 2832 1132 2876; baseline -0.006 -2"><span class='ocrx_word' id='word_1_485' title='bbox 117 2841 155 2874; x_wconf 84' lang='lat' dir='ltr'>in</span> <span class='ocrx_word' id='word_1_486' title='bbox 178 2838 286 2873; x_wconf 87' lang='lat' dir='ltr'>tunica</span> <span class='ocrx_word' id='word_1_487' title='bbox 310 2836 428 2869; x_wconf 87' lang='lat' dir='ltr'>intima</span> <span class='ocrx_word' id='word_1_488' title='bbox 444 2835 696 2874; x_wconf 82' lang='lat' dir='ltr'>intestinorum,</span> <span class='ocrx_word' id='word_1_489' title='bbox 719 2832 898 2876; x_wconf 60' lang='lat' dir='ltr'>praesertim</span> <span class='ocrx_word' id='word_1_490' title='bbox 919 2844 994 2867; x_wconf 88' lang='lat' dir='ltr'>cum</span> <span class='ocrx_word' id='word_1_491' title='bbox 1018 2833 1132 2875; x_wconf 57' lang='lat' dir='ltr'>injedfi</span> 
     </span>
     <span class='ocr_line' id='line_1_61' title="bbox 119 2877 1133 2928; baseline -0.006 -12"><span class='ocrx_word' id='word_1_492' title='bbox 119 2893 178 2928; x_wconf 88' lang='lat' dir='ltr'>per</span> <span class='ocrx_word' id='word_1_493' title='bbox 202 2880 334 2915; x_wconf 81' lang='lat' dir='ltr'>arterias</span> <span class='ocrx_word' id='word_1_494' title='bbox 347 2878 495 2913; x_wconf 87' lang='lat' dir='ltr'>humores</span> <span class='ocrx_word' id='word_1_495' title='bbox 509 2878 604 2913; x_wconf 84' lang='lat' dir='ltr'>facile</span> <span class='ocrx_word' id='word_1_496' title='bbox 628 2877 706 2915; x_wconf 87' lang='lat' dir='ltr'>adeo</span> <span class='ocrx_word' id='word_1_497' title='bbox 721 2889 778 2919; x_wconf 87' lang='lat' dir='ltr'>per</span> <span class='ocrx_word' id='word_1_498' title='bbox 801 2886 972 2920; x_wconf 82' lang='lat' dir='ltr'>utramque</span> <span class='ocrx_word' id='word_1_499' title='bbox 985 2879 1133 2914; x_wconf 85' lang='lat' dir='ltr'>tunicam</span> 
     </span>
     <span class='ocr_line' id='line_1_62' title="bbox 118 2920 1131 2963; baseline -0.006 -3"><span class='ocrx_word' id='word_1_500' title='bbox 118 2930 156 2961; x_wconf 86' lang='lat' dir='ltr'>in</span> <span class='ocrx_word' id='word_1_501' title='bbox 179 2925 305 2959; x_wconf 87' lang='lat' dir='ltr'>narium</span> <span class='ocrx_word' id='word_1_502' title='bbox 329 2933 437 2957; x_wconf 84' lang='lat' dir='ltr'>caveas</span> <span class='ocrx_word' id='word_1_503' title='bbox 452 2943 462 2960; x_wconf 87' lang='lat'>,</span> <span class='ocrx_word' id='word_1_504' title='bbox 487 2925 519 2956; x_wconf 87' lang='lat'>&amp;</span> <span class='ocrx_word' id='word_1_505' title='bbox 543 2922 773 2956; x_wconf 82' lang='lat' dir='ltr'>intestinorum</span> <span class='ocrx_word' id='word_1_506' title='bbox 797 2920 1005 2963; x_wconf 83' lang='lat' dir='ltr'>trajiciantur</span> <span class='ocrx_word' id='word_1_507' title='bbox 1027 2923 1042 2960; x_wconf 91' lang='lat'>(</span> <span class='ocrx_word' id='word_1_508' title='bbox 1064 2920 1076 2953; x_wconf 91' lang='lat' dir='ltr'><em>l</em></span> <span class='ocrx_word' id='word_1_509' title='bbox 1099 2925 1131 2960; x_wconf 95' lang='lat'>).</span> 
     </span>
     <span class='ocr_line' id='line_1_63' title="bbox 119 2965 1133 3010; baseline -0.008 -5"><span class='ocrx_word' id='word_1_510' title='bbox 119 2973 211 3005; x_wconf 86' lang='lat' dir='ltr'>Pone</span> <span class='ocrx_word' id='word_1_511' title='bbox 235 2968 339 3010; x_wconf 82' lang='lat' dir='ltr'>igitur</span> <span class='ocrx_word' id='word_1_512' title='bbox 365 2966 488 2999; x_wconf 57' lang='lat' dir='ltr'>auctam</span> <span class='ocrx_word' id='word_1_513' title='bbox 511 2965 675 3010; x_wconf 84' lang='lat' dir='ltr'>sanguinis</span> <span class='ocrx_word' id='word_1_514' title='bbox 698 2966 851 3006; x_wconf 83' lang='lat' dir='ltr'>copiam,</span> <span class='ocrx_word' id='word_1_515' title='bbox 876 2965 1005 2999; x_wconf 62' lang='lat' dir='ltr'>aucium</span> <span class='ocrx_word' id='word_1_516' title='bbox 1028 2967 1133 3007; x_wconf 89' lang='lat' dir='ltr'>impe-</span> 
     </span>
     <span class='ocr_line' id='line_1_64' title="bbox 118 3009 1131 3053; baseline -0.006 -5"><span class='ocrx_word' id='word_1_517' title='bbox 118 3024 193 3048; x_wconf 78' lang='lat' dir='ltr'>turn</span> <span class='ocrx_word' id='word_1_518' title='bbox 208 3036 220 3053; x_wconf 91' lang='lat'>,</span> <span class='ocrx_word' id='word_1_519' title='bbox 243 3011 375 3044; x_wconf 85' lang='lat' dir='ltr'>latiores</span> <span class='ocrx_word' id='word_1_520' title='bbox 387 3018 493 3043; x_wconf 87' lang='lat' dir='ltr'>autem</span> <span class='ocrx_word' id='word_1_521' title='bbox 505 3009 602 3044; x_wconf 66' lang='lat' dir='ltr'>saetas</span> <span class='ocrx_word' id='word_1_522' title='bbox 614 3011 648 3043; x_wconf 85' lang='lat' dir='ltr'>in</span> <span class='ocrx_word' id='word_1_523' title='bbox 660 3011 700 3042; x_wconf 91' lang='lat' dir='ltr'>iis</span> <span class='ocrx_word' id='word_1_524' title='bbox 713 3010 873 3051; x_wconf 83' lang='lat' dir='ltr'>praecipue</span> <span class='ocrx_word' id='word_1_525' title='bbox 887 3011 943 3051; x_wconf 88' lang='lat' dir='ltr'>qui</span> <span class='ocrx_word' id='word_1_526' title='bbox 958 3017 1071 3042; x_wconf 88' lang='lat' dir='ltr'>natura</span> <span class='ocrx_word' id='word_1_527' title='bbox 1084 3009 1131 3042; x_wconf 89' lang='lat' dir='ltr'>la-</span> 
     </span>
     <span class='ocr_line' id='line_1_65' title="bbox 118 3052 1130 3092; baseline -0.006 0"><span class='ocrx_word' id='word_1_528' title='bbox 118 3068 177 3092; x_wconf 77' lang='lat' dir='ltr'>xas</span> <span class='ocrx_word' id='word_1_529' title='bbox 200 3064 293 3089; x_wconf 86' lang='lat' dir='ltr'>antea</span> <span class='ocrx_word' id='word_1_530' title='bbox 318 3053 493 3092; x_wconf 84' lang='lat' dir='ltr'>haberent,</span> <span class='ocrx_word' id='word_1_531' title='bbox 516 3054 705 3087; x_wconf 81' lang='lat' dir='ltr'>arteriarum</span> <span class='ocrx_word' id='word_1_532' title='bbox 720 3052 1130 3086; x_wconf 85' lang='lat' dir='ltr'>adintimaintestinorum</span> 
     </span>
     <span class='ocr_line' id='line_1_66' title="bbox 120 3095 1131 3139; baseline -0.007 -4"><span class='ocrx_word' id='word_1_533' title='bbox 120 3102 255 3136; x_wconf 84' lang='lat' dir='ltr'>ultimas</span> <span class='ocrx_word' id='word_1_534' title='bbox 279 3099 348 3131; x_wconf 90' lang='lat' dir='ltr'>vias</span> <span class='ocrx_word' id='word_1_535' title='bbox 371 3105 425 3131; x_wconf 86' lang='lat' dir='ltr'>aut</span> <span class='ocrx_word' id='word_1_536' title='bbox 449 3096 646 3132; x_wconf 85' lang='lat' dir='ltr'>resolutione</span> <span class='ocrx_word' id='word_1_537' title='bbox 669 3096 831 3139; x_wconf 80' lang='lat' dir='ltr'>quadam,</span> <span class='ocrx_word' id='word_1_538' title='bbox 854 3105 910 3129; x_wconf 86' lang='lat' dir='ltr'>aut</span> <span class='ocrx_word' id='word_1_539' title='bbox 942 3095 1033 3130; x_wconf 86' lang='lat' dir='ltr'>causa</span> <span class='ocrx_word' id='word_1_540' title='bbox 1067 3095 1131 3131; x_wconf 85' lang='lat' dir='ltr'>alia</span> 
     </span>
     <span class='ocr_line' id='line_1_67' title="bbox 120 3138 1131 3188; baseline -0.007 -8"><span class='ocrx_word' id='word_1_541' title='bbox 120 3146 232 3188; x_wconf 82' lang='lat' dir='ltr'>aliqua</span> <span class='ocrx_word' id='word_1_542' title='bbox 247 3165 255 3179; x_wconf 94' lang='lat'><strong><em>‚</em></strong></span> <span class='ocrx_word' id='word_1_543' title='bbox 278 3150 315 3175; x_wconf 91' lang='lat' dir='ltr'>ut</span> <span class='ocrx_word' id='word_1_544' title='bbox 339 3148 417 3184; x_wconf 85' lang='lat' dir='ltr'>puta</span> <span class='ocrx_word' id='word_1_545' title='bbox 430 3141 531 3174; x_wconf 77' lang='lat' dir='ltr'>nimia</span> <span class='ocrx_word' id='word_1_546' title='bbox 554 3143 590 3174; x_wconf 91' lang='lat' dir='ltr'>in</span> <span class='ocrx_word' id='word_1_547' title='bbox 601 3142 665 3174; x_wconf 88' lang='lat' dir='ltr'>alvi</span> <span class='ocrx_word' id='word_1_548' title='bbox 678 3139 853 3183; x_wconf 88' lang='lat' dir='ltr'>profluviis</span> <span class='ocrx_word' id='word_1_549' title='bbox 865 3138 1131 3180; x_wconf 57' lang='lat' dir='ltr'>humanatione,</span> 
     </span>
     <span class='ocr_line' id='line_1_68' title="bbox 120 3181 1133 3227; baseline -0.003 -5"><span class='ocrx_word' id='word_1_550' title='bbox 120 3185 337 3224; x_wconf 54' lang='lat' dir='ltr'>necldifficile</span> <span class='ocrx_word' id='word_1_551' title='bbox 359 3195 434 3217; x_wconf 87' lang='lat' dir='ltr'>cum</span> <span class='ocrx_word' id='word_1_552' title='bbox 454 3184 657 3218; x_wconf 86' lang='lat' dir='ltr'>Boerhaavio</span> <span class='ocrx_word' id='word_1_553' title='bbox 682 3183 875 3227; x_wconf 83' lang='lat' dir='ltr'>sanguinem</span> <span class='ocrx_word' id='word_1_554' title='bbox 900 3184 990 3217; x_wconf 90' lang='lat' dir='ltr'>illinc</span> <span class='ocrx_word' id='word_1_555' title='bbox 1002 3181 1133 3219; x_wconf 84' lang='lat' dir='ltr'>effluere</span> 
     </span>
     <span class='ocr_line' id='line_1_69' title="bbox 120 3226 663 3278; baseline -0.017 -11"><span class='ocrx_word' id='word_1_556' title='bbox 120 3243 179 3278; x_wconf 81' lang='lat' dir='ltr'>per</span> <span class='ocrx_word' id='word_1_557' title='bbox 204 3226 429 3265; x_wconf 81' lang='lat' dir='ltr'>anastomofirn</span> <span class='ocrx_word' id='word_1_558' title='bbox 448 3252 458 3268; x_wconf 92' lang='lat'>,</span> <span class='ocrx_word' id='word_1_559' title='bbox 480 3228 640 3270; x_wconf 77' lang='lat' dir='ltr'>intelliges</span> <span class='ocrx_word' id='word_1_560' title='bbox 655 3251 663 3258; x_wconf 89' lang='lat'><strong>.</strong></span> 
     </span>
    </p>

    <p class='ocr_par' dir='ltr' id='par_1_3' title="bbox 119 3269 1132 3359">
     <span class='ocr_line' id='line_1_70' title="bbox 169 3269 1129 3317; baseline -0.004 -9"><span class='ocrx_word' id='word_1_561' title='bbox 169 3286 221 3317; x_wconf 87' lang='lat'>24.</span> <span class='ocrx_word' id='word_1_562' title='bbox 245 3273 334 3307; x_wconf 89' lang='lat' dir='ltr'>Vide</span> <span class='ocrx_word' id='word_1_563' title='bbox 357 3280 487 3312; x_wconf 86' lang='lat' dir='ltr'>autem,</span> <span class='ocrx_word' id='word_1_564' title='bbox 511 3282 549 3305; x_wconf 91' lang='lat' dir='ltr'>ne</span> <span class='ocrx_word' id='word_1_565' title='bbox 570 3282 671 3305; x_wconf 89' lang='lat' dir='ltr'>unum</span> <span class='ocrx_word' id='word_1_566' title='bbox 693 3270 884 3312; x_wconf 81' lang='lat' dir='ltr'>dumtaxat,</span> <span class='ocrx_word' id='word_1_567' title='bbox 908 3270 959 3304; x_wconf 89' lang='lat' dir='ltr'>sed</span> <span class='ocrx_word' id='word_1_568' title='bbox 984 3271 1074 3313; x_wconf 86' lang='lat' dir='ltr'>plura</span> <span class='ocrx_word' id='word_1_569' title='bbox 1088 3269 1129 3305; x_wconf 90' lang='lat' dir='ltr'>si-</span> 
     </span>
     <span class='ocr_line' id='line_1_71' title="bbox 119 3315 1132 3359; baseline -0.004 -7"><span class='ocrx_word' id='word_1_570' title='bbox 119 3320 188 3355; x_wconf 85' lang='lat' dir='ltr'>mul</span> <span class='ocrx_word' id='word_1_571' title='bbox 212 3327 325 3352; x_wconf 85' lang='lat' dir='ltr'>eorum</span> <span class='ocrx_word' id='word_1_572' title='bbox 351 3326 449 3359; x_wconf 87' lang='lat' dir='ltr'>ponas</span> <span class='ocrx_word' id='word_1_573' title='bbox 472 3326 544 3357; x_wconf 84' lang='lat' dir='ltr'>quae</span> <span class='ocrx_word' id='word_1_574' title='bbox 555 3315 747 3349; x_wconf 61' lang='lat' dir='ltr'>dietasunt.</span> <span class='ocrx_word' id='word_1_575' title='bbox 773 3315 864 3348; x_wconf 90' lang='lat' dir='ltr'>Nam</span> <span class='ocrx_word' id='word_1_576' title='bbox 876 3325 952 3349; x_wconf 90' lang='lat' dir='ltr'>cum</span> <span class='ocrx_word' id='word_1_577' title='bbox 966 3315 1132 3359; x_wconf 74' lang='lat' dir='ltr'>Boerhaa-¹</span> 
     </span>
    </p>

    <p class='ocr_par' dir='ltr' id='par_1_4' title="bbox 118 3357 1136 3576">
     <span class='ocr_line' id='line_1_72' title="bbox 147 3357 1133 3402; baseline -0.006 -5"><span class='ocrx_word' id='word_1_578' title='bbox 147 3365 195 3397; x_wconf 91' lang='lat' dir='ltr'>ius</span> <span class='ocrx_word' id='word_1_579' title='bbox 219 3361 260 3395; x_wconf 83' lang='lat' dir='ltr'>sic</span> <span class='ocrx_word' id='word_1_580' title='bbox 285 3360 379 3393; x_wconf 89' lang='lat' dir='ltr'>docet</span> <span class='ocrx_word' id='word_1_581' title='bbox 406 3362 416 3399; x_wconf 88' lang='lat'><strong>(</strong></span> <span class='ocrx_word' id='word_1_582' title='bbox 440 3357 529 3402; x_wconf 89' lang='lat' dir='ltr'>m).·</span> <span class='ocrx_word' id='word_1_583' title='bbox 552 3358 670 3400; x_wconf 82' lang='lat' dir='ltr'>quando</span> <span class='ocrx_word' id='word_1_584' title='bbox 689 3357 820 3402; x_wconf 84' lang='lat' dir='ltr'>sanguis</span> <span class='ocrx_word' id='word_1_585' title='bbox 837 3366 1133 3401; x_wconf 68' lang='lat' dir='ltr'>perportarumve-</span> 
     </span>
     <span class='ocr_line' id='line_1_73' title="bbox 120 3374 1134 3448; baseline -0.007 -7"><span class='ocrx_word' id='word_1_586' title='bbox 120 3374 216 3443; x_wconf 55' lang='lat' dir='ltr'>iiam,</span> <span class='ocrx_word' id='word_1_587' title='bbox 240 3404 365 3448; x_wconf 76' lang='lat' dir='ltr'>ejusque</span> <span class='ocrx_word' id='word_1_588' title='bbox 390 3413 492 3436; x_wconf 85' lang='lat' dir='ltr'>ramos</span> <span class='ocrx_word' id='word_1_589' title='bbox 503 3402 610 3443; x_wconf 79' lang='lat' dir='ltr'>nequit</span> <span class='ocrx_word' id='word_1_590' title='bbox 624 3400 775 3444; x_wconf 78' lang='lat' dir='ltr'>tranfire‚</span> <span class='ocrx_word' id='word_1_591' title='bbox 795 3400 941 3444; x_wconf 80' lang='lat' dir='ltr'>tuncipse</span> <span class='ocrx_word' id='word_1_592' title='bbox 953 3404 1134 3447; x_wconf 78' lang='lat' dir='ltr'>purussan-</span> 
     </span>
     <span class='ocr_line' id='line_1_74' title="bbox 118 3444 1136 3494; baseline 0.003 -12"><span class='ocrx_word' id='word_1_593' title='bbox 118 3452 193 3494; x_wconf 77' lang='lat' dir='ltr'>guis</span> <span class='ocrx_word' id='word_1_594' title='bbox 215 3459 270 3492; x_wconf 85' lang='lat' dir='ltr'>per</span> <span class='ocrx_word' id='word_1_595' title='bbox 293 3444 490 3487; x_wconf 71' lang='lat' dir='ltr'>anastomofin</span> <span class='ocrx_word' id='word_1_596' title='bbox 514 3454 552 3479; x_wconf 85' lang='lat' dir='ltr'>ex</span> <span class='ocrx_word' id='word_1_597' title='bbox 572 3444 654 3487; x_wconf 67' lang='lat' dir='ltr'>nafis</span> <span class='ocrx_word' id='word_1_598' title='bbox 666 3445 874 3487; x_wconf 79' lang='lat' dir='ltr'>mesentericis</span> <span class='ocrx_word' id='word_1_599' title='bbox 885 3444 1110 3489; x_wconf 77' lang='lat' dir='ltr'>effundipotcst</span> <span class='ocrx_word' id='word_1_600' title='bbox 1122 3456 1136 3486; x_wconf 88' lang='lat'><em>;</em></span> 
     </span>
     <span class='ocr_line' id='line_1_75' title="bbox 120 3487 1133 3531; baseline -0.007 -3"><span class='ocrx_word' id='word_1_601' title='bbox 120 3493 181 3527; x_wconf 76' lang='lat' dir='ltr'>nisi</span> <span class='ocrx_word' id='word_1_602' title='bbox 206 3492 273 3527; x_wconf 79' lang='lat' dir='ltr'>haec</span> <span class='ocrx_word' id='word_1_603' title='bbox 284 3492 443 3525; x_wconf 90' lang='lat' dir='ltr'>continuo</span> <span class='ocrx_word' id='word_1_604' title='bbox 469 3487 616 3526; x_wconf 86' lang='lat' dir='ltr'>adderet,</span> <span class='ocrx_word' id='word_1_605' title='bbox 639 3498 768 3531; x_wconf 84' lang='lat' dir='ltr'>quorum</span> <span class='ocrx_word' id='word_1_606' title='bbox 779 3487 881 3531; x_wconf 87' lang='lat' dir='ltr'>oscula</span> <span class='ocrx_word' id='word_1_607' title='bbox 892 3489 1133 3531; x_wconf 66' lang='lat' dir='ltr'>dilatatafirnt:</span> 
     </span>
     <span class='ocr_line' id='line_1_76' title="bbox 120 3531 1133 3576; baseline -0.004 -5"><span class='ocrx_word' id='word_1_608' title='bbox 120 3538 277 3573; x_wconf 86' lang='lat' dir='ltr'>dubitare</span> <span class='ocrx_word' id='word_1_609' title='bbox 300 3535 415 3576; x_wconf 81' lang='lat' dir='ltr'>aliquis</span> <span class='ocrx_word' id='word_1_610' title='bbox 431 3531 556 3575; x_wconf 76' lang='lat' dir='ltr'>posset,</span> <span class='ocrx_word' id='word_1_611' title='bbox 579 3533 636 3572; x_wconf 85' lang='lat' dir='ltr'>qui</span> <span class='ocrx_word' id='word_1_612' title='bbox 652 3532 848 3564; x_wconf 87' lang='lat' dir='ltr'>Ortlobium</span> <span class='ocrx_word' id='word_1_613' title='bbox 873 3536 884 3571; x_wconf 93' lang='lat'><strong>(</strong></span> <span class='ocrx_word' id='word_1_614' title='bbox 909 3543 928 3564; x_wconf 89' lang='lat' dir='ltr'>n</span> <span class='ocrx_word' id='word_1_615' title='bbox 952 3536 962 3572; x_wconf 86' lang='lat'><strong><em>)</em></strong></span> <span class='ocrx_word' id='word_1_616' title='bbox 987 3532 1133 3575; x_wconf 79' lang='lat' dir='ltr'>legisset,</span> 
     </span>
    </p>

    <p class='ocr_par' dir='ltr' id='par_1_5' title="bbox 215 3573 953 3621">
     <span class='ocr_line' id='line_1_77' title="bbox 215 3573 953 3621; baseline -0.005 -9"><span class='ocrx_word' id='word_1_617' title='bbox 215 3578 384 3621; x_wconf 81' lang='lat' dir='ltr'>Morgagni</span> <span class='ocrx_word' id='word_1_618' title='bbox 395 3578 429 3610; x_wconf 83' lang='lat' dir='ltr'>de</span> <span class='ocrx_word' id='word_1_619' title='bbox 445 3576 512 3610; x_wconf 81' lang='lat' dir='ltr'>Sed.</span> <span class='ocrx_word' id='word_1_620' title='bbox 524 3576 566 3608; x_wconf 75' lang='lat'><em>&amp;</em></span> <span class='ocrx_word' id='word_1_621' title='bbox 576 3573 663 3616; x_wconf 87' lang='lat' dir='ltr'>Caus.</span> <span class='ocrx_word' id='word_1_622' title='bbox 676 3574 779 3608; x_wconf 63' lang='grc' dir='ltr'><em>Μανία.</em></span> <span class='ocrx_word' id='word_1_623' title='bbox 794 3575 894 3609; x_wconf 89' lang='lat' dir='ltr'>Torn.</span> <span class='ocrx_word' id='word_1_624' title='bbox 906 3577 953 3608; x_wconf 95' lang='lat' dir='ltr'>II.</span> 
     </span>
    </p>
   </div>
   <div class='ocr_carea' id='block_1_3' title="bbox 115 3666 550 3684">
    <p class='ocr_par' dir='ltr' id='par_1_6' title="bbox 115 3666 550 3684">
     <span class='ocr_line' id='line_1_78' title="bbox 115 3666 550 3684; baseline 0.005 0"><span class='ocrx_word' id='word_1_625' title='bbox 115 3666 550 3684; x_wconf 47' lang='lat' dir='ltr'>w*</span> 
     </span>
    </p>
   </div>
   <div class='ocr_carea' id='block_1_4' title="bbox 268 3723 1090 3885">
    <p class='ocr_par' dir='ltr' id='par_1_7' title="bbox 272 3723 708 3756">
     <span class='ocr_line' id='line_1_79' title="bbox 272 3723 708 3756; baseline -0.007 -5"><span class='ocrx_word' id='word_1_626' title='bbox 272 3729 290 3751; x_wconf 86' lang='lat'>1.</span> <span class='ocrx_word' id='word_1_627' title='bbox 306 3733 327 3756; x_wconf 83' lang='lat'>3.</span> <span class='ocrx_word' id='word_1_628' title='bbox 343 3727 368 3751; x_wconf 86' lang='lat' dir='ltr'>S.</span> <span class='ocrx_word' id='word_1_629' title='bbox 385 3727 407 3749; x_wconf 84' lang='lat'>8.</span> <span class='ocrx_word' id='word_1_630' title='bbox 424 3724 483 3749; x_wconf 84' lang='lat' dir='ltr'>Obs.</span> <span class='ocrx_word' id='word_1_631' title='bbox 499 3732 523 3753; x_wconf 87' lang='lat'>7.</span> <span class='ocrx_word' id='word_1_632' title='bbox 541 3723 567 3749; x_wconf 83' lang='lat' dir='ltr'>in</span> <span class='ocrx_word' id='word_1_633' title='bbox 584 3723 708 3749; x_wconf 77' lang='lat' dir='ltr'>Additam.</span> 
     </span>
    </p>

    <p class='ocr_par' dir='ltr' id='par_1_8' title="bbox 268 3755 1090 3885">
     <span class='ocr_line' id='line_1_80' title="bbox 268 3755 908 3786; baseline 0 -4"><span class='ocrx_word' id='word_1_634' title='bbox 268 3757 325 3782; x_wconf 32' lang='lat' dir='ltr'>Vidl</span> <span class='ocrx_word' id='word_1_635' title='bbox 344 3761 397 3781; x_wconf 89' lang='lat' dir='ltr'>not.</span> <span class='ocrx_word' id='word_1_636' title='bbox 415 3756 508 3780; x_wconf 84' lang='lat' dir='ltr'>Hallet.</span> <span class='ocrx_word' id='word_1_637' title='bbox 524 3755 554 3779; x_wconf 86' lang='lat' dir='ltr'>ad</span> <span class='ocrx_word' id='word_1_638' title='bbox 573 3755 595 3785; x_wconf 79' lang='lat'>§-</span> <span class='ocrx_word' id='word_1_639' title='bbox 612 3763 669 3786; x_wconf 77' lang='lat'>497.</span> <span class='ocrx_word' id='word_1_640' title='bbox 686 3755 786 3781; x_wconf 80' lang='lat' dir='ltr'>earund.</span> <span class='ocrx_word' id='word_1_641' title='bbox 803 3757 908 3783; x_wconf 71' lang='lat' dir='ltr'>Praelest.</span> 
     </span>
     <span class='ocr_line' id='line_1_81' title="bbox 277 3786 1090 3822; baseline -0.001 -6"><span class='ocrx_word' id='word_1_642' title='bbox 277 3787 305 3810; x_wconf 81' lang='lat' dir='ltr'>ad</span> <span class='ocrx_word' id='word_1_643' title='bbox 325 3788 418 3821; x_wconf 55' lang='lat'>§2815-</span> <span class='ocrx_word' id='word_1_644' title='bbox 480 3787 494 3816; x_wconf 86' lang='grc'>(</span> <span class='ocrx_word' id='word_1_645' title='bbox 507 3791 525 3816; x_wconf 75' lang='lat'>1&gt;</span> <span class='ocrx_word' id='word_1_646' title='bbox 541 3786 555 3815; x_wconf 85' lang='lat'>)</span> <span class='ocrx_word' id='word_1_647' title='bbox 571 3794 594 3815; x_wconf 87' lang='lat'>3·</span> <span class='ocrx_word' id='word_1_648' title='bbox 614 3794 637 3814; x_wconf 84' lang='grc'>9-</span> <span class='ocrx_word' id='word_1_649' title='bbox 658 3793 695 3816; x_wconf 85' lang='lat'>¹9·</span> <span class='ocrx_word' id='word_1_650' title='bbox 712 3787 737 3816; x_wconf 81' lang='lat'>§-</span> <span class='ocrx_word' id='word_1_651' title='bbox 755 3795 777 3812; x_wconf 83' lang='lat'>1·</span> <span class='ocrx_word' id='word_1_652' title='bbox 794 3789 816 3812; x_wconf 74' lang='grc' dir='ltr'>δι</span> <span class='ocrx_word' id='word_1_653' title='bbox 832 3795 855 3811; x_wconf 86' lang='lat'>²-</span> <span class='ocrx_word' id='word_1_654' title='bbox 917 3789 1090 3822; x_wconf 38' lang='lat' dir='ltr'>(-q)n.14.</span> 
     </span>
     <span class='ocr_line' id='line_1_82' title="bbox 275 3817 1023 3851; baseline -0.001 -9"><span class='ocrx_word' id='word_1_655' title='bbox 275 3820 380 3842; x_wconf 66' lang='lat' dir='ltr'>Exeren.</span> <span class='ocrx_word' id='word_1_656' title='bbox 396 3818 425 3842; x_wconf 84' lang='lat' dir='ltr'>de</span> <span class='ocrx_word' id='word_1_657' title='bbox 440 3817 528 3842; x_wconf 82' lang='lat' dir='ltr'>Gland.</span> <span class='ocrx_word' id='word_1_658' title='bbox 545 3817 657 3841; x_wconf 75' lang='lat' dir='ltr'>Duoden:</span> <span class='ocrx_word' id='word_1_659' title='bbox 675 3817 700 3847; x_wconf 84' lang='lat'>§.</span> <span class='ocrx_word' id='word_1_660' title='bbox 715 3826 737 3849; x_wconf 85' lang='lat'>4.</span> <span class='ocrx_word' id='word_1_661' title='bbox 801 3818 816 3848; x_wconf 88' lang='lat'>(</span> <span class='ocrx_word' id='word_1_662' title='bbox 832 3826 847 3842; x_wconf 74' lang='grc' dir='ltr'><strong><em>κ</em></strong></span> <span class='ocrx_word' id='word_1_663' title='bbox 863 3819 876 3847; x_wconf 86' lang='grc'>)</span> <span class='ocrx_word' id='word_1_664' title='bbox 893 3820 967 3848; x_wconf 84' lang='lat' dir='ltr'>Epist.</span> <span class='ocrx_word' id='word_1_665' title='bbox 985 3829 1023 3851; x_wconf 71' lang='lat'>35,</span> 
     </span>
     <span class='ocr_line' id='line_1_83' title="bbox 275 3847 1004 3885; baseline 0.005 -11"><span class='ocrx_word' id='word_1_666' title='bbox 275 3850 333 3875; x_wconf 80' lang='lat' dir='ltr'>Dee.</span> <span class='ocrx_word' id='word_1_667' title='bbox 349 3849 402 3875; x_wconf 76' lang='lat' dir='ltr'>ead.</span> <span class='ocrx_word' id='word_1_668' title='bbox 416 3849 450 3876; x_wconf 74' lang='lat' dir='ltr'>A.</span> <span class='ocrx_word' id='word_1_669' title='bbox 466 3856 488 3878; x_wconf 85' lang='lat'>9·</span> <span class='ocrx_word' id='word_1_670' title='bbox 506 3847 530 3873; x_wconf 73' lang='grc' dir='ltr'>δι</span> <span class='ocrx_word' id='word_1_671' title='bbox 545 3854 585 3877; x_wconf 74' lang='grc' dir='ltr'>ιο.</span> <span class='ocrx_word' id='word_1_672' title='bbox 600 3847 661 3875; x_wconf 83' lang='lat' dir='ltr'>Obs.</span> <span class='ocrx_word' id='word_1_673' title='bbox 679 3852 721 3876; x_wconf 75' lang='grc' dir='ltr'>σο.</span> <span class='ocrx_word' id='word_1_674' title='bbox 783 3849 799 3881; x_wconf 62' lang='grc' dir='ltr'><strong>ς</strong></span> <span class='ocrx_word' id='word_1_675' title='bbox 813 3856 828 3875; x_wconf 82' lang='lat' dir='ltr'>a</span> <span class='ocrx_word' id='word_1_676' title='bbox 843 3849 858 3879; x_wconf 88' lang='grc'>)</span> <span class='ocrx_word' id='word_1_677' title='bbox 872 3849 931 3877; x_wconf 69' lang='lat' dir='ltr'>Obs0</span> <span class='ocrx_word' id='word_1_678' title='bbox 947 3855 1004 3885; x_wconf 80' lang='lat'>1²⁶:</span> 
     </span>
    </p>
   </div>
   <div class='ocr_carea' id='block_1_5' title="bbox 181 3728 200 3882">
    <p class='ocr_par' dir='ltr' id='par_1_9' title="bbox 181 3728 200 3882">
     <span class='ocr_line' id='line_1_84' title="bbox 181 3728 200 3882; textangle 90"><span class='ocrx_word' id='word_1_679' title='bbox 181 3728 200 3882; x_wconf 49' lang='lat' dir='ltr'>V-flflflfl</span> 
     </span>
    </p>
   </div>
   <div class='ocr_carea' id='block_1_6' title="bbox 211 3726 262 3880">
    <p class='ocr_par' dir='ltr' id='par_1_10' title="bbox 211 3726 262 3880">
     <span class='ocr_line' id='line_1_85' title="bbox 211 3726 262 3816; baseline 0.078 -4"><span class='ocrx_word' id='word_1_680' title='bbox 211 3726 262 3816; x_wconf 61' lang='lat' dir='ltr'>a</span> 
     </span>
     <span class='ocr_line' id='line_1_86' title="bbox 211 3818 259 3880; baseline -0.042 0"><span class='ocrx_word' id='word_1_681' title='bbox 211 3818 259 3880; x_wconf 68' lang='lat'>:3</span> 
     </span>
    </p>
   </div>
   <div class='ocr_carea' id='block_1_7' title="bbox 908 3637 1879 3701">
    <p class='ocr_par' dir='ltr' id='par_1_11' title="bbox 908 3637 1879 3701">
     <span class='ocr_line' id='line_1_87' title="bbox 908 3637 1879 3701; baseline 0.005 -25"><span class='ocrx_word' id='word_1_682' title='bbox 908 3637 1879 3701; x_wconf 39' lang='grc' dir='ltr'>-ω-η-μῂᾑ</span> 
     </span>
    </p>
   </div>
   <div class='ocr_carea' id='block_1_8' title="bbox 777 3717 1963 3857">
    <p class='ocr_par' dir='ltr' id='par_1_12' title="bbox 777 3717 1434 3791">
     <span class='ocr_line' id='line_1_88' title="bbox 777 3717 1434 3764; baseline 0.009 -15"><span class='ocrx_word' id='word_1_683' title='bbox 777 3726 792 3756; x_wconf 85' lang='grc'>(</span> <span class='ocrx_word' id='word_1_684' title='bbox 807 3725 822 3749; x_wconf 82' lang='lat' dir='ltr'><em>h</em></span> <span class='ocrx_word' id='word_1_685' title='bbox 837 3725 852 3754; x_wconf 81' lang='grc'>)</span> <span class='ocrx_word' id='word_1_686' title='bbox 866 3727 974 3752; x_wconf 67' lang='lat' dir='ltr'>Praelest.</span> <span class='ocrx_word' id='word_1_687' title='bbox 991 3729 1021 3752; x_wconf 82' lang='lat' dir='ltr'>ad</span> <span class='ocrx_word' id='word_1_688' title='bbox 1041 3729 1119 3754; x_wconf 84' lang='lat' dir='ltr'>Instit.</span> <span class='ocrx_word' id='word_1_689' title='bbox 1139 3729 1161 3761; x_wconf 70' lang='lat'>§-</span> <span class='ocrx_word' id='word_1_690' title='bbox 1175 3738 1233 3764; x_wconf 66' lang='lat'>⁴707.</span> <span class='ocrx_word' id='word_1_691' title='bbox 1250 3739 1303 3761; x_wconf 79' lang='lat'>775·</span> <span class='ocrx_word' id='word_1_692' title='bbox 1320 3733 1372 3761; x_wconf 81' lang='lat'>8¹4-</span> <span class='ocrx_word' id='word_1_693' title='bbox 1390 3717 1434 3760; x_wconf 73' lang='lat' dir='ltr'>8ch.l</span> 
     </span>
     <span class='ocr_line' id='line_1_89' title="bbox 971 3759 1273 3791; baseline 0.003 -6"><span class='ocrx_word' id='word_1_694' title='bbox 971 3759 986 3785; x_wconf 73' lang='grc' dir='ltr'><strong>ζ</strong></span> <span class='ocrx_word' id='word_1_695' title='bbox 1002 3768 1025 3783; x_wconf 85' lang='lat' dir='ltr'>m</span> <span class='ocrx_word' id='word_1_696' title='bbox 1041 3760 1054 3790; x_wconf 88' lang='lat'>)</span> <span class='ocrx_word' id='word_1_697' title='bbox 1071 3761 1100 3785; x_wconf 86' lang='lat' dir='ltr'>ad</span> <span class='ocrx_word' id='word_1_698' title='bbox 1120 3760 1142 3791; x_wconf 83' lang='lat'>§.</span> <span class='ocrx_word' id='word_1_699' title='bbox 1161 3767 1202 3785; x_wconf 83' lang='lat' dir='ltr'>cit.</span> <span class='ocrx_word' id='word_1_700' title='bbox 1221 3764 1273 3791; x_wconf 70' lang='lat'>8¹4</span> 
     </span>
    </p>

    <p class='ocr_par' dir='ltr' id='par_1_13' title="bbox 1085 3792 1963 3857">
     <span class='ocr_line' id='line_1_90' title="bbox 1152 3792 1317 3821; baseline 0.012 -6"><span class='ocrx_word' id='word_1_701' title='bbox 1152 3792 1166 3821; x_wconf 84' lang='lat'>(</span> <span class='ocrx_word' id='word_1_702' title='bbox 1181 3801 1192 3815; x_wconf 80' lang='lat' dir='ltr'>r</span> <span class='ocrx_word' id='word_1_703' title='bbox 1208 3793 1221 3821; x_wconf 90' lang='lat'><em>)</em></span> <span class='ocrx_word' id='word_1_704' title='bbox 1238 3801 1262 3817; x_wconf 93' lang='lat' dir='ltr'>n.</span> <span class='ocrx_word' id='word_1_705' title='bbox 1280 3801 1317 3817; x_wconf 85' lang='lat'>20.</span> 
     </span>
     <span class='ocr_line' id='line_1_91' title="bbox 1085 3822 1963 3857; baseline 0.01 -9"><span class='ocrx_word' id='word_1_706' title='bbox 1085 3824 1093 3852; x_wconf 75' lang='lat' dir='ltr'>s</span> <span class='ocrx_word' id='word_1_707' title='bbox 1109 3829 1128 3854; x_wconf 74' lang='lat' dir='ltr'><em>y</em></span> <span class='ocrx_word' id='word_1_708' title='bbox 1143 3822 1154 3855; x_wconf 69' lang='lat' dir='ltr'>J</span> <span class='ocrx_word' id='word_1_709' title='bbox 1170 3823 1232 3855; x_wconf 72' lang='lat' dir='ltr'>Eph.</span> <span class='ocrx_word' id='word_1_710' title='bbox 1249 3826 1281 3851; x_wconf 86' lang='lat' dir='ltr'>N.</span> <span class='ocrx_word' id='word_1_711' title='bbox 1300 3826 1328 3851; x_wconf 88' lang='lat' dir='ltr'>C.</span> <span class='ocrx_word' id='word_1_712' title='bbox 1345 3826 1404 3851; x_wconf 77' lang='lat' dir='ltr'>Dec,</span> <span class='ocrx_word' id='word_1_713' title='bbox 1422 3832 1443 3855; x_wconf 82' lang='lat'>3.</span> <span class='ocrx_word' id='word_1_714' title='bbox 1460 3827 1492 3851; x_wconf 79' lang='lat' dir='ltr'>A.</span> <span class='ocrx_word' id='word_1_715' title='bbox 1509 3833 1533 3856; x_wconf 82' lang='lat'>3.</span> <span class='ocrx_word' id='word_1_716' title='bbox 1550 3826 1576 3851; x_wconf 88' lang='lat' dir='ltr'>in</span> <span class='ocrx_word' id='word_1_717' title='bbox 1591 3826 1701 3856; x_wconf 70' lang='lat' dir='ltr'>append„</span> <span class='ocrx_word' id='word_1_718' title='bbox 1717 3835 1745 3855; x_wconf 87' lang='lat' dir='ltr'>n.</span> <span class='ocrx_word' id='word_1_719' title='bbox 1761 3830 1786 3855; x_wconf 62' lang='lat'>6„</span> <span class='ocrx_word' id='word_1_720' title='bbox 1804 3828 1835 3854; x_wconf 70' lang='lat' dir='ltr'>ad</span> <span class='ocrx_word' id='word_1_721' title='bbox 1850 3827 1963 3857; x_wconf 51' lang='grc' dir='ltr'>Οὴίκόῧ.</span> 
     </span>
    </p>
   </div>
   <div class='ocr_carea' id='block_1_9' title="bbox 2077 257 2137 307">
    <p class='ocr_par' dir='ltr' id='par_1_14' title="bbox 2077 257 2137 307">
     <span class='ocr_line' id='line_1_92' title="bbox 2077 257 2137 307; baseline 0 0"><span class='ocrx_word' id='word_1_722' title='bbox 2077 257 2137 307; x_wconf 75' lang='lat'>33</span> 
     </span>
    </p>
   </div>
   <div class='ocr_carea' id='block_1_10' title="bbox 1179 315 2210 3618">
    <p class='ocr_par' dir='ltr' id='par_1_15' title="bbox 1183 315 2208 1043">
     <span class='ocr_line' id='line_1_93' title="bbox 1196 315 2205 363; baseline 0.007 -17"><span class='ocrx_word' id='word_1_723' title='bbox 1196 315 1366 350; x_wconf 67' lang='lat' dir='ltr'>constric&#39;ta</span> <span class='ocrx_word' id='word_1_724' title='bbox 1390 317 1520 351; x_wconf 89' lang='lat' dir='ltr'>vinculo</span> <span class='ocrx_word' id='word_1_725' title='bbox 1544 319 1576 349; x_wconf 92' lang='lat' dir='ltr'>in</span> <span class='ocrx_word' id='word_1_726' title='bbox 1602 317 1685 349; x_wconf 85' lang='lat' dir='ltr'>vivis</span> <span class='ocrx_word' id='word_1_727' title='bbox 1709 317 1841 350; x_wconf 88' lang='lat' dir='ltr'>canibus</span> <span class='ocrx_word' id='word_1_728' title='bbox 1866 316 1921 351; x_wconf 88' lang='lat' dir='ltr'>illa</span> <span class='ocrx_word' id='word_1_729' title='bbox 1945 326 2041 355; x_wconf 88' lang='lat' dir='ltr'>vena,</span> <span class='ocrx_word' id='word_1_730' title='bbox 2071 320 2205 363; x_wconf 52' lang='lat' dir='ltr'>sangui&amp;</span> 
     </span>
     <span class='ocr_line' id='line_1_94' title="bbox 1195 359 2204 403; baseline 0.006 -12"><span class='ocrx_word' id='word_1_731' title='bbox 1195 369 1264 392; x_wconf 81' lang='lat' dir='ltr'>nem</span> <span class='ocrx_word' id='word_1_732' title='bbox 1286 359 1325 392; x_wconf 80' lang='lat' dir='ltr'>ad</span> <span class='ocrx_word' id='word_1_733' title='bbox 1345 359 1489 401; x_wconf 79' lang='lat' dir='ltr'>intestina</span> <span class='ocrx_word' id='word_1_734' title='bbox 1506 360 1661 403; x_wconf 81' lang='lat' dir='ltr'>fincerum</span> <span class='ocrx_word' id='word_1_735' title='bbox 1673 370 1892 401; x_wconf 64' lang='lat' dir='ltr'>prorumpere„</span> <span class='ocrx_word' id='word_1_736' title='bbox 1916 371 2074 402; x_wconf 81' lang='lat' dir='ltr'>nunquam</span> <span class='ocrx_word' id='word_1_737' title='bbox 2099 365 2128 395; x_wconf 87' lang='lat' dir='ltr'>se</span> <span class='ocrx_word' id='word_1_738' title='bbox 2151 364 2204 397; x_wconf 83' lang='lat' dir='ltr'>ob-</span> 
     </span>
     <span class='ocr_line' id='line_1_95' title="bbox 1183 400 2204 446; baseline 0.007 -13"><span class='ocrx_word' id='word_1_739' title='bbox 1183 400 1315 446; x_wconf 71' lang='lat' dir='ltr'>servare</span> <span class='ocrx_word' id='word_1_740' title='bbox 1333 403 1482 446; x_wconf 71' lang='lat' dir='ltr'>potuiffe,</span> <span class='ocrx_word' id='word_1_741' title='bbox 1507 404 1653 446; x_wconf 71' lang='lat' dir='ltr'>quamvis</span> <span class='ocrx_word' id='word_1_742' title='bbox 1676 412 1744 436; x_wconf 77' lang='lat' dir='ltr'>rora</span> <span class='ocrx_word' id='word_1_743' title='bbox 1770 403 1981 441; x_wconf 55' lang='lat' dir='ltr'>intestinarum</span> <span class='ocrx_word' id='word_1_744' title='bbox 2002 406 2109 440; x_wconf 78' lang='lat' dir='ltr'>tunica</span> <span class='ocrx_word' id='word_1_745' title='bbox 2135 419 2204 440; x_wconf 80' lang='lat' dir='ltr'>coc-</span> 
     </span>
     <span class='ocr_line' id='line_1_96' title="bbox 1192 444 2205 487; baseline 0.006 -9"><span class='ocrx_word' id='word_1_746' title='bbox 1192 445 1280 478; x_wconf 86' lang='lat' dir='ltr'>cineo</span> <span class='ocrx_word' id='word_1_747' title='bbox 1304 445 1387 487; x_wconf 75' lang='lat' dir='ltr'>quafi</span> <span class='ocrx_word' id='word_1_748' title='bbox 1410 446 1507 480; x_wconf 83' lang='lat' dir='ltr'>colore</span> <span class='ocrx_word' id='word_1_749' title='bbox 1530 444 1742 480; x_wconf 77' lang='lat' dir='ltr'>imbueretur.</span> <span class='ocrx_word' id='word_1_750' title='bbox 1769 446 1942 481; x_wconf 63' lang='lat' dir='ltr'>Nxmirum</span> <span class='ocrx_word' id='word_1_751' title='bbox 1976 449 2009 481; x_wconf 87' lang='lat' dir='ltr'>in</span> <span class='ocrx_word' id='word_1_752' title='bbox 2046 447 2132 482; x_wconf 83' lang='lat' dir='ltr'>sanis</span> <span class='ocrx_word' id='word_1_753' title='bbox 2166 453 2205 484; x_wconf 87' lang='lat' dir='ltr'>iis</span> 
     </span>
     <span class='ocr_line' id='line_1_97' title="bbox 1193 488 2206 528; baseline 0.007 -8"><span class='ocrx_word' id='word_1_754' title='bbox 1193 488 1328 522; x_wconf 86' lang='lat' dir='ltr'>canibus</span> <span class='ocrx_word' id='word_1_755' title='bbox 1353 488 1500 522; x_wconf 87' lang='lat' dir='ltr'>vasorum</span> <span class='ocrx_word' id='word_1_756' title='bbox 1523 489 1632 522; x_wconf 89' lang='lat' dir='ltr'>oscula</span> <span class='ocrx_word' id='word_1_757' title='bbox 1658 501 1721 522; x_wconf 88' lang='lat' dir='ltr'>non</span> <span class='ocrx_word' id='word_1_758' title='bbox 1744 500 1837 523; x_wconf 82' lang='lat' dir='ltr'>erant</span> <span class='ocrx_word' id='word_1_759' title='bbox 1849 491 1980 524; x_wconf 84' lang='lat' dir='ltr'>dilatata</span> <span class='ocrx_word' id='word_1_760' title='bbox 2001 519 2005 523; x_wconf 95' lang='lat'>.</span> <span class='ocrx_word' id='word_1_761' title='bbox 2033 493 2134 526; x_wconf 86' lang='lat' dir='ltr'>Erant</span> <span class='ocrx_word' id='word_1_762' title='bbox 2150 507 2206 528; x_wconf 84' lang='lat' dir='ltr'>au·-</span> 
     </span>
     <span class='ocr_line' id='line_1_98' title="bbox 1194 532 2205 575; baseline 0.006 -11"><span class='ocrx_word' id='word_1_763' title='bbox 1194 541 1260 564; x_wconf 89' lang='lat' dir='ltr'>tem</span> <span class='ocrx_word' id='word_1_764' title='bbox 1285 534 1333 565; x_wconf 86' lang='lat' dir='ltr'>vel</span> <span class='ocrx_word' id='word_1_765' title='bbox 1359 533 1498 566; x_wconf 87' lang='lat' dir='ltr'>maxime</span> <span class='ocrx_word' id='word_1_766' title='bbox 1522 533 1566 565; x_wconf 87' lang='lat' dir='ltr'>ob</span> <span class='ocrx_word' id='word_1_767' title='bbox 1590 532 1875 575; x_wconf 66' lang='lat' dir='ltr'>circumjechrum</span> <span class='ocrx_word' id='word_1_768' title='bbox 1901 534 2057 569; x_wconf 78' lang='lat' dir='ltr'>fibrarum</span> <span class='ocrx_word' id='word_1_769' title='bbox 2086 537 2205 570; x_wconf 82' lang='lat' dir='ltr'>laxita-</span> 
     </span>
     <span class='ocr_line' id='line_1_99' title="bbox 1193 577 2206 619; baseline 0.007 -12"><span class='ocrx_word' id='word_1_770' title='bbox 1193 585 1258 608; x_wconf 86' lang='lat' dir='ltr'>tem</span> <span class='ocrx_word' id='word_1_771' title='bbox 1282 577 1316 608; x_wconf 90' lang='lat' dir='ltr'>in</span> <span class='ocrx_word' id='word_1_772' title='bbox 1339 577 1487 611; x_wconf 83' lang='lat' dir='ltr'>Comitis</span> <span class='ocrx_word' id='word_1_773' title='bbox 1512 577 1599 610; x_wconf 84' lang='lat' dir='ltr'>illius</span> <span class='ocrx_word' id='word_1_774' title='bbox 1623 577 1660 610; x_wconf 89' lang='lat' dir='ltr'>de</span> <span class='ocrx_word' id='word_1_775' title='bbox 1684 588 1751 618; x_wconf 84' lang='lat' dir='ltr'>quo</span> <span class='ocrx_word' id='word_1_776' title='bbox 1774 577 1896 610; x_wconf 87' lang='lat' dir='ltr'>ibidem</span> <span class='ocrx_word' id='word_1_777' title='bbox 1921 578 2068 619; x_wconf 84' lang='lat' dir='ltr'>loquitur</span> <span class='ocrx_word' id='word_1_778' title='bbox 2086 581 2206 614; x_wconf 89' lang='lat' dir='ltr'>Ortlo-</span> 
     </span>
     <span class='ocr_line' id='line_1_100' title="bbox 1197 618 2206 666; baseline 0.005 -14"><span class='ocrx_word' id='word_1_779' title='bbox 1197 619 1270 653; x_wconf 79' lang='lat' dir='ltr'>bins</span> <span class='ocrx_word' id='word_1_780' title='bbox 1287 642 1295 656; x_wconf 94' lang='lat'>,</span> <span class='ocrx_word' id='word_1_781' title='bbox 1320 619 1474 659; x_wconf 76' lang='lat' dir='ltr'>intestinis</span> <span class='ocrx_word' id='word_1_782' title='bbox 1490 618 1704 661; x_wconf 57' lang='lat' dir='ltr'>[phacelatim</span> <span class='ocrx_word' id='word_1_783' title='bbox 1729 620 1823 654; x_wconf 88' lang='lat' dir='ltr'>inhis</span> <span class='ocrx_word' id='word_1_784' title='bbox 1839 622 1925 654; x_wconf 84' lang='lat' dir='ltr'>enim</span> <span class='ocrx_word' id='word_1_785' title='bbox 1948 632 2042 655; x_wconf 71' lang='lat' dir='ltr'>venas</span> <span class='ocrx_word' id='word_1_786' title='bbox 2058 624 2206 666; x_wconf 78' lang='lat' dir='ltr'>mesarai—</span> 
     </span>
     <span class='ocr_line' id='line_1_101' title="bbox 1196 661 2206 707; baseline 0.005 -12"><span class='ocrx_word' id='word_1_787' title='bbox 1196 674 1249 695; x_wconf 83' lang='lat' dir='ltr'>cas</span> <span class='ocrx_word' id='word_1_788' title='bbox 1274 661 1405 705; x_wconf 81' lang='lat' dir='ltr'>orificiis</span> <span class='ocrx_word' id='word_1_789' title='bbox 1416 664 1558 704; x_wconf 81' lang='lat' dir='ltr'>apertis,</span> <span class='ocrx_word' id='word_1_790' title='bbox 1575 662 1728 705; x_wconf 81' lang='lat' dir='ltr'>sanguine</span> <span class='ocrx_word' id='word_1_791' title='bbox 1738 662 1934 705; x_wconf 62' lang='lat' dir='ltr'>grumefaci&#39;o</span> <span class='ocrx_word' id='word_1_792' title='bbox 1948 686 1955 698; x_wconf 83' lang='grc'>,</span> <span class='ocrx_word' id='word_1_793' title='bbox 1982 665 2064 707; x_wconf 75' lang='lat' dir='ltr'>quasi</span> <span class='ocrx_word' id='word_1_794' title='bbox 2075 678 2143 699; x_wconf 80' lang='lat' dir='ltr'>cera</span> <span class='ocrx_word' id='word_1_795' title='bbox 2157 678 2206 700; x_wconf 89' lang='lat' dir='ltr'>re-</span> 
     </span>
     <span class='ocr_line' id='line_1_102' title="bbox 1188 703 2205 751; baseline 0.005 -14"><span class='ocrx_word' id='word_1_796' title='bbox 1188 703 1309 748; x_wconf 82' lang='lat' dir='ltr'>fertis,</span> <span class='ocrx_word' id='word_1_797' title='bbox 1330 703 1447 749; x_wconf 79' lang='lat' dir='ltr'>hiaffe,</span> <span class='ocrx_word' id='word_1_798' title='bbox 1471 706 1575 739; x_wconf 68' lang='lat' dir='ltr'>vidit„</span> <span class='ocrx_word' id='word_1_799' title='bbox 1601 706 1682 739; x_wconf 78' lang='lat' dir='ltr'>Haec</span> <span class='ocrx_word' id='word_1_800' title='bbox 1709 716 1815 740; x_wconf 85' lang='lat' dir='ltr'>autern</span> <span class='ocrx_word' id='word_1_801' title='bbox 1828 716 1922 749; x_wconf 77' lang='lat' dir='ltr'>attigi</span> <span class='ocrx_word' id='word_1_802' title='bbox 1938 718 2103 748; x_wconf 74' lang='lat' dir='ltr'>propterea</span> <span class='ocrx_word' id='word_1_803' title='bbox 2115 711 2205 751; x_wconf 82' lang='lat' dir='ltr'>quod</span> 
     </span>
     <span class='ocr_line' id='line_1_103' title="bbox 1192 748 2207 795; baseline 0.002 -14"><span class='ocrx_word' id='word_1_804' title='bbox 1192 748 1358 790; x_wconf 75' lang='lat' dir='ltr'>aliquando</span> <span class='ocrx_word' id='word_1_805' title='bbox 1382 753 1414 782; x_wconf 89' lang='lat' dir='ltr'>in</span> <span class='ocrx_word' id='word_1_806' title='bbox 1438 749 1622 792; x_wconf 85' lang='lat' dir='ltr'>dysenteria</span> <span class='ocrx_word' id='word_1_807' title='bbox 1644 759 1719 783; x_wconf 71' lang='lat' dir='ltr'>vera</span> <span class='ocrx_word' id='word_1_808' title='bbox 1742 748 1953 794; x_wconf 79' lang='lat' dir='ltr'>inflammatio</span> <span class='ocrx_word' id='word_1_809' title='bbox 1976 752 2074 791; x_wconf 73' lang='lat' dir='ltr'>adrst,</span> <span class='ocrx_word' id='word_1_810' title='bbox 2100 751 2207 795; x_wconf 72' lang='lat' dir='ltr'>&amp;fu-</span> 
     </span>
     <span class='ocr_line' id='line_1_104' title="bbox 1189 791 2205 837; baseline 0.003 -13"><span class='ocrx_word' id='word_1_811' title='bbox 1189 791 1271 830; x_wconf 76' lang='lat' dir='ltr'>nesta</span> <span class='ocrx_word' id='word_1_812' title='bbox 1292 803 1454 835; x_wconf 69' lang='lat' dir='ltr'>gangram</span> <span class='ocrx_word' id='word_1_813' title='bbox 1472 793 1638 836; x_wconf 80' lang='lat' dir='ltr'>sequitur,</span> <span class='ocrx_word' id='word_1_814' title='bbox 1666 802 1703 827; x_wconf 92' lang='lat' dir='ltr'>ut</span> <span class='ocrx_word' id='word_1_815' title='bbox 1728 794 1824 835; x_wconf 85' lang='lat' dir='ltr'>paulo</span> <span class='ocrx_word' id='word_1_816' title='bbox 1849 793 1918 836; x_wconf 88' lang='lat' dir='ltr'>post</span> <span class='ocrx_word' id='word_1_817' title='bbox 1945 794 1998 826; x_wconf 90' lang='lat' dir='ltr'>illa</span> <span class='ocrx_word' id='word_1_818' title='bbox 2022 807 2093 837; x_wconf 69' lang='lat' dir='ltr'>quae</span> <span class='ocrx_word' id='word_1_819' title='bbox 2116 807 2205 830; x_wconf 79' lang='lat' dir='ltr'>retu-.-</span> 
     </span>
     <span class='ocr_line' id='line_1_105' title="bbox 1193 834 2207 882; baseline 0.003 -12"><span class='ocrx_word' id='word_1_820' title='bbox 1193 836 1316 882; x_wconf 73' lang='lat' dir='ltr'>limus,</span> <span class='ocrx_word' id='word_1_821' title='bbox 1341 835 1466 878; x_wconf 77' lang='lat' dir='ltr'>scripsit</span> <span class='ocrx_word' id='word_1_822' title='bbox 1490 834 1713 871; x_wconf 81' lang='lat' dir='ltr'>Boerhaavius</span> <span class='ocrx_word' id='word_1_823' title='bbox 1734 839 1750 876; x_wconf 83' lang='lat'>(</span> <span class='ocrx_word' id='word_1_824' title='bbox 1773 849 1789 870; x_wconf 93' lang='grc' dir='ltr'><em>ο</em></span> <span class='ocrx_word' id='word_1_825' title='bbox 1812 840 1844 875; x_wconf 91' lang='grc'>).</span> <span class='ocrx_word' id='word_1_826' title='bbox 1875 838 1917 870; x_wconf 87' lang='lat' dir='ltr'>Et</span> <span class='ocrx_word' id='word_1_827' title='bbox 1933 836 2002 870; x_wconf 89' lang='lat' dir='ltr'>sane</span> <span class='ocrx_word' id='word_1_828' title='bbox 2025 850 2096 872; x_wconf 85' lang='lat' dir='ltr'>vera</span> <span class='ocrx_word' id='word_1_829' title='bbox 2124 840 2207 873; x_wconf 78' lang='lat' dir='ltr'>scri-</span> 
     </span>
     <span class='ocr_line' id='line_1_106' title="bbox 1195 877 2206 922; baseline 0.003 -11"><span class='ocrx_word' id='word_1_830' title='bbox 1195 877 1302 920; x_wconf 79' lang='lat' dir='ltr'>psisse,</span> <span class='ocrx_word' id='word_1_831' title='bbox 1325 879 1496 913; x_wconf 87' lang='lat' dir='ltr'>ostendunt</span> <span class='ocrx_word' id='word_1_832' title='bbox 1519 882 1552 913; x_wconf 90' lang='lat' dir='ltr'>in</span> <span class='ocrx_word' id='word_1_833' title='bbox 1575 880 1722 913; x_wconf 70' lang='lat' dir='ltr'>Seffione</span> <span class='ocrx_word' id='word_1_834' title='bbox 1745 880 1803 915; x_wconf 85' lang='lat' dir='ltr'>hac</span> <span class='ocrx_word' id='word_1_835' title='bbox 1817 881 2015 922; x_wconf 67' lang='lat' dir='ltr'>Sepulchreti</span> <span class='ocrx_word' id='word_1_836' title='bbox 2041 884 2098 916; x_wconf 81' lang='lat' dir='ltr'>XI.</span> <span class='ocrx_word' id='word_1_837' title='bbox 2115 895 2206 917; x_wconf 69' lang='lat' dir='ltr'>corn„</span> 
     </span>
     <span class='ocr_line' id='line_1_107' title="bbox 1194 923 2207 970; baseline 0.008 -16"><span class='ocrx_word' id='word_1_838' title='bbox 1194 923 1338 965; x_wconf 85' lang='lat' dir='ltr'>plurium</span> <span class='ocrx_word' id='word_1_839' title='bbox 1364 923 1621 957; x_wconf 83' lang='lat' dir='ltr'>Observationes</span> <span class='ocrx_word' id='word_1_840' title='bbox 1643 926 1698 966; x_wconf 82' lang='lat' dir='ltr'>(p</span> <span class='ocrx_word' id='word_1_841' title='bbox 1720 926 1758 963; x_wconf 89' lang='lat'>)‚</span> <span class='ocrx_word' id='word_1_842' title='bbox 1785 924 1942 959; x_wconf 74' lang='lat' dir='ltr'>Valsalvae</span> <span class='ocrx_word' id='word_1_843' title='bbox 1960 935 2066 958; x_wconf 87' lang='lat' dir='ltr'>autem</span> <span class='ocrx_word' id='word_1_844' title='bbox 2092 938 2207 970; x_wconf 72' lang='lat' dir='ltr'>praeter</span> 
     </span>
     <span class='ocr_line' id='line_1_108' title="bbox 1193 966 2208 1014; baseline 0.007 -15"><span class='ocrx_word' id='word_1_845' title='bbox 1193 977 1286 1005; x_wconf 87' lang='lat' dir='ltr'>eam,</span> <span class='ocrx_word' id='word_1_846' title='bbox 1309 978 1380 1006; x_wconf 87' lang='lat' dir='ltr'>quae</span> <span class='ocrx_word' id='word_1_847' title='bbox 1402 967 1546 1009; x_wconf 83' lang='lat' dir='ltr'>superius</span> <span class='ocrx_word' id='word_1_848' title='bbox 1571 970 1586 1010; x_wconf 86' lang='lat'><em>(</em></span> <span class='ocrx_word' id='word_1_849' title='bbox 1606 977 1624 1008; x_wconf 81' lang='lat' dir='ltr'><em>q</em></span> <span class='ocrx_word' id='word_1_850' title='bbox 1647 971 1658 1007; x_wconf 89' lang='lat'>)</span> <span class='ocrx_word' id='word_1_851' title='bbox 1683 969 1779 1002; x_wconf 82' lang='lat' dir='ltr'>allata</span> <span class='ocrx_word' id='word_1_852' title='bbox 1790 966 1854 1009; x_wconf 86' lang='lat' dir='ltr'>est,</span> <span class='ocrx_word' id='word_1_853' title='bbox 1880 967 1948 1003; x_wconf 86' lang='lat' dir='ltr'>haec</span> <span class='ocrx_word' id='word_1_854' title='bbox 1972 980 2102 1014; x_wconf 85' lang='lat' dir='ltr'>quoque</span> <span class='ocrx_word' id='word_1_855' title='bbox 2127 972 2208 1012; x_wconf 60' lang='lat' dir='ltr'>alte-2,</span> 
     </span>
     <span class='ocr_line' id='line_1_109' title="bbox 1193 1009 1447 1043; baseline -0.004 0"><span class='ocrx_word' id='word_1_856' title='bbox 1193 1019 1228 1043; x_wconf 88' lang='lat' dir='ltr'>ra</span> <span class='ocrx_word' id='word_1_857' title='bbox 1253 1009 1447 1043; x_wconf 84' lang='lat' dir='ltr'>confirmat.</span> 
     </span>
    </p>

    <p class='ocr_par' dir='ltr' id='par_1_16' title="bbox 1189 1053 2209 1318">
     <span class='ocr_line' id='line_1_110' title="bbox 1237 1053 2208 1096; baseline 0.004 -12"><span class='ocrx_word' id='word_1_858' title='bbox 1237 1062 1289 1093; x_wconf 81' lang='lat'>25.</span> <span class='ocrx_word' id='word_1_859' title='bbox 1327 1053 1520 1087; x_wconf 87' lang='lat' dir='ltr'>MULIER</span> <span class='ocrx_word' id='word_1_860' title='bbox 1553 1065 1593 1087; x_wconf 85' lang='lat' dir='ltr'>ex</span> <span class='ocrx_word' id='word_1_861' title='bbox 1623 1053 1804 1096; x_wconf 86' lang='lat' dir='ltr'>dysenteria</span> <span class='ocrx_word' id='word_1_862' title='bbox 1838 1056 2000 1091; x_wconf 83' lang='lat' dir='ltr'>moritur.</span> <span class='ocrx_word' id='word_1_863' title='bbox 2133 1059 2208 1095; x_wconf 59' lang='lat' dir='ltr'><strong>:IN-¹</strong></span> 
     </span>
     <span class='ocr_line' id='line_1_111' title="bbox 1190 1096 2206 1138; baseline 0.006 -9"><span class='ocrx_word' id='word_1_864' title='bbox 1190 1096 1405 1130; x_wconf 81' lang='lat' dir='ltr'>TESTINA</span> <span class='ocrx_word' id='word_1_865' title='bbox 1430 1098 1632 1138; x_wconf 83' lang='lat' dir='ltr'>reperiuntur</span> <span class='ocrx_word' id='word_1_866' title='bbox 1656 1097 1882 1132; x_wconf 85' lang='lat' dir='ltr'>inflammata.</span> <span class='ocrx_word' id='word_1_867' title='bbox 2016 1101 2107 1136; x_wconf 88' lang='lat' dir='ltr'>Huic</span> <span class='ocrx_word' id='word_1_868' title='bbox 2131 1114 2206 1138; x_wconf 53' lang='lat' dir='ltr'>mua</span> 
     </span>
     <span class='ocr_line' id='line_1_112' title="bbox 1190 1139 2207 1187; baseline 0.007 -14"><span class='ocrx_word' id='word_1_869' title='bbox 1190 1139 1264 1173; x_wconf 87' lang='lat' dir='ltr'>lieri</span> <span class='ocrx_word' id='word_1_870' title='bbox 1289 1151 1342 1173; x_wconf 91' lang='lat' dir='ltr'>ren</span> <span class='ocrx_word' id='word_1_871' title='bbox 1368 1139 1638 1175; x_wconf 87' lang='lat' dir='ltr'>sinisteromnino</span> <span class='ocrx_word' id='word_1_872' title='bbox 1659 1140 1786 1180; x_wconf 88' lang='lat' dir='ltr'>deerat;</span> <span class='ocrx_word' id='word_1_873' title='bbox 1811 1142 1980 1187; x_wconf 78' lang='lat' dir='ltr'>supplebat</span> <span class='ocrx_word' id='word_1_874' title='bbox 1995 1154 2102 1178; x_wconf 86' lang='lat' dir='ltr'>autem</span> <span class='ocrx_word' id='word_1_875' title='bbox 2127 1148 2207 1180; x_wconf 84' lang='lat' dir='ltr'>dex-</span> 
     </span>
     <span class='ocr_line' id='line_1_113' title="bbox 1189 1182 2206 1232; baseline 0.008 -16"><span class='ocrx_word' id='word_1_876' title='bbox 1189 1191 1263 1222; x_wconf 78' lang='lat' dir='ltr'>ter,</span> <span class='ocrx_word' id='word_1_877' title='bbox 1284 1182 1386 1226; x_wconf 88' lang='lat' dir='ltr'>duplo</span> <span class='ocrx_word' id='word_1_878' title='bbox 1410 1195 1509 1226; x_wconf 87' lang='lat' dir='ltr'>quam</span> <span class='ocrx_word' id='word_1_879' title='bbox 1533 1183 1708 1219; x_wconf 90' lang='lat' dir='ltr'>secundum</span> <span class='ocrx_word' id='word_1_880' title='bbox 1733 1195 1883 1221; x_wconf 85' lang='lat' dir='ltr'>naturam</span> <span class='ocrx_word' id='word_1_881' title='bbox 1907 1189 2013 1231; x_wconf 76' lang='lat' dir='ltr'>major</span> <span class='ocrx_word' id='word_1_882' title='bbox 2038 1210 2047 1226; x_wconf 83' lang='lat'>‚</span> <span class='ocrx_word' id='word_1_883' title='bbox 2079 1188 2206 1232; x_wconf 76' lang='lat' dir='ltr'>duplici</span> 
     </span>
     <span class='ocr_line' id='line_1_114' title="bbox 1192 1227 2209 1272; baseline 0.011 -13"><span class='ocrx_word' id='word_1_884' title='bbox 1192 1227 1305 1270; x_wconf 87' lang='lat' dir='ltr'>pelvi,</span> <span class='ocrx_word' id='word_1_885' title='bbox 1329 1238 1366 1260; x_wconf 91' lang='lat' dir='ltr'>ac</span> <span class='ocrx_word' id='word_1_886' title='bbox 1388 1227 1513 1270; x_wconf 84' lang='lat' dir='ltr'>duplici</span> <span class='ocrx_word' id='word_1_887' title='bbox 1537 1238 1660 1262; x_wconf 82' lang='lat' dir='ltr'>uretere</span> <span class='ocrx_word' id='word_1_888' title='bbox 1682 1229 1874 1264; x_wconf 67' lang='lat' dir='ltr'>instructus.</span> <span class='ocrx_word' id='word_1_889' title='bbox 1900 1233 2024 1266; x_wconf 88' lang='lat' dir='ltr'>Ureter</span> <span class='ocrx_word' id='word_1_890' title='bbox 2048 1242 2156 1268; x_wconf 84' lang='lat' dir='ltr'>autem</span> <span class='ocrx_word' id='word_1_891' title='bbox 2168 1245 2209 1272; x_wconf 60' lang='lat' dir='ltr'>ue,</span> 
     </span>
     <span class='ocr_line' id='line_1_115' title="bbox 1191 1271 2071 1318; baseline 0.003 -14"><span class='ocrx_word' id='word_1_892' title='bbox 1191 1280 1309 1313; x_wconf 84' lang='lat' dir='ltr'>terque</span> <span class='ocrx_word' id='word_1_893' title='bbox 1333 1271 1370 1305; x_wconf 73' lang='lat' dir='ltr'>ad</span> <span class='ocrx_word' id='word_1_894' title='bbox 1394 1271 1561 1306; x_wconf 84' lang='lat' dir='ltr'>dexteram</span> <span class='ocrx_word' id='word_1_895' title='bbox 1587 1272 1765 1308; x_wconf 86' lang='lat' dir='ltr'>tendebant</span> <span class='ocrx_word' id='word_1_896' title='bbox 1790 1272 1900 1309; x_wconf 81' lang='lat' dir='ltr'>veficae</span> <span class='ocrx_word' id='word_1_897' title='bbox 1925 1284 2071 1318; x_wconf 89' lang='lat' dir='ltr'>partem.</span> 
     </span>
    </p>

    <p class='ocr_par' dir='ltr' id='par_1_17' title="bbox 1179 1313 2210 3618">
     <span class='ocr_line' id='line_1_116' title="bbox 1232 1313 2209 1364; baseline 0.007 -17"><span class='ocrx_word' id='word_1_898' title='bbox 1232 1316 1285 1348; x_wconf 84' lang='lat'>26.</span> <span class='ocrx_word' id='word_1_899' title='bbox 1311 1313 1463 1357; x_wconf 86' lang='lat' dir='ltr'>Sepositis</span> <span class='ocrx_word' id='word_1_900' title='bbox 1486 1317 1526 1349; x_wconf 92' lang='lat' dir='ltr'>iis</span> <span class='ocrx_word' id='word_1_901' title='bbox 1548 1327 1621 1358; x_wconf 88' lang='lat' dir='ltr'>quae</span> <span class='ocrx_word' id='word_1_902' title='bbox 1647 1328 1663 1350; x_wconf 90' lang='lat' dir='ltr'>a</span> <span class='ocrx_word' id='word_1_903' title='bbox 1690 1317 2004 1362; x_wconf 75' lang='lat' dir='ltr'>primordiisfuisse‚</span> <span class='ocrx_word' id='word_1_904' title='bbox 2027 1320 2209 1364; x_wconf 66' lang='lat' dir='ltr'>intelligi53</span> 
     </span>
     <span class='ocr_line' id='line_1_117' title="bbox 1186 1357 2210 1403; baseline 0.008 -12"><span class='ocrx_word' id='word_1_905' title='bbox 1186 1357 1228 1393; x_wconf 83' lang='lat' dir='ltr'>ad</span> <span class='ocrx_word' id='word_1_906' title='bbox 1250 1357 1469 1401; x_wconf 87' lang='lat' dir='ltr'>dysenteriam</span> <span class='ocrx_word' id='word_1_907' title='bbox 1494 1360 1609 1394; x_wconf 83' lang='lat' dir='ltr'>attinet</span> <span class='ocrx_word' id='word_1_908' title='bbox 1631 1359 2112 1398; x_wconf 72' lang='lat' dir='ltr'>intestinoruminflammatio‘.</span> <span class='ocrx_word' id='word_1_909' title='bbox 2139 1366 2210 1403; x_wconf 49' lang='lat' dir='ltr'>Rev,</span> 
     </span>
     <span class='ocr_line' id='line_1_118' title="bbox 1192 1403 2207 1450; baseline 0.007 -14"><span class='ocrx_word' id='word_1_910' title='bbox 1192 1414 1274 1436; x_wconf 86' lang='lat' dir='ltr'>voca</span> <span class='ocrx_word' id='word_1_911' title='bbox 1298 1414 1385 1438; x_wconf 90' lang='lat' dir='ltr'>nunc</span> <span class='ocrx_word' id='word_1_912' title='bbox 1410 1403 1449 1450; x_wconf 77' lang='lat' dir='ltr'>ad</span> <span class='ocrx_word' id='word_1_913' title='bbox 1473 1406 1690 1444; x_wconf 87' lang='lat' dir='ltr'>memoriam,</span> <span class='ocrx_word' id='word_1_914' title='bbox 1713 1407 1745 1438; x_wconf 85' lang='lat'>&amp;</span> <span class='ocrx_word' id='word_1_915' title='bbox 1768 1415 1843 1438; x_wconf 87' lang='lat' dir='ltr'>cum</span> <span class='ocrx_word' id='word_1_916' title='bbox 1855 1405 1914 1440; x_wconf 90' lang='lat' dir='ltr'>hac</span> <span class='ocrx_word' id='word_1_917' title='bbox 1941 1406 2207 1449; x_wconf 82' lang='lat' dir='ltr'>Observatione‚</span> 
     </span>
     <span class='ocr_line' id='line_1_119' title="bbox 1194 1446 2207 1495; baseline 0.008 -17"><span class='ocrx_word' id='word_1_918' title='bbox 1194 1446 1332 1488; x_wconf 87' lang='lat' dir='ltr'>aliisque</span> <span class='ocrx_word' id='word_1_919' title='bbox 1355 1457 1519 1489; x_wconf 72' lang='lat' dir='ltr'>conjunge</span> <span class='ocrx_word' id='word_1_920' title='bbox 1541 1459 1639 1490; x_wconf 85' lang='lat' dir='ltr'>quam</span> <span class='ocrx_word' id='word_1_921' title='bbox 1664 1460 1702 1482; x_wconf 88' lang='lat' dir='ltr'>ex</span> <span class='ocrx_word' id='word_1_922' title='bbox 1726 1447 1980 1485; x_wconf 86' lang='lat' dir='ltr'>Piccolhomino</span> <span class='ocrx_word' id='word_1_923' title='bbox 2004 1449 2096 1493; x_wconf 86' lang='lat' dir='ltr'>supra</span> <span class='ocrx_word' id='word_1_924' title='bbox 2120 1452 2170 1495; x_wconf 85' lang='lat' dir='ltr'>(r</span> <span class='ocrx_word' id='word_1_925' title='bbox 2193 1456 2207 1493; x_wconf 88' lang='lat'>)</span> 
     </span>
     <span class='ocr_line' id='line_1_120' title="bbox 1193 1488 2208 1538; baseline 0.007 -16"><span class='ocrx_word' id='word_1_926' title='bbox 1193 1488 1369 1533; x_wconf 78' lang='lat' dir='ltr'>descripsi.</span> <span class='ocrx_word' id='word_1_927' title='bbox 1393 1491 1432 1523; x_wconf 87' lang='lat' dir='ltr'>In</span> <span class='ocrx_word' id='word_1_928' title='bbox 1458 1503 1493 1524; x_wconf 85' lang='lat' dir='ltr'>ea</span> <span class='ocrx_word' id='word_1_929' title='bbox 1517 1502 1657 1534; x_wconf 85' lang='lat' dir='ltr'>namque</span> <span class='ocrx_word' id='word_1_930' title='bbox 1682 1491 1745 1525; x_wconf 81' lang='lat' dir='ltr'>five</span> <span class='ocrx_word' id='word_1_931' title='bbox 1771 1492 1896 1526; x_wconf 72' lang='lat' dir='ltr'>abrasio</span> <span class='ocrx_word' id='word_1_932' title='bbox 1909 1503 1998 1526; x_wconf 85' lang='lat' dir='ltr'>tanta</span> <span class='ocrx_word' id='word_1_933' title='bbox 2023 1493 2110 1532; x_wconf 84' lang='lat' dir='ltr'>fuit,</span> <span class='ocrx_word' id='word_1_934' title='bbox 2132 1508 2208 1538; x_wconf 82' lang='lat' dir='ltr'>quae</span> 
     </span>
     <span class='ocr_line' id='line_1_121' title="bbox 1191 1532 2206 1582; baseline 0.006 -16"><span class='ocrx_word' id='word_1_935' title='bbox 1191 1532 1411 1567; x_wconf 87' lang='lat' dir='ltr'>Observatori</span> <span class='ocrx_word' id='word_1_936' title='bbox 1436 1534 1494 1576; x_wconf 87' lang='lat' dir='ltr'>ipsi</span> <span class='ocrx_word' id='word_1_937' title='bbox 1519 1535 1615 1577; x_wconf 83' lang='lat' dir='ltr'>usque</span> <span class='ocrx_word' id='word_1_938' title='bbox 1639 1534 1718 1570; x_wconf 87' lang='lat' dir='ltr'>adeo</span> <span class='ocrx_word' id='word_1_939' title='bbox 1731 1537 1812 1569; x_wconf 87' lang='lat' dir='ltr'>mira</span> <span class='ocrx_word' id='word_1_940' title='bbox 1827 1537 1893 1570; x_wconf 79' lang='lat' dir='ltr'>visa</span> <span class='ocrx_word' id='word_1_941' title='bbox 1918 1537 1982 1573; x_wconf 89' lang='lat' dir='ltr'>est,</span> <span class='ocrx_word' id='word_1_942' title='bbox 2007 1535 2071 1570; x_wconf 88' lang='lat' dir='ltr'>sive</span> <span class='ocrx_word' id='word_1_943' title='bbox 2094 1539 2206 1582; x_wconf 82' lang='lat' dir='ltr'>potius</span> 
     </span>
     <span class='ocr_line' id='line_1_122' title="bbox 1187 1576 2208 1624; baseline 0.007 -14"><span class='ocrx_word' id='word_1_944' title='bbox 1187 1588 1265 1611; x_wconf 77' lang='lat' dir='ltr'>curn</span> <span class='ocrx_word' id='word_1_945' title='bbox 1289 1577 1471 1616; x_wconf 85' lang='lat' dir='ltr'>abrasione,</span> <span class='ocrx_word' id='word_1_946' title='bbox 1498 1576 1520 1612; x_wconf 87' lang='lat' dir='ltr'>fi</span> <span class='ocrx_word' id='word_1_947' title='bbox 1537 1580 1605 1618; x_wconf 88' lang='lat' dir='ltr'>vis,</span> <span class='ocrx_word' id='word_1_948' title='bbox 1628 1579 1856 1616; x_wconf 57' lang='lat' dir='ltr'>nonmidica,</span> <span class='ocrx_word' id='word_1_949' title='bbox 1881 1579 2107 1615; x_wconf 85' lang='lat' dir='ltr'>inflammatio</span> <span class='ocrx_word' id='word_1_950' title='bbox 2119 1581 2208 1624; x_wconf 79' lang='lat' dir='ltr'>ejus-</span> 
     </span>
     <span class='ocr_line' id='line_1_123' title="bbox 1189 1621 2208 1669; baseline 0.005 -14"><span class='ocrx_word' id='word_1_951' title='bbox 1189 1621 1303 1660; x_wconf 86' lang='lat' dir='ltr'>modi,</span> <span class='ocrx_word' id='word_1_952' title='bbox 1329 1631 1365 1654; x_wconf 91' lang='lat' dir='ltr'>ut</span> <span class='ocrx_word' id='word_1_953' title='bbox 1390 1621 1665 1664; x_wconf 86' lang='lat' dir='ltr'>quemadmodum</span> <span class='ocrx_word' id='word_1_954' title='bbox 1690 1622 1724 1655; x_wconf 90' lang='lat' dir='ltr'>in</span> <span class='ocrx_word' id='word_1_955' title='bbox 1760 1623 1913 1657; x_wconf 89' lang='lat' dir='ltr'>Ortlobii</span> <span class='ocrx_word' id='word_1_956' title='bbox 1938 1625 2072 1659; x_wconf 83' lang='lat' dir='ltr'>canibus</span> <span class='ocrx_word' id='word_1_957' title='bbox 2096 1626 2208 1669; x_wconf 85' lang='lat' dir='ltr'>(s),</span> 
     </span>
     <span class='ocr_line' id='line_1_124' title="bbox 1187 1664 2208 1706; baseline 0.006 -8"><span class='ocrx_word' id='word_1_958' title='bbox 1187 1675 1259 1698; x_wconf 87' lang='lat' dir='ltr'>tota</span> <span class='ocrx_word' id='word_1_959' title='bbox 1281 1664 1512 1698; x_wconf 86' lang='lat' dir='ltr'>intestinorum</span> <span class='ocrx_word' id='word_1_960' title='bbox 1527 1667 1637 1698; x_wconf 89' lang='lat' dir='ltr'>tunica</span> <span class='ocrx_word' id='word_1_961' title='bbox 1650 1666 1791 1701; x_wconf 83' lang='lat' dir='ltr'>multum</span> <span class='ocrx_word' id='word_1_962' title='bbox 1805 1668 1934 1701; x_wconf 87' lang='lat' dir='ltr'>ruberet</span> <span class='ocrx_word' id='word_1_963' title='bbox 1948 1680 1958 1706; x_wconf 82' lang='lat'>3</span> <span class='ocrx_word' id='word_1_964' title='bbox 1982 1678 2067 1701; x_wconf 85' lang='lat' dir='ltr'>certe</span> <span class='ocrx_word' id='word_1_965' title='bbox 2081 1671 2208 1704; x_wconf 79' lang='lat' dir='ltr'>Piccol-</span> 
     </span>
     <span class='ocr_line' id='line_1_125' title="bbox 1187 1708 2206 1754; baseline 0.004 -11"><span class='ocrx_word' id='word_1_966' title='bbox 1187 1708 1343 1744; x_wconf 87' lang='lat' dir='ltr'>hominus</span> <span class='ocrx_word' id='word_1_967' title='bbox 1368 1720 1500 1752; x_wconf 86' lang='lat' dir='ltr'>quoque</span> <span class='ocrx_word' id='word_1_968' title='bbox 1521 1708 1816 1744; x_wconf 81' lang='lat' dir='ltr'>inflammationem</span> <span class='ocrx_word' id='word_1_969' title='bbox 1842 1713 1999 1754; x_wconf 80' lang='lat' dir='ltr'>agnovit.</span> <span class='ocrx_word' id='word_1_970' title='bbox 2034 1714 2120 1747; x_wconf 85' lang='lat' dir='ltr'>Cum</span> <span class='ocrx_word' id='word_1_971' title='bbox 2155 1726 2206 1749; x_wconf 69' lang='lat' dir='ltr'>au-</span> 
     </span>
     <span class='ocr_line' id='line_1_126' title="bbox 1185 1751 2206 1800; baseline 0.006 -14"><span class='ocrx_word' id='word_1_972' title='bbox 1185 1762 1254 1786; x_wconf 75' lang='lat' dir='ltr'>tem</span> <span class='ocrx_word' id='word_1_973' title='bbox 1279 1751 1347 1785; x_wconf 78' lang='lat' dir='ltr'>haec</span> <span class='ocrx_word' id='word_1_974' title='bbox 1371 1751 1430 1786; x_wconf 81' lang='lat' dir='ltr'>esse</span> <span class='ocrx_word' id='word_1_975' title='bbox 1454 1764 1519 1786; x_wconf 89' lang='lat' dir='ltr'>non</span> <span class='ocrx_word' id='word_1_976' title='bbox 1543 1752 1635 1794; x_wconf 83' lang='lat' dir='ltr'>poffit</span> <span class='ocrx_word' id='word_1_977' title='bbox 1659 1755 1738 1795; x_wconf 81' lang='lat' dir='ltr'>quin</span> <span class='ocrx_word' id='word_1_978' title='bbox 1764 1754 1928 1797; x_wconf 79' lang='lat' dir='ltr'>sanguinis</span> <span class='ocrx_word' id='word_1_979' title='bbox 1963 1758 2116 1790; x_wconf 85' lang='lat' dir='ltr'>transitus</span> <span class='ocrx_word' id='word_1_980' title='bbox 2149 1769 2206 1800; x_wconf 86' lang='lat' dir='ltr'>per</span> 
     </span>
     <span class='ocr_line' id='line_1_127' title="bbox 1187 1796 2206 1843; baseline 0.007 -15"><span class='ocrx_word' id='word_1_981' title='bbox 1187 1796 1266 1829; x_wconf 86' lang='lat' dir='ltr'>illos</span> <span class='ocrx_word' id='word_1_982' title='bbox 1302 1806 1389 1829; x_wconf 82' lang='lat' dir='ltr'>venae</span> <span class='ocrx_word' id='word_1_983' title='bbox 1423 1805 1591 1839; x_wconf 83' lang='lat' dir='ltr'>portarum</span> <span class='ocrx_word' id='word_1_984' title='bbox 1624 1808 1734 1832; x_wconf 83' lang='lat' dir='ltr'>ramos</span> <span class='ocrx_word' id='word_1_985' title='bbox 1757 1799 1937 1841; x_wconf 79' lang='lat' dir='ltr'>impeditus</span> <span class='ocrx_word' id='word_1_986' title='bbox 1971 1800 2206 1843; x_wconf 79' lang='lat' dir='ltr'>intelligatur3</span> 
     </span>
     <span class='ocr_line' id='line_1_128' title="bbox 1187 1838 2205 1889; baseline 0.009 -18"><span class='ocrx_word' id='word_1_987' title='bbox 1187 1839 1270 1882; x_wconf 81' lang='lat' dir='ltr'>quid</span> <span class='ocrx_word' id='word_1_988' title='bbox 1294 1838 1370 1875; x_wconf 87' lang='lat' dir='ltr'>hinc</span> <span class='ocrx_word' id='word_1_989' title='bbox 1394 1840 1548 1882; x_wconf 86' lang='lat' dir='ltr'>consequi</span> <span class='ocrx_word' id='word_1_990' title='bbox 1562 1840 1649 1882; x_wconf 73' lang='lat' dir='ltr'>posse</span> <span class='ocrx_word' id='word_1_991' title='bbox 1664 1863 1673 1878; x_wconf 91' lang='lat'>‚</span> <span class='ocrx_word' id='word_1_992' title='bbox 1696 1842 1874 1876; x_wconf 80' lang='lat' dir='ltr'>dixerimus</span> <span class='ocrx_word' id='word_1_993' title='bbox 1898 1847 1908 1882; x_wconf 89' lang='lat'>(</span> <span class='ocrx_word' id='word_1_994' title='bbox 1933 1850 1948 1875; x_wconf 83' lang='lat' dir='ltr'>t</span> <span class='ocrx_word' id='word_1_995' title='bbox 1970 1846 2005 1882; x_wconf 85' lang='lat'>)‚</span> <span class='ocrx_word' id='word_1_996' title='bbox 2029 1841 2052 1883; x_wconf 82' lang='lat' dir='ltr'>fi</span> <span class='ocrx_word' id='word_1_997' title='bbox 2079 1845 2205 1889; x_wconf 86' lang='lat' dir='ltr'>aliquid</span> 
     </span>
     <span class='ocr_line' id='line_1_129' title="bbox 1188 1882 2208 1929; baseline 0.006 -12"><span class='ocrx_word' id='word_1_998' title='bbox 1188 1882 1277 1917; x_wconf 86' lang='lat' dir='ltr'>aliud</span> <span class='ocrx_word' id='word_1_999' title='bbox 1301 1882 1452 1922; x_wconf 79' lang='lat' dir='ltr'>accedat,</span> <span class='ocrx_word' id='word_1_1000' title='bbox 1477 1882 1542 1925; x_wconf 80' lang='lat' dir='ltr'>jam</span> <span class='ocrx_word' id='word_1_1001' title='bbox 1569 1885 1671 1921; x_wconf 83' lang='lat' dir='ltr'>nosti,</span> <span class='ocrx_word' id='word_1_1002' title='bbox 1697 1886 1747 1917; x_wconf 87' lang='lat' dir='ltr'>vel</span> <span class='ocrx_word' id='word_1_1003' title='bbox 1771 1887 1861 1927; x_wconf 87' lang='lat' dir='ltr'>prius</span> <span class='ocrx_word' id='word_1_1004' title='bbox 1884 1898 1982 1928; x_wconf 79' lang='lat' dir='ltr'>quarn</span> <span class='ocrx_word' id='word_1_1005' title='bbox 2017 1888 2168 1923; x_wconf 86' lang='lat' dir='ltr'>intestina</span> <span class='ocrx_word' id='word_1_1006' title='bbox 2192 1897 2208 1929; x_wconf 64' lang='lat'>,¹</span> 
     </span>
     <span class='ocr_line' id='line_1_130' title="bbox 1187 1925 2208 1975; baseline 0.01 -17"><span class='ocrx_word' id='word_1_1007' title='bbox 1187 1929 1313 1968; x_wconf 86' lang='lat' dir='ltr'>impetu</span> <span class='ocrx_word' id='word_1_1008' title='bbox 1336 1925 1502 1968; x_wconf 83' lang='lat' dir='ltr'>sanguinis</span> <span class='ocrx_word' id='word_1_1009' title='bbox 1526 1925 1629 1962; x_wconf 88' lang='lat' dir='ltr'>adhuc</span> <span class='ocrx_word' id='word_1_1010' title='bbox 1655 1928 1857 1971; x_wconf 77' lang='lat' dir='ltr'>persistente,</span> <span class='ocrx_word' id='word_1_1011' title='bbox 1891 1942 2021 1974; x_wconf 77' lang='lat' dir='ltr'>vergere</span> <span class='ocrx_word' id='word_1_1012' title='bbox 2044 1933 2208 1975; x_wconf 85' lang='lat' dir='ltr'>incipiant</span> 
     </span>
     <span class='ocr_line' id='line_1_131' title="bbox 1186 1969 2208 2017; baseline 0.004 -14"><span class='ocrx_word' id='word_1_1013' title='bbox 1186 1971 1222 2003; x_wconf 84' lang='lat' dir='ltr'>in</span> <span class='ocrx_word' id='word_1_1014' title='bbox 1245 1970 1489 2012; x_wconf 78' lang='lat' dir='ltr'>gangraenosam</span> <span class='ocrx_word' id='word_1_1015' title='bbox 1515 1969 1683 2006; x_wconf 83' lang='lat' dir='ltr'>laxitatem</span> <span class='ocrx_word' id='word_1_1016' title='bbox 1698 1997 1707 2005; x_wconf 87' lang='lat'><strong>.</strong></span> <span class='ocrx_word' id='word_1_1017' title='bbox 1732 1973 1782 2005; x_wconf 89' lang='lat' dir='ltr'>Sic</span> <span class='ocrx_word' id='word_1_1018' title='bbox 1807 1973 1991 2008; x_wconf 87' lang='lat' dir='ltr'>Brunnerus</span> <span class='ocrx_word' id='word_1_1019' title='bbox 2014 1978 2129 2017; x_wconf 86' lang='lat' dir='ltr'>(u)in</span> <span class='ocrx_word' id='word_1_1020' title='bbox 2145 1979 2208 2011; x_wconf 70' lang='lat' dir='ltr'>mi„</span> 
     </span>
     <span class='ocr_line' id='line_1_132' title="bbox 1189 2013 2207 2059; baseline 0.004 -12"><span class='ocrx_word' id='word_1_1021' title='bbox 1189 2014 1249 2047; x_wconf 86' lang='lat' dir='ltr'>lite</span> <span class='ocrx_word' id='word_1_1022' title='bbox 1273 2024 1370 2056; x_wconf 87' lang='lat' dir='ltr'>quem</span> <span class='ocrx_word' id='word_1_1023' title='bbox 1393 2013 1556 2048; x_wconf 81' lang='lat' dir='ltr'>diarrhoea</span> <span class='ocrx_word' id='word_1_1024' title='bbox 1581 2015 1786 2050; x_wconf 81' lang='lat' dir='ltr'>laborantem</span> <span class='ocrx_word' id='word_1_1025' title='bbox 1812 2018 2073 2059; x_wconf 76' lang='lat' dir='ltr'>supervenientes</span> <span class='ocrx_word' id='word_1_1026' title='bbox 2099 2020 2207 2056; x_wconf 76' lang='lat' dir='ltr'>saevis.</span> 
     </span>
     <span class='ocr_line' id='line_1_133' title="bbox 1190 2056 2207 2103; baseline 0.007 -12"><span class='ocrx_word' id='word_1_1027' title='bbox 1190 2058 1280 2091; x_wconf 83' lang='lat' dir='ltr'>fimae</span> <span class='ocrx_word' id='word_1_1028' title='bbox 1304 2056 1529 2092; x_wconf 81' lang='lat' dir='ltr'>convulsiones</span> <span class='ocrx_word' id='word_1_1029' title='bbox 1541 2059 1753 2101; x_wconf 87' lang='lat' dir='ltr'>occiderant,</span> <span class='ocrx_word' id='word_1_1030' title='bbox 1777 2060 2058 2103; x_wconf 86' lang='lat' dir='ltr'>simulpertotum</span> <span class='ocrx_word' id='word_1_1031' title='bbox 2080 2066 2207 2100; x_wconf 77' lang='lat' dir='ltr'>intesti-</span> 
     </span>
     <span class='ocr_line' id='line_1_134' title="bbox 1189 2102 2204 2149; baseline 0.011 -16"><span class='ocrx_word' id='word_1_1032' title='bbox 1189 2111 1308 2133; x_wconf 84' lang='lat' dir='ltr'>norum</span> <span class='ocrx_word' id='word_1_1033' title='bbox 1324 2125 1333 2139; x_wconf 94' lang='lat'><em>‚</em></span> <span class='ocrx_word' id='word_1_1034' title='bbox 1357 2102 1526 2135; x_wconf 89' lang='lat' dir='ltr'>Tenuium</span> <span class='ocrx_word' id='word_1_1035' title='bbox 1552 2104 1732 2144; x_wconf 85' lang='lat' dir='ltr'>praesertim</span> <span class='ocrx_word' id='word_1_1036' title='bbox 1748 2130 1756 2141; x_wconf 87' lang='lat'><strong><em>‚</em></strong></span> <span class='ocrx_word' id='word_1_1037' title='bbox 1781 2105 1942 2145; x_wconf 56' lang='lat' dir='ltr'>tracium,</span> <span class='ocrx_word' id='word_1_1038' title='bbox 1967 2107 2127 2149; x_wconf 81' lang='lat' dir='ltr'>insignem</span> <span class='ocrx_word' id='word_1_1039' title='bbox 2140 2123 2204 2145; x_wconf 83' lang='lat' dir='ltr'>oua.</span> 
     </span>
     <span class='ocr_line' id='line_1_135' title="bbox 1188 2144 2205 2189; baseline 0.012 -13"><span class='ocrx_word' id='word_1_1040' title='bbox 1188 2154 1248 2176; x_wconf 87' lang='lat' dir='ltr'>nec</span> <span class='ocrx_word' id='word_1_1041' title='bbox 1273 2144 1478 2178; x_wconf 88' lang='lat' dir='ltr'>ventriculus</span> <span class='ocrx_word' id='word_1_1042' title='bbox 1501 2148 1653 2186; x_wconf 87' lang='lat' dir='ltr'>carebat,</span> <span class='ocrx_word' id='word_1_1043' title='bbox 1678 2145 1977 2184; x_wconf 80' lang='lat' dir='ltr'>inflammationem</span> <span class='ocrx_word' id='word_1_1044' title='bbox 1994 2172 2003 2187; x_wconf 91' lang='lat'>‚</span> <span class='ocrx_word' id='word_1_1045' title='bbox 2042 2151 2134 2186; x_wconf 76' lang='lat' dir='ltr'>simul</span> <span class='ocrx_word' id='word_1_1046' title='bbox 2152 2144 2205 2189; x_wconf 71' lang='lat' dir='ltr'>¹in</span> 
     </span>
     <span class='ocr_line' id='line_1_136' title="bbox 1189 2185 2204 2232; baseline 0.012 -12"><span class='ocrx_word' id='word_1_1047' title='bbox 1189 2185 1253 2221; x_wconf 86' lang='lat' dir='ltr'>hoc</span> <span class='ocrx_word' id='word_1_1048' title='bbox 1276 2198 1410 2228; x_wconf 81' lang='lat' dir='ltr'>grumos</span> <span class='ocrx_word' id='word_1_1049' title='bbox 1435 2187 1619 2230; x_wconf 79' lang='lat' dir='ltr'>sanguinis.</span> <span class='ocrx_word' id='word_1_1050' title='bbox 1643 2193 1676 2223; x_wconf 88' lang='lat' dir='ltr'>in</span> <span class='ocrx_word' id='word_1_1051' title='bbox 1717 2192 1782 2225; x_wconf 86' lang='lat' dir='ltr'>illis</span> <span class='ocrx_word' id='word_1_1052' title='bbox 1818 2203 1948 2226; x_wconf 86' lang='lat' dir='ltr'>mucum</span> <span class='ocrx_word' id='word_1_1053' title='bbox 1985 2195 2204 2232; x_wconf 83' lang='lat' dir='ltr'>rubicundum</span> 
     </span>
     <span class='ocr_line' id='line_1_137' title="bbox 1187 2229 2205 2283; baseline 0.01 -21"><span class='ocrx_word' id='word_1_1054' title='bbox 1187 2229 1420 2280; x_wconf 72' lang='lat' dir='ltr'>deprehendit,</span> <span class='ocrx_word' id='word_1_1055' title='bbox 1446 2231 1571 2265; x_wconf 89' lang='lat' dir='ltr'>indicio</span> <span class='ocrx_word' id='word_1_1056' title='bbox 1596 2232 1871 2271; x_wconf 70' lang='lat' dir='ltr'>manifestissimo,</span> <span class='ocrx_word' id='word_1_1057' title='bbox 1903 2236 2102 2273; x_wconf 81' lang='lat' dir='ltr'>diarrhoeam</span> <span class='ocrx_word' id='word_1_1058' title='bbox 2135 2241 2205 2283; x_wconf 80' lang='lat' dir='ltr'>jam</span> 
     </span>
     <span class='ocr_line' id='line_1_138' title="bbox 1187 2271 2205 2322; baseline 0.015 -17"><span class='ocrx_word' id='word_1_1059' title='bbox 1187 2271 1340 2315; x_wconf 79' lang='lat' dir='ltr'>incepisse</span> <span class='ocrx_word' id='word_1_1060' title='bbox 1362 2274 1623 2316; x_wconf 85' lang='lat' dir='ltr'>indysenteriam</span> <span class='ocrx_word' id='word_1_1061' title='bbox 1639 2277 1854 2319; x_wconf 76' lang='lat' dir='ltr'>degenerare,</span> <span class='ocrx_word' id='word_1_1062' title='bbox 1877 2283 2028 2322; x_wconf 77' lang='lat' dir='ltr'>quamvis</span> <span class='ocrx_word' id='word_1_1063' title='bbox 2056 2283 2136 2317; x_wconf 85' lang='lat' dir='ltr'>nihil</span> <span class='ocrx_word' id='word_1_1064' title='bbox 2150 2286 2205 2320; x_wconf 82' lang='lat' dir='ltr'>ad-</span> 
     </span>
     <span class='ocr_line' id='line_1_139' title="bbox 1188 2315 2204 2367; baseline 0.011 -16"><span class='ocrx_word' id='word_1_1065' title='bbox 1188 2315 1252 2351; x_wconf 88' lang='lat' dir='ltr'>huc</span> <span class='ocrx_word' id='word_1_1066' title='bbox 1277 2316 1475 2366; x_wconf 74' lang='lat' dir='ltr'>gangraenofi</span> <span class='ocrx_word' id='word_1_1067' title='bbox 1501 2320 1537 2352; x_wconf 91' lang='lat' dir='ltr'>in</span> <span class='ocrx_word' id='word_1_1068' title='bbox 1558 2322 1600 2354; x_wconf 88' lang='lat' dir='ltr'>iis</span> <span class='ocrx_word' id='word_1_1069' title='bbox 1619 2321 1796 2355; x_wconf 79' lang='lat' dir='ltr'>visceribus</span> <span class='ocrx_word' id='word_1_1070' title='bbox 1813 2334 1979 2367; x_wconf 82' lang='lat' dir='ltr'>appareret</span> <span class='ocrx_word' id='word_1_1071' title='bbox 1994 2350 2002 2356; x_wconf 86' lang='lat'><strong>.</strong></span> <span class='ocrx_word' id='word_1_1072' title='bbox 2029 2327 2132 2360; x_wconf 85' lang='lat' dir='ltr'>Facile</span> <span class='ocrx_word' id='word_1_1073' title='bbox 2146 2340 2204 2363; x_wconf 90' lang='lat' dir='ltr'>au-</span> 
     </span>
     <span class='ocr_line' id='line_1_140' title="bbox 1188 2365 2203 2414; baseline 0.015 -23"><span class='ocrx_word' id='word_1_1074' title='bbox 1188 2368 1257 2393; x_wconf 86' lang='lat' dir='ltr'>tem</span> <span class='ocrx_word' id='word_1_1075' title='bbox 1281 2371 1314 2392; x_wconf 82' lang='lat' dir='ltr'>in</span> <span class='ocrx_word' id='word_1_1076' title='bbox 1339 2372 1568 2408; x_wconf 74' lang='lat' dir='ltr'>gangraenam‚</span> <span class='ocrx_word' id='word_1_1077' title='bbox 1596 2374 1692 2406; x_wconf 87' lang='lat' dir='ltr'>atque</span> <span class='ocrx_word' id='word_1_1078' title='bbox 1718 2365 1817 2404; x_wconf 83' lang='lat' dir='ltr'>adeo,</span> <span class='ocrx_word' id='word_1_1079' title='bbox 1844 2376 1878 2400; x_wconf 87' lang='lat' dir='ltr'>ut</span> <span class='ocrx_word' id='word_1_1080' title='bbox 1892 2367 1988 2408; x_wconf 83' lang='lat' dir='ltr'>dixi,</span> <span class='ocrx_word' id='word_1_1081' title='bbox 2012 2370 2045 2403; x_wconf 90' lang='lat' dir='ltr'>in</span> <span class='ocrx_word' id='word_1_1082' title='bbox 2069 2370 2203 2414; x_wconf 86' lang='lat' dir='ltr'>sphace-</span> 
     </span>
     <span class='ocr_line' id='line_1_141' title="bbox 1189 2403 2202 2452; baseline 0.016 -18"><span class='ocrx_word' id='word_1_1083' title='bbox 1189 2403 1258 2437; x_wconf 89' lang='lat' dir='ltr'>lum</span> <span class='ocrx_word' id='word_1_1084' title='bbox 1285 2406 1420 2438; x_wconf 85' lang='lat' dir='ltr'>transire</span> <span class='ocrx_word' id='word_1_1085' title='bbox 1444 2405 1549 2446; x_wconf 82' lang='lat' dir='ltr'>potest</span> <span class='ocrx_word' id='word_1_1086' title='bbox 1573 2408 1804 2442; x_wconf 85' lang='lat' dir='ltr'>intestinorum</span> <span class='ocrx_word' id='word_1_1087' title='bbox 1829 2408 2051 2446; x_wconf 79' lang='lat' dir='ltr'>inflammatio</span> <span class='ocrx_word' id='word_1_1088' title='bbox 2076 2428 2083 2447; x_wconf 89' lang='lat'>:</span> <span class='ocrx_word' id='word_1_1089' title='bbox 2117 2418 2202 2452; x_wconf 83' lang='lat' dir='ltr'>unde</span> 
     </span>
     <span class='ocr_line' id='line_1_142' title="bbox 1185 2445 2203 2496; baseline 0.013 -16"><span class='ocrx_word' id='word_1_1090' title='bbox 1185 2446 1310 2496; x_wconf 60' lang='lat' dir='ltr'>facium</span> <span class='ocrx_word' id='word_1_1091' title='bbox 1333 2445 1466 2481; x_wconf 76' lang='lat' dir='ltr'>fortasse</span> <span class='ocrx_word' id='word_1_1092' title='bbox 1490 2449 1532 2482; x_wconf 87' lang='lat' dir='ltr'>est</span> <span class='ocrx_word' id='word_1_1093' title='bbox 1548 2451 1636 2492; x_wconf 83' lang='lat' dir='ltr'>quod</span> <span class='ocrx_word' id='word_1_1094' title='bbox 1650 2451 1844 2485; x_wconf 86' lang='lat' dir='ltr'>adolescenti</span> <span class='ocrx_word' id='word_1_1095' title='bbox 1857 2454 1939 2489; x_wconf 86' lang='lat' dir='ltr'>mihi</span> <span class='ocrx_word' id='word_1_1096' title='bbox 1952 2456 2104 2491; x_wconf 78' lang='lat' dir='ltr'>Medicus</span> <span class='ocrx_word' id='word_1_1097' title='bbox 2115 2471 2203 2493; x_wconf 85' lang='lat' dir='ltr'>exer-</span> 
     </span>
     <span class='ocr_line' id='line_1_143' title="bbox 1184 2489 2202 2540; baseline 0.016 -19"><span class='ocrx_word' id='word_1_1098' title='bbox 1184 2489 1388 2540; x_wconf 77' lang='lat' dir='ltr'>citatiffimus</span> <span class='ocrx_word' id='word_1_1099' title='bbox 1413 2492 1588 2531; x_wconf 85' lang='lat' dir='ltr'>narrabat,</span> <span class='ocrx_word' id='word_1_1100' title='bbox 1615 2493 1673 2526; x_wconf 82' lang='lat' dir='ltr'>fibi</span> <span class='ocrx_word' id='word_1_1101' title='bbox 1700 2495 1875 2537; x_wconf 87' lang='lat' dir='ltr'>aliquando</span> <span class='ocrx_word' id='word_1_1102' title='bbox 1901 2498 2071 2540; x_wconf 78' lang='lat' dir='ltr'>accidisse,</span> <span class='ocrx_word' id='word_1_1103' title='bbox 2094 2512 2129 2536; x_wconf 90' lang='lat' dir='ltr'>ut</span> <span class='ocrx_word' id='word_1_1104' title='bbox 2166 2505 2202 2537; x_wconf 89' lang='lat' dir='ltr'>iu</span> 
     </span>
     <span class='ocr_line' id='line_1_144' title="bbox 1180 2532 2201 2583; baseline 0.014 -17"><span class='ocrx_word' id='word_1_1105' title='bbox 1180 2532 1396 2583; x_wconf 80' lang='lat' dir='ltr'>dysentericis</span> <span class='ocrx_word' id='word_1_1106' title='bbox 1407 2557 1417 2572; x_wconf 94' lang='lat'>‚</span> <span class='ocrx_word' id='word_1_1107' title='bbox 1444 2534 1613 2578; x_wconf 88' lang='lat' dir='ltr'>postremis</span> <span class='ocrx_word' id='word_1_1108' title='bbox 1626 2548 1697 2571; x_wconf 86' lang='lat' dir='ltr'>ante</span> <span class='ocrx_word' id='word_1_1109' title='bbox 1711 2548 1850 2572; x_wconf 86' lang='lat' dir='ltr'>mortem</span> <span class='ocrx_word' id='word_1_1110' title='bbox 1862 2540 1977 2575; x_wconf 85' lang='lat' dir='ltr'>diebus</span> <span class='ocrx_word' id='word_1_1111' title='bbox 1987 2542 2087 2578; x_wconf 83' lang='lat' dir='ltr'>febris</span> <span class='ocrx_word' id='word_1_1112' title='bbox 2102 2546 2201 2580; x_wconf 87' lang='lat' dir='ltr'>abiis-</span> 
     </span>
     <span class='ocr_line' id='line_1_145' title="bbox 1181 2577 2204 2629; baseline 0.015 -20"><span class='ocrx_word' id='word_1_1113' title='bbox 1181 2577 1211 2611; x_wconf 87' lang='lat' dir='ltr'>se</span> <span class='ocrx_word' id='word_1_1114' title='bbox 1235 2577 1420 2616; x_wconf 74' lang='lat' dir='ltr'>videretur,</span> <span class='ocrx_word' id='word_1_1115' title='bbox 1443 2587 1479 2611; x_wconf 90' lang='lat' dir='ltr'>ut</span> <span class='ocrx_word' id='word_1_1116' title='bbox 1504 2578 1525 2611; x_wconf 90' lang='lat' dir='ltr'>si</span> <span class='ocrx_word' id='word_1_1117' title='bbox 1549 2592 1663 2614; x_wconf 83' lang='lat' dir='ltr'>caetera</span> <span class='ocrx_word' id='word_1_1118' title='bbox 1689 2592 1754 2614; x_wconf 86' lang='lat' dir='ltr'>non</span> <span class='ocrx_word' id='word_1_1119' title='bbox 1789 2584 1971 2620; x_wconf 73' lang='lat' dir='ltr'>attendisset</span> <span class='ocrx_word' id='word_1_1120' title='bbox 1997 2586 2082 2628; x_wconf 79' lang='lat' dir='ltr'>signa</span> <span class='ocrx_word' id='word_1_1121' title='bbox 2098 2615 2106 2629; x_wconf 88' lang='lat'>‚</span> <span class='ocrx_word' id='word_1_1122' title='bbox 2131 2600 2204 2624; x_wconf 91' lang='lat' dir='ltr'>tur.-</span> 
     </span>
     <span class='ocr_line' id='line_1_146' title="bbox 1180 2620 2200 2668; baseline 0.016 -16"><span class='ocrx_word' id='word_1_1123' title='bbox 1180 2622 1266 2663; x_wconf 84' lang='lat' dir='ltr'>piter</span> <span class='ocrx_word' id='word_1_1124' title='bbox 1289 2620 1359 2653; x_wconf 84' lang='lat' dir='ltr'>falli</span> <span class='ocrx_word' id='word_1_1125' title='bbox 1394 2620 1569 2665; x_wconf 79' lang='lat' dir='ltr'>potuisset.</span> <span class='ocrx_word' id='word_1_1126' title='bbox 1595 2626 1722 2659; x_wconf 86' lang='lat' dir='ltr'>Verum</span> <span class='ocrx_word' id='word_1_1127' title='bbox 1745 2625 1783 2658; x_wconf 87' lang='lat' dir='ltr'>de</span> <span class='ocrx_word' id='word_1_1128' title='bbox 1817 2629 2046 2664; x_wconf 62' lang='lat' dir='ltr'>intestinorum</span> <span class='ocrx_word' id='word_1_1129' title='bbox 2081 2635 2200 2668; x_wconf 85' lang='lat' dir='ltr'>morbo</span> 
     </span>
     <span class='ocr_line' id='line_1_147' title="bbox 1179 2663 2201 2715; baseline 0.014 -18"><span class='ocrx_word' id='word_1_1130' title='bbox 1179 2663 1405 2714; x_wconf 79' lang='lat' dir='ltr'>fallacissimo,</span> <span class='ocrx_word' id='word_1_1131' title='bbox 1431 2665 1579 2708; x_wconf 79' lang='lat' dir='ltr'>sphacelo</span> <span class='ocrx_word' id='word_1_1132' title='bbox 1593 2670 1654 2701; x_wconf 84' lang='lat' dir='ltr'>erit</span> <span class='ocrx_word' id='word_1_1133' title='bbox 1678 2670 1754 2704; x_wconf 84' lang='lat' dir='ltr'>alias</span> <span class='ocrx_word' id='word_1_1134' title='bbox 1778 2673 1788 2708; x_wconf 95' lang='lat'>(</span> <span class='ocrx_word' id='word_1_1135' title='bbox 1811 2680 1834 2703; x_wconf 85' lang='lat' dir='ltr'><em>x</em></span> <span class='ocrx_word' id='word_1_1136' title='bbox 1856 2674 1866 2710; x_wconf 87' lang='lat'><strong><em>)</em></strong></span> <span class='ocrx_word' id='word_1_1137' title='bbox 1890 2678 2109 2715; x_wconf 81' lang='lat' dir='ltr'>opportunior</span> <span class='ocrx_word' id='word_1_1138' title='bbox 2123 2678 2201 2711; x_wconf 90' lang='lat' dir='ltr'>scri-</span> 
     </span>
     <span class='ocr_line' id='line_1_148' title="bbox 1180 2708 2201 2759; baseline 0.012 -17"><span class='ocrx_word' id='word_1_1139' title='bbox 1180 2708 1279 2742; x_wconf 85' lang='lat' dir='ltr'>bendi</span> <span class='ocrx_word' id='word_1_1140' title='bbox 1303 2708 1414 2759; x_wconf 76' lang='lat' dir='ltr'>locus.</span> <span class='ocrx_word' id='word_1_1141' title='bbox 1548 2711 1651 2747; x_wconf 78' lang='lat' dir='ltr'>Nunc</span> <span class='ocrx_word' id='word_1_1142' title='bbox 1674 2713 1714 2746; x_wconf 90' lang='lat' dir='ltr'>de</span> <span class='ocrx_word' id='word_1_1143' title='bbox 1747 2714 1943 2749; x_wconf 85' lang='lat' dir='ltr'>membranis</span> <span class='ocrx_word' id='word_1_1144' title='bbox 1974 2717 2106 2759; x_wconf 67' lang='lat' dir='ltr'>dejectis</span> <span class='ocrx_word' id='word_1_1145' title='bbox 2138 2722 2201 2755; x_wconf 89' lang='lat' dir='ltr'>sive</span> 
     </span>
     <span class='ocr_line' id='line_1_149' title="bbox 1180 2750 2199 2805; baseline 0.013 -21"><span class='ocrx_word' id='word_1_1146' title='bbox 1180 2763 1257 2785; x_wconf 86' lang='lat' dir='ltr'>cum</span> <span class='ocrx_word' id='word_1_1147' title='bbox 1281 2750 1456 2800; x_wconf 77' lang='lat' dir='ltr'>sanguine,</span> <span class='ocrx_word' id='word_1_1148' title='bbox 1481 2764 1532 2788; x_wconf 85' lang='lat' dir='ltr'>aur</span> <span class='ocrx_word' id='word_1_1149' title='bbox 1545 2766 1646 2797; x_wconf 84' lang='lat' dir='ltr'>pure,</span> <span class='ocrx_word' id='word_1_1150' title='bbox 1661 2754 1724 2789; x_wconf 86' lang='lat' dir='ltr'>five</span> <span class='ocrx_word' id='word_1_1151' title='bbox 1736 2757 1932 2799; x_wconf 66' lang='lat' dir='ltr'>abstinebis,</span> <span class='ocrx_word' id='word_1_1152' title='bbox 1958 2759 2019 2793; x_wconf 81' lang='lat' dir='ltr'>five</span> <span class='ocrx_word' id='word_1_1153' title='bbox 2033 2763 2066 2794; x_wconf 84' lang='lat' dir='ltr'>in</span> <span class='ocrx_word' id='word_1_1154' title='bbox 2081 2763 2199 2805; x_wconf 84' lang='lat' dir='ltr'>dysen-</span> 
     </span>
     <span class='ocr_line' id='line_1_150' title="bbox 1185 2797 2197 2848; baseline 0.013 -20"><span class='ocrx_word' id='word_1_1155' title='bbox 1185 2798 1286 2834; x_wconf 89' lang='lat' dir='ltr'>teria,</span> <span class='ocrx_word' id='word_1_1156' title='bbox 1313 2797 1377 2830; x_wconf 82' lang='lat' dir='ltr'>sive</span> <span class='ocrx_word' id='word_1_1157' title='bbox 1401 2805 1492 2830; x_wconf 82' lang='lat' dir='ltr'>extra</span> <span class='ocrx_word' id='word_1_1158' title='bbox 1517 2799 1618 2841; x_wconf 86' lang='lat' dir='ltr'>ipsam</span> <span class='ocrx_word' id='word_1_1159' title='bbox 1645 2799 1767 2841; x_wconf 83' lang='lat' dir='ltr'>aliquid</span> <span class='ocrx_word' id='word_1_1160' title='bbox 1798 2801 1835 2834; x_wconf 90' lang='lat' dir='ltr'>ad</span> <span class='ocrx_word' id='word_1_1161' title='bbox 1861 2814 1895 2835; x_wconf 84' lang='lat' dir='ltr'>ea</span> <span class='ocrx_word' id='word_1_1162' title='bbox 1920 2814 1991 2845; x_wconf 81' lang='lat' dir='ltr'>quae</span> <span class='ocrx_word' id='word_1_1163' title='bbox 2013 2805 2197 2848; x_wconf 85' lang='lat' dir='ltr'>scripsimus</span> 
     </span>
     <span class='ocr_line' id='line_1_151' title="bbox 1184 2839 2197 2885; baseline 0.007 -13"><span class='ocrx_word' id='word_1_1164' title='bbox 1184 2839 1299 2882; x_wconf 82' lang='lat' dir='ltr'>supra,</span> <span class='ocrx_word' id='word_1_1165' title='bbox 1327 2840 1509 2875; x_wconf 85' lang='lat' dir='ltr'>addendum</span> <span class='ocrx_word' id='word_1_1166' title='bbox 1532 2842 1594 2877; x_wconf 87' lang='lat' dir='ltr'>est.</span> <span class='ocrx_word' id='word_1_1167' title='bbox 1621 2841 1879 2878; x_wconf 86' lang='lat' dir='ltr'>Desideravirnus</span> <span class='ocrx_word' id='word_1_1168' title='bbox 1893 2856 1998 2883; x_wconf 84' lang='lat' dir='ltr'>certe,</span> <span class='ocrx_word' id='word_1_1169' title='bbox 2025 2852 2197 2885; x_wconf 73' lang='lat' dir='ltr'>nonnulla-</span> 
     </span>
     <span class='ocr_line' id='line_1_152' title="bbox 1184 2884 2199 2931; baseline 0.014 -14"><span class='ocrx_word' id='word_1_1170' title='bbox 1184 2894 1257 2917; x_wconf 86' lang='lat' dir='ltr'>rum</span> <span class='ocrx_word' id='word_1_1171' title='bbox 1282 2892 1431 2918; x_wconf 89' lang='lat' dir='ltr'>naturam</span> <span class='ocrx_word' id='word_1_1172' title='bbox 1455 2884 1646 2927; x_wconf 82' lang='lat' dir='ltr'>diligentius</span> <span class='ocrx_word' id='word_1_1173' title='bbox 1658 2888 1834 2920; x_wconf 87' lang='lat' dir='ltr'>examinari</span> <span class='ocrx_word' id='word_1_1174' title='bbox 1848 2889 2005 2931; x_wconf 77' lang='lat' dir='ltr'>potuisse.</span> <span class='ocrx_word' id='word_1_1175' title='bbox 2034 2894 2199 2931; x_wconf 77' lang='lat' dir='ltr'>Lentilius</span> 
     </span>
     <span class='ocr_line' id='line_1_153' title="bbox 1184 2927 2195 2978; baseline 0.014 -20"><span class='ocrx_word' id='word_1_1176' title='bbox 1184 2927 1239 2969; x_wconf 84' lang='lat' dir='ltr'>(y</span> <span class='ocrx_word' id='word_1_1177' title='bbox 1264 2930 1274 2966; x_wconf 96' lang='lat'>)</span> <span class='ocrx_word' id='word_1_1178' title='bbox 1301 2937 1404 2970; x_wconf 84' lang='lat' dir='ltr'>puta,</span> <span class='ocrx_word' id='word_1_1179' title='bbox 1428 2929 1596 2969; x_wconf 82' lang='lat' dir='ltr'>quodnam</span> <span class='ocrx_word' id='word_1_1180' title='bbox 1622 2927 1696 2962; x_wconf 87' lang='lat' dir='ltr'>esset</span> <span class='ocrx_word' id='word_1_1181' title='bbox 1711 2930 1904 2965; x_wconf 85' lang='lat' dir='ltr'>intestinum</span> <span class='ocrx_word' id='word_1_1182' title='bbox 1918 2939 2045 2977; x_wconf 72' lang='lat' dir='ltr'>egregie</span> <span class='ocrx_word' id='word_1_1183' title='bbox 2058 2937 2195 2978; x_wconf 78' lang='lat' dir='ltr'>statuit,</span> 
     </span>
     <span class='ocr_line' id='line_1_154' title="bbox 1183 2969 2173 3017; baseline 0.014 -14"><span class='ocrx_word' id='word_1_1184' title='bbox 1183 2969 1268 3004; x_wconf 88' lang='lat' dir='ltr'>unde</span> <span class='ocrx_word' id='word_1_1185' title='bbox 1292 2970 1485 3004; x_wconf 71' lang='lat' dir='ltr'>membranae</span> <span class='ocrx_word' id='word_1_1186' title='bbox 1508 2974 1717 3013; x_wconf 85' lang='lat' dir='ltr'>provenirent</span> <span class='ocrx_word' id='word_1_1187' title='bbox 1741 2986 1813 3017; x_wconf 70' lang='lat' dir='ltr'>quae</span> <span class='ocrx_word' id='word_1_1188' title='bbox 1839 2978 2074 3017; x_wconf 82' lang='lat' dir='ltr'>perintervalla</span> <span class='ocrx_word' id='word_1_1189' title='bbox 2098 2994 2173 3017; x_wconf 86' lang='lat' dir='ltr'>cum</span> 
     </span>
     <span class='ocr_line' id='line_1_155' title="bbox 1182 3009 2195 3061; baseline 0.013 -14"><span class='ocrx_word' id='word_1_1190' title='bbox 1182 3014 1233 3047; x_wconf 87' lang='lat' dir='ltr'>vel</span> <span class='ocrx_word' id='word_1_1191' title='bbox 1259 3015 1325 3048; x_wconf 89' lang='lat' dir='ltr'>fine</span> <span class='ocrx_word' id='word_1_1192' title='bbox 1348 3025 1462 3048; x_wconf 87' lang='lat' dir='ltr'>cruore</span> <span class='ocrx_word' id='word_1_1193' title='bbox 1486 3016 1610 3057; x_wconf 90' lang='lat' dir='ltr'>plures,</span> <span class='ocrx_word' id='word_1_1194' title='bbox 1635 3017 1844 3060; x_wconf 82' lang='lat' dir='ltr'>paucioresve</span> <span class='ocrx_word' id='word_1_1195' title='bbox 1869 3031 1924 3058; x_wconf 80' lang='lat' dir='ltr'>per</span> <span class='ocrx_word' id='word_1_1196' title='bbox 1949 3009 2195 3061; x_wconf 60' lang='lat' dir='ltr'>alvumsecede:</span> 
     </span>
     <span class='ocr_line' id='line_1_156' title="bbox 1184 3057 2196 3104; baseline 0.013 -14"><span class='ocrx_word' id='word_1_1197' title='bbox 1184 3066 1277 3091; x_wconf 91' lang='lat' dir='ltr'>rent.</span> <span class='ocrx_word' id='word_1_1198' title='bbox 1302 3057 1403 3094; x_wconf 86' lang='lat' dir='ltr'>Quod</span> <span class='ocrx_word' id='word_1_1199' title='bbox 1428 3067 1533 3092; x_wconf 83' lang='lat' dir='ltr'>autem</span> <span class='ocrx_word' id='word_1_1200' title='bbox 1558 3059 1613 3094; x_wconf 86' lang='lat' dir='ltr'>has</span> <span class='ocrx_word' id='word_1_1201' title='bbox 1625 3062 1748 3094; x_wconf 87' lang='lat' dir='ltr'>censuit</span> <span class='ocrx_word' id='word_1_1202' title='bbox 1774 3063 1915 3097; x_wconf 80' lang='lat' dir='ltr'>valvulas</span> <span class='ocrx_word' id='word_1_1203' title='bbox 1930 3064 1991 3098; x_wconf 81' lang='lat' dir='ltr'>esse</span> <span class='ocrx_word' id='word_1_1204' title='bbox 2015 3071 2196 3104; x_wconf 87' lang='lat' dir='ltr'>conniven-</span> 
     </span>
     <span class='ocr_line' id='line_1_157' title="bbox 1184 3101 2195 3149; baseline 0.011 -14"><span class='ocrx_word' id='word_1_1205' title='bbox 1184 3111 1252 3138; x_wconf 89' lang='lat' dir='ltr'>tes,</span> <span class='ocrx_word' id='word_1_1206' title='bbox 1278 3101 1417 3135; x_wconf 84' lang='lat' dir='ltr'>liberum</span> <span class='ocrx_word' id='word_1_1207' title='bbox 1443 3103 1560 3143; x_wconf 83' lang='lat' dir='ltr'>cuique</span> <span class='ocrx_word' id='word_1_1208' title='bbox 1571 3104 1774 3143; x_wconf 79' lang='lat' dir='ltr'>estere-dere,</span> <span class='ocrx_word' id='word_1_1209' title='bbox 1800 3116 1853 3141; x_wconf 79' lang='lat' dir='ltr'>aut</span> <span class='ocrx_word' id='word_1_1210' title='bbox 1868 3119 1932 3140; x_wconf 75' lang='lat' dir='ltr'>non</span> <span class='ocrx_word' id='word_1_1211' title='bbox 1953 3111 2101 3149; x_wconf 78' lang='lat' dir='ltr'>credere3</span> <span class='ocrx_word' id='word_1_1212' title='bbox 2124 3114 2195 3148; x_wconf 87' lang='lat' dir='ltr'>imo</span> 
     </span>
     <span class='ocr_line' id='line_1_158' title="bbox 1183 3143 2194 3197; baseline 0.013 -19"><span class='ocrx_word' id='word_1_1213' title='bbox 1183 3144 1233 3178; x_wconf 85' lang='lat' dir='ltr'>vel</span> <span class='ocrx_word' id='word_1_1214' title='bbox 1259 3143 1320 3178; x_wconf 88' lang='lat' dir='ltr'>hoc</span> <span class='ocrx_word' id='word_1_1215' title='bbox 1344 3144 1473 3187; x_wconf 85' lang='lat' dir='ltr'>ipsum,</span> <span class='ocrx_word' id='word_1_1216' title='bbox 1501 3145 1593 3181; x_wconf 78' lang='lat' dir='ltr'>fuisse</span> <span class='ocrx_word' id='word_1_1217' title='bbox 1619 3149 1839 3183; x_wconf 84' lang='lat' dir='ltr'>membranas.</span> <span class='ocrx_word' id='word_1_1218' title='bbox 1866 3149 1916 3182; x_wconf 90' lang='lat' dir='ltr'>Ut</span> <span class='ocrx_word' id='word_1_1219' title='bbox 1942 3155 2030 3186; x_wconf 87' lang='lat' dir='ltr'>enim</span> <span class='ocrx_word' id='word_1_1220' title='bbox 2057 3156 2194 3197; x_wconf 70' lang='lat' dir='ltr'>abaegra</span> 
     </span>
     <span class='ocr_line' id='line_1_159' title="bbox 1184 3191 2195 3240; baseline 0.011 -18"><span class='ocrx_word' id='word_1_1221' title='bbox 1184 3199 1344 3231; x_wconf 87' lang='lat' dir='ltr'>quantum</span> <span class='ocrx_word' id='word_1_1222' title='bbox 1372 3199 1523 3231; x_wconf 81' lang='lat' dir='ltr'>apparet,</span> <span class='ocrx_word' id='word_1_1223' title='bbox 1551 3191 1604 3225; x_wconf 86' lang='lat' dir='ltr'>ille</span> <span class='ocrx_word' id='word_1_1224' title='bbox 1629 3192 1762 3231; x_wconf 84' lang='lat' dir='ltr'>aberat;</span> <span class='ocrx_word' id='word_1_1225' title='bbox 1788 3194 1867 3226; x_wconf 87' lang='lat' dir='ltr'>nihil</span> <span class='ocrx_word' id='word_1_1226' title='bbox 1894 3194 1979 3228; x_wconf 82' lang='lat' dir='ltr'>aliud</span> <span class='ocrx_word' id='word_1_1227' title='bbox 2004 3199 2110 3231; x_wconf 80' lang='lat' dir='ltr'>videre</span> <span class='ocrx_word' id='word_1_1228' title='bbox 2135 3194 2195 3240; x_wconf 78' lang='lat' dir='ltr'>po-</span> 
     </span>
     <span class='ocr_line' id='line_1_160' title="bbox 1186 3230 2192 3285; baseline 0.011 -19"><span class='ocrx_word' id='word_1_1229' title='bbox 1186 3232 1253 3266; x_wconf 86' lang='lat' dir='ltr'>tuit</span> <span class='ocrx_word' id='word_1_1230' title='bbox 1267 3257 1273 3269; x_wconf 75' lang='grc'>,,</span> <span class='ocrx_word' id='word_1_1231' title='bbox 1300 3230 1358 3281; x_wconf 79' lang='lat' dir='ltr'>nisi</span> <span class='ocrx_word' id='word_1_1232' title='bbox 1381 3244 1429 3265; x_wconf 85' lang='lat' dir='ltr'>eas</span> <span class='ocrx_word' id='word_1_1233' title='bbox 1453 3232 1547 3267; x_wconf 82' lang='lat' dir='ltr'>fuisse</span> <span class='ocrx_word' id='word_1_1234' title='bbox 1570 3235 1698 3277; x_wconf 64' lang='lat' dir='ltr'>diversae</span> <span class='ocrx_word' id='word_1_1235' title='bbox 1720 3237 1971 3280; x_wconf 78' lang='lat' dir='ltr'>magnitudinis,</span> <span class='ocrx_word' id='word_1_1236' title='bbox 1995 3240 2038 3273; x_wconf 74' lang='lat'>&amp;⁶</span> <span class='ocrx_word' id='word_1_1237' title='bbox 2061 3243 2192 3285; x_wconf 67' lang='lat' dir='ltr'>quaesic-</span> 
     </span>
     <span class='ocr_line' id='line_1_161' title="bbox 1187 3274 2194 3326; baseline 0.009 -18"><span class='ocrx_word' id='word_1_1238' title='bbox 1187 3282 1262 3308; x_wconf 75' lang='lat' dir='ltr'>catce</span> <span class='ocrx_word' id='word_1_1239' title='bbox 1279 3274 1445 3326; x_wconf 28' lang='lat' dir='ltr'>pellic-ulnas</span> <span class='ocrx_word' id='word_1_1240' title='bbox 1469 3287 1483 3309; x_wconf 82' lang='lat' dir='ltr'>e</span> <span class='ocrx_word' id='word_1_1241' title='bbox 1504 3277 1601 3322; x_wconf 70' lang='lat' dir='ltr'>vesica</span> <span class='ocrx_word' id='word_1_1242' title='bbox 1607 3278 1705 3323; x_wconf 82' lang='lat' dir='ltr'>suilla</span> <span class='ocrx_word' id='word_1_1243' title='bbox 1720 3281 1871 3313; x_wconf 81' lang='lat' dir='ltr'>retorrida</span> <span class='ocrx_word' id='word_1_1244' title='bbox 1894 3283 2121 3319; x_wconf 77' lang='lat' dir='ltr'>mentirentur.</span> <span class='ocrx_word' id='word_1_1245' title='bbox 2150 3290 2194 3323; x_wconf 76' lang='lat' dir='ltr'>At</span> 
     </span>
     <span class='ocr_line' id='line_1_162' title="bbox 1179 3319 2194 3369; baseline 0.012 -18"><span class='ocrx_word' id='word_1_1246' title='bbox 1179 3319 1236 3365; x_wconf 88' lang='lat' dir='ltr'>JO-</span> <span class='ocrx_word' id='word_1_1247' title='bbox 1271 3319 1450 3369; x_wconf 73' lang='lat' dir='ltr'>Mauricius</span> <span class='ocrx_word' id='word_1_1248' title='bbox 1475 3321 1695 3356; x_wconf 86' lang='lat' dir='ltr'>Hoffmannus</span> <span class='ocrx_word' id='word_1_1249' title='bbox 1718 3326 1728 3361; x_wconf 89' lang='lat'><strong>(</strong></span> <span class='ocrx_word' id='word_1_1250' title='bbox 1754 3334 1778 3365; x_wconf 60' lang='lat' dir='ltr'><em>z</em></span> <span class='ocrx_word' id='word_1_1251' title='bbox 1799 3325 1813 3361; x_wconf 91' lang='lat'><em>)</em></span> <span class='ocrx_word' id='word_1_1252' title='bbox 1835 3335 1909 3357; x_wconf 87' lang='lat' dir='ltr'>cum</span> <span class='ocrx_word' id='word_1_1253' title='bbox 1934 3327 1974 3358; x_wconf 86' lang='lat' dir='ltr'>ab</span> <span class='ocrx_word' id='word_1_1254' title='bbox 1997 3328 2056 3361; x_wconf 85' lang='lat' dir='ltr'>alia</span> <span class='ocrx_word' id='word_1_1255' title='bbox 2082 3341 2194 3365; x_wconf 80' lang='lat' dir='ltr'>excre—</span> 
     </span>
     <span class='ocr_line' id='line_1_163' title="bbox 1186 3368 2193 3408; baseline 0.007 -13"><span class='ocrx_word' id='word_1_1256' title='bbox 1186 3372 1236 3395; x_wconf 88' lang='lat' dir='ltr'>tas</span> <span class='ocrx_word' id='word_1_1257' title='bbox 1258 3371 1414 3397; x_wconf 81' lang='lat' dir='ltr'>attentius</span> <span class='ocrx_word' id='word_1_1258' title='bbox 1440 3368 1659 3400; x_wconf 69' lang='lat' dir='ltr'>examinaret,</span> <span class='ocrx_word' id='word_1_1259' title='bbox 1683 3377 1761 3408; x_wconf 87' lang='lat' dir='ltr'>quas</span> <span class='ocrx_word' id='word_1_1260' title='bbox 1786 3378 1844 3408; x_wconf 86' lang='lat' dir='ltr'>pro</span> <span class='ocrx_word' id='word_1_1261' title='bbox 1869 3369 1982 3403; x_wconf 82' lang='lat' dir='ltr'>intima</span> <span class='ocrx_word' id='word_1_1262' title='bbox 2009 3374 2115 3405; x_wconf 66' lang='lat' dir='ltr'>tunica</span> <span class='ocrx_word' id='word_1_1263' title='bbox 2144 3386 2193 3408; x_wconf 76' lang='grc' dir='ltr'>ιη-</span> 
     </span>
     <span class='ocr_line' id='line_1_164' title="bbox 1186 3405 2193 3453; baseline 0.007 -14"><span class='ocrx_word' id='word_1_1264' title='bbox 1186 3405 1378 3439; x_wconf 87' lang='lat' dir='ltr'>testinorum</span> <span class='ocrx_word' id='word_1_1265' title='bbox 1403 3408 1458 3441; x_wconf 84' lang='lat' dir='ltr'>alii</span> <span class='ocrx_word' id='word_1_1266' title='bbox 1485 3420 1693 3452; x_wconf 64' lang='lat' dir='ltr'>acceperant,</span> <span class='ocrx_word' id='word_1_1267' title='bbox 1718 3420 1847 3443; x_wconf 86' lang='lat' dir='ltr'>mucum</span> <span class='ocrx_word' id='word_1_1268' title='bbox 1864 3411 1922 3443; x_wconf 73' lang='lat' dir='ltr'>esse</span> <span class='ocrx_word' id='word_1_1269' title='bbox 1937 3424 2071 3453; x_wconf 73' lang='lat' dir='ltr'>agnowt</span> <span class='ocrx_word' id='word_1_1270' title='bbox 2098 3418 2193 3451; x_wconf 77' lang='lat' dir='ltr'>visci-</span> 
     </span>
     <span class='ocr_line' id='line_1_165' title="bbox 1185 3449 2191 3497; baseline 0.01 -16"><span class='ocrx_word' id='word_1_1271' title='bbox 1185 3449 1310 3483; x_wconf 83' lang='lat' dir='ltr'>diorem</span> <span class='ocrx_word' id='word_1_1272' title='bbox 1330 3449 1426 3492; x_wconf 83' lang='lat' dir='ltr'>supra</span> <span class='ocrx_word' id='word_1_1273' title='bbox 1447 3451 1596 3486; x_wconf 61' lang='lat' dir='ltr'>valvulas</span> <span class='ocrx_word' id='word_1_1274' title='bbox 1619 3452 1815 3486; x_wconf 67' lang='lat' dir='ltr'>conniventes</span> <span class='ocrx_word' id='word_1_1275' title='bbox 1848 3452 2045 3497; x_wconf 75' lang='lat' dir='ltr'>coagulatum</span> <span class='ocrx_word' id='word_1_1276' title='bbox 2059 3482 2066 3493; x_wconf 90' lang='lat'>,</span> <span class='ocrx_word' id='word_1_1277' title='bbox 2092 3460 2134 3492; x_wconf 58' lang='grc' dir='ltr'>ἐφ</span> <span class='ocrx_word' id='word_1_1278' title='bbox 2157 3463 2191 3495; x_wconf 72' lang='lat' dir='ltr'>in</span> 
     </span>
     <span class='ocr_line' id='line_1_166' title="bbox 1180 3492 2191 3539; baseline 0.007 -14"><span class='ocrx_word' id='word_1_1279' title='bbox 1180 3493 1316 3538; x_wconf 82' lang='lat' dir='ltr'>speciem</span> <span class='ocrx_word' id='word_1_1280' title='bbox 1341 3492 1519 3528; x_wconf 63' lang='lat' dir='ltr'>membrana</span> <span class='ocrx_word' id='word_1_1281' title='bbox 1542 3497 1779 3537; x_wconf 81' lang='lat' dir='ltr'>condensatum:</span> <span class='ocrx_word' id='word_1_1282' title='bbox 1803 3508 1906 3539; x_wconf 79' lang='lat' dir='ltr'>neque</span> <span class='ocrx_word' id='word_1_1283' title='bbox 1931 3502 1969 3532; x_wconf 84' lang='lat' dir='ltr'>ab</span> <span class='ocrx_word' id='word_1_1284' title='bbox 2003 3513 2039 3534; x_wconf 87' lang='lat' dir='ltr'>eo</span> <span class='ocrx_word' id='word_1_1285' title='bbox 2073 3502 2191 3539; x_wconf 47' lang='lat' dir='ltr'>ducre-</span> 
     </span>
     <span class='ocr_line' id='line_1_167' title="bbox 1186 3537 2189 3618; baseline 0.008 -49"><span class='ocrx_word' id='word_1_1286' title='bbox 1186 3547 1264 3580; x_wconf 89' lang='lat' dir='ltr'>pat‚</span> <span class='ocrx_word' id='word_1_1287' title='bbox 1288 3537 1401 3570; x_wconf 60' lang='lat' dir='ltr'>Astur.</span> <span class='ocrx_word' id='word_1_1288' title='bbox 1428 3538 1474 3572; x_wconf 83' lang='lat' dir='ltr'>N.</span> <span class='ocrx_word' id='word_1_1289' title='bbox 1500 3540 1542 3573; x_wconf 81' lang='lat' dir='ltr'>C.</span> <span class='ocrx_word' id='word_1_1290' title='bbox 1569 3540 1749 3573; x_wconf 83' lang='lat' dir='ltr'>volumine</span> <span class='ocrx_word' id='word_1_1291' title='bbox 1768 3541 1824 3618; x_wconf 47' lang='lat' dir='ltr'>VI}</span> <span class='ocrx_word' id='word_1_1292' title='bbox 1840 3543 1924 3584; x_wconf 83' lang='lat' dir='ltr'>(a),</span> <span class='ocrx_word' id='word_1_1293' title='bbox 1950 3544 2005 3577; x_wconf 88' lang='lat' dir='ltr'>Cl.</span> <span class='ocrx_word' id='word_1_1294' title='bbox 2031 3546 2189 3590; x_wconf 75' lang='lat' dir='ltr'>Treylin-</span> 
     </span>
    </p>
   </div>
   <div class='ocr_carea' id='block_1_11' title="bbox 2098 3601 2144 3630">
    <p class='ocr_par' dir='ltr' id='par_1_18' title="bbox 2098 3601 2144 3630">
     <span class='ocr_line' id='line_1_168' title="bbox 2098 3601 2144 3630; baseline 0.043 -10"><span class='ocrx_word' id='word_1_1295' title='bbox 2098 3601 2144 3630; x_wconf 61' lang='lat' dir='ltr'>gxi</span> 
     </span>
    </p>
   </div>
   <div class='ocr_carea' id='block_1_12' title="bbox 1894 3679 2187 3694">
    <p class='ocr_par' dir='ltr' id='par_1_19' title="bbox 1894 3679 2187 3694">
     <span class='ocr_line' id='line_1_169' title="bbox 1894 3679 2187 3694; baseline 0 381"><span class='ocrx_word' id='word_1_1296' title='bbox 1894 3679 2187 3694; x_wconf 95' lang='lat' dir='ltr'> </span> 
     </span>
    </p>
   </div>
   <div class='ocr_carea' id='block_1_13' title="bbox 1337 3733 2188 3800">
    <p class='ocr_par' dir='ltr' id='par_1_20' title="bbox 1337 3733 2188 3800">
     <span class='ocr_line' id='line_1_170' title="bbox 1337 3733 2188 3800; baseline 0.009 -14"><span class='ocrx_word' id='word_1_1297' title='bbox 1337 3764 1352 3793; x_wconf 69' lang='grc' dir='ltr'>ζ</span> <span class='ocrx_word' id='word_1_1298' title='bbox 1365 3771 1379 3786; x_wconf 84' lang='lat' dir='ltr'>n</span> <span class='ocrx_word' id='word_1_1299' title='bbox 1396 3762 1402 3791; x_wconf 78' lang='grc'>)</span> <span class='ocrx_word' id='word_1_1300' title='bbox 1423 3763 1486 3788; x_wconf 69' lang='grc' dir='ltr'>Ἡίίὶ.</span> <span class='ocrx_word' id='word_1_1301' title='bbox 1506 3733 1576 3788; x_wconf 49' lang='lat' dir='ltr'>ignit.)</span> <span class='ocrx_word' id='word_1_1302' title='bbox 1587 3734 1619 3789; x_wconf 54' lang='lat' dir='ltr'>§td</span> <span class='ocrx_word' id='word_1_1303' title='bbox 1625 3734 1808 3790; x_wconf 34' lang='lat' dir='ltr'>(gi-cgriphomf</span> <span class='ocrx_word' id='word_1_1304' title='bbox 1817 3734 1875 3790; x_wconf 56' lang='lat' dir='ltr'>gisi).</span> <span class='ocrx_word' id='word_1_1305' title='bbox 1888 3743 1913 3791; x_wconf 45' lang='lat'>¹22</span> <span class='ocrx_word' id='word_1_1306' title='bbox 1924 3740 2016 3800; x_wconf 46' lang='grc' dir='ltr'>ηὲἶιγῗά</span> <span class='ocrx_word' id='word_1_1307' title='bbox 2026 3740 2068 3766; x_wconf 58' lang='lat' dir='ltr'>eit·</span> <span class='ocrx_word' id='word_1_1308' title='bbox 2077 3742 2150 3767; x_wconf 64' lang='lat' dir='ltr'>medo</span> <span class='ocrx_word' id='word_1_1309' title='bbox 2159 3742 2188 3771; x_wconf 48' lang='lat'>§⁴</span> 
     </span>
    </p>
   </div>
   <div class='ocr_carea' id='block_1_14' title="bbox 1380 3794 1857 3826">
    <p class='ocr_par' dir='ltr' id='par_1_21' title="bbox 1380 3794 1857 3826">
     <span class='ocr_line' id='line_1_171' title="bbox 1380 3794 1857 3826; baseline 0.008 -9"><span class='ocrx_word' id='word_1_1310' title='bbox 1380 3795 1394 3822; x_wconf 86' lang='lat'>(</span> <span class='ocrx_word' id='word_1_1311' title='bbox 1406 3794 1450 3823; x_wconf 82' lang='lat' dir='ltr'>s)</span> <span class='ocrx_word' id='word_1_1312' title='bbox 1468 3794 1553 3824; x_wconf 82' lang='lat' dir='ltr'>supra,</span> <span class='ocrx_word' id='word_1_1313' title='bbox 1569 3803 1591 3819; x_wconf 92' lang='lat' dir='ltr'>n.</span> <span class='ocrx_word' id='word_1_1314' title='bbox 1609 3802 1647 3824; x_wconf 61' lang='grc' dir='ltr'>Μ,4</span> <span class='ocrx_word' id='word_1_1315' title='bbox 1710 3797 1724 3826; x_wconf 87' lang='grc'>(</span> <span class='ocrx_word' id='word_1_1316' title='bbox 1740 3804 1750 3821; x_wconf 77' lang='lat' dir='ltr'><em>t</em></span> <span class='ocrx_word' id='word_1_1317' title='bbox 1769 3799 1777 3826; x_wconf 75' lang='lat' dir='ltr'>J</span> <span class='ocrx_word' id='word_1_1318' title='bbox 1795 3797 1857 3824; x_wconf 69' lang='lat' dir='ltr'>lbia,</span> 
     </span>
    </p>
   </div>
  </div>
 </body>
</html>
