2498 4075
488 201 641 267 Epist.
680 203 839 254 Anat.
876 198 1092 254 Medica
1126 199 1185 254 L.
1218 199 1343 253 Art.
1384 216 1457 264 31:
1490 201 1545 254 &
1579 215 1655 267 32.

1925 205 2023 262 265

41 280 125 313 tium
147 277 245 322 ipfius
269 278 391 314 viderat
412 279 606 323 quisquam,
630 289 733 322 neque
755 280 882 313 Patavii
906 291 939 313 ea
963 289 1045 314 tern-
1094 280 1128 312 in
1162 277 1259 312 febris
1283 279 1506 313 excerbatione
1536 290 1612 314 cum
1635 275 1799 312 accidisset
1834 289 1899 312 non
1924 283 2022 313 modo
2056 289 2094 314 ut

44 323 163 365 pestate
185 320 282 357 febris
305 324 368 357 ulla
391 322 457 365 ejus
481 324 604 365 generis
627 332 695 356 erat
719 322 962 360 animadversa3
987 322 1042 357 etfi

41 377 98 408 per
120 366 194 399 illos
217 365 282 399 dies
306 389 314 403 ,
339 377 376 400 ut
399 366 505 410 postea
529 366 679 400 novimus
704 392 713 406 ‚
748 368 782 398 in
806 365 955 400 Civitate
976 377 1040 399 non

41 411 89 443 ita
111 409 216 443 diffita
239 410 349 443 eadem
373 409 479 443 fuerat
503 432 512 447 ‚
537 418 723 453 aegrumque
746 409 899 442 illustrem
922 435 931 449 ‚
962 409 1040 449 dum

40 454 173 487 corticis
195 453 322 486 oblatio
345 453 384 487 ab
407 465 468 486 una
491 451 530 485 ad
544 453 676 485 alteram
701 451 962 486 intermissionem
975 453 1033 486 dif-

39 495 198 534 ferretur,
225 498 371 538 proxima
395 495 563 529 accessione
573 494 795 537 jugulaverat.
818 496 1040 537 Qamobrem

40 549 98 577 tu,
123 538 217 581 cujus
239 543 344 582 gratia
360 539 427 573 haec
450 538 556 580 scripsi
572 561 580 576 ,
605 538 759 581 siquando
781 538 868 572 casus
882 539 1042 581 ejusdem-

38 583 131 616 modi
154 581 272 616 incidat
296 608 305 623 ‚
335 583 426 623 cujus
447 583 584 615 initium
617 584 769 623 ignotum
803 581 841 615 sit
864 606 873 621 ‚
911 582 1037 616 tametsi

37 626 128 660 causa
151 625 211 660 effe
236 626 399 660 manifesta
424 625 592 662 videatur3
616 627 683 658 noli
710 626 857 659 omittere
879 626 917 660 de
940 636 1036 661 natu-

37 680 71 702 ra
93 667 235 703 febrium
250 693 261 709 ‚
284 681 354 712 quae
377 679 454 702 tunc
478 677 635 711 vagentur
659 670 919 710 percuntationes
946 683 954 705 ;
980 682 1036 702 ne-

36 724 100 756 que
120 714 207 746 enim
230 711 351 754 semper
364 713 397 745 id
421 713 509 754 quod
522 711 636 752 nobis,
659 711 780 745 accidet
797 738 804 750 ‚
829 722 864 745 ut
887 724 958 755 quae
970 716 1038 754 pri-

36 768 87 789 ma
112 755 280 799 perniciosi
304 756 427 799 generis
451 754 561 790 existat
584 776 596 794 ,
634 767 667 788 ea
690 756 752 790 tibi
774 755 913 790 curanda
937 756 1037 790 obve-

35 809 125 833 mat.

81 854 132 885 31.
158 843 231 876 Nec
254 853 333 875 vero
355 864 364 878 ‚
400 840 423 873 fi
449 852 532 883 aeger
556 853 621 875 non
654 842 745 875 senex
771 841 806 874 fit
831 866 839 880 ,
874 842 1037 884 ejusmodi

35 886 134 920 febris
156 887 333 919 immunem
356 883 427 918 fore
451 909 460 925 ,
483 885 606 919 credito
628 889 798 928 propterea
821 887 897 927 quia
924 887 1038 920 Doffis

37 930 129 963 Viris
151 929 254 972 ipsam
278 939 363 962 nunc
386 929 507 971 placeat
522 926 641 971 febrim
664 928 1038 971 intermittentemfhnum

30 971 205 1016 soporosam
227 983 341 1006 vocare
362 997 369 1004 .
396 971 464 1004 Etsi
488 974 575 1005 enirn
599 983 632 1004 ea
657 980 750 1004 aetate
774 971 883 1013 saepius
906 973 1036 1005 contin-

33 1019 84 1059 git
107 1039 119 1056 ,
152 1019 183 1049 &
207 1016 447 1058 septuagenario
470 1025 538 1048 erat
562 1015 663 1056 major
685 1025 755 1047 tum
780 1015 965 1048 Cardinalis
998 1015 1037 1048 de

33 1072 101 1103 quo
122 1059 222 1093 modo
243 1058 367 1093 dffiium
392 1059 437 1092 est
481 1080 490 1095 ‚
536 1067 607 1091 tum
639 1056 808 1100 generosus
831 1060 949 1092 Comes
982 1059 1036 1092 M.

28 1107 111 1137 ΑΜ.
138 1104 287 1140 Trento,
311 1113 408 1145 quem
431 1103 521 1134 annis
543 1111 616 1135 ante
639 1112 710 1134 eum
745 1102 888 1144 quinque
924 1102 962 1135 ab
984 1114 1036 1135 ea-

30 1148 104 1181 dem
147 1145 233 1180 febri
254 1146 494 1188 periclitantem
515 1145 626 1178 eodem
649 1145 791 1178 remedio
814 1156 999 1179 curaveram
1021 1167 1031 1182 ‚

31 1201 144 1224 eorum
168 1198 309 1229 neutro,
330 1188 417 1231 quod
442 1189 546 1222 minus
569 1187 721 1230 frequens
746 1187 790 1222 est
814 1210 823 1225 ‚
856 1189 890 1221 in
914 1188 1033 1221 febrim

30 1232 190 1268 recidente
214 1245 226 1272 3
258 1242 366 1266 tamen
390 1234 420 1264 δε
444 1231 621 1264 Mortonus
646 1231 665 1273 (
682 1241 697 1263 r
720 1234 730 1269 )
755 1242 889 1273 puerum
911 1232 1035 1265 duode-

28 1287 187 1316 cennem,
210 1279 241 1309 ἃ
266 1276 393 1309 Tortus
416 1274 497 1317 (s)
521 1275 662 1316 puellum
688 1283 806 1308 tenerae
827 1276 952 1314 aetatis,
978 1287 1034 1308 ne-

30 1321 110 1355 dum
134 1320 228 1354 aliam
250 1320 284 1351 in
309 1318 420 1352 medio
443 1317 665 1351 adolescentiae
688 1318 781 1351 cursu
804 1317 876 1355 his,
901 1330 978 1360 quas
991 1319 1034 1351 le-

29 1364 189 1407 thargicas
212 1361 391 1406 appellabat
406 1386 416 1401 ,
440 1359 582 1395 febribus
593 1360 796 1401 laborantes,
821 1361 1031 1403 proposuere.

27 1408 154 1441 Pariter
177 1417 242 1440 non
274 1407 347 1448 quia
374 1405 495 1447 primos
533 1402 741 1446 paroxysmos
764 1427 776 1443 ,
816 1413 870 1438 aut
896 1408 1033 1446 primam

33 1449 169 1492 alicujus
192 1448 380 1491 paroxysmi
403 1457 528 1490 partem
552 1446 616 1481 stne
640 1446 802 1489 profundo
833 1447 894 1481 isto
918 1448 1032 1490 sopore

28 1495 107 1536 aegri
133 1492 350 1536 transegerint
374 1513 385 1529 ‚
416 1491 513 1525 velim
537 1489 600 1523 fine
624 1499 710 1524 metu
736 1490 775 1525 fis
795 1513 808 1530 ‚
831 1502 869 1525 ne
893 1492 926 1523 in
950 1493 1032 1525 ulte-

28 1537 173 1570 rioribus
196 1535 399 1579 paroxysmis
422 1558 435 1575 ,
467 1544 521 1568 aut
547 1533 735 1576 paroxysmi
769 1535 913 1574 partibus
938 1535 1032 1576 sopor

26 1581 159 1622 ingruat
174 1606 181 1612 .
208 1580 296 1613 Nam
320 1579 469 1622 quamvis
483 1578 593 1619 saepius
616 1587 734 1617 antea,
757 1579 835 1619 quin
861 1579 966 1612 multo
979 1590 1034 1611 an-

26 1633 104 1663 tea;
127 1635 191 1657 non
216 1634 288 1655 raro
313 1631 421 1655 tamen
445 1621 583 1663 septimo
606 1622 734 1654 demum
760 1621 955 1663 paroxysmo
980 1621 1034 1655 ad-

27 1669 142 1700 venit.-
167 1670 198 1700 &
223 1667 372 1708 quamvis
394 1666 427 1697 in
451 1664 517 1705 ipsa
543 1663 913 1706 paroxysmiinvasione
937 1664 1030 1699 fimul

26 1711 179 1744 invadere
203 1709 391 1752 plerumque
414 1707 514 1740 soleat
537 1731 545 1745 ‚
579 1716 614 1740 ut
639 1706 878 1753 Sydeuhamius
901 1720 1031 1751 quoque

24 1753 77 1797 (t
98 1757 113 1793 )
135 1751 295 1795 signifieat
322 1773 331 1788 ‚
354 1750 452 1793 idque
476 1760 601 1792 tempus
625 1772 635 1787 ‚
667 1760 759 1791 Juxta
784 1751 920 1784 l-Iarveii
944 1751 997 1794 (u
1021 1756 1032 1791 >

26 1795 232 1830 ἀίίῖεᾶἰοηεε,
256 1804 461 1828 mortuorum
485 1795 519 1827 in
544 1795 709 1835 principio
733 1793 913 1828 acceffionis
936 1817 945 1832 ‚
983 1806 1034 1828 re-

22 1850 127 1874 morae
153 1839 315 1880 sanguinis
339 1836 378 1871 sit
401 1845 626 1879 opportunum
649 1848 660 1874 3
695 1847 760 1870 non
784 1837 898 1871 desunt
924 1847 1033 1872 tamen

23 1882 169 1925 exempla
193 1883 300 1925 gravis
325 1879 447 1923 soporis
458 1891 525 1913 non
549 1881 647 1913 modo
658 1880 731 1914 aliis
754 1880 1034 1922 paroxysmitem-

21 1925 175 1968 poribus,
200 1924 288 1967 quod
311 1935 376 1957 non
400 1921 586 1965 infrequens
609 1924 674 1960 est,
699 1922 751 1956 sed
778 1949 786 1963 ‚
812 1925 899 1966 quod
925 1937 1031 1966 perra-

21 1981 96 2003 rum
118 1969 184 2010 est,
208 1969 270 2007 hoc
292 1967 477 2001 declinante
501 1966 699 2000 advenientis
716 1989 724 2004 ‚
749 1969 844 2008 quale
869 1969 902 2001 in
926 1969 1028 2002 Com-

19 2014 146 2046 mercio
178 2013 358 2046 Litterario
392 2014 484 2049 (x)
517 2008 707 2043 adnotatum
743 2011 867 2044 videbis
891 2036 898 2042 .

18 2057 87 2090 Hic
110 2066 146 2090 tu
169 2055 293 2089 indicia
315 2053 448 2087 fortasse
470 2054 600 2095 optabis
619 2076 628 2091 ‚
655 2065 710 2096 per
734 2065 806 2096 quae
828 2054 906 2087 dum
932 2055 1031 2090 febris

17 2111 34 2132 a
59 2100 197 2141 benigna
220 2109 284 2132 non
307 2096 437 2130 videtur
460 2095 612 2136 differre,
633 2096 795 2138 conjicere
820 2098 933 2138 poffis,
957 2111 1031 2142 per-

18 2143 180 2177 niciosum
205 2141 288 2175 istud
312 2139 497 2183 symptoma
521 2139 581 2173 esse
605 2140 839 2174 adventurum.
867 2142 904 2174 ld
920 2146 951 2175 δε
973 2143 1027 2175 alii

19 2194 216 2229 optaverunt
239 2195 305 2217 non
328 2184 457 2222 minus,
481 2194 579 2225 quam
603 2182 730 2216 noscere
754 2183 851 2226 fiquis
863 2183 948 2218 forte
974 2197 1028 2218 an-

21 2240 55 2265 te
77 2241 196 2263 annum
224 2238 315 2270 1731.
341 2226 500 2269 ejusmodi
533 2226 637 2260 febres
661 2225 855 2260 observasset
881 2253 887 2260 .
925 2229 1028 2272 Cujus

18 2273 187 2315 Utriusque
212 2273 282 2305 voti
298 2270 347 2303 vel
373 2270 556 2307 unoleeto,
579 2270 889 2312 quemlaudavimus
904 2296 917 2312 ,
940 2273 1030 2306 Tor-

20 2327 80 2356 to,
104 2316 197 2348 facile
221 2323 388 2355 compotes
411 2313 481 2346 fieri
507 2312 700 2355 potuissent.
725 2314 792 2356 Qi
816 2327 889 2348 curn
913 2315 1029 2359 scripta

19 2369 92 2393 ante
127 2359 225 2395 finem
249 2357 354 2391 saeculi
388 2357 485 2389 XVI.
510 2358 550 2389 ab
583 2358 751 2391 Ludovico
774 2359 927 2393 Mercato
948 2383 959 2399 ‚
995 2362 1028 2393 C<

17 2402 124 2437 rursus
149 2412 220 2436 ante
246 2402 340 2434 finem
367 2399 474 2433 saeculi
497 2401 612 2433 XVII.
637 2401 676 2435 ab
701 2401 870 2435 Richardo
896 2403 1027 2436 Morto-

19 2458 63 2479 no
97 2444 135 2479 de
163 2445 352 2479 Perniciosis
374 2444 680 2477 Intermittentibus
707 2445 861 2478 Febribus
885 2447 918 2478 in
942 2447 1026 2479 cele-

18 2490 111 2523 brem
135 2488 398 2529 Therapeuticen
412 2486 499 2519 suam
523 2487 611 2530 (y)
635 2499 699 2521 non
711 2487 773 2520 sine
797 2489 912 2522 additis
925 2490 1026 2523 Scho-

15 2534 70 2567 liis
92 2531 299 2566 transtulisset
323 2554 336 2571 ,
368 2529 504 2572 perfecit
527 2555 537 2570 ,
569 2540 605 2564 ut
628 2530 707 2565 scire
729 2544 840 2565 omues
864 2532 987 2576 possent
1012 2557 1022 2570 ,

16 2577 254 2617 Hippocrati,
288 2577 319 2608 &
344 2575 502 2607 Veterum
535 2585 599 2608 non
639 2577 747 2617 paucis
771 2578 920 2618 ignotum
957 2588 1022 2610 non

17 2619 130 2656 fuisse,
156 2620 411 2652 Interniittentes
422 2618 534 2651 Febres
558 2618 732 2661 aliquando
757 2620 912 2661 malignas
926 2619 1019 2658 fieri,

16 2665 48 2695 δέ
70 2663 215 2696 exitiales
241 2663 258 2706 (’
275 2675 298 2705 z
320 2665 358 2701 )‚
382 2670 452 2694 tum
476 2661 594 2703 quibus
618 2661 776 2707 eit-signis
791 2664 1021 2706 Mercatusge-

15 2706 154 2739 neratim
178 2705 326 2739 docuerit
350 2704 553 2746 intelligere,
578 2716 627 2738 eas
651 2706 722 2739 sore
736 2706 930 2748 perniciosas
953 2708 1021 2750 (a),

17 2749 182 2791 speciatim
204 2760 280 2783 vero
302 2749 335 2780 in
358 2748 423 2780 illis
444 2749 483 2782 de
506 2748 624 2790 quibus
644 2749 813 2791 loquimur
839 2776 847 2789 ‚
872 2752 1023 2793 pertime-

18 2793 123 2829 scere,
150 2803 188 2825 ne
211 2793 328 2828 tertia,
351 2799 407 2823 aur
430 2799 541 2832 quarta
567 2791 735 2826 accessione
753 2793 997 2836 gravissonznzis
1012 2816 1022 2830 ,

19 2835 73 2869 vel
91 2835 201 2877 gravis
225 2834 288 2867 alia
311 2843 349 2867 ex
363 2832 546 2877 proriferis
571 2833 796 2869 affeffionibus
829 2838 950 2870 omnino
976 2837 1022 2879 es-

15 2877 163 2922 sentialis
181 2875 244 2919 fiat
266 2881 276 2916 (
300 2875 319 2909 b
341 2881 376 2915 ).
510 2878 581 2911 Nec
607 2889 683 2911 vero
709 2880 925 2922 praetereunda
950 2881 1022 2914 sunt

20 2933 93 2965 quae
117 2922 245 2954 Tor-tus
278 2930 407 2962 quoque
430 2923 462 2954 &
495 2924 673 2963 generatim
697 2948 706 2962 ‚
740 2926 771 2956 &
796 2922 961 2966 speciatim
984 2936 1023 2957 ex

20 2965 155 3008 propria
178 2963 400 2998 observatione
423 2963 507 3007 signa
531 2964 698 3007 proposuit
721 2968 735 3005 (
757 2978 772 2998 c
794 2970 829 3005 ),
852 2969 883 3000 &
905 2968 1023 3010 produ-

22 3009 82 3042 &is
106 3006 163 3040 suo
198 3009 273 3041 Ioco
296 3004 437 3040 historiis
469 3017 540 3043 turn
565 3010 603 3043 ad
626 3018 741 3043 caetera
766 3021 879 3052 genera
903 3015 913 3050 (
937 3011 989 3054 d)
1016 3034 1024 3048 ‚

21 3062 93 3085 turn
118 3050 156 3084 ad
180 3051 243 3084 hoc
265 3061 332 3092 quo
354 3049 393 3083 de
416 3052 522 3091 agitur
545 3057 555 3092 ζ
579 3064 594 3086 ε
618 3057 628 3092 )
651 3076 663 3093 ,
687 3054 921 3095 pertinentibus
946 3066 1024 3088 con-

21 3095 166 3129 firmavit
192 3118 200 3127 .
236 3092 443 3133 Quibuscum
476 3094 587 3138 junges
612 3108 682 3138 quae
716 3097 756 3130 ab
780 3098 880 3130 altero
903 3098 1023 3132 Illustri

21 3139 157 3172 Medico
179 3137 300 3179 adjec‘ta
325 3135 397 3185 sunt
409 3136 494 3180 signa
521 3139 558 3172 ad
581 3139 643 3173 hoc
655 3139 739 3174 idern
764 3152 862 3182 genus
879 3140 1022 3183 speetan-

21 3183 71 3215 tia
95 3178 179 3222 (f)
203 3206 210 3213 .
246 3182 377 3221 Sopons
413 3190 519 3214 autem
544 3184 722 3224 graviffimi
746 3196 824 3217 mox
853 3186 1023 3219 adventuri

23 3225 184 3259 indicium
210 3223 442 3272 videbis-apud
465 3226 611 3260 Torturn
635 3228 688 3270 (g
711 3231 724 3266 )
746 3228 907 3261 hocinter
929 3239 1024 3263 caete-

23 3281 58 3303 ra
82 3290 91 3305 ‚
127 3267 215 3310 quod
238 3277 319 3308 aeger
344 3266 504 3300 interdurn
526 3269 707 3304 balbutiens
739 3273 834 3304 verba
858 3273 987 3305 mutilet
1010 3296 1022 3312 ,

23 3312 77 3345 vei
100 3322 200 3344 unum
224 3321 283 3352 pro
307 3309 372 3342 alio
398 3309 560 3352 proferat,
585 3313 751 3355 non—secus
774 3326 809 3347 ac
825 3313 929 3356 silem·
951 3325 1023 3357 apo-

19 3355 127 3398 plexia
149 3355 181 3387 in
205 3352 314 3395 lingum
331 3352 500 3396 parasvfim
521 3355 719 3398 degenerante
736 3356 824 3401 foret
855 3358 999 3391 detentus
1013 3385 1021 3390 .

23 3398 82 3432 Est
105 3399 202 3431 etiam
238 3396 321 3436 apud
345 3398 479 3430 eundem
503 3398 630 3433 Vetulae
654 3400 784 3435 historia
810 3405 821 3439 (
844 3401 864 3434 h
887 3406 896 3440 )
920 3425 932 3442 ,
967 3404 1022 3436 cui

111 3439 277 3484 Morgrzgni
286 3440 398 3473 desed.
410 3440 453 3472 Θ
462 3442 484 3471 C
485 3440 549 3482 aus.
561 3442 663 3475 Morb.
678 3446 777 3478 Torn.
789 3446 837 3476 II.

1093 323 1176 356 reete
1200 321 1296 355 verba
1321 322 1462 364 proferre
1485 334 1548 356 non
1573 321 1672 365 posset
1697 344 1705 359 ‚
1731 333 1841 355 verum
1866 322 1963 355 etiam
1989 325 2093 356 mani-

1090 365 1167 400 festa
1189 366 1294 406 aliqua
1317 366 1383 398 oris
1405 367 1569 399 contorsio
1591 390 1600 405 ,
1622 367 1654 398 in
1681 365 1824 408 sequenti
1847 366 2093 400 exacerbatione

1091 421 1165 443 cum
1189 408 1301 442 iisdem
1327 409 1420 450 sopor
1443 409 1570 451 insuper
1593 411 1700 452 gravis
1726 408 1870 445 accessit,
1894 410 1927 442 in
1943 410 2092 453 proxima

1092 461 1198 486 autem
1223 474 1231 488 ‚
1265 453 1434 494 apoplexia
1458 474 1468 489 ‚
1499 464 1570 495 quae
1593 456 1626 485 in
1650 452 1821 495 paralysim
1844 452 1966 486 dexteri
1990 452 2093 485 totius

1091 497 1197 529 lateris
1220 497 1392 530 transivit:
1417 505 1513 537 atque
1537 506 1572 529 ut
1596 497 1672 529 scias
1695 522 1705 537 ‚
1739 495 1806 530 haec
1830 507 1846 528 a
1870 495 1954 530 febri
1977 493 2092 531 fuiffe;

1090 539 1146 577 usu
1172 540 1342 572 Peruviani
1365 540 1497 572 corticis
1522 539 1645 572 sublata
1670 539 1760 572 sunt.
1787 539 1945 581 Intelligis
1958 550 2022 572 non
2047 537 2091 571 so-

1088 584 1154 616 lum
1178 593 1247 623 quae
1271 582 1419 624 soporem
1445 606 1455 621 ‚
1494 584 1525 615 &
1549 582 1619 624 post
1652 582 1739 617 hunc
1763 583 1964 625 apoplexiam
1989 583 2093 615 inter-

1087 625 1166 660 dum
1191 627 1464 667 praenunciarint‚
1490 624 1539 658 sed
1563 626 1654 658 simul
1679 625 1871 668 apopleetici
1896 631 2003 668 potius
2037 636 2093 667 ge-

1089 671 1194 705 neris,
1219 679 1319 711 quam
1342 667 1513 710 lethargici
1538 669 1634 701 istum
1660 668 1718 701 esie
1743 668 1891 710 soporem
1914 692 1928 709 ,
1961 669 2091 710 praeser-

1089 713 1150 746 tim
1173 722 1245 746 cum
1268 725 1307 745 eo
1330 712 1460 746 stertore
1482 710 1692 753 conjunctum
1718 735 1728 751 ‚
1762 714 1820 753 qui
1844 723 1919 744 cum
1943 710 2092 753 graviori

1091 755 1259 798 apoplexia
1282 755 1375 798 jungi
1398 753 1477 787 solet
1503 778 1511 788 .
1546 755 1629 793 Quae
1654 754 1828 796 spectantes
1852 755 2090 796 Sydenhamius

1089 802 1104 838 (
1126 801 1138 831 ι’
1160 801 1191 836 ),
1216 797 1513 841 aliiquefinsultum
1537 796 1927 840 hujusmodiApoplexiae
1949 807 2028 831 verae
2047 797 2093 838 fi-

1090 840 1195 875 misem
1211 841 1304 883 plane
1325 841 1382 880 esse
1406 865 1414 878 ,
1438 840 1651 881 scripserunt,
1674 844 1704 874 &
1729 842 1853 874 Tortus
1876 840 1942 884 ipse
1968 845 1978 879 (
2002 840 2020 881 l<
2040 843 2054 879 >
2080 861 2090 876 ‚

1087 886 1216 918 tandem
1230 907 1240 922 ,
1264 884 1322 918 nisi
1347 896 1402 926 per
1425 885 1581 918 corticem
1603 884 1812 923 inhibeatur,
1828 881 1927 926 fortir
1949 882 2093 926 ¹Apople-

1086 929 1144 961 xiae
1178 927 1271 967 instar
1292 927 1438 961 occidere
1463 950 1476 967 ,
1508 929 1683 962 Mortonus
1719 936 1825 961 autem
1849 931 1861 966 (
1887 927 1898 960 l
1920 931 1933 967 )
1957 937 2092 968 puerum

1084 982 1180 1013 quem
1205 970 1297 1012 supra
1322 971 1598 1011 memoravimus,
1622 972 1672 1004 bis
1696 972 1867 1004 inventum
1890 971 1930 1003 ab
1954 971 2003 1008 se,
2028 970 2094 1007 ait,

1079 1015 1278 1053 stertentem,
1300 1013 1475 1056 caeterasque
1496 1013 1684 1055 Apoplexiae
1700 1010 1877 1056 fortiffimae
1892 1013 2093 1055 symptoma-

1089 1057 1134 1089 ris
1159 1055 1303 1101 affeft‘um
1329 1080 1340 1094 ,
1372 1057 1475 1090 senem
1500 1067 1604 1089 autern
1641 1057 1849 1090 Avunculum
1875 1056 1965 1092 suum
1988 1059 2002 1095 (
2025 1068 2055 1089 m
2080 1059 2090 1093 )

1089 1101 1210 1133 multos
1232 1099 1299 1141 jam
1324 1110 1423 1133 annos
1447 1098 1593 1133 hebetem
1617 1102 1647 1132 &
1672 1099 1909 1145 somnolentum
1936 1125 1944 1139 ,
1967 1098 2096 1142 apople-

1087 1144 1140 1177 xia
1164 1153 1349 1185 correptum
1374 1141 1487 1178 fuisse,
1515 1144 1647 1181 retulit,
1671 1142 1810 1185 ejusdem
1824 1144 1946 1184 generis
1962 1169 1971 1183 ,
1995 1142 2096 1175 utiu-

1086 1186 1172 1220 sultu
1195 1189 1404 1225 remittente,
1430 1195 1604 1228 utrumque
1628 1187 1749 1219 cortice
1773 1187 1905 1223 eodem,
1929 1186 2016 1227 larga
2029 1196 2095 1218 ma-

1086 1241 1128 1263 nu
1151 1230 1254 1269 dato,
1277 1230 1450 1264 servaverit
1474 1254 1481 1262 .
1508 1230 1596 1263 Senis
1621 1240 1698 1263 vero
1723 1228 1816 1270 hujus
1841 1230 1965 1263 hebetis
1990 1231 2019 1261 &
2042 1227 2097 1260 so-

1085 1274 1264 1311 mnolenti,
1289 1277 1320 1308 δε
1344 1272 1429 1307 obesi
1454 1271 1582 1315 insuper
1608 1274 1881 1307 commemoratio
1905 1295 1915 1310 ‚
1947 1282 2020 1306 cum
2044 1270 2096 1305 hi-

1085 1316 1192 1350 storiis
1216 1318 1287 1350 aliis
1310 1318 1484 1359 confirmita
1507 1340 1516 1355 ,
1549 1321 1579 1351 &
1603 1317 1774 1362 speciatim
1808 1327 1883 1350 curn
1907 1328 1941 1349 ea
1965 1326 2035 1357 quae
2060 1316 2096 1347 in

1085 1360 1296 1393 Commercio
1322 1362 1499 1395 Litterario
1525 1366 1535 1401 (
1559 1363 1612 1405 n)
1636 1362 1675 1396 ab
1697 1361 1850 1404 diligenti
1877 1359 1967 1401 sane,
1992 1370 2026 1391 ac
2045 1356 2099 1391 so-

1084 1403 1159 1435 lerti
1184 1404 1408 1437 Observatore
1432 1404 1590 1447 descripta
1614 1407 1656 1440 est
1678 1431 1690 1447 ,
1725 1408 1815 1440 Anus
1840 1404 1987 1439 videlicet
2024 1413 2097 1445 quae

1084 1446 1140 1479 diu
1164 1457 1256 1480 antea
1282 1447 1406 1481 brachii
1430 1449 1557 1491 stupore
1584 1475 1592 1489 ‚
1629 1453 1661 1483 &
1684 1449 1872 1490 debilitate,
1896 1461 1973 1483 mox
1995 1446 2096 1480 etiarn

1083 1490 1200 1522 canitis
1215 1492 1374 1532 gravitate
1386 1514 1393 1527 ‚
1422 1493 1582 1533 vertigine
1594 1492 1756 1535 frequenti
1772 1516 1781 1528 ,
1805 1497 1835 1526 &
1851 1505 1964 1536 magna
1978 1490 2098 1534 pedum

1085 1532 1266 1567 lassitudine
1289 1532 1437 1574 afflicta,
1463 1535 1573 1575 sopore
1598 1537 1843 1578 profundiffimo
1867 1538 1900 1569 in
1924 1536 2021 1575 febris
2045 1535 2100 1568 in-

1085 1579 1302 1610 termittentis
1326 1577 1529 1619 paroxysmis
1540 1581 1803 1620 corripiebatur;
1828 1580 1916 1616 haec.
1940 1581 2100 1622 inquam,

1086 1620 1232 1662 exempla
1256 1620 1422 1655 solicitum
1446 1620 1548 1655 facere
1572 1633 1603 1655 te
1627 1623 1745 1656 debent
1770 1624 1803 1655 in
1830 1623 1973 1656 febribus
1998 1623 2099 1655 inter-

1083 1664 1291 1710 mittentibus
1313 1675 1384 1705 quae
1407 1663 1558 1699 homines
1583 1665 1872 1700 detineantiisdem
1888 1692 1896 1706 ,
1920 1665 2031 1699 aliisve
2045 1677 2099 1699 ca-

1084 1708 1164 1748 pitis
1187 1718 1253 1749 ejus
1276 1709 1421 1749 generis,
1449 1717 1501 1742 aut
1526 1721 1698 1744 nervorum
1724 1708 1891 1744 affeetibus
1914 1710 2074 1743 obnoxios
2089 1730 2099 1746 ‚

1085 1761 1123 1782 ne
1147 1749 1230 1784 forte
1255 1751 1368 1792 sopore
1392 1751 1451 1785 isto
1474 1752 1619 1786 terrifico
1644 1776 1652 1791 ‚
1689 1763 1743 1787 aut
1770 1777 1778 1790 ,
1814 1753 1883 1796 ipso
1907 1754 2099 1796 etiamwnon

1085 1795 1229 1835 praevio,
1255 1795 1423 1835 apoplexia
1450 1796 1709 1836 prehendantur.
1737 1796 1889 1838 Namque
1920 1806 1955 1830 ut
1981 1797 2098 1829 exlau-

1084 1839 1163 1870 dato
1186 1837 1406 1870 Observatore
1431 1841 1440 1877 (
1467 1850 1482 1870 o
1503 1843 1517 1878 )
1540 1841 1683 1882 exempla
1721 1838 1892 1881 suppetunt
1927 1839 2096 1882 apoplexiae

1084 1879 1344 1921 immedicabilis,
1367 1883 1398 1913 &
1423 1882 1705 1926 apoplexiaesubito
1729 1883 1927 1921 occidentis,
1952 1890 2023 1925 quae
2049 1882 2100 1915 so-

1085 1934 1197 1966 porem
1233 1925 1350 1957 secutae
1376 1923 1448 1971 sunt
1473 1949 1481 1964 ‚
1515 1926 1556 1958 sic
1580 1930 1609 1960 δε
1643 1927 1705 1970 alia
1730 1925 1887 1961 habemus
1906 1929 1940 1960 in
1973 1927 2094 1970 quibus

1082 1965 1193 2008 absque
1211 1966 1350 2010 soporoso
1375 1966 1485 2011 affec‘in
1506 1969 1685 2014 praegreffo,
1710 1971 2007 2004 intermittentibus
2020 1983 2099 2004 cor-

1083 2019 1192 2058 reptos
1219 2011 1361 2045 febribus
1388 2014 1495 2053 rapuit
1521 2013 1709 2055 apoplexia.
1736 2016 1847 2055 Igitur
1870 2014 1925 2048 ubi
1950 2026 2030 2056 aeger
2055 2016 2097 2047 iis

1082 2062 1144 2086 erit
1169 2054 1331 2088 obnoxius
1359 2055 1449 2087 malis
1471 2056 1509 2089 de
1542 2057 1663 2100 quibus
1689 2059 1872 2092 dicebamus
1897 2071 1905 2095 ς
1939 2058 1989 2091 illi
2013 2070 2095 2100 prae-

1083 2096 1193 2130 sertim
1218 2121 1227 2134 ,
1262 2098 1342 2145 sicut
1368 2098 1422 2131 alii
1446 2121 1456 2136 ,
1487 2098 1538 2134 fac
1562 2102 1717 2136 corticem
1741 2105 1771 2135 &
1797 2102 1989 2146 tempestive
2012 2114 2095 2144 prae-

1081 2140 1176 2189 bea5‚
1201 2144 1232 2174 ἃ·
1257 2144 1344 2183 μιῆς)
1370 2152 1406 2175 ut
1430 2151 1576 2186 tempore
1601 2144 1693 2186 poffit
1721 2147 1851 2180 retineri
1874 2157 1984 2182 cure53
2010 2147 2035 2179 is
2060 2158 2096 2179 e..

1083 2193 1152 2216 nim
1176 2196 1274 2226 quem
1307 2185 1415 2235 subito
1438 2188 1606 2230 apoplexia
1629 2189 1772 2223 occisum
1804 2191 1972 2224 retulimus
1996 2212 2005 2227 2
2038 2202 2095 2224 ne-

1081 2238 1245 2270 quaquam
1278 2239 1385 2269 potuit
1411 2232 1545 2264 retinere
1571 2260 1577 2265 .
1612 2232 1698 2276 Quae
1723 2244 1773 2266 me
1805 2245 1854 2267 res
1891 2236 1924 2267 in
1955 2235 2094 2268 Comite

1082 2271 1234 2318 Trento3
1259 2272 1350 2305 fimul
1374 2273 1460 2315 quasi
1487 2276 1712 2318 apoplefiico,
1737 2286 1771 2310 ut
1795 2277 1921 2311 dicium
1945 2279 2013 2316 est,
2041 2277 2092 2311 so‘-

1081 2325 1183 2365 pore,
1210 2317 1300 2348 simul
1326 2319 1427 2365 nimia
1453 2317 1517 2350 alvi
1542 2319 1730 2365 lubricitate
1755 2318 1900 2361 affec'to,
1923 2334 1964 2354 eo
1988 2324 2092 2364 magis¹

1081 2369 1215 2392 anxrum
1237 2359 1354 2392 habuit
1381 2385 1389 2398 ,
1422 2361 1511 2402 quod
1536 2373 1601 2403 ejus
1624 2364 1773 2397 Fratrem
1797 2365 1886 2397 annis
1910 2365 2090 2407 superiori-

1079 2401 1138 2435 bus
1163 2404 1328 2452 repentina
1353 2407 1520 2445 apoplexia
1546 2405 1707 2440 sublatum
1731 2406 1848 2447 fuisse,
1871 2420 1934 2442 non
1959 2410 2094 2451 ignora-

1078 2446 1173 2479 bam.
1200 2445 1260 2479 Sed
1285 2458 1317 2478 in
1344 2448 1529 2489 paroxysmi
1562 2450 1743 2483 remiffione.
1765 2452 1804 2483 iis
1828 2463 1899 2494 quae
1927 2456 2093 2490 ventricu-

1076 2489 1144 2522 lum
1167 2491 1417 2522 corroborarent
1442 2505 1451 2528 ς
1485 2493 1554 2535 opii
1579 2494 1664 2526 enim
1689 2494 1737 2527 vel
1764 2495 1909 2537 pauxillo
1934 2497 2018 2531 tunc'
2036 2500 2087 2533 uti

1077 2536 1199 2566 veritus
1225 2533 1318 2570 sum;
1343 2532 1384 2566 fic
1407 2535 1480 2568 satis
1504 2536 1643 2570 admistis
1672 2560 1685 2577 ,
1730 2548 1765 2571 ut
1791 2540 1982 2575 retineretur
2016 2553 2091 2575 cor-

1076 2585 1164 2626 tex,
1192 2588 1323 2619 operam
1356 2578 1455 2612 dedi.
1502 2581 1591 2614 Deus
1628 2590 1735 2617 autem
1770 2583 1846 2618 meis
1880 2586 1993 2618 annuit
2032 2597 2090 2626 vo—¹

1075 2628 1143 2653 tis.

1114 2674 1168 2706 32.
1191 2665 1271 2698 Non
1296 2674 1377 2717 puto
1400 2690 1409 2706 ,
1445 2671 1574 2711 gravius
1597 2680 1627 2704 te
1653 2670 1732 2705 ferre
1759 2687 1771 2710 ·,
1804 2684 1867 2706 non-
1891 2674 2003 2707 mirari
2027 2687 2088 2708 ati-²

1072 2716 1157 2744 tem,
1182 2719 1273 2742 certo
1297 2709 1382 2747 scio,
1407 2714 1495 2753 quod
1519 2725 1578 2754 pro
1603 2724 1809 2749 mortuorum
1822 2729 1859 2749 ex
1883 2716 1969 2750 hisce
1984 2717 2094 2751 febri*v

1073 2751 1132 2783 bus
1157 2755 1347 2801 anatomicis
1371 2755 1667 2791 Observationibus
1691 2781 1699 2794 ‚
1727 2758 1983 2794 Observationes
2008 2774 2085 2802 pro-

1074 2797 1204 2828 tulerim
1229 2798 1261 2829 in
1287 2799 1472 2832 viventibus
1498 2800 1645 2832 habitas.
1671 2800 1768 2841 Nosti
1791 2804 1880 2835 enim
1904 2815 1978 2836 cum
2004 2807 2086 2838 inea

1074 2850 1145 2884 quae
1168 2840 1200 2871 in
1226 2841 1433 2882 Sepulchreto
1457 2843 1500 2876 est
1523 2844 1560 2876 de
1587 2844 1740 2878 Febribus
1763 2846 1908 2878 sectione
1930 2847 2086 2889 quasdam

1074 2881 1168 2931 huius
1202 2895 1331 2925 quoque
1356 2885 1487 2918 alterius
1522 2889 1647 2928 generis
1673 2887 1823 2921 historias
1847 2893 1900 2930 (lp
1924 2893 1933 2928 )
1962 2902 2083 2933 propo-

1075 2936 1108 2957 ni
1123 2952 1131 2965 ,
1155 2935 1227 2959 tum
1249 2926 1421 2968 praesertim
1446 2941 1462 2960 a
1488 2930 1672 2971 periculosis
1693 2929 1942 2966 diffee'rionibus
1963 2946 2013 2967 me
2038 2946 2084 2968 re·

1075 2968 1184 3011 fugere
1207 2969 1418 3004 consuevisse.
1443 2972 1525 3014 Quo
1548 2975 1651 3006 minus
1678 2997 1688 3013 ,
1712 2976 1830 3015 opinor
1854 2999 1863 3012 ,
1899 2973 2093 3019 expestabis'

1076 3011 1228 3046 sectiones
1252 3026 1267 3045 a
1294 3026 1343 3047 me
1378 3014 1536 3048 institutas
1559 3028 1672 3050 eorum
1701 3029 1781 3059 quos
1806 3019 1953 3061 malignae
1978 3019 2090 3056 febres,

1076 3057 1207 3089 variolis
1232 3057 1352 3097 stipatae
1375 3056 1574 3099 absumpsere
1601 3082 1609 3096 ‚
1643 3072 1718 3093 cum
1741 3060 1818 3094 scias
1840 3084 1850 3099 ‚
1873 3075 1920 3096 ine
1945 3065 2081 3101 necdum

1076 3100 1212 3132 variolis
1236 3099 1327 3133 fuiffe
1351 3111 1556 3143 correptum.
1581 3104 1699 3146 Neque
1713 3108 1799 3137 enim
1825 3109 1911 3139 tanti
1936 3107 2003 3140 sum
2016 3108 2080 3141 ani-

1076 3145 1144 3182 mi,
1170 3154 1204 3176 ut
1227 3144 1349 3175 imitari
1374 3145 1505 3178 audeam
1530 3147 1744 3180 Theodorum
1769 3150 1999 3191 Zwingerum,
2023 3154 2081 3194 qui

1074 3197 1110 3220 ut
1143 3188 1176 3219 in
1211 3187 1419 3227 Sepulchreto
1454 3187 1540 3232 (ᾗ)
1564 3191 1661 3224 etiam
1685 3190 1770 3233 leges
1793 3214 1802 3228 ‚
1837 3204 1910 3226 cum
1936 3206 1972 3227 eo
1998 3206 2080 3231 nun-

1074 3241 1171 3272 quam
1216 3231 1330 3263 morbo
1374 3231 1541 3266 laborasset
1567 3256 1576 3270 2
1623 3246 1756 3275 puerum
1801 3236 1911 3269 eodem
1934 3238 2080 3272 occisum

1074 3273 1223 3307 dissecuit
1257 3297 1263 3303 .
1321 3275 1368 3307 At
1414 3276 1501 3309 enim
1533 3300 1541 3314 ,
1590 3278 1699 3319 inquis
1733 3302 1742 3315 ,
1790 3281 1836 3311 vel
1884 3280 1967 3322 peste
2013 3281 2085 3321 ipsa,

1074 3327 1314 3358 peremptorum
1338 3318 1509 3356 cadavera,
1534 3319 1598 3362 jam
1623 3319 1742 3362 frigida
1767 3321 1960 3360 praesertim,
1985 3324 2082 3357 d‘isl'e.·

1073 3360 1121 3393 &a
1137 3382 1146 3396 ,
1170 3371 1283 3392 nocere
1307 3371 1465 3403 negarunt
1490 3363 1676 3396 Doctiffimi
1702 3365 1797 3396 Viri.
1825 3366 1894 3403 Ego
1919 3379 1994 3400 vero
2019 3369 2083 3401 lios

1074 3406 1157 3445 legi,
1185 3404 1233 3437 sed
1257 3404 1337 3446 quid
1361 3404 1726 3439 ThomasBartholinus
1749 3406 1834 3449 (q),
1856 3403 1890 3441 δέ
1906 3410 2080 3446 Isbrandus

1602 3451 1629 3481 L
1653 3451 1663 3483 l
1954 3455 2036 3487 Die.
2080 3482 2082 3486 .

2023 3541 2036 3545 .,

86 3617 96 3647 (
111 3628 123 3644 r
139 3619 154 3648 )
170 3619 310 3650 Pyretolog.
328 3621 411 3645 Exere.
427 3627 446 3644 i.
462 3628 483 3645 c.
502 3629 524 3650 9.
542 3622 602 3646 Hist.
619 3630 656 3653 ²5·

85 3652 98 3678 (
114 3657 125 3674 ε
141 3656 151 3677 >
167 3651 239 3679 Epist.
256 3650 367 3678 Respons.
385 3650 413 3674 de
429 3651 513 3675 Morb.
530 3653 642 3680 Epidem.

87 3680 101 3708 ί
117 3688 134 3708 z
151 3681 164 3708 )
184 3681 244 3704 [bid.
259 3688 279 3704 c.
298 3690 320 3708 4.
341 3680 424 3705 schol.
443 3690 464 3707 1.
480 3683 502 3705 δι
517 3690 538 3706 c.
557 3685 580 3707 8.
598 3686 680 3709 Sehol.
699 3694 719 3709 1.

85 3710 384 3768 {egra-anm.
509 3712 732 3745 ‹2>1b1a.e.3.

117 3749 126 3763 l

85 3771 100 3797 (
116 3778 129 3792 o

87 3802 101 3829 s.
116 3798 130 3812 ¹*
147 3800 156 3832 )

172 3742 243 3769 Epist.
260 3742 302 3765 eit.
365 3741 407 3768 (k
426 3742 433 3770 )
450 3743 465 3766 Ι-
485 3751 505 3771 3.
524 3751 543 3766 c.
563 3753 583 3769 1.
649 3746 786 3775 (tJHist.
803 3756 839 3777 25.
859 3751 899 3774 eit.

149 3776 150 3780 ¹
170 3773 306 3795 Commerc.
325 3772 415 3796 Litter.
434 3775 461 3796 A·
480 3781 546 3802 ¹73¹-
563 3776 663 3803 specim.
681 3785 717 3805 24·
734 3786 756 3801 n.
776 3787 798 3806 3·
816 3780 839 3802 δι
855 3784 887 3805 Α,
905 3790 973 3810 1734·
992 3783 1068 3806 Hebri.
1087 3790 1121 3811 13.
1139 3785 1190 3813 post
1207 3793 1228 3808 n.
1248 3793 1269 3807 ι.

898 3815 912 3842 (
929 3821 943 3841 q
959 3813 971 3840 J
989 3813 1079 3837 Confil.
1095 3815 1123 3838 de
1141 3817 1213 3839 Anat.
1234 3816 1307 3840 l’rast.
1328 3824 1349 3840 n.
1368 3823 1388 3845 3.

173 3801 198 3826 in
216 3803 336 3827 Additam.
353 3803 380 3826 ad
399 3802 460 3827 hanc
476 3804 536 3829 Sess.
556 3806 613 3831 Obs.
633 3815 668 3836 19.
686 3815 741 3833 cum
758 3808 836 3834 schol.

718 3626 731 3654 (
746 3625 764 3655 s
778 3627 786 3655 )
802 3627 948 3664 Τὴενᾳρευῑ.
965 3630 1066 3659 special.
1084 3632 1114 3655 ad
1130 3631 1189 3656 febr.
1207 3631 1299 3660 period.
1317 3632 1405 3661 per-nic.
1426 3633 1440 3658 l.
1458 3642 1480 3662 4.
1496 3642 1517 3658 c:⁴
1538 3643 1560 3664 3.
1581 3636 1641 3660 Hist.
1659 3643 1680 3664 9.
1698 3636 1720 3659 ὃς
1739 3643 1761 3660 r.

701 3656 715 3685 ζ
731 3664 746 3679 u
761 3657 775 3685 )
792 3659 899 3683 Exercit.
921 3668 940 3684 1.
958 3661 987 3684 de
1003 3663 1070 3685 Mot.
1085 3662 1149 3686 cord.
1165 3662 1188 3685 8c
1204 3663 1283 3692 sangu.
1301 3671 1321 3687 c.
1344 3667 1375 3687 16.

781 3688 794 3716 (
809 3696 824 3711 a
841 3690 850 3719 )
869 3690 929 3714 lbid.
947 3698 969 3714 c.
985 3698 1008 3715 2.
1026 3697 1082 3715 ante
1098 3694 1177 3717 schol.
1196 3700 1215 3723 ζ.

1397 3694 1402 3698 ι
1438 3666 1734 3695 (x)A.17.50.Hebd.
1754 3675 1777 3696 ¹3
1807 3675 1831 3691 n.
1848 3675 1869 3691 2.
1933 3667 2075 3699 (y)l.2.

899 3721 903 3724 -
1131 3724 1134 3728 .
1278 3692 1289 3720 (
1305 3694 1318 3717 b
1334 3693 1348 3721 )
1366 3693 1430 3718 llud.
1448 3703 1468 3719 c.
1487 3703 1507 3724 3.
1524 3701 1579 3721 ante
1595 3697 1676 3721 Schol.
1695 3705 1716 3726 3.
1779 3700 1791 3727 (
1810 3707 1820 3721 c
1837 3699 1850 3727 )
1868 3701 1883 3722 1.
1901 3704 1958 3727 35⁶.
1980 3706 1999 3724 ι.
2019 3710 2021 3712 ·

795 3717 835 3747 (f
852 3721 859 3749 l
875 3721 929 3744 Vid.
947 3723 1088 3755 Commerc'.
1108 3725 1195 3748 Litter.
1213 3726 1243 3747 A.
1265 3731 1328 3753 1733.
1346 3724 1423 3748 Hebd.
1442 3735 1477 3754 52.
1539 3727 1581 3756 (g
1601 3730 1608 3755 )
1626 3728 1640 3751 l.
1659 3735 1679 3756 3.
1696 3735 1716 3750 c.
1736 3735 1755 3751 1.
1813 3730 1824 3758 (
1845 3729 1858 3751 li
1875 3729 1888 3757 )
1904 3730 1921 3753 l.
1939 3737 1964 3758 4.
1981 3736 2001 3753 c.
2020 3738 2043 3757 4.

962 3752 969 3781 (
987 3760 1010 3774 m
1029 3752 1037 3780 )
1055 3752 1115 3776 Hrst.
1133 3758 1167 3778 26.
1233 3754 1241 3781 s
1259 3762 1274 3776 n
1292 3755 1301 3784 )
1318 3757 1349 3778 Α.
1368 3757 1433 3784 1738.
1453 3757 1529 3780 Hebd.
1547 3765 1584 3786 33.
1943 3773 1953 3780 x-

1332 3785 1338 3812 (
1355 3792 1371 3814 Ρ
1387 3787 1400 3811 )
1418 3788 1526 3815 Append.
1543 3788 1571 3812 ad
1589 3784 1647 3811 ΟΜ,
1668 3795 1700 3811 ro.
1720 3790 1740 3813 ὃς
1758 3795 1795 3818 25»
