2498 4075
404 112 468 182 36

942 109 1107 164 ‘Liber
1136 107 1226 170 111.
1260 110 1346 166 De
1378 112 1589 170 Morbis
1625 114 1840 171 Ventris

333 198 392 222 aut
418 191 464 232 ῦς
482 198 522 225 -ut
547 189 607 223 alia
642 183 783 221 aliorum
806 186 968 220 vitiorum
991 187 1147 226 omittam
1169 189 1335 238 exemplu
1383 189 1415 222 in
1441 190 1491 224 his
1514 189 1762 231 describuntur,
1787 191 1951 225 infantum
1979 189 2136 234 superstes
2167 193 2263 232 ‚fuir3
2298 196 2392 230 causa

334 231 358 266 si
375 234 526 275 ,inquam
540 258 548 274 ‚
564 241 673 266 totum
692 230 773 268 illud
786 229 865 263 defit
878 229 1064 269 intestinum
1079 253 1088 268 ‚
1113 232 1207 273 cujus
1219 242 1264 265 γει
1278 232 1341 264 ibi-

330 276 406 315 dem
429 278 473 328 (s)
483 274 905 318 reperiesObservationern
919 297 927 306 .
946 273 1341 310 Nonneincisionisidem

332 319 375 361 est
392 332 500 359 xexitus
525 329 620 361 quem
644 318 692 351 ibi
717 320 801 360 leges
817 339 826 355 ,
851 328 904 350 aut
918 316 999 359 apud
1025 317 1239 353 Schenckium
1255 318 1314 360 (t)
1329 341 1339 356 ‚

329 374 407 403 §.um
432 367 464 397 in
490 362 634 396 Sichardi
660 360 1049 404 pharmacopolae-puella
1075 360 1250 396 seirionem
1265 363 1340 404 qui-

330 405 405 439 dem
419 406 580 450 aggressus
592 405 636 439 est
649 403 896 446 Chirurgus,sed
912 403 1042 443 Rettum
1057 403 1233 443 intestinum
1245 406 1341 440 mini-

327 447 540 489 *meinveniss
563 459 597 483 ut
610 460 711 491 neque
734 449 787 481 ille
813 448 891 479 alter
914 447 971 490 qui
986 445 1166 488 perforavit
1178 450 1218 481 ad
1238 448 1338 491 longi-

329 491 548 535 tudinemfere
559 492 688 533 minimi
696 491 791 533 digiti
804 491 836 523 in
851 501 916 523 uno
927 490 1078 528 videlicet
1089 490 1127 523 de
1140 490 1269 530 duobus
1288 494 1336 525 in-

331 534 476 570 fantibus
487 547 569 579 quos
581 544 722 569 carentes
734 543 809 568 toto
819 533 879 567 illo
891 534 1041 567 intestino
1054 534 1137 573 vidit
1149 534 1336 576 Ruyschius

329 581 396 618 (u)
409 605 416 614 .
435 579 507 614 Nec
521 590 597 612 vero
611 577 794 620 hujusmodi
810 577 1059 619 exemplaquam
1072 577 1221 611 rariffima
1237 577 1310 612 sunt
1326 606 1335 621 ‚

331 634 406 656 curn
421 625 519 661 etiam
534 623 604 656 Cel.
618 623 683 655 Vir
696 621 862 659 Heisterus
885 624 951 660 (x)
974 621 1089 659 semel,
1106 630 1204 663 atque
1216 622 1335 656 iterum

328 666 388 701 fibi
404 666 470 705 visa
483 665 742 703 confirmaverit,
756 676 919 707 unumque
934 666 993 706 (y)
1007 666 1098 706 plene
1111 663 1335 708 descripserit:

331 721 390 744 nec
413 710 496 744 deest
521 719 675 752 praeterea
687 708 774 751 quod
788 708 864 741 alibi
890 709 976 750 legas
994 733 1002 746 ‚
1025 710 1176 751 quamvis
1188 711 1295 742 obiter
1319 722 1336 743 a

328 753 385 788 Cl.
410 755 548 795 Hoyero
571 755 585 791 ζ
606 753 664 795 z)
688 761 904 787 memoratum
926 776 934 783 .
970 751 1062 793 Qin
1097 752 1272 795 aliquando
1295 754 1337 787 il-

328 797 386 832 lud
420 808 551 841 quoque
585 796 706 829 accidit
741 795 831 837 quod
864 795 1012 836 decipere
1046 793 1172 830 facilius
1207 796 1302 839 poffit
1324 819 1337 836 ,

287 852 444 882 ..mempe
468 849 504 873 ut
526 839 625 879 Reffl
648 838 792 872 intestini
817 850 889 880 pars
914 839 1027 872 infima
1052 850 1117 872 non
1141 839 1218 873 desit
1233 865 1242 880 ‚
1264 852 1336 883 quae

328 883 473 919 immisso
499 895 553 925 per
577 894 675 917 anum
696 882 805 923 digito
830 882 868 915 ad
894 880 1035 922 spatium
1072 884 1225 925 perbreve
1260 884 1337 917 satis

327 937 460 971 paten5‚
486 927 575 969 ,spem
599 926 699 961 faciat
723 925 828 959 felicis
845 924 1030 965 incisionis,
1055 925 1142 969 quasi
1168 927 1251 961 nihil
1278 926 1338 963 nisi

325 969 497 1017 interje6ta
523 972 630 1014 aliqua
655 970 841 1003 membrana
866 970 1202 1007 communicationem
1236 972 1340 1005 inter-

323 1015 469 1052 cluderet
492 1027 566 1049 curn
585 1014 752 1058 superiore
774 1011 922 1054 intestini
947 1022 1059 1056 parte,
1084 1016 1115 1046 δι
1137 1024 1245 1049 tamen
1271 1025 1341 1058 pars

327 1059 397 1096 haec
420 1058 547 1101 reliqua
570 1058 728 1100 nusquam
753 1055 813 1097 sit,·
838 1057 888 1092 sed
913 1057 1055 1090 Reetum
1068 1059 1205 1092 alterum
1231 1057 1268 1091 sit
1288 1060 1338 1091 in-

325 1103 480 1137 testinum
504 1102 592 1144 quod
615 1101 751 1140 faecibus
775 1101 907 1144 plenum
931 1126 940 1141 ,
974 1101 1103 1143 longius
1140 1103 1179 1135 ab
1213 1113 1273 1135 ano
1299 1103 1338 1136 ad

325 1147 489 1181 summum
513 1146 646 1180 Sacrum
658 1157 694 1179 os
718 1143 929 1185 seinflestat,
954 1144 1187 1187 occlusumque
1212 1145 1281 1182 ibi,
1308 1148 1340 1181 ἃς

325 1189 463 1229 firmiter
487 1189 693 1224 concrescens
706 1188 862 1226 finiatur,
888 1189 1190 1230 quemadmoduma
1214 1189 1267 1222 Cl.
1283 1191 1339 1222 Pe-

325 1244 379 1268 tro
414 1232 547 1267 Christo
573 1231 655 1266 horo
692 1234 861 1275 Wagnero
895 1235 985 1272 (a)
1020 1232 1230 1274 conspectum
1265 1233 1306 1266 est
1330 1257 1338 1265 .

326 1278 492 1321 Equidem
516 1245 723 1319 Ciiirurgurn
746 1287 812 1309 non
837 1274 961 1316 semper
992 1276 1192 1319 culpaverim
1208 1297 1219 1313 ‚
1244 1275 1264 1310 fi
1289 1288 1339 1309 re-

322 1334 396 1356 cens
422 1330 515 1355 natus
539 1320 713 1364 prostridie
739 1331 838 1362 quam
862 1318 965 1352 sectus
988 1320 1058 1359 est,
1090 1321 1232 1353 intereat
1257 1344 1266 1360 ‚
1300 1330 1337 1355 ut

322 1368 377 1400 ille
401 1365 493 1409 cujus
515 1364 582 1399 duo
607 1364 769 1398 fraterculi
795 1362 854 1406 ipfi
870 1374 1000 1406 quoque
1023 1363 1242 1407 imperforato
1277 1376 1335 1406 po.

320 1411 396 1450 dice
421 1410 490 1443 nati
526 1407 653 1443 fuerant
680 1412 690 1448 (
716 1407 734 1442 b
757 1408 794 1450 2.
822 1407 985 1444 Ut.enim
1007 1408 1187 1446 tot'alios‚
1221 1409 1333 1444 eodem

323 1455 410 1490 vitio
425 1453 578 1493 affines,
603 1451 713 1488 vixisse
737 1453 801 1495 legi
816 1450 935 1494 septem
949 1474 957 1490 ‚
980 1450 1115 1493 decem,
1137 1451 1333 1495 duodecim,

325 1497 471 1544 pluresve
494 1497 587 1537 dies,·
614 1496 654 1531 sic
678 1498 779 1531 etiam
803 1495 889 1537 legi,
914 1495 1062 1540 aliquos,
1087 1505 1191 1531 cetera
1217 1497 1309 1531 sanos
1325 1524 1334 1539 ,

324 1544 413 1577 nulla
437 1542 557 1585 pariter
569 1541 709 1576 scaione
722 1549 881 1578 vexatOS,
905 1539 1049 1573 triduum
1063 1550 1127 1573 non
1153 1540 1309 1581 superasse
1323 1565 1331 1573 .

323 1588 550 1623 Veruntamen
573 1584 632 1619 nili
659 1595 714 1626 per
739 1592 911 1617 anatomen
935 1582 1077 1619 constet,
1108 1581 1268 1626 Chirurgi
1293 1598 1331 1618 o-

323 1642 382 1675 pus
406 1631 523 1664 mortis
545 1627 671 1662 causam
696 1634 762 1660 non
786 1624 926 1661 attulisse
950 1636 963 1664 ,·
996 1637 1127 1659 omnem
1160 1629 1329 1663 accelerati

324 1675 477 1709 jnteritus
500 1673 716 1716 suspicionem
740 1680 805 1705 non
829 1665 962 1709 effugiet
986 1669 1012 1703 is
1036 1668 1213 1711 praesertim
1237 1675 1293 1714 qui
1318 1694 1327 1713 ‚

323 1730 389 1755 non
413 1718 538 1753 cunctis
562 1716 627 1748 rite
651 1712 833 1756 perpetius,
863 1722 1026 1760 praeceps‚
1052 1711 1142 1754 quasi
1167 1714 1204 1747 ad
1230 1717 1330 1748 mini-

323 1774 376 1798 me
400 1759 620 1804 periculosum
635 1757 797 1793 auxilium
810 1777 820 1793 ,
846 1755 885 1791 ,ad
899 1755 1073 1789 senionem
1084 1756 1307 1793 decucurrerit
1321 1784 1330 1793 .

321 1805 549 1844 Quamobrem
573 1813 649 1836 curn
661 1802 712 1834 via
748 1800 831 1836 alia,
852 1800 1002 1841 quamvis
1026 1801 1257 1840 incommoda,
1284 1803 1332 1837 sa-

322 1852 366 1887 tis
391 1857 478 1892 patet
496 1872 505 1888 ,
528 1857 594 1883 non
617 1844 741 1879 constat
765 1851 897 1880 autem,
924 1842 1068 1876 Rectum
1092 1844 1280 1879 intestinum
1294 1847 1332 1880 ad

321 1890 590 1929 interfemineum
616 1889 714 1931 usque
737 1886 780 1920 Γπ,
813 1885 1002 1934 descendere
1021 1910 1030 1925 ,
1068 1896 1104 1924 ut
1136 1897 1210 1921 cute
1231 1910 1242 1926 ‚
1279 1899 1335 1923 aut

323 1937 510 1975 membrana
535 1945 600 1969 non
623 1930 798 1967 craffiffima
821 1941 889 1972 ejus
913 1931 1031 1963 canalis
1058 1932 1246 1974 operiatur;
1268 1944 1334 1966 non

326 1983 369 2018 est
394 1981 442 2015 ibi
464 1989 520 2022 per
545 1977 721 2011 (cerionem
745 1974 956 2017 quaerendum
969 1973 1058 2015 quod
1083 1975 1260 2010 fortassein
1284 1976 1337 2010 su-

326 2035 493 2071 premam,
515 2017 782 2065 exemplicausa,
805 2017 1068 2064 vaginaepartem
1080 2017 1217 2053 finitur.
1243 2019 1335 2053 Nam

327 2069 388 2106 nisi
412 2080 450 2106 eo
474 2065 572 2109 usque
597 2063 764 2108 perveniat
789 2062 926 2098 incisim
949 2059 1032 2095 nihil
1053 2061 1213 2101 efficitur3
1236 2062 1259 2096 si
1284 2075 1339 2098 ve-

326 2127 364 2151 χο
388 2126 425 2150 eo
440 2111 538 2154 usque
562 2108 753 2152 perveniat,·
774 2114 891 2147 praeter
903 2102 1170 2146 haemorrhagiae‚
1196 2116 1252 2140 aut
1265 2118 1340 2141 ner-

331 2168 449 2193 vorum
478 2152 682 2191 distentionis
715 2149 895 2193 periculum
915 2169 926 2186 ‚
960 2148 1027 2181 duo
1052 2149 1112 2182 alia
1138 2149 1276 2191 restant,
1301 2162 1339 2184 ne

329 2205 383 2237 via
408 2201 448 2236 ab
471 2207 585 2234 natura
609 2198 643 2230 in
668 2194 818 2236 vaginam
844 2201 954 2235 aperta
978 2191 1196 2227 nihilominus
1229 2194 1338 2228 claudi

327 2245 456 2291 prorsus
478 2253 543 2278 non
568 2239 682 2284 poffit,
704 2240 850 2278 itemque
874 2247 912 2269 ne
936 2236 1032 2269 altera
1058 2236 1098 2269 ab
1122 2248 1186 2271 arte
1212 2237 1338 2280 patefa-

330 2292 383 2324 ἃᾶ
400 2314 408 2329 ,
433 2296 566 2332 propter
591 2281 782 2327 sphin61eris
804 2276 987 2318 defectum,
1011 2281 1260 2320 incommodum
1271 2294 1337 2318 non

326 2334 445 2370 tollat,
473 2330 524 2364 sed
549 2328 712 2371 duplicet.

371 2388 404 2421 4.
429 2373 534 2417 Quod
558 2372 579 2406 si
605 2370 712 2404 nullus
736 2367 874 2401 omnino
896 2368 1004 2401 exitus
1027 2377 1135 2410 pateat
1159 2369 1224 2403 alvi
1248 2369 1340 2403 faeci-

328 2423 414 2461 bus,
437 2427 533 2454 centae
558 2413 696 2451 infantis
720 2412 820 2444 morti
846 2420 959 2452 anceps
993 2414 1121 2445 curatio
1155 2413 1199 2446 est
1223 2415 1340 2455 praefe-

327 2465 442 2501 renda-
468 2459 686 2502 Nequeenim
710 2456 756 2487 ita
781 2466 797 2487 a
823 2462 939 2486 natura
952 2465 1026 2487 cum
1040 2457 1165 2489 caeteris
1191 2458 1338 2490 animan-

327 2511 418 2545 tibus
442 2506 550 2539 aetum
577 2503 644 2542 est,
667 2506 704 2534 ut
727 2508 801 2532 cum
825 2495 948 2530 infecto
968 2498 1028 2531 illo
1052 2499 1140 2541 quod
1160 2500 1267 2535 Gallis
1290 2500 1340 2533 di-

330 2556 416 2588 citur
440 2546 669 2585 formica-leo,
692 2542 746 2576 cui
770 2541 942 2575 secundum
962 2541 1201 2577 observationes
1224 2543 1339 2578 Histo-

329 2597 393 2632 rici
417 2585 918 2630 inseetorumincomparabilis‚
945 2584 1142 2620 Reaumurii
1166 2591 1177 2627 (
1201 2587 1252 2629 c)
1279 2599 1337 2621 nec

327 2639 435 2686 podex
458 2636 525 2675 est,
550 2645 606 2667 uec
631 2630 790 2666 sensibilia
816 2628 882 2662 alvi
906 2639 1112 2665 excrementa
1136 2655 1143 2662 .
1178 2631 1280 2667 Quod
1313 2631 1337 2666 fi

330 2695 426 2718 vacca
451 2706 460 2721 ,
497 2679 536 2713 de
565 2689 629 2720 qua
673 2672 866 2709 Aristoteles
892 2672 983 2714 (d)
1016 2685 1050 2707 ea
1099 2685 1171 2717 quae
1209 2686 1339 2716 accepe-

328 2738 402 2766 rat,
439 2723 602 2758 memoriae
625 2717 788 2756 tradidit,
811 2716 919 2750 clauso
943 2717 1057 2759 podice
1081 2716 1146 2751 fuit
1171 2719 1340 2756 Perinthi,

330 2772 383 2806 cui
406 2768 470 2803 cibi
493 2771 721 2802 excrementum
743 2767 970 2798 extenuatum,
1002 2770 1060 2803 per
1079 2761 1213 2804 veficam
1236 2762 1340 2804 trans-

331 2811 522 2850 mittebatur
544 2832 556 2849 ,
588 2803 787 2850 diffetiusque
828 2813 927 2852 anus·
946 2804 1042 2838 denuo
1080 2814 1209 2847 propere
1240 2807 1340 2839 coale-

327 2857 453 2903 scebat,
478 2864 531 2886 nec
554 2848 715 2892 resecando
725 2849 866 2881 evincere
890 2848 1010 2882 wtium
1030 2856 1179 2890 poterant
1201 2859 1212 2887 5
1245 2861 1338 2883 nem..

332 2914 371 2946 pe
395 2899 550 2932 ultimum
574 2892 760 2927 intestinum
784 2888 939 2930 fortasse,
964 2900 999 2925 ut
1024 2903 1084 2934 ego
1107 2891 1272 2934 suspicor,
1303 2895 1337 2927 in

330 2944 468 2980 vesicam
492 2937 677 2974 desinebat;
702 2935 837 2969 inutiles
869 2943 978 2968 autem
1013 2934 1169 2970 sefiiones
1201 2948 1235 2970 ea
1266 2948 1337 2980 quae

329 2987 430 3034 paulo
454 2992 526 3017 ante
551 2982 621 3015 dixi
644 2987 698 3013 aut
730 2979 769 3013 de
803 2978 1011 3022 perveniendi
1046 2979 1123 3015 illuc
1158 2991 1225 3022 quo
1257 2993 1337 3022 opus

330 3032 398 3072 est,
423 3036 478 3064 aut
501 3026 542 3060 de
564 3026 626 3058 viae
650 3023 691 3057 ab
715 3031 828 3056 natura
840 3031 960 3064 apertae
977 3023 1184 3057 occludendae
1195 3022 1336 3058 difficul-

331 3085 400 3112 tate
434 3069 631 3107 confirmant
653 3090 661 3099 .
697 3066 816 3108 Neque
852 3065 913 3099 alia
948 3066 1030 3102 mihi
1073 3066 1214 3109 suspicio
1254 3068 1335 3102 olim

332 3122 422 3158 fuit,
445 3125 520 3152 cum
546 3111 703 3147 Bononiae
726 3110 786 3145 effe
812 3110 985 3151 Virginem
1009 3111 1142 3152 audivi,
1176 3122 1248 3154 quae
1285 3114 1334 3145 ni-

329 3165 379 3203 hil
404 3171 458 3206 per
481 3157 653 3198 intestina,
677 3155 727 3188 sed
739 3154 870 3191 omnia,
892 3153 1043 3189 dissoluta
1054 3156 1163 3195 lotio,
1187 3154 1334 3191 redderer

332 3220 389 3255 per
413 3204 568 3238 veficam.
595 3199 634 3235 In
660 3209 757 3242 quam
779 3209 845 3231 non
872 3196 967 3232 semel
991 3199 1072 3233 illud
1093 3198 1280 3233 intestinum
1305 3200 1333 3234 se

331 3245 514 3288 inseruisse,
538 3255 624 3283 tres,
645 3254 724 3287 quas
747 3242 778 3276 in
792 3240 1008 3284 Sepulchreto
1032 3246 1041 3281 (
1066 3254 1080 3276 e
1103 3246 1117 3283 )
1140 3242 1332 3284 conjuneras

330 3296 448 3334 habes,
473 3288 731 3323 Observationes
742 3284 918 3323 testantur,
944 3295 997 3319 aut
1021 3295 1108 3320 certe
1119 3287 1207 3326 duae,
1233 3288 1255 3320 fi
1271 3297 1335 3321 ter-

331 3343 378 3374 tia
401 3335 513 3370 eadem
534 3344 569 3366 ac
594 3333 697 3374 prima
722 3329 788 3369 est,
811 3328 900 3371 quod
912 3330 1012 3363 citata
1026 3332 1059 3362 in
1084 3331 1138 3364 illa
1151 3331 1254 3363 Sec‘rio
1266 3331 1332 3367 haec

332 3384 414 3421 XII.
439 3375 524 3421 (f)
547 3376 675 3411 videtur
697 3373 840 3409 indicare
856 3398 864 3408 .
889 3373 987 3416 Quod
1000 3372 1022 3409 fi
1034 3385 1131 3410 nemo
1150 3385 1263 3409 eorum
1275 3381 1332 3422 qui

453 3514 461 3540 )
478 3512 498 3542 §-
519 3520 558 3540 ¹7·

454 3544 468 3572 )
485 3542 699 3571 lnst.Chirurg.P.
720 3550 741 3565 2.
760 3542 784 3564 S.
802 3549 820 3571 5.
839 3548 861 3564 c.
881 3545 933 3571 163.
951 3549 973 3564 n.
992 3549 1012 3566 ι,

459 3578 466 3601 )
483 3573 588 3597 Eatund.
606 3575 677 3598 Cent.
696 3576 718 3595 6.
739 3571 798 3595 Obs.
818 3579 857 3600 59.

452 3635 499 3658 )1.
518 3642 537 3661 3.
557 3635 580 3658 S.
599 3635 645 3658 XI.
662 3632 720 3657 Obs.
738 3642 776 3662 ²4.
794 3632 815 3664 §.
832 3641 851 3658 ι.
869 3641 891 3657 2.
909 3642 930 3662 3.
993 3635 1007 3662 (
1022 3633 1058 3664 f)

467 3664 521 3686 vid.
533 3669 614 3687 tamen
624 3664 696 3697 Epist.
708 3668 745 3693 65.
762 3671 786 3688 n.
804 3667 828 3687 6.
893 3665 908 3693 (
924 3665 934 3688 i
951 3664 960 3693 )
976 3664 1035 3688 Obs.
1054 3665 1095 3688 cit.
1115 3666 1160 3688 Xl.
1181 3664 1203 3695 §.
1225 3672 1259 3693 14.

445 3701 453 3715 z
471 3693 483 3719 )
499 3693 558 3716 Obs.
579 3703 614 3723 59.
632 3701 673 3718 cit.
693 3694 774 3723 supra,
791 3694 819 3718 ad
836 3701 859 3717 n.
878 3702 900 3723 3.

466 3723 478 3750 )
495 3724 588 3749 Differt.
605 3724 650 3748 fist.
670 3724 759 3752 Virgin.
779 3724 876 3748 ventric.
894 3725 1044 3752 perforatum

418 3513 437 3541 s

425 3551 439 3566 Χ

426 3581 442 3625 ῗ

426 3641 437 3656 Β

418 3663 432 3686 h

431 3701 445 3715 7)

408 3731 463 3783 24)
481 3752 502 3784 ᾗ.
521 3761 544 3780 2.
608 3756 616 3783 (
634 3763 650 3779 u
666 3754 679 3783 )
696 3754 752 3785 vu,
769 3754 851 3782 Schol.
868 3754 968 3784 subiect.

395 3667 418 3779 ⁷55⁶*
393 3513 410 3661 Amr-*nr*

1030 3756 1046 3788 ἱ
1060 3764 1074 3780 x
1092 3756 1105 3786 2
1123 3755 1181 3784 Obs.
1198 3764 1236 3786 14·
1257 3756 1278 3786 §·
1297 3766 1318 3788 5.

621 3507 636 3542 (’
648 3517 659 3534 t
676 3515 686 3537 )
702 3509 761 3534 obs.
779 3509 871 3534 Medic.
889 3512 905 3534 1.
923 3517 944 3538 3-
964 3510 1003 3535 ubi
1021 3510 1050 3537 de
1066 3510 1146 3536 Intest.
1167 3510 1244 3535 Resto
1261 3509 1318 3534 Obs.
1336 3514 1360 3536 6.

1075 3543 1120 3572 (y
1136 3542 1150 3571 )
1165 3542 1227 3571 Eph.
1248 3543 1281 3565 N.
1303 3543 1329 3566 C.
1347 3544 1416 3567 Cent.
1436 3550 1457 3571 3.
1479 3542 1501 3566 St
1517 3552 1541 3571 4.
1560 3542 1620 3567 Obsi
1638 3551 1690 3573 193.

921 3573 935 3601 (
950 3580 964 3595 a
981 3573 994 3601 )
1012 3574 1150 3597 Commerc.
1169 3573 1256 3598 Litter.
1274 3574 1303 3596 A,
1324 3581 1388 3602 ¹735-
1410 3573 1491 3598 Heba.
1508 3578 1550 3603 46.
1567 3583 1589 3598 n.
1606 3582 1633 3603 4.

1394 231 1523 267 fortasse
1546 233 1718 277 rejicienda
1740 234 1807 273 est,
1831 235 1853 268 si
1878 237 1983 268 minus
2007 238 2040 267 in
2067 238 2185 269 affitatn
2217 239 2319 272 ,nimis
2343 243 2395 274 in-

1394 286 1443 309 ter
1466 278 1607 316 Rectum
1621 277 1807 312 intestinum
1821 301 1829 315 ‚
1851 281 1885 315 A&
1897 277 2031 312 vesicam
2042 281 2394 321 communicationem,

1393 321 1496 362 qualis
1521 334 1536 354 a
1560 324 1614 355 Cl.
1640 320 1799 354 Sandenio
1825 321 1877 364 (g
1901 325 1910 359 )
1935 321 2095 356 delineata
2122 326 2339 365 proponitur,
2363 336 2398 363 at

1389 365 1423 397 in
1448 364 1648 406 angustiam,
1672 365 1932 406 longitudinem,
1959 365 2058 399 flexus
2083 366 2221 400 urethrae
2256 369 2361 402 virilis
2383 392 2396 409 ,

1389 409 1524 452 imparis
1550 418 1718 452 propterea
1740 407 1922 441 craffiffirno
1941 410 1989 442 ,ob
2008 408 2142 443 admista
2166 411 2394 446 intestinorum

1388 462 1591 488 excrementa
1617 453 1702 484 lotio
1726 451 1850 485 diutius
1874 453 2055 486 emittendo
2081 452 2169 495 (h).
2194 454 2293 487 Utut
2313 456 2360 489 ‚est
2382 467 2397 497 ,¹

1384 495 1659 537 ,quotiescumque
1683 494 1836 535 constat,
1866 495 1996 530 nullum
2031 499 2156 531 exitum
2190 506 2300 538 patere
2329 499 2398 534 alvi

1388 538 1544 576 faecibus3
1569 550 1633 571 non
1658 538 1701 571 est
1726 538 1942 573 cunctandum
1965 540 2069 574 donec
2102 539 2151 573 hae
2183 550 2314 574 retentae
2347 544 2397 575 in-

1387 579 1510 614 fantem
1534 583 1664 624 gravius
1689 581 1801 614 laedere
1825 583 2010 624 incipiant,
2034 596 2135 626 eoque
2157 583 2230 626 ipso
2247 585 2396 619 curatio-

1386 626 1421 657 ni
1445 627 1551 658 minus
1573 635 1798 668 opportunum
1821 626 1951 660 reddere
1967 654 1976 666 ,
2000 626 2051 660 sed
2063 626 2305 669 ancipitihujus
2329 629 2398 661 exi-

1387 679 1423 702 tu
1447 669 1599 702 omnibus
1623 669 1791 707 indicato,
1818 669 1992 704 necessario
2018 672 2200 709 audendum
2225 671 2290 708 est,
2315 671 2396 705 sem-

1388 723 1444 755 per
1466 722 1575 746 tamen
1588 723 1699 750 caute,
1726 724 1761 746 ac
1776 713 2092 754 perite-audendum,
2106 726 2144 749 ne
2155 714 2243 748 forte
2255 715 2294 748 ab
2305 717 2395 749 Ana-

1388 765 1494 790 tomes
1527 758 1642 799 ign-aro
1690 756 1812 794 vesica,
1838 766 1892 790 aut
1927 759 1961 790 in
1995 755 2150 793 foemellis
2174 760 2291 800 vagina
2314 771 2394 792 con-

1389 801 1598 838 vulneretur,
1623 799 1804 844 praesertim
1829 800 1886 833 ubi
1909 801 2008 836 altius
2044 802 2167 836 ferrum
2194 802 2396 844 adigendum

1386 842 1456 879 est.
1484 845 1574 876 Nam
1588 853 1704 886 praeter
1728 843 1941 877 craffiffimam
1955 846 2174 880 membranam
2188 872 2197 886 ,
2223 845 2396 888 spongiosa

1389 888 1554 921 interdum
1579 899 1678 927 caro,
1704 890 1734 919 &
1760 887 1856 927 adeps
1883 888 1920 921 ad
1942 887 2023 921 duos
2035 889 2335 932 digitosinterjesta
2348 889 2395 923 es-

1391 931 1420 965 se
1444 932 1569 975 potest,
1596 940 1632 965 ut
1654 942 1691 963 ex
1706 930 1917 973 Sepulchreto
1940 935 1953 971 (
1976 931 2022 975 i)
2046 934 2229 975 intelliges,
2250 935 2319 967 imo
2335 933 2395 966 ali..

1391 975 1544 1017 quando,
1566 984 1603 1008 ut
1627 975 1750 1008 ibidem
1773 977 1786 1014 (
1808 972 1826 1016 R
1847 977 1857 1012 )
1883 976 1967 1016 leges
1988 1000 1998 1015 ‚
2035 977 2072 1009 ad
2103 977 2178 1009 duos
2208 976 2397 1010 auricularis

1389 1019 1487 1062 ‚digiti
1511 1018 1661 1052 articulos
1687 1019 1860 1051 mediocris
1886 1020 1968 1056 viri,
1992 1020 2129 1052 intimus
2141 1020 2279 1053 coalitus
2291 1020 2397 1053 ascen·

1392 1062 1441 1096 dit
1461 1074 1471 1100 3
1494 1064 1525 1096 &
1551 1074 1628 1105 puer
1642 1062 1889 1104 tamenexigua
1924 1063 1958 1095 in
1984 1062 2181 1104 perforando
2203 1064 2398 1097 cruentatio-

1392 1116 1450 1144 ne,
1474 1108 1505 1138 ⁴&
1529 1117 1672 1147 congrua
1698 1105 2082 1145 succedentecuratione‚
2109 1106 2249 1142 servatus
2272 1107 2336 1146 est,
2360 1116 2399 1141 ut

1393 1161 1431 1182 ex
1456 1150 1551 1192 longe
1576 1151 1639 1183 alio
1665 1151 1780 1184 morbo
1804 1149 1969 1182 anniculus
1992 1149 2122 1184 demum
2138 1176 2147 1190 ,
2170 1158 2206 1183 ut
2231 1149 2364 1183 videtur
2385 1173 2397 1189 ,

1393 1194 1564 1233 interiret,
1588 1194 1676 1236 quod
1700 1204 1738 1226 ex
1763 1192 1907 1235 perleeto
1931 1193 2009 1226 alibi
2033 1198 2043 1233 (
2068 1193 2115 1237 l)
2138 1194 2196 1236 qui
2231 1195 2315 1226 male
2348 1193 2396 1228 ibi

1391 1239 1587 1275 omittitur,
1612 1236 1680 1278 ejus
1704 1235 1957 1283 Observationis
1980 1235 2042 1270 fine
2064 1236 2263 1279 cognosces.
2287 1238 2398 1278 Qar-

1391 1292 1426 1320 to
1450 1291 1558 1315 autem
1583 1280 1649 1323 jam
1673 1292 1781 1321 anno,
1807 1283 1838 1314 &
1863 1279 1991 1313 sortasse
2016 1279 2119 1314 adhuc
2145 1281 2273 1320 vivere,
2301 1281 2399 1316 intel-

1389 1326 1468 1369 liges
1493 1327 1630 1359 alterum
1654 1336 1752 1367 quem
1775 1335 1831 1366 per
1854 1323 2065 1360 incisionem,
2102 1323 2238 1359 articulo
2269 1323 2399 1367 pollicis

1387 1372 1591 1412 longiorem,
1616 1367 1738 1402 sanavit
1762 1367 2010 1410 supralaudatus
2034 1369 2189 1410 Hoyerus
2211 1369 2226 1406 (
2247 1378 2278 1400 m
2296 1367 2313 1408 )
2328 1380 2338 1399 .·
2361 1376 2398 1401 ut

1385 1415 1480 1448 illum
1506 1424 1693 1456 praeteream
1719 1423 1817 1455 quem
1843 1410 1963 1445 servari
1989 1411 2128 1453 potuisse
2144 1436 2152 1450 ,
2175 1410 2316 1444 ostendit
2340 1412 2396 1445 (ΣΙ.

1385 1458 1568 1498 Huberus<
1591 1468 1610 1489 n
1636 1460 1668 1494 )‚
1693 1454 2106 1497 ficarneo-pinguedinofiim
2121 1452 2272 1492 massam,
2297 1465 2398 1497 quam

1386 1505 1420 1536 in
1446 1511 1579 1536 mortuo
1603 1499 1792 1542 conspexit,
1818 1497 1884 1539 jam
1909 1501 1943 1531 in
1965 1499 2042 1532 vivo
2066 1499 2106 1531 ad
2127 1499 2203 1531 duos
2217 1495 2291 1539 fere
2313 1499 2396 1541 digi-

1384 1545 1541 1581 testatos
1566 1544 1653 1578 ferro
1678 1542 1815 1576 incisam
1848 1538 1986 1575 infantis
2020 1551 2110 1584 pater
2145 1540 2264 1574 {ivisset
2298 1542 2397 1583 paulo

1384 1591 1481 1625 altius
1506 1587 1654 1630 perfodi;
1680 1586 1721 1622 lic
1745 1587 1833 1620 enim
1856 1586 1890 1618 in
1914 1596 2031 1623 cavum
2054 1586 2206 1632 proxime
2219 1584 2395 1619 desinentis

1382 1632 1528 1672 intestini
1553 1641 1744 1674 perventum
1768 1628 1865 1662 esset.

1427 1687 1456 1719 5.
1481 1677 1609 1709 Verum
1635 1685 1669 1709 ut
1693 1673 1756 1707 boc
1769 1673 1845 1705 vitii
1868 1683 1968 1715 genus
1980 1672 2179 1715 aliquando,
2202 1672 2298 1706 etiam
2321 1683 2396 1705 cum

1382 1722 1441 1754 vix
1466 1717 1634 1762 sperabilis
1660 1716 1789 1750 videtur
1814 1718 1966 1753 curatio,
1992 1715 2094 1749 sanari
2120 1716 2224 1758 potest
2245 1727 2255 1754 3
2281 1716 2322 1749 sic
2346 1717 2399 1748 in-

1383 1763 1537 1799 sanabilia
1552 1763 1624 1797 sunt
1637 1762 1727 1805 plura
1742 1782 1751 1798 ‚
1775 1759 1909 1792 uticum
1923 1757 2065 1792 occlufio
2077 1781 2088 1798 ‚
2112 1768 2164 1792 aut
2179 1757 2343 1792 adstriffio
2357 1759 2400 1792 est

1383 1810 1419 1843 in
1433 1809 1546 1849 aliquo
1561 1805 1725 1848 superiore
1739 1802 1895 1837 intestino
1906 1826 1917 1843 ,
1928 1800 2021 1845 cujus
2032 1803 2075 1835 rei
2089 1811 2161 1835 tum
2176 1802 2228 1837 hic
2240 1803 2273 1835 in
2287 1802 2400 1844 Sepul-

1387 1851 1530 1890 chreto,
1554 1859 1624 1883 tum
1649 1849 1727 1883 alibi
1751 1859 1768 1880 a
1801 1857 1851 1879 me
1885 1858 2016 1891 quoque
2051 1845 2185 1880 habebis
2221 1846 2366 1888 exempla
2392 1870 2400 1878 .

1389 1894 1523 1931 Quibus
1548 1891 1679 1933 adjicies
1703 1902 1769 1925 non
1794 1888 1893 1923 modo
1926 1891 2104 1923 indicatam
2128 1890 2289 1933 superiore
2315 1889 2399 1931 Epi-

1390 1938 1470 1973 stola
1495 1937 1557 1979 (o)
1579 1946 1726 1970 carneam
1750 1944 1902 1976 magnam
1926 1931 2199 1970 excr'escentiam,
2222 1935 2307 1967 intra
2330 1935 2401 1966 Co-

1389 1982 1446 2014 lon
1471 1992 1487 2012 a
1511 1979 1664 2013 Cortefio
1688 1988 1874 2021 repertam,
1899 1976 1952 2011 {ed
1976 1979 2007 2010 &
2032 1977 2186 2010 annulum
2200 1988 2238 2010 ex
2261 1976 2401 2019 glandu-

1387 2025 1430 2061 lis
1453 2022 1671 2061 scirrhosum‚
1696 2033 1793 2064 quem
1817 2019 1939 2055 ibidem
1965 2019 2286 2063 Praecl-Haasius(p
2301 2020 2320 2063 )
2338 2019 2400 2066 ‘de-

1390 2065 1583 2113 prehendit‚
1607 2067 1666 2099 vix
1687 2067 1779 2099 tenui
1804 2064 1888 2111 stylo
1911 2072 2074 2108 patentem
2099 2086 2109 2102 ‚
2133 2066 2280 2108 itemque
2314 2062 2400 2106 ejus-

1394 2112 1466 2144 dem
1491 2110 1635 2144 intestini
1658 2110 1802 2148 callum,
1826 2109 1927 2142 serr-ne
1949 2109 2196 2150 cartilagineum
2214 2130 2223 2145 ‚
2247 2119 2344 2150 quem
2367 2120 2401 2140 e-

1393 2154 1443 2198 jus
1466 2165 1583 2187 cavum
1607 2153 1700 2187 valde
1723 2152 1947 2186 coarctantem
1971 2163 2009 2184 ex
2025 2151 2144 2186 Fratris
2156 2151 2400 2188 Observatione

1392 2197 1566 2242 proposuit
1590 2197 1643 2230 Cl.
1670 2195 1876 2230 Christianus
1900 2194 2101 2228 Wenckerus
2126 2198 2214 2237 (q),
2239 2205 2308 2229 turn
2319 2195 2400 2228 Coli

1391 2252 1567 2284 antequam
1590 2241 1629 2274 ad
1652 2241 1794 2273 Rectum
1818 2238 2001 2278 accederet,
2025 2249 2173 2279 magnam
2188 2248 2310 2281 partem
2321 2250 2401 2272 con-

1391 2287 1503 2320 tractis
1538 2284 1617 2318 adeo
1642 2285 1782 2320 tunicis,
1807 2293 1843 2318 ut
1859 2284 1977 2315 mirum
1993 2293 2057 2315 non
2082 2279 2203 2319 fuerit,
2231 2281 2322 2316 faeces
2345 2282 2401 2315 de-

1392 2329 1539 2363 scendere
1550 2339 1614 2361 non
1632 2327 1794 2370 potuisse,
1818 2327 1946 2368 qualem
1961 2326 2132 2360 adnotavit
2156 2326 2300 2372 Laubius
2325 2325 2401 2369 (r),

1392 2377 1424 2407 δι
1448 2371 1555 2405 multo
1578 2373 1682 2413 magis
1706 2372 1793 2405 idem
1818 2371 1961 2408 vitium,
1986 2369 2079 2403 fimul
2104 2372 2141 2404 ad
2166 2381 2323 2411 majorem
2337 2370 2401 2403 Re-

1393 2418 1437 2450 &i
1462 2425 1585 2458 partem
1609 2416 1776 2449 extensum
1792 2436 1801 2451 ‚
1826 2413 1920 2456 quale
1944 2414 2010 2446 Vir
2037 2414 2142 2454 alter,
2159 2413 2238 2447 dum
2273 2416 2400 2447 viveret

1393 2457 1696 2502 Experientiffimus
1723 2457 1915 2491 Walrherus
1939 2455 1998 2499 (s)
2021 2457 2211 2501 conspexit.
2238 2458 2281 2490 Et
2307 2469 2343 2490 ne
2358 2458 2399 2490 ab

1392 2502 1457 2539 hoc
1482 2502 1604 2535 ultimo
1627 2501 1782 2535 intestino
1807 2500 2014 2537 recedamus3
2040 2501 2118 2544 saepe
2131 2503 2164 2534 in
2188 2500 2400 2542 ipsoinsana-

1391 2546 1466 2581 bilis
1477 2546 1707 2579 coaretationis
1731 2543 1877 2578 causaest
1902 2553 2031 2577 externa
2054 2545 2263 2587 compreffio.
2289 2548 2338 2578 Ita
2363 2546 2399 2578 in

1392 2591 1552 2624 Se6tionis
1574 2588 1670 2632 hujus
1692 2586 2150 2632 SepulchretiObservatione
2175 2589 2235 2621 XI.
2261 2587 2321 2632 (t)
2347 2598 2399 2623 tu-

1390 2646 1462 2670 mor
1484 2633 1619 2676 quidam
1642 2633 1729 2666 velut
1752 2632 1960 2674 glandulolus
1976 2656 1986 2672 ,
2010 2635 2164 2676 utrinque
2191 2632 2397 2674 Refitisupe-

1391 2681 1513 2712 riorem
1537 2687 1663 2720 partem
1687 2678 1906 2718 comprimens
1928 2697 1940 2714 ‚
1976 2687 1992 2707 a
2024 2687 2167 2718 quonam
2190 2675 2271 2709 bene
2294 2677 2397 2710 inter-

1392 2722 1504 2762 nosci,
1532 2720 1649 2755 nedum
1662 2721 1769 2754 curari
1785 2744 1793 2760 ,
1817 2717 1995 2763 potuisset?
2017 2721 2048 2754 A
2073 2730 2202 2753 tumore
2227 2729 2334 2753 autem
2359 2732 2399 2753 e-

1391 2765 1535 2809 jusmodi
1559 2765 1687 2806 potius,
1714 2775 1811 2807 quam
1825 2776 1840 2796 a
1857 2763 1991 2806 sumptis
2012 2763 2194 2806 pharmacis
2213 2762 2397 2805 quibusdam

1390 2807 1581 2853 calidtffimis
1596 2813 1605 2847 (
1619 2808 1662 2851 u)
1676 2832 1684 2847 ‚
1710 2820 1782 2852 quae
1792 2818 1858 2841 non
1872 2804 1959 2841 secus
1971 2818 2006 2840 ac
2020 2808 2104 2850 ignis
2121 2807 2321 2842 membranas
2343 2807 2397 2841 so-

1390 2855 1455 2892 let,
1483 2851 1679 2886 arefacerent
1696 2876 1705 2892 ‚
1729 2854 1760 2884 δε
1783 2849 2008 2885 contraherent
2040 2850 2231 2885 intestinum
2256 2875 2265 2889 ‚
2298 2850 2395 2896 hujus

1388 2899 1545 2932 coalitum
1558 2895 1779 2931 deducendum
1791 2893 1897 2934 fuisse,
1910 2904 1974 2927 non
1987 2892 2104 2928 dubito
2117 2909 2127 2933 3
2144 2897 2168 2929 fi
2183 2895 2282 2928 modo
2294 2896 2395 2929 coali-

1389 2950 1440 2975 tus
1466 2942 1578 2975 eratin
1599 2939 1726 2977 Refio,
1751 2949 1825 2972 cum
1849 2949 1947 2971 cereae
1970 2938 2108 2973 candelae
2128 2938 2234 2981 portio
2259 2939 2298 2971 ad
2309 2938 2396 2973 cubi-

1387 2985 1485 3019 talem
1507 2983 1729 3026 longitudinem
1754 2979 1940 3015 intromissa
1963 2982 2026 3022 est,
2064 2992 2099 3016 ut
2134 2984 2179 3015 ait
2213 2984 2362 3016 Donatus
2385 3008 2394 3023 ‚

1387 3028 1476 3069 quod
1501 3027 1560 3060 nisi
1584 3027 1717 3061 candela
1741 3026 1858 3059 inflexa
1883 3028 2019 3059 retraffta
2042 3026 2109 3066 est,
2134 3035 2190 3059 aut
2214 3026 2276 3059 nisi
2310 3028 2394 3060 inte-

1386 3071 1466 3105 stina
1479 3082 1566 3105 erant
1582 3071 1671 3104 aliter
1684 3082 1716 3103 ac
1730 3068 1856 3110 solent,
1868 3068 2020 3112 disposita
2032 3094 2041 3111 ‚
2064 3081 2130 3103 non
2142 3069 2238 3103 video
2252 3081 2393 3112 quomo-

1385 3115 1429 3149 do
1454 3116 1521 3148 ullo
1545 3116 1577 3149 in
1602 3114 1735 3149 homine
1762 3113 1831 3147 fieri
1857 3115 2024 3155 potuerit.
2049 3114 2109 3147 Sed
2123 3114 2304 3154 coalitum,
2333 3115 2391 3149 ubi

1386 3160 1441 3192 ubi
1460 3161 1485 3192 is
1507 3156 1710 3197 fuerit‚inde
1724 3159 1833 3199 potius
1846 3155 1936 3192 fuisse
1950 3156 2033 3191 unde
2052 3157 2195 3190 diximus
2208 3180 2217 3195 ‚
2243 3169 2390 3200 repeten-

1383 3203 1459 3236 dum
1474 3225 1482 3240 ,
1496 3203 1593 3237 altera
1606 3200 1746 3243 ejusdem
1759 3202 1897 3235 coalitus
1909 3201 2069 3235 indicabit
2081 3200 2216 3235 historia
2230 3224 2239 3240 ,
2253 3211 2291 3235 ex
2304 3203 2387 3234 Tul.-

1386 3247 1442 3288 pio
1465 3245 1527 3280 huc
1550 3248 1617 3286 (x)
1639 3245 1756 3277 relata.
1780 3245 1975 3280 Scilicethic
1988 3244 2072 3278 vidit
2099 3244 2253 3278 aduobus
2279 3243 2388 3278 vesicae

1385 3290 1516 3323 calculis
1537 3288 1715 3332 depressum
1737 3288 1908 3323 adeoillud
1920 3288 1957 3322 de
1969 3288 2238 3330 quoinquimur‚
2262 3287 2387 3322 intesti-

1386 3344 1464 3367 num
1477 3355 1487 3373 ‚
1510 3341 1546 3366 ut
1556 3331 1748 3367 coarctatum
1754 3333 1939 3374 produxerit
1945 3331 2086 3375 plurima
2096 3330 2385 3373 membranosafila-

1383 3385 1488 3413 menta
1499 3399 1509 3415 ‚
1530 3377 1753 3412 intertexentia
1763 3385 1829 3411 tam
1841 3375 1924 3412 arne
1936 3376 2113 3412 interiorem
2125 3373 2360 3418 zJJfiusfi'stulam
2369 3397 2383 3416 -‚

2305 3427 2343 3451 ut

1423 3510 1436 3540 (
1452 3520 1468 3535 u
1484 3511 1497 3538 )
1514 3510 1613 3536 Advers.
1631 3513 1705 3537 Anat.
1723 3515 1783 3539 Dec.
1800 3521 1823 3539 ².
1840 3520 1862 3538 c.
1880 3521 1916 3539 io.

1694 3575 1707 3604 (
1724 3574 1737 3599 b
1753 3575 1766 3604 )
1783 3575 1844 3604 Eph.
1862 3575 1905 3600 cit.
1923 3577 1980 3602 Dec.
1999 3584 2020 3607 3.
2036 3576 2067 3600 Α.
2080 3583 2100 3607 5·
2118 3576 2139 3599 ει
2154 3577 2179 3601 ⁶.
2195 3575 2253 3600 ons.
2270 3574 2322 3601 εει,

498 3604 597 3627 iemoir.
618 3611 676 3631 pour
693 3603 709 3625 l‘
724 3603 782 3626 Hist.
799 3602 838 3626 des
858 3600 941 3627 lnseft.
960 3604 990 3628 T.
1008 3607 1030 3627 6.
1049 3605 1129 3638 Mem.
1150 3612 1185 3627 10-
1204 3606 1216 3632 (
1233 3603 1249 3626 d
1265 3603 1278 3631 )
1297 3605 1332 3628 De
1350 3605 1462 3630 Generat.
1481 3605 1591 3629 Animal.
1610 3606 1627 3631 l.
1646 3615 1667 3635 4.
1685 3614 1705 3630 c.
1722 3615 1744 3635 4.
1763 3607 1787 3630 in
1804 3606 1845 3631 fin.

1077 3635 1133 3659 Μ’
1152 3634 1209 3658 0ss.
1226 3635 1271 3658 Xl'
1291 3634 1311 3664 §⁴
1324 3639 1368 3690 (ὀὶ
1385 3666 1398 3696 )
1416 3666 1477 3690 ibid.
1495 3666 1520 3690 in
1537 3667 1615 3691 Schol.
1634 3667 1662 3691 aa
1680 3667 1703 3697 ς.
1720 3677 1744 3697 4.

962 3695 975 3723 (
992 3704 1007 3719 n
1024 3696 1037 3724 )
1054 3695 1106 3720 Αξὶ.
1126 3697 1159 3719 Ν.
1176 3698 1205 3720 C.
1223 3696 1254 3719 T.
1272 3697 1296 3719 8.
1313 3696 1371 3720 Obs.
1389 3704 1431 3726 ²4·

1061 3727 1084 3754 ς.
1104 3735 1127 3755 ς.
1192 3727 1199 3757 s
1215 3734 1226 3750 r
1243 3726 1256 3754 )
1273 3727 1332 3755 Eph.
1352 3729 1388 3757 N,
1406 3730 1436 3754 C.
1452 3728 1523 3754 Cent.
1540 3736 1563 3758 7.
1580 3727 1639 3755 ΟΜ.
1655 3736 1697 3759 4¹·

1414 3637 1420 3662 (
1438 3644 1456 3665 g
1472 3635 1486 3664 )
1503 3636 1563 3665 Eph.
1581 3638 1613 3659 N.
1632 3640 1659 3660 C,
1675 3639 1733 3661 Dec.
1754 3645 1773 3666 3.
1786 3638 1816 3661 Α.
1836 3645 1856 3665 9.
1873 3638 1895 3661 8t
1913 3644 1949 3662 10.
1966 3636 2029 3661 Obs.
2050 3644 2100 3666 194.

1807 3668 1821 3696 (
1836 3668 1846 3692 l
1861 3667 1875 3696 >
1894 3669 1953 3696 Eph.
1970 3670 2004 3691 N.
2023 3670 2051 3692 c.
2070 3669 2194 3693 Dec.1.A.
2208 3675 2228 3696 3.
2246 3666 2305 3691 Obs.
2323 3674 2379 3697 257·

1722 3700 1731 3733 (
1746 3705 1764 3731 p
1783 3699 1791 3729 )
1811 3700 1946 3723 commerc.
1963 3699 2090 3723 Litai-,Ar
2107 3706 2173 3727 ¹74²·
2190 3698 2375 3727 Hebd.45.n.2.

1490 3698 1504 3725 (
1520 3706 1533 3720 0
1550 3698 1563 3725 )
1580 3706 1605 3721 ¹¹-
1623 3704 1659 3722 ²¹·
1760 3727 1828 3761 (s)
1844 3728 1937 3756 Dissert.
1960 3730 1991 3758 de
2014 3728 2151 3759 lutestinor.
2172 3729 2279 3759 angustia
2297 3728 2318 3758 §¹
2333 3736 2376 3756 ²⁹³
