2498 4075
293 334 324 365 7.
354 324 461 356 Duros
482 322 582 361 illos,
606 321 800 371 mobilesque
823 326 908 361 infra
931 330 1093 371 regionem
1113 331 1285 365 ventriculi

247 365 400 409 globulos
425 365 663 399 extuberantias
684 364 774 401 fuisse
798 369 883 406 vides
904 373 937 404 in
960 384 1036 415 quas
1067 386 1234 411 omentum
1258 376 1287 410 se

250 418 476 455 conttaxerat:
500 408 651 445 duritiem
674 420 780 446 autem
792 411 981 455 superiorem
1005 417 1095 451 fuifle
1118 420 1287 452 ventriculi

248 450 431 491 icirrhum,
455 453 509 493 qui
533 451 634 487 donec
658 455 856 489 incremento
879 457 934 492 suo
958 471 1023 494 non
1047 460 1075 496 se
1098 461 1240 496 extendit
1253 460 1291 494 ad

248 496 403 538 pylorum
425 495 674 537 coarctandum,
697 499 841 537 vomitus
866 512 928 535 non
951 504 997 535 ita
1029 503 1173 547 frequens
1209 505 1291 537 acci-

249 539 320 573 dit.
346 538 451 587 Dolor
476 549 602 588 quoque
626 542 740 584 primis
753 545 952 584 temporibus
974 547 1173 589 leviorfuit,
1196 549 1293 591 quip-

245 593 286 624 pe
312 582 350 615 ab
372 579 485 615 sell't'hl
511 583 648 624 pondere
672 584 836 620 dumtaxat
861 589 993 632 aliquo,
1017 594 1049 624 &
1074 605 1089 624 a
1115 602 1291 634 repugnan-

246 627 293 659 tia
316 627 496 659 tunicarum
520 638 596 669 quas
620 625 781 661 obsidebat
800 652 808 666 ‚
832 642 869 666 ne
891 644 966 665 cum
989 646 1070 677 opus
1093 633 1190 674 esset,
1213 633 1290 676 justa

245 668 387 714 extensio
412 670 582 715 ventriculi
608 668 717 710 fieret,
742 681 794 709 aut
819 672 841 706 si
865 674 952 711 fieret
974 700 987 717 ,
1019 689 1056 710 ne
1089 689 1158 719 pars
1182 688 1289 711 earum

243 715 410 758 quie-iana
434 722 498 745 erat
509 735 524 762 ³·
545 713 609 746 iola
633 725 762 747 omnem
786 716 1011 752 distentionem
1037 723 1102 763 pati
1128 721 1192 762 ipsa
1217 720 1290 763 pos-

243 758 289 791 iet
313 755 376 789 line
402 756 544 790 molestia
569 782 576 788 .
615 757 737 791 Verum
761 759 817 792 ubi
852 761 989 801 scirrhus
1012 766 1043 796 ἃ
1078 765 1190 798 ειυέὶυς
1213 764 1254 798 est
1276 788 1289 805 ‚

243 800 276 831 Bc
301 799 334 848 in
357 808 504 848 cancrum
529 799 679 840 tandem,
712 800 859 845 huncque
896 807 1137 846 exulceratum,
1159 808 1290 851 degene-

242 852 330 875 ravrt
356 854 366 880 ς
403 852 504 889 magis
529 845 689 885 magilque
721 845 849 882 dolores
884 850 1054 885 increscere
1077 850 1254 885 debuerunt
1278 876 1286 883 .

242 886 295 917 Sic
321 895 424 919 autern
450 886 563 918 affecto
586 888 766 925 ventriculo
787 912 799 929 ‚
832 891 1009 937 vitiataque
1042 895 1254 933 concoctione
1275 917 1286 934 ‚

242 931 275 964 ἃ
302 937 411 962 natura
436 929 621 971 sanguinis,
647 932 766 966 mirum
793 944 856 967 non
880 936 945 976 est,
969 937 989 969 ii
1014 947 1128 972 caetera
1140 940 1287 976 contige-

239 983 297 1012 re,
320 983 392 1021 cunm
417 975 593 1021 praelertirn
617 976 649 1008 &
673 975 807 1009 durities
830 978 886 1013 illa
911 982 1106 1022 ventriculi,
1138 985 1170 1018 δε
1194 977 1285 1017 extu-

240 1015 392 1049 berantiae
417 1027 449 1048 in
472 1027 549 1059 quas
575 1025 603 1050 ie
626 1029 793 1054 omentum
818 1020 893 1057 huic
928 1024 1099 1067 alligatum
1123 1049 1135 1066 ‚
1159 1035 1284 1059 contra-

238 1068 328 1108 xerat
354 1083 363 1099 ,
394 1059 494 1093 libero
517 1059 691 1095 humorum
713 1063 819 1097 cursui
843 1066 1001 1101 obstarent
1027 1094 1034 1102 .
1069 1070 1121 1102 Ex
1155 1067 1207 1101 his
1232 1080 1283 1105 ru-

238 1111 354 1151 gitus,
377 1102 494 1142 flatus,
520 1107 663 1141 vomitus
679 1129 688 1145 ‚
712 1109 843 1150 alcites,
868 1109 1043 1152 debilitas,
1075 1123 1162 1149 mors
1185 1113 1282 1147 intel-

240 1145 411 1188 liguntur.

284 1189 315 1221 8.
337 1190 530 1224 MULIER
556 1191 765 1236 quadraginta
789 1207 966 1237 annorum,
989 1198 1117 1233 carnosa
1140 1223 1153 1240 ,
1174 1199 1281 1232 colore

235 1230 405 1272 subflavo,
427 1244 501 1266 curn
525 1245 645 1285 caepam
670 1247 779 1275 aceto.
806 1244 837 1273 δι
871 1240 930 1274 sale
953 1242 1120 1276 conditam
1143 1266 1155 1282 ,
1179 1243 1285 1276 fimul-

234 1286 296 1325 que
319 1287 430 1319 panem
453 1277 635 1314 comedisset
659 1292 696 1315 ex
719 1282 928 1318 castanearum
951 1284 1052 1319 farina
1076 1285 1284 1325 confe3um3

233 1319 329 1368 illico
352 1319 389 1352 de
412 1319 570 1355 stomachi
594 1322 705 1357 dolore
741 1329 828 1366 queri
862 1329 965 1369 coepit
992 1353 997 1359 .
1031 1329 1111 1370 Qo
1147 1331 1250 1372 magis
1271 1353 1284 1371 ,

231 1362 397 1413 magisque
417 1363 587 1413 seviente,
611 1368 714 1401 tribus
736 1370 775 1403 ab
797 1382 834 1402 eo
855 1371 928 1403 cibo
955 1371 1065 1409 horis,
1091 1383 1164 1407 curn
1189 1372 1284 1407 ludo-

232 1406 324 1441 nbus
346 1409 476 1450 frigidis
501 1407 609 1446 lethali
650 1412 786 1453 syncope
807 1413 974 1456 ingruente
996 1440 1005 1454 ‚
1043 1427 1170 1450 mortua
1206 1415 1248 1451 est
1270 1440 1280 1449 .

319 1450 527 1485 VENTRE
549 1454 591 1485 ob
617 1457 725 1487 veneni
761 1456 970 1499 iuspicionem
1004 1459 1105 1493 inciso
1128 1483 1138 1498 ‚
1172 1461 1281 1493 omnia

230 1503 353 1544 reperta
379 1495 452 1529 lunt
477 1493 646 1542 secundum
672 1508 813 1532 naturam
837 1500 866 1535 se
891 1502 1035 1536 habentia
1061 1528 1069 1544 ,
1103 1503 1160 1536 nifi
1191 1503 1279 1546 quod

233 1540 432 1571 ventriculus
456 1549 609 1581 majorem
634 1542 666 1573 in
690 1542 821 1576 modum
845 1543 999 1579 distentus
1022 1555 1112 1586 erat,
1144 1550 1174 1580 &
1199 1558 1280 1579 non-

228 1580 314 1614 nihil
342 1583 579 1624 inflammatus3
604 1585 730 1627 sanguis
757 1596 861 1621 autem
887 1589 1020 1624 fluorem
1042 1589 1127 1634 quasi
1152 1599 1279 1624 natura..

227 1624 291 1658 lem
316 1624 475 1658 servabat.

272 1680 305 1718 9.
330 1669 376 1701 Et
400 1669 556 1715 Valsalvae
580 1670 709 1714 quidem
733 1674 901 1708 videbatur
923 1674 966 1709 fic
1001 1676 1242 1719 conijciendum
1265 1701 1279 1719 ,

227 1720 364 1745 excitata
390 1714 605 1760 ab-ejulmodi
629 1715 712 1749 cibis
733 1718 908 1759 incongrua
921 1717 1177 1761 effervescentia,
1198 1732 1278 1754 con-

229 1754 372 1802 secutam
396 1757 453 1790 este
477 1766 597 1792 tantam
621 1760 710 1793 illam
735 1763 910 1795 ventriculi
935 1763 1182 1804 distentionem,
1204 1776 1277 1805 quae

223 1797 323 1841 hujus
347 1798 522 1850 languifera
548 1799 619 1836 vasa
645 1805 911 1846 comprimendo,
947 1806 1091 1848 sanguini
1128 1806 1276 1850 injecerit

222 1852 370 1879 moram,
396 1843 477 1877 unde
501 1844 725 1879 inflammatio
747 1872 757 1888 ‚
786 1851 817 1881 δέ
842 1850 879 1882 ab
913 1849 970 1884 hac
1005 1849 1276 1884 stomachicorum

221 1897 391 1919 nervorum
416 1888 579 1926 irritatio,
604 1889 686 1923 unde
712 1890 864 1932 syncope.
901 1894 1027 1928 Verum
1060 1902 1095 1927 ut
1118 1892 1156 1926 de
1179 1893 1276 1927 casta-

221 1930 312 1968 neis,
336 1941 506 1974 earumque
528 1932 670 1966 inflandi
694 1934 725 1965 vi
749 1938 945 1976 experientia
978 1937 1168 1979 comprobet
1204 1948 1274 1979 quae

221 1971 405 2022 Diphilusx,
431 1979 462 2008 ἃ
489 1975 693 2020 Mnefithaeus
718 1986 807 2020 ajunt
830 1979 914 2021 apud
949 1980 1153 2014 Ludovicum
1176 1981 1273 2014 Non-

219 2027 313 2050 nium
338 2020 393 2066 (y
417 2023 450 2058 >3
476 2018 598 2065 easdem
623 2030 727 2054 tamen
753 2022 865 2056 multis
889 2023 1020 2067 Alpinis
1058 2024 1205 2066 gentibus
1237 2025 1271 2056 in

218 2058 475 2109 :frequentiffimo
497 2064 555 2097 ulu
578 2063 660 2102 effe,
683 2076 782 2108 neque
806 2066 891 2100 idem
916 2078 1008 2110 negat
1023 2092 1031 2104 ‚
1056 2068 1197 2110 &vulgo
1207 2078 1272 2100 non

219 2115 412 2147 ignoratur.
438 2106 506 2139 imo
531 2109 634 2149 parari
659 2110 756 2142 etiam
780 2121 818 2142 ex
843 2111 969 2145 illarum
996 2111 1096 2144 farina
1120 2123 1232 2153 panem
1257 2136 1267 2150 ,

219 2158 287 2197 quo
307 2151 473 2197 vertantur
494 2149 548 2184 ubi
570 2152 734 2195 ipsarum,
758 2162 795 2186 ut
820 2155 980 2189 Avantius
1012 2166 1139 2198 quoque
1172 2159 1185 2194 (
1209 2154 1268 2198 z)

216 2191 343 2231 scribit,
354 2194 439 2242 copia
456 2193 615 2235 suppetit.
640 2196 733 2230 Num
757 2196 858 2239 igitur
880 2210 964 2241 caepa
989 2199 1025 2232 ad
1037 2197 1193 2241 ejuimodi
1217 2210 1272 2240 pa-

216 2246 291 2284 nem
316 2236 423 2286 addita
438 2263 445 2272 ,
468 2238 545 2270 dum
569 2241 743 2273 acrimonia
768 2240 820 2274 sua
843 2241 951 2276 craffas
974 2243 1187 2276 castanearum
1203 2253 1276 2283 par-

215 2279 334 2328 ticulas
357 2280 550 2319 incidendo,
575 2285 710 2317 nimiam
733 2285 813 2317 aeris
835 2287 961 2328 copiam
986 2286 1116 2327 educit,
1142 2286 1192 2319 liic
1217 2296 1274 2318 no-

219 2322 467 2372 bis-accusanda
493 2325 559 2358 est?
581 2327 665 2369 quasi
689 2339 766 2360 vero
788 2338 853 2361 non
880 2328 977 2362 iidem
1001 2331 1034 2362 in
1060 2330 1183 2370 alpibus
1219 2340 1274 2362 ru-

219 2366 291 2400 stici
314 2378 415 2408 caepas
439 2388 448 2404 ‚
487 2377 523 2400 ut
548 2380 593 2402 res
618 2371 680 2403 fert
705 2395 713 2408 ,
749 2382 824 2404 cum
847 2383 884 2404 eo
911 2383 987 2406 pane
1012 2372 1236 2406 manducarent
1261 2396 1269 2403 .

226 2410 277 2456 At
298 2421 383 2442 enini
408 2410 602 2446 mulierculae
635 2413 733 2451 huic,
761 2424 796 2447 ut
822 2415 971 2455 videtur,
997 2415 1166 2448 inassuetus
1193 2438 1202 2452 ‚
1239 2418 1269 2446 ἃ

220 2454 381 2486 infirmior
405 2452 534 2487 fortasse
559 2454 760 2496 stomachus5
785 2459 851 2491 illis
877 2470 950 2490 vero
973 2459 1075 2498 dura,
1106 2469 1142 2491 ut
1168 2459 1273 2490 Hora-

220 2499 286 2529 tius
308 2499 323 2536 (
345 2508 361 2530 a
385 2500 396 2535 )
422 2497 590 2540 loquitur,
614 2499 773 2544 messorum
799 2501 877 2535 ilia.
897 2502 1006 2534 Credo
1029 2501 1176 2542 equidem
1202 2501 1270 2534 haec

219 2541 327 2572 multo
347 2541 389 2587 iis
416 2544 518 2581 magis
539 2545 594 2585 qui
621 2544 786 2578 mulierem
810 2554 943 2583 norant,
978 2556 1074 2588 quam
1099 2544 1192 2578 nobis
1216 2555 1272 2577 co-

219 2584 310 2626 gnita
338 2583 447 2618 luiffe.
473 2585 567 2619 Unde
591 2599 670 2630 ergo
692 2588 802 2620 veneni
830 2588 992 2630 suspicio,
1030 2599 1103 2621 cum
1139 2586 1206 2620 haec
1231 2599 1270 2619 o-

219 2629 314 2673 mnia.
332 2639 394 2660 non
421 2630 605 2671 ignorarent
633 2630 645 2663 ?
670 2631 767 2671 Quod
794 2630 814 2663 fi
842 2633 956 2665 mulier
981 2631 1089 2665 saltem
1115 2630 1270 2664 immodi-

222 2682 350 2715 calqus
375 2671 437 2704 cibi
462 2674 555 2715 copia
581 2674 609 2707 se
634 2674 883 2717 ingurgitaslet,·
928 2676 1033 2709 minus
1076 2675 1115 2708 de
1149 2685 1270 2707 veneno

219 2713 369 2755 sulpicati
415 2713 511 2748 effent
549 2741 556 2749 .
602 2718 702 2752 Vides
747 2719 832 2750 enim
875 2720 908 2751 in
932 2720 1015 2752 VII.
1040 2717 1099 2752 hac
1123 2717 1190 2760 ipsa
1215 2719 1268 2750 Se-

222 2757 385 2799 pulchreti
412 2760 557 2804 Sec'tione
579 2764 592 2800 ζ
616 2760 669 2804 b)
696 2761 836 2804 puellum
861 2774 989 2805 quoque
1014 2762 1049 2794 ab
1070 2760 1266 2795 immodera-

218 2810 256 2833 to
280 2813 409 2835 uvarum
431 2804 482 2835 eiu
507 2806 602 2837 trium
626 2804 769 2838 horarum
787 2805 892 2847 spatio
915 2806 1108 2840 extincfium-
1134 2804 1192 2838 Sed
1216 2813 1265 2836 ta-

220 2855 293 2878 men
319 2846 378 2877 alia
402 2843 492 2877 simul
519 2849 666 2889 apparuit
689 2848 775 2881 causa
799 2860 854 2883 cur
879 2849 1003 2889 puellus
1026 2847 1068 2881 fic
1092 2849 1266 2882 interiret.

219 2887 418 2921 Ventriculus
451 2889 531 2921 enim
564 2888 743 2932 perforatus
775 2893 929 2933 copiosum
964 2892 1098 2926 ichorem
1129 2892 1264 2924 viridem

219 2929 421 2970 continebat,
444 2931 498 2973 qui
517 2933 736 2974 proculdubio,
761 2936 869 2978 inquit
904 2936 1151 2970 Observationis
1187 2936 1270 2967 Scri-

218 2984 298 3022 ptor
321 2974 494 3011 Rhodius,
517 2985 587 3009 erat
599 2976 679 3009 bilis
690 2978 876 3020 aeruginosa,
903 2978 992 3022 cujus
1016 2982 1124 3023 ingens
1149 2988 1214 3012 erat
1240 2990 1270 3011 a·

218 3020 396 3049 crimonia.
424 3018 516 3059 Qid
539 3031 616 3061 ergo
639 3018 704 3053 est?
730 3023 767 3053 In
791 3021 849 3055 hac
875 3024 972 3056 etiam
1010 3024 1142 3056 muliere
1175 3033 1267 3063 pecu-

217 3061 297 3106 ]iarq
321 3060 407 3107 aliud
434 3062 577 3102 aliquid,
601 3073 782 3106 quanquam
809 3064 863 3098 sub
886 3067 996 3099 oculos
1020 3078 1082 3100 non
1115 3065 1232 3099 cecidit
1257 3087 1267 3103 ‚

219 3104 369 3150 subluisse
382 3130 391 3144 ,
406 3107 541 3138 omnino
559 3105 748 3142 crediderim
760 3116 814 3144 ,ut
826 3108 974 3150 dispolita
990 3108 1054 3151 J'atn
1066 3108 1151 3145 effer,
1163 3108 1184 3141 fi
1196 3120 1265 3141 mo-

219 3147 262 3193 do
287 3149 374 3181 caula
401 3148 559 3182 accederet
585 3151 714 3193 aliqua,
739 3152 825 3183 velut
850 3152 997 3186 insolitus
1021 3155 1110 3187 cibus
1133 3151 1209 3193 iste,
1233 3155 1265 3185 &

219 3192 429 3230 narraremus,
455 3192 627 3235 dispono,
652 3195 804 3237 inquam,
827 3197 873 3228 ita
897 3195 994 3236 ess'et,
1030 3208 1065 3231 ut
1090 3194 1178 3238 quod
1211 3197 1264 3227 in-

220 3233 260 3283 de
286 3245 336 3267 tot
358 3235 414 3282 alii
439 3238 574 3270 minime
599 3237 698 3270 solent
722 3262 735 3279 ‚
768 3226 835 3281 ipsa
869 3249 1030 3280 pateretur
1056 3266 1065 3281 ,
1095 3239 1158 3273 five
1181 3237 1264 3272 illud

220 3288 255 3309 in
280 3279 319 3310 iis
343 3279 417 3312 eslet
442 3279 542 3313 succis
565 3293 645 3323 quos
668 3284 701 3314 in
725 3283 905 3316 ventriculo
929 3284 955 3316 is
978 3283 1070 3318 cibus
1105 3284 1228 3316 invenit
1253 3305 1264 3320 >

219 3319 281 3354 slve
305 3323 337 3354 in
361 3324 462 3368 nervis
485 3335 613 3366 quoque
636 3324 840 3367 exquisitiore
864 3325 949 3360 sensu
984 3327 1105 3360 raed÷t⁷s
1130 3326 1166 3359 ad
1189 3326 1263 3358 irri-

220 3365 375 3398 tationem
401 3366 653 3408 luscipiendam‚
678 3372 709 3401 &
744 3370 831 3411 alio,
866 3368 899 3402 id
935 3382 949 3402 e
1009 3371 1044 3404 ad
1069 3382 1127 3403 cor
1161 3368 1262 3411 potis—

220 3406 356 3448 fimum,
378 3411 429 3442 cui
454 3409 552 3443 iidem
575 3424 610 3444 ac
636 3413 816 3445 ventriculo
840 3415 924 3446 nervi
950 3413 1260 3453 inserviunt,trans-

219 3449 399 3499 ferendam.
426 3454 476 3486 Sic
500 3455 623 3496 igitur,
650 3465 703 3488 aut
727 3456 764 3488 ad
789 3455 871 3490 hunc
896 3455 959 3489 fere
995 3458 1128 3491 modurn
1166 3457 1261 3490 intel-

221 3494 299 3540 liges
314 3495 409 3543 'quod
433 3496 579 3530 Valsalva
603 3497 795 3540 conijciebat
811 3513 821 3530 .·
854 3512 1035 3543 quanquam
1069 3511 1172 3544 pravae
1195 3498 1261 3531 dis-

225 3539 392 3579 positionis
429 3541 461 3572 in
487 3539 544 3573 hac
570 3543 701 3574 muliere
724 3543 778 3574 vix
811 3542 970 3575 indicium
1005 3544 1133 3587 aliquod
1168 3541 1263 3575 habe-

220 3592 288 3614 mus
312 3592 350 3612 cx
372 3583 476 3615 colore
499 3586 582 3619 cutis
606 3583 772 3620 subflavo.
798 3588 835 3620 In
859 3586 979 3620 duabus
1001 3598 1083 3621 certe
1108 3588 1179 3620 aliis
1202 3584 1262 3618 foe·

847 249 1003 301 Liber
1037 249 1118 300 111·
1153 246 1240 301 De
1274 247 1484 302 Morbis
1522 245 1731 300 Ventris

1337 332 1454 370 minis,
1477 340 1552 371 quas
1576 328 1645 370 post
1667 328 1842 363 cucurbitae
1864 331 2087 367 comestionem
2112 331 2171 366 sive
2194 341 2312 377 caepatae
2334 335 2379 376 pi·

1333 382 1472 418 peram,
1495 376 1534 406 Θ
1560 373 1591 405 in
1615 371 1735 406 clibano
1759 372 1881 418 affirm,
1903 388 1980 408 mox
2004 385 2098 416 epota
2134 375 2252 420 frigida
2278 401 2289 417 ,
2320 378 2382 410 sive

1341 420 1373 452 jn
1396 416 1476 450 lac'r‘e
1499 415 1586 449 τοὲῗιε
1609 423 1702 457 atque
1720 417 1827 458 pipere
1849 416 1921 452 hene
1943 419 2091 456 conditae,
2113 423 2191 453 mox'
2212 420 2313 454 bibita
2331 432 2382 453 ce-

1343 458 1451 493 revisia
1484 457 1600 502 frigida
1625 458 1832 506 acidulaque,
1856 463 1920 497 cita
1944 473 2030 495 mors
2053 463 2180 496 abstulit
2205 476 2215 502 3
2248 465 2282 496 in
2304 464 2344 497 iis
2368 486 2381 503 ‚

1342 505 1476 546 inquam
1499 526 1512 543 ,
1543 503 1624 536 mala
1655 502 1824 544 dispositio
1858 506 1958 547 magis
1984 507 2112 547 patebat
2139 532 2148 547 ‚
2181 518 2256 540 cum
2289 505 2380 539 alteri

1343 545 1572 584 menstruorum
1595 546 1759 579 trimestris
1782 545 1854 579 esset
1878 548 2067 590 suppremo,
2091 550 2180 582 alteri
2205 558 2316 591 praeter
2340 548 2383 582 se·-

1343 590 1584 633 ptuagenariam
1607 599 1757 630 aetatem,
1781 588 1930 624 diuturna
1955 592 2312 631 ventriculidebilitas,
2335 594 2382 624 vi-

1341 636 1488 676 riumque
1511 633 1738 667 imbecillitas.
1764 633 1823 666 Sed
1848 635 2001 669 nimirum
2025 638 2172 679 graviora
2198 647 2325 679 quoque
2347 636 2382 668 in

1341 679 1470 712 alterius
1495 676 1642 710 cadavere
1665 687 1737 711 ante
1762 676 1954 718 seffionem,
1977 682 2009 712 &
2033 681 2066 712 in
2103 680 2267 722 utriusque
2286 701 2296 716 ,
2330 688 2383 712 aut

1342 721 1452 755 saltem
1475 722 1507 751 in
1532 720 1658 766 alterius
1683 721 1861 754 ventriculo
1885 732 1940 764 per
1962 721 2133 757 seffionem
2165 721 2385 763 christopho-

1342 776 1394 798 rus
1421 764 1578 805 Seligerus
1601 768 1614 804 (
1637 775 1652 797 c
1669 763 1711 807 ),
1743 767 1775 798 &
1800 764 1942 801 Michael
1978 767 2126 801 Ernestus
2162 766 2385 801 Ettrniillerus

1339 813 1354 848 (
1377 810 1396 841 d
1419 812 1429 847 )
1454 806 1669 840 adnotarunt.

1387 862 1434 884 10.
1461 851 1792 885 BONONIENSIS
1819 853 1997 891 Patricius,
2023 865 2120 888 unum
2146 854 2236 897 supra
2260 852 2386 893 sexage-

1340 894 1455 928 fimum
1478 906 1593 928 annum
1617 906 1708 938 agens
1725 921 1732 930 .
1758 906 1830 927 cum
1854 897 1975 930 multos
1998 895 2061 938 jam
2086 910 2185 931 annos
2210 897 2307 931 modo
2332 895 2388 929 lie-

1339 940 1516 977 rnicrania,
1541 939 1639 972 modo
1677 936 1847 971 arthritide
1882 939 2044 974 interdum
2064 952 2164 983 vaga,
2188 943 2264 974 alias
2287 938 2349 972 fixa
2374 962 2386 979 ,

1340 982 1439 1015 modo
1464 993 1574 1015 renum
1597 983 1729 1016 calculis
1753 981 1827 1018 esset
1852 994 2005 1021 vexatus,
2039 985 2200 1018 noviffime
2236 983 2384 1017 arthriti-

1336 1025 1375 1059 de
1398 1027 1572 1067 corripitur
1595 1028 1629 1058 in
1652 1038 1745 1059 manu
1771 1027 1897 1060 dextera
1921 1027 1984 1061 sine
2007 1027 2077 1060 ullo
2102 1037 2250 1069 tumore,
2272 1026 2386 1059 dolore

1337 1078 1442 1102 autem
1467 1070 1566 1107 miti,
1591 1072 1623 1103 &
1647 1073 1724 1112 qui,
1749 1081 1826 1103 mox
1849 1070 2005 1104 sentiendi
2030 1072 2060 1103 vi
2086 1070 2250 1105 hebetiore
2275 1069 2382 1109 fafita,

1335 1114 1391 1145 vix
1418 1114 1617 1155 percipitur.
1644 1115 1723 1146 Sana
1750 1115 1886 1147 onvnino
1911 1113 1949 1149 fit
1963 1125 2095 1153 manuss
2121 1114 2171 1148 sed
2185 1116 2304 1148 interea
2328 1122 2382 1145 ren

1333 1155 1443 1189 dexter
1468 1156 1578 1191 dolet'.
1604 1157 1671 1189 Hic
1695 1168 1821 1200 quoque
1845 1158 1941 1192 dolor
1964 1181 1974 1196 ,
1996 1159 2084 1192 inani
2106 1158 2219 1201 saepius
2246 1180 2255 1195 ‚
2279 1166 2384 1189 recur-

1341 1209 1429 1232 rente
1452 1201 1631 1234 vomitione
1656 1200 1802 1234 sedatur:
1829 1210 1859 1233 at
1882 1200 2013 1235 cessante
2037 1203 2163 1235 vomitu
2185 1225 2198 1242 ,
2230 1200 2383 1234 arthritis

1340 1242 1508 1277 dexterum
1533 1244 1651 1286 pariter
1674 1242 1860 1277 inferiorem
1885 1254 1991 1286 artum
2014 1244 2205 1287 prehendit,
2244 1254 2384 1286 aegrum-

1339 1299 1399 1329 que
1423 1286 1462 1320 ad
1491 1288 1617 1328 suram,
1651 1290 1681 1320 δε
1716 1288 1753 1321 ad
1787 1290 1890 1322 cruris
1922 1287 2058 1330 tarfique
2083 1288 2254 1321 articulum
2292 1285 2382 1318 valde

1338 1339 1486 1373 torquet.
1524 1333 1624 1370 Uno,
1658 1340 1711 1364 aut
1737 1332 1837 1364 altero
1861 1331 2033 1374 interjecto
2056 1330 2128 1370 die,
2162 1334 2188 1365 is
2212 1340 2301 1364 totus
2325 1333 2381 1362 'ex-

1336 1383 1455 1408 tremus
1479 1386 1532 1417 pes
1557 1374 1734 1416 sentiendi,
1758 1375 1970 1419 inovendique
1993 1373 2147 1408 facultate
2170 1375 2302 1407 omnino
2316 1374 2383 1414 pri-

1335 1428 1446 1452 vatur.
1472 1418 1626 1453 Postridie
1649 1428 1754 1452 tamen
1780 1418 1919 1453 resoluto
1945 1417 2015 1462 pedi
2028 1419 2145 1462 aliquis
2169 1416 2384 1451 reditdoloris

1335 1461 1454 1501 sensus,
1480 1474 1566 1504 aegro
1588 1472 1693 1496 autem
1718 1463 1819 1496 bonus
1842 1466 1872 1496 ἃ
1897 1464 2042 1503 animus,
2065 1461 2239 1505 &pulsus³
2262 1461 2316 1504 qui
2332 1461 2382 1492 in-

1335 1509 1519 1539 termittens
1531 1506 1627 1544 alias,
1653 1507 1862 1549 &inaequalis
1886 1507 2072 1548 plerumque
2095 1516 2161 1539 erat
2186 1507 2218 1538 in
2242 1501 2380 1550 brachio

1331 1548 1484 1583 dextero.
1510 1550 1660 1584 Tandem
1672 1549 1773 1590 pridie
1798 1562 1893 1593 quarn
1912 1558 2110 1587 moreretur,
2134 1549 2245 1583 cibum
2271 1547 2379 1590 reijcit

1334 1593 1450 1637 aquosa
1476 1596 1607 1626 materia
1633 1592 1840 1637 permistum:
1865 1595 2026 1636 levemque
2038 1593 2184 1626 dolorem
2208 1602 2282 1625 cum
2307 1590 2380 1633 pul-

1334 1637 1483 1677 satione,
1506 1647 1599 1680 atque
1624 1637 1758 1677 ardore,
1782 1637 1822 1670 ad
1844 1637 1997 1671 stomachi
2022 1637 2184 1678 regionem
2209 1633 2375 1678 persentit.

1335 1679 1511 1722 Paulopost
1525 1679 1690 1714 humorem
1717 1680 1840 1713 flavum
1873 1680 1923 1713 bis
1946 1681 2088 1713 evomit.
2118 1679 2260 1712 Insecuta
2287 1678 2380 1710 noste

1331 1734 1443 1766 parum
1455 1723 1589 1756 dormit.
1604 1724 1699 1756 Mane
1711 1723 1828 1757 hum-‘li
1840 1734 1913 1755 voce
1925 1722 1962 1755 de
1974 1724 2075 1756 tribus
2088 1735 2159 1766 quae
2171 1735 2186 1755 a
2201 1720 2305 1755 morbi
2315 1721 2381 1753 ini-

1330 1767 1380 1798 tio
1393 1765 1503 1799 affidue
1516 1767 1640 1799 molesta
1655 1766 1781 1800 fuerant
1794 1790 1805 1807 ‚
1818 1766 1910 1800 valde
1925 1768 2134 1808 conqueritur
2146 1791 2155 1806 ,
2177 1764 2229 1798 fiti
2243 1790 2253 1805 ,
2276 1775 2377 1806 pravo

1327 1811 1392 1842 oris
1406 1809 1535 1852 sapore,
1561 1808 1672 1844 amisso
1704 1813 1872 1853 appetitu.-
1897 1809 2150 1852 &febris‚quae
2163 1809 2334 1851 aliquoties
2347 1806 2376 1839 se

1327 1853 1356 1885 se
1369 1862 1439 1885 ante
1451 1865 1488 1886 ex
1501 1854 1593 1896 pulsu
1603 1852 1831 1887 tantummodo
1844 1853 2029 1895 prodiderat
2044 1877 2051 1890 ‚
2065 1851 2227 1886 manifesta
2240 1850 2287 1885 fit.
2305 1852 2379 1883 Sto-

1327 1895 1433 1929 machi
1449 1906 1554 1930 autern
1566 1897 1676 1930 dolore
1689 1923 1697 1935 ‚
1709 1900 1740 1930 &
1755 1897 1930 1938 pulsatione
1946 1896 2153 1938 perflantibus
2165 1907 2237 1930 curn
2251 1894 2375 1936 ingenti

1327 1938 1365 1972 ad
1388 1938 1517 1972 dorsum
1531 1941 1655 1979 calore,
1682 1939 1790 1982 pulsus
1803 1941 1879 1983 ,qui
1891 1939 2011 1981 vespere
2023 1940 2087 1984 jam
2102 1950 2166 1972 erat
2181 1938 2373 1981 languidus,

1326 1993 1364 2014 ex
1388 1982 1660 2025 multasanguinis
1674 1983 1849 2025 dejectione
1862 1983 2025 2016 aboletur.
2055 1985 2208 2025 Sanguini
2231 1991 2296 2015 erat
2321 1980 2376 2014 ad-

1322 2025 1412 2059 mista
1437 2028 1566 2059 materia
1579 2026 1753 2069 gravissime
1777 2029 1888 2067 olens,
1911 2030 1943 2060 ὃς
1966 2039 2036 2069 quae
2054 2027 2184 2069 liquatae
2209 2027 2289 2068 picis
2322 2025 2374 2056 in-

1323 2069 1402 2106 star,
1419 2068 1589 2103 immiffurn
1603 2070 1757 2103 bacillum
1769 2094 1781 2110 ,
1792 2069 1813 2103 fi
1826 2069 2008 2108 retraheres,
2024 2070 2227 2113 sequebatur.
2250 2071 2374 2101 Interea

1322 2123 1378 2155 pes
1391 2113 1526 2146 multum
1541 2112 1751 2155 dolet;reique
1762 2113 1861 2146 tensus
1872 2125 1925 2156 per
1934 2126 2006 2149 crus
2016 2114 2213 2148 ascendentis
2225 2112 2374 2148 habetur,

1326 2156 1493 2199 sensusque
1508 2156 1712 2199 postmodum
1724 2156 1807 2198 quafi
1823 2156 1968 2199 ponderis
1980 2159 2012 2191 in
2024 2160 2093 2190 imo
2105 2159 2224 2190 ventris
2237 2185 2242 2190 ,
2256 2158 2292 2189 In
2303 2155 2375 2187 bra-

1325 2198 1403 2232 chio
1415 2210 1519 2234 autern
1545 2199 1676 2234 dextero
1688 2200 1835 2233 movendi
1858 2202 1905 2233 vis
1918 2200 2026 2234 senfim
2045 2200 2154 2234 deficit
2169 2227 2179 2241 ‚
2202 2199 2375 2233 liventibus

1326 2243 1497 2284 unguibus:
1511 2243 1605 2285 idque
1618 2244 1783 2278 brachium
1798 2255 1873 2277 mox
1885 2245 1977 2287 plane
1989 2245 2203 2287 paralyticum
2216 2241 2371 2277 redditur.

1327 2287 1407 2319 Nou
1421 2290 1528 2328 paucis
1541 2298 1612 2319 ante
1625 2299 1761 2322 mortam
1777 2287 1863 2321 bru-is
1873 2288 1975 2321 crebri
1988 2288 2025 2321 ad
2037 2288 2208 2330 praecordia
2220 2295 2375 2320 tremores

1325 2331 1564 2371 percipiuntur.
1593 2331 1752 2365 Postremo
1778 2332 1934 2374 {anguinis
1958 2330 2135 2375 dejectione
2149 2331 2317 2367 redeunte,
2342 2341 2375 2361 e-

1323 2371 1507 2416 jusdemque
1533 2377 1671 2408 materiae
1698 2378 1822 2408 vomitu
1845 2373 1977 2408 fortasse
1999 2376 2214 2415 imminente,
2236 2384 2273 2408 ut
2298 2384 2374 2406 nau-

1329 2417 1396 2456 sea,
1421 2420 1452 2450 ἃ
1478 2416 1591 2450 similis
1616 2430 1652 2451 ex
1677 2430 1731 2450 ore
1754 2417 1838 2461 quasi
1866 2417 1982 2452 faecum
2003 2418 2220 2460 graveolentia
2246 2416 2373 2450 indica-

1327 2459 1430 2498 bant,
1454 2472 1536 2501 aeger
1561 2461 1707 2494 suffocari
1734 2462 1763 2495 se
1788 2462 1915 2500 dicens,
1942 2460 2009 2504 post
2031 2460 2154 2494 sextam
2192 2464 2221 2494 δι
2247 2458 2370 2503 triges-

1326 2514 1411 2535 mam
1436 2503 1617 2536 astomachi
1643 2506 1896 2539 doloreineunte
1922 2505 2034 2538 horam
2060 2503 2204 2538 decedit.
2292 2503 2371 2536 AB·

1324 2547 1526 2580 DOMINI}
1549 2547 1683 2581 diducto
1727 2550 1832 2581 omnis
1858 2549 2080 2582 intestinorum
2106 2546 2372 2581 substantiainve-

1323 2591 1412 2622 nitur
1435 2602 1450 2623 a
1475 2592 1654 2624 ventriculo
1675 2592 1774 2634 usqne
1800 2592 1837 2625 ad
1860 2593 1954 2626 Recti
1981 2591 2073 2624 finem
2100 2590 2167 2624 dira
2191 2590 2374 2624 inflamma-

1322 2634 1411 2665 tione
1434 2644 1613 2675 occupata,
1636 2644 1671 2669 ut
1697 2647 1732 2668 ne
1759 2637 1891 2668 minima
1915 2635 2044 2678 quidem
2068 2646 2179 2669 eorum
2204 2644 2273 2675 pars
2290 2633 2372 2666 illae-

1323 2674 1354 2709 sa
1381 2677 1625 2720 relinqueretur.
1654 2678 1814 2713 intestinis
1839 2689 1944 2714 autem
1968 2680 2100 2712 materia
2114 2677 2370 2722 sanguinolenta,

1320 2718 1452 2762 dejeerae
1475 2720 1605 2755 similis.
1631 2723 1856 2757 continebatur
1873 2749 1882 2758 .
1904 2722 2134 2762 Ventriculus,
2159 2725 2191 2754 ὃ(
2216 2731 2301 2753 renes
2326 2722 2372 2753 la-

1321 2764 1354 2795 ni
1379 2773 1466 2796 erant
1480 2789 1487 2794 .
1578 2767 1616 2797 In
1642 2764 1790 2799 Thorace
1805 2791 1815 2807 ,
1840 2766 2010 2808 posteriora
2028 2765 2241 2808 pulmonum,
2255 2762 2369 2797 sinistri

1320 2807 1494 2849 praesertim
1510 2833 1517 2847 ⁷
1544 2809 1656 2841 leviter
1679 2821 1766 2843 erant
1790 2811 2005 2844 inflammata.
2042 2811 2079 2842 In
2103 2807 2282 2851 pericardio
2305 2817 2369 2840 me·

1317 2850 1437 2884 diocris
1450 2863 1537 2893 aquae
1548 2854 1641 2894 copia
1661 2879 1663 2882 .
1689 2856 1725 2886 ln
1738 2855 1832 2886 corde
1844 2852 2006 2895 polyposae
2018 2853 2236 2885 concretiones
2250 2851 2345 2884 nullae
2358 2874 2366 2882 .

1373 2904 1420 2926 11.
1447 2895 1660 2937 Hippocratis
1673 2897 1870 2939 aphorismus
1883 2901 1925 2937 (e)
1947 2894 2069 2942 Qubus
2093 2906 2131 2929 ex
2153 2894 2268 2929 morbis
2291 2905 2367 2927 acu-

1321 2939 1364 2970 tis
1378 2963 1387 2976 ‚
1411 2947 1466 2970 aut
1487 2939 1668 2976 diuturnis,
1691 2939 1742 2973 vel
1763 2950 1801 2973 ex
1822 2939 2006 2973 vulneribus
2021 2962 2029 2976 ,
2056 2937 2123 2980 five
2156 2939 2219 2971 alio
2253 2938 2367 2980 quovis

1320 2981 1406 3027 modo
1431 2983 1606 3016 extenuatis
1623 3006 1631 3019 ,
1655 2991 1725 3016 atra
1757 2981 1854 3021 bilis,
1872 2983 1940 3026 five
1963 2982 2014 3016 uti
2030 2981 2162 3024 sanguis
2198 2982 2284 3024 niger
2316 2981 2367 3014 in-

1312 3023 1369 3066 fra
1393 3025 1508 3058 exierit
1524 3049 1535 3064 ‚
1553 3025 1697 3069 postridie
1720 3027 1920 3066 moriuntur,
1944 3024 1999 3058 nisi
2024 3024 2112 3068 quod
2137 3024 2233 3067 paulo
2265 3024 2365 3058 citius

1317 3066 1444 3101 videtur
1467 3069 1634 3109 expletus,
1668 3070 1714 3101 vel
1741 3071 1841 3111 magis
1866 3069 1999 3112 quadrat
2038 3070 2071 3101 in
2107 3067 2190 3101 hunc
2224 3067 2329 3101 casum
2353 3090 2363 3106 ,

1317 3122 1411 3153 quam
1437 3112 1469 3143 in
1494 3123 1565 3145 eum
1588 3112 1625 3146 ad
1649 3124 1743 3155 quem
1769 3125 1783 3144 a
1811 3113 1981 3149 Balloniti,
2005 3121 2040 3146 ut
2064 3111 2117 3145 hic
2140 3110 2227 3143 vides
2251 3113 2284 3144 in
2310 3112 2365 3144 Se·

1318 3154 1488 3194 pulchreto
1511 3153 1618 3197 (f),
1639 3155 1802 3189 tradutftus
1827 3156 1867 3189 est
1883 3182 1890 3189 .
1914 3155 1994 3199 Ejus
2017 3157 2102 3188 enirn
2126 3166 2229 3197 aeger,
2266 3161 2362 3198 quem

1316 3197 1445 3231 dolores
1469 3199 1585 3240 pariter
1608 3198 1645 3232 ad
1670 3200 1839 3232 ventriculi
1853 3201 2017 3242 regionem
2031 3207 2218 3232 vexaverant
2251 3221 2264 3238 ‚
2288 3199 2356 3240 pri-

1315 3241 1368 3273 die
1391 3253 1486 3283 quam
1511 3254 1525 3274 e
1550 3243 1615 3275 vita
1639 3243 1821 3280 excederet,
1846 3242 2067 3276 atrabilarium
2091 3241 2222 3285 quidem
2257 3251 2361 3274 excre-

1316 3286 1367 3316 vit
1384 3285 1584 3327 sanguinem5
1618 3285 1665 3318 sed
1691 3296 1746 3328 per
1768 3297 1820 3318 os.
1845 3288 2008 3319 Caeterum
2026 3297 2080 3318 nec
2090 3286 2255 3318 Balloniris
2268 3284 2361 3325 quid-

1320 3339 1415 3369 quam
1441 3330 1515 3360 vitii
1539 3329 1572 3360 in
1596 3329 1665 3371 ipso
1691 3330 1893 3369 ventriculo,
1917 3332 1949 3362 &
1972 3328 2120 3362 Valsalva
2145 3327 2228 3362 hunc
2252 3326 2359 3361 sanum

1313 3371 1502 3412 proposuit.
1530 3373 1673 3416 Uterque
1696 3383 1791 3414 prope
1815 3373 2024 3406 ventriculum
2048 3371 2362 3410 illaindicavit‚un-

1312 3412 1349 3445 de
1374 3415 1426 3447 liic
1451 3414 1540 3449 simul
1566 3416 1646 3449 affici
1671 3414 1791 3457 poss'et.
1817 3415 1960 3450 Pulsatio
1971 3425 2076 3449 autem
2088 3427 2187 3459 quaea
2212 3412 2360 3447 Valsalva

1315 3456 1464 3490 adnotata
1490 3458 1550 3495 est,
1577 3459 1669 3492 facile
1691 3462 1721 3491 δέ
1747 3458 1920 3493 restitantis
1945 3460 2103 3502 sanguinis
2126 3460 2159 3490 in
2195 3457 2358 3501 proximo-

1313 3511 1383 3533 rum
1408 3501 1628 3536 intestinorum
1654 3502 1848 3544 parietibus,
1872 3502 2000 3536 effeetus
2024 3511 2110 3542 erat,
2135 3504 2166 3533 8:
2178 3498 2313 3543 ejusdem
2326 3512 2358 3531 e-

1315 3546 1400 3577 xitus
1414 3545 1502 3577 causa
1514 3547 1545 3578 in
1559 3557 1668 3580 eorum
1677 3556 1799 3579 cavum.
1815 3546 1971 3587 Urgendo
1982 3547 2064 3578 enim
2075 3544 2171 3587 usque
2186 3567 2194 3581 ,
2208 3544 2239 3574 &
2260 3543 2356 3586 usque

1314 3588 1420 3630 aliqua
1444 3588 1571 3622 demum
1597 3602 1633 3623 ex
1658 3588 1806 3622 infarftis
1830 3590 1965 3623 vasculis
1988 3590 2132 3633 ruperit.
2168 3586 2355 3662 Quoftrahi

2261 3641 2314 3661 01¹-

281 3827 296 3855 (
312 3834 327 3855 y
344 3826 358 3854 )
375 3825 471 3850 Diaeret.
490 3828 505 3851 l.
526 3835 547 3851 ι.
565 3836 587 3851 c.
606 3837 645 3858 45.

280 3858 296 3885 ί
308 3865 319 3880 c
337 3875 345 3886 Ι
364 3857 423 3885 [21³h.
442 3859 480 3883 N.
497 3860 527 3883 C.
542 3861 599 3883 Dec.
616 3866 639 3884 ².
657 3860 686 3884 Α.
706 3867 725 3884 ι.
744 3860 802 3886 Obs.
822 3870 872 3891 139.

708 3830 721 3858 (
739 3839 756 3857 z
774 3829 783 3860 )
801 3833 860 3854 Not.
878 3832 908 3857 ad
925 3831 998 3855 Fierae
1015 3833 1117 3856 Coenam
1129 3849 1136 3862 ‚
1153 3834 1193 3857 ubi
1212 3834 1241 3858 de
1259 3836 1321 3858 Pane
1338 3843 1386 3859 non
1402 3836 1544 3861 {sumet-itae.

935 3862 949 3891 (
963 3862 977 3885 d
994 3862 1007 3891 )
1024 3863 1125 3887 Earund.
1144 3866 1216 3890 Cent.
1235 3873 1258 3895 9.
1277 3866 1328 3890 Cb,
1343 3870 1384 3891 ⁶⁶.

1606 3837 1620 3865 (
1636 3835 1773 3865 a)t·:p0d.
1791 3843 1813 3864 3.
1874 3833 1915 3864 (b
1932 3835 1940 3866 )
1958 3834 2014 3860 obs.
2029 3842 2053 3863 7⁹

1445 3866 1648 3897 ce>²3·§·4-
1709 3864 1911 3897 (Μαίων
