2498 4075
384 237 538 305 Epist.
577 236 737 292 Anat.
775 236 993 295 Medica
1028 237 1752 311 XXXV111.Art.68.&1619.1

52 312 122 358 tia,
148 314 180 349 δι
200 312 361 352 diuretica
385 315 614 350 medicamenta
637 313 721 348 nihil
744 314 915 350 levaminis
939 315 1055 350 attule-

54 357 144 390 rint:
168 357 189 391 fi
215 368 303 392 artus
327 356 494 394 inferiores
517 369 581 391 non
608 359 665 390 nisi
700 357 822 392 ultimis
854 359 1058 401 temporibus

55 400 292 436 intumuerint:
315 400 440 440 fihaec,
464 403 614 442 inquam,
639 400 783 440 fuerint3
807 412 871 435 non
884 401 1055 435 ascitefoe-

53 443 195 482 minam,
221 445 270 478 sed
294 446 444 478 concluso
467 445 576 486 aliquo
620 444 766 486 hydrope
790 445 857 478 fere
880 445 1049 479 laborare:

53 496 110 518 nec
131 495 238 521 tamen
262 487 378 522 necesse
402 488 480 528 esse,
503 487 589 529 fiqua
614 499 652 523 ex
675 488 739 521 istis
764 497 840 523 nota
873 487 1011 522 defuerit
1037 511 1048 526 ‚

53 538 131 562 tunc
154 542 191 564 eo
215 543 279 566 non
303 531 465 566 laborare.
491 531 630 565 Fuerunt
654 532 738 563 enim
762 535 792 565 δι
816 542 888 573 quae
910 531 949 565 de
972 542 1052 564 ven-

54 582 131 609 tris,
158 575 296 617 exempli
320 576 443 618 gratia,
467 573 592 609 intimis
615 572 786 608 doloribus
817 584 1051 616 quererentur,

51 616 159 657 pressis
194 619 344 653 videlicet
370 615 563 656 visceribus,
585 619 616 649 ἃ
641 616 817 659 praesertim
862 617 1020 650 intestinis
1041 639 1051 654 ‚

51 658 157 701 sacci,
179 671 269 698 certo
291 663 323 695 in
350 662 421 694 loco
445 661 546 701 magis
569 659 654 693 affixi
677 682 685 698 ‚
718 671 771 694 aut
806 661 1019 704 prominentis
1042 681 1052 698 ‚

54 707 208 744 proximo
232 704 393 747 pondere,
416 705 446 736 δέ
470 702 665 736 distentione
680 726 690 741 ‚
713 704 801 746 quod
835 705 868 738 in
913 704 1017 736 ovarii
1043 729 1053 742 ,

52 758 88 779 au
132 748 243 782 fimilis
267 746 399 788 alicujus
425 748 525 780 Partis
551 748 652 789 magis
675 758 771 789 quam
805 749 837 781 in
883 748 1052 789 peritonaei

51 788 233 834 hydropem
259 791 391 827 cadere,
416 789 592 832 intelligis.
620 789 691 823 Esse
715 788 861 831 possunt,
889 801 921 823 at
954 791 1050 832 longe

50 835 175 871 rarius,
198 835 295 871 etiam
319 833 482 866 nonnullae
505 835 622 876 quibus
667 833 836 866 levaminis
880 834 1050 876 quidpiam

52 875 187 910 afferant
209 878 282 911 data
306 877 537 910 medicamenta
553 900 561 914 ‚
587 877 608 909 si
634 887 749 919 aquam
771 875 857 909 forte
882 877 1017 910 educant
1041 901 1050 915 ,

9 928 13 932 “
50 930 115 953 non
138 932 209 963 quae
233 920 312 962 cysti
336 919 478 955 inclusa,
504 919 555 953 sed
578 931 649 963 quae
673 919 707 951 in
733 923 856 953 ventris
876 917 1051 955 cavumef-

49 960 117 996 fusa
142 963 203 1003 iit;
224 963 285 997 esse
309 964 395 997 enim
419 966 448 996 δε
473 963 554 997 hanc
578 961 773 1005 aliquando,
796 962 848 997 sed
873 961 938 998 fere
972 974 1050 1005 pau-

49 1018 143 1047 cam,
165 1006 310 1041 laudatus
337 1007 506 1040 adnotavit
531 1008 723 1048 Verneyus,
744 1016 885 1049 tuncque
908 1006 940 1040 id
973 1018 1052 1040 con-

48 1052 176 1091 tingere
200 1062 274 1084 cum
300 1050 369 1092 plus
394 1061 483 1093 aquae
508 1061 618 1093 capere
643 1050 738 1091 cystis
761 1061 825 1082 non
849 1051 952 1091 potest
979 1072 988 1088 ,
1019 1051 1051 1082 «Sc

48 1093 125 1127 hinc
149 1091 207 1127 esse
230 1093 318 1136 quod
343 1103 427 1129 artus
450 1091 619 1127 inferiores
642 1103 706 1125 non
732 1093 788 1126 nisi
814 1093 929 1130 serius,
955 1102 990 1126 ut
1000 1092 1052 1126 di-

47 1140 135 1171 &um
159 1136 222 1176 est,
244 1136 476 1171 intumescant.
610 1138 660 1169 De
683 1135 780 1177 fignis
804 1146 909 1170 autem
920 1148 1057 1180 perquae

48 1180 232 1224 propositos
254 1179 416 1223 hydropes
438 1192 536 1214 unum
561 1179 599 1213 ab
623 1179 723 1212 altero
746 1180 966 1219 internoscas,
992 1180 1057 1223 ipse

48 1225 231 1266 intelligis,
254 1223 337 1257 nihil
362 1223 419 1257 esse
443 1222 529 1265 posse
552 1223 641 1265 quod
664 1235 681 1256 a
705 1234 755 1256 me
799 1225 945 1266 expedtes
966 1235 979 1265 ,¹
1022 1235 1057 1257 ea

48 1268 137 1301 enim
159 1269 245 1300 inter
267 1269 401 1307 ovaria‚
432 1269 464 1299 ὃς
504 1267 596 1301 tubas
620 1291 630 1305 ‚
666 1268 696 1299 δι
730 1267 903 1307 ligamenta
939 1267 1057 1310 quibus

47 1311 324 1352 committuntur,
349 1312 575 1353 propinquitas
598 1309 666 1350 est,
690 1312 722 1342 &
745 1322 782 1343 ea
804 1311 966 1345 necessitas
988 1310 1060 1344 offi-

48 1356 92 1387 cii
116 1365 228 1388 eorum
249 1355 396 1388 omnium
422 1355 458 1387 ad
482 1365 565 1396 opus
589 1353 830 1396 generationis,
857 1365 893 1389 ut
916 1365 1017 1398 neque
1042 1366 1059 1388 a

48 1401 186 1431 tumoris
210 1397 302 1437 sede,
326 1409 427 1441 neque
451 1397 490 1430 ab
513 1399 691 1439 intercepta
716 1397 748 1428 in
774 1398 906 1431 muliere
920 1400 1056 1440 gignen-

47 1441 81 1474 di
106 1440 264 1475 facultate
283 1464 293 1480 ,
316 1444 481 1483 quodnam
505 1452 618 1474 eorum
642 1440 859 1482 hydropicum
872 1440 935 1481 fit,
958 1442 1055 1475 liceat

47 1484 224 1519 deducere.
251 1484 343 1527 Qin
369 1483 425 1518 etsi
448 1485 613 1527 concipiat
638 1486 759 1517 interea
784 1485 921 1523 mulier5
945 1484 1054 1517 inson-

48 1539 97 1561 tes
120 1526 179 1562 esse
203 1528 273 1561 illas
299 1531 427 1568 Partes,
449 1529 507 1571 qui
532 1525 664 1561 credes?
685 1529 806 1570 quippe
830 1539 905 1562 cum
939 1528 1017 1562 scias
1040 1550 1049 1565 ‚

48 1570 123 1605 satis
147 1571 186 1606 ad
209 1571 242 1604 id
265 1571 340 1611 esl'e,
365 1570 387 1605 si
412 1572 451 1605 ab
472 1571 576 1615 altero
599 1572 697 1604 latere
722 1570 801 1603 sanae
824 1570 905 1605 fint.
929 1573 1051 1605 Earum

46 1626 156 1649 tamen
181 1616 344 1658 aliquam,
368 1614 740 1661 ovariumpraesertim,
763 1622 798 1647 ut
821 1614 910 1657 quod
935 1614 1051 1656 saepius

46 1658 154 1700 solet,
178 1669 302 1692 tumere
326 1657 431 1700 posse,
453 1659 638 1699 conjicies,
660 1667 736 1690 cum
760 1656 789 1690 se
814 1660 953 1692 tumoris
985 1658 1050 1691 ini-

46 1706 133 1738 tium
157 1702 195 1736 ad
216 1701 347 1736 illarum
370 1699 472 1736 sedern
495 1701 694 1744 prodiderit.
728 1700 816 1734 Posse
837 1723 847 1739 ,
881 1703 1015 1745 inquam
1040 1725 1052 1742 ‚

45 1746 224 1790 conjicies;
246 1756 321 1778 nam
344 1745 394 1777 vel
418 1744 464 1780 ibi
489 1755 621 1784 tumor,
646 1755 701 1777 nec
724 1746 759 1777 in
776 1744 840 1778 illis
852 1754 982 1785 tamen,
1007 1745 1053 1779 es-

46 1792 78 1826 se
104 1789 224 1833 potest.
249 1788 435 1823 Videndum
459 1800 590 1832 quoque
616 1798 693 1821 tunc
718 1787 780 1827 est,
806 1800 845 1821 ne
870 1800 979 1823 tumor
1011 1788 1052 1822 fit

45 1835 132 1870 forte
148 1833 286 1867 alterius
310 1834 434 1875 generis
457 1855 466 1870 ‚
499 1841 538 1866 ut
582 1841 660 1873 puta
704 1842 778 1880 cum
823 1831 1054 1877 Gandolphius

45 1883 60 1919 (
83 1889 102 1911 n
124 1883 139 1920 >
161 1878 313 1911 ovarium
336 1885 509 1918 utrumque
531 1876 657 1909 invenit
679 1876 793 1917 capitis
825 1887 955 1921 aequans
985 1888 1054 1910 ma..

46 1921 255 1965 gnitudinem
270 1945 279 1960 ,
303 1922 334 1952 ὃς
358 1920 483 1962 pondus
506 1919 655 1961 superans
678 1918 832 1954 librarum
877 1922 1020 1967 quinque
1044 1943 1053 1962 ‚

39 1964 102 2001 'secl
126 1977 165 2000 ex
188 1975 249 1998 una
275 1962 450 2006 eademque
470 1963 637 2003 compasta
682 1963 804 2006 ubique
847 1963 1020 1999 substantia
1043 1990 1053 2004 ,

46 2020 103 2044 aut
125 2020 199 2043 cum
223 2008 285 2041 alia
310 2008 343 2039 in
369 2007 504 2040 foemina
527 2005 612 2040 idem
638 2007 743 2040 morbi
767 2017 866 2049 genus
891 2010 925 2042 in
937 2012 1053 2044 ovario

47 2054 149 2088 altero
171 2050 337 2093 conspexit
361 2051 473 2093 pondo
497 2049 652 2084 librarum
688 2050 818 2085 circiter
853 2053 1054 2095 quatuorde-

46 2099 135 2136 cim:
159 2095 210 2129 sed
233 2098 264 2129 &
288 2095 369 2127 alius
393 2093 484 2127 modi
507 2103 650 2128 tumores
673 2094 798 2128 ibidem
823 2094 907 2130 haud
941 2096 1053 2130 rariffi-

46 2148 98 2175 ine
117 2147 316 2174 occurrunt,
341 2137 495 2171 steatoma
541 2138 576 2170 in
609 2139 723 2179 primis
757 2138 973 2181 (cujusmodi
1020 2143 1053 2173 &

45 2182 129 2218 mihi
152 2185 166 2223 (
187 2194 203 2216 ο
228 2185 238 2220 )
264 2180 294 2214 se
317 2181 467 2222 obtulit)
489 2179 577 2223 quod
603 2191 837 2223 nonnunquam
859 2184 966 2216 ovarii
991 2183 1054 2225 hy-

45 2227 183 2270 dropem
206 2224 358 2264 mentiri,
382 2223 552 2258 admonuit
574 2222 767 2258 Schacherus
789 2227 845 2267 (p
866 2227 900 2264 ).
924 2228 978 2260 Tu
1002 2238 1056 2260 ve-

46 2283 86 2305 ro
107 2282 181 2313 quae
206 2267 448 2307 antecesserint,
472 2269 503 2299 &
526 2278 599 2308 quae
644 2271 841 2302 comitentur
864 2291 876 2308 ,
921 2270 1056 2304 solerter

46 2315 160 2348 omnia
184 2309 409 2355 perpendens,
432 2320 510 2344 tunc
532 2309 659 2344 facilius
681 2310 900 2354 hydropicum
921 2314 981 2347 effe
1005 2324 1055 2348 tu-

48 2368 196 2395 morem,
222 2354 432 2397 suspicaberis
456 2377 466 2392 ,
498 2364 572 2388 cum
615 2362 830 2397 temperatura
874 2358 1020 2399 corporis
1045 2382 1054 2395 ,

46 2401 172 2441 victus,
195 2399 300 2432 morbi
326 2396 468 2435 fuerint,
493 2406 548 2431 aut
570 2396 632 2431 fint
656 2398 775 2440 quibus
819 2399 966 2433 mulieres
1012 2399 1051 2435 ad

46 2443 231 2488 hydropem
254 2440 475 2484 disponantur.
501 2441 577 2484 Qua
603 2449 709 2474 autem
732 2442 1051 2485 ratione,conjicere

37 2489 148 2531 potius
171 2486 286 2520 debeas
309 2494 425 2527 aquam
449 2485 536 2518 inter
560 2483 744 2523 musculos,
769 2487 1049 2527 &peritonaeum,

37 2542 136 2575 quam
161 2531 250 2564 intra
273 2528 335 2563 hoc
359 2526 419 2561 esse
443 2526 646 2571 congestam,
672 2527 764 2570 supra
787 2531 802 2568 (
822 2540 841 2571 q
863 2533 877 2569 )
900 2556 909 2569 ,
945 2542 1049 2573 quan.

18 2585 112 2612 ,tum
135 2576 169 2608 in
194 2571 354 2615 ejusmodi
378 2572 502 2605 morbis
534 2572 612 2605 licet
638 2594 647 2609 ‚
680 2571 822 2606 indicare
855 2577 964 2607 conati
999 2573 1049 2608 su-

38 2630 135 2658 mus,
161 2620 193 2651 &
215 2616 237 2650 si
262 2614 341 2659 quid
366 2614 405 2648 ad
430 2613 594 2658 hydropes
618 2615 697 2648 alios
724 2627 778 2657 per
803 2616 905 2650 levem
941 2616 1054 2651 saltem

40 2661 264 2703 conje&uram
289 2658 551 2693 internoscendos
575 2658 667 2692 nobis
691 2660 812 2693 interea
837 2670 891 2693 aut
916 2661 1055 2702 legenti—

43 2708 104 2741 bus
127 2712 278 2738 occurret
294 2726 303 2741 ,
332 2712 386 2737 aut
409 2702 633 2744 cogitantibus
666 2703 700 2735 in
736 2712 876 2737 mentem
912 2705 1020 2739 veniet
1044 2725 1055 2742 ‚

45 2749 204 2794 proximis
229 2747 362 2780 Litteris
389 2749 402 2785 <
424 2757 440 2778 r
461 2749 476 2786 )
498 2757 562 2778 non
586 2747 777 2780 omittemus
791 2771 799 2779 .

87 2792 139 2824 68.
164 2790 265 2828 Quod
289 2788 312 2822 fi
332 2789 464 2823 difficile
479 2788 522 2823 est
535 2788 697 2831 hydropes
708 2801 790 2833 quos
802 2791 1050 2824 memoravimus

47 2834 286 2872 internoscere3
310 2833 413 2867 multo
434 2832 477 2866 est
499 2831 664 2866 difficilius
689 2832 875 2875 persanare.
900 2834 971 2868 Nec
993 2845 1050 2867 ve-

48 2893 87 2915 ro
109 2879 214 2918 dicas,
238 2876 338 2920 ipsam
360 2874 526 2909 ostendisse
549 2884 716 2916 naturam,
740 2888 801 2919 qua
845 2877 877 2910 id
923 2878 1048 2911 ratione

46 2924 224 2959 faciamus,
247 2932 321 2954 cum
344 2919 469 2953 mulieri
493 2919 531 2953 de
552 2930 614 2961 qua
641 2919 812 2953 Brehmius
845 2920 928 2962 (s)
972 2920 1050 2953 scri-

47 2968 98 3003 bit
113 2992 123 3006 ,
146 2961 279 3000 emisso,
303 2973 339 2997 ut
362 2971 451 2996 antea
473 2962 617 2996 diximus
643 2984 653 3000 ‚
685 2975 741 3005 per
775 2965 931 3007 exiguum
964 2963 1048 2998 fora-v

48 3022 122 3046 men
147 3007 277 3044 alternis
308 3006 420 3042 diebus
450 3006 586 3040 humore
607 3029 617 3044 ‚
664 3005 830 3040 sanitatem
874 3008 1015 3042 restituit
1040 3032 1049 3040 .

46 3055 140 3091 Nam
162 3051 305 3095 hydrops
327 3050 381 3084 ille
405 3048 529 3083 videtur
551 3048 645 3083 fuisse
667 3050 837 3091 peritonaei
860 3061 925 3083 non
962 3050 1048 3084 secus

49 3110 150 3141 atque
173 3106 279 3129 revera
302 3093 384 3133 fuit,
409 3104 481 3126 curn
505 3102 554 3125 ter
576 3092 709 3127 eandem
744 3094 830 3128 viam
851 3117 860 3131 ‚
892 3091 1047 3127 referente

48 3141 224 3178 Anhornio
247 3140 261 3177 (
282 3145 297 3171 t
318 3141 352 3178 )‚
376 3136 499 3170 utiliter
521 3136 651 3177 quidem
675 3137 838 3179 primum,
858 3137 907 3170 sed
942 3139 1047 3178 postea

48 3186 188 3223 feliciter
211 3190 325 3216 natura
348 3180 504 3213 tentavit.
532 3180 605 3212 Nos
627 3191 703 3213 vero
735 3181 791 3224 qui
823 3180 861 3214 de
893 3180 1048 3222 hydropis

48 3227 218 3275 peritonaei
240 3225 406 3259 curatione
430 3222 522 3265 supra
544 3221 687 3257 diximus
705 3247 715 3262 ‚
762 3222 816 3258 hic
857 3224 896 3257 de
940 3235 1053 3259 eorum

47 3272 224 3318 quaerimus
247 3268 413 3303 curatione
437 3266 502 3308 qui‘
519 3264 610 3313 sacco
632 3265 771 3307 inclusi,
805 3268 924 3301 ventris
969 3279 1050 3301 cavo

47 3317 260 3352 continentur
275 3339 282 3346 .
306 3312 404 3344 Certe
427 3318 533 3343 autem
555 3311 663 3352 junior
709 3311 880 3354 Verneyus
927 3311 981 3353 (u
1005 3314 1016 3349 )
1040 3334 1048 3348 ,

47 3361 252 3399 Chirurgus,
275 3354 370 3398 liquis
395 3353 476 3386 alius
502 3374 511 3390 ‚
542 3354 576 3386 in
611 3353 800 3396 paracentefi
832 3354 1047 3388 exercitatiffi-

48 3415 141 3439 mus,
165 3399 276 3434 diserte
300 3406 420 3439 negat,
443 3394 474 3429 se
496 3396 594 3429 ullam
632 3408 703 3440 quae
738 3397 862 3432 saccaro
896 3397 1045 3441 hydrope

48 3454 233 3483 teneretur,
256 3440 366 3476 vidisse
390 3440 550 3478 sanatamf.
572 3441 650 3483 quin
676 3441 798 3482 plures,
819 3452 890 3484 quae
903 3440 979 3475 satis
991 3441 1045 3474 be-

49 3504 89 3526 ne
111 3488 274 3523 valentes,
297 3484 449 3527 nullaque
471 3483 553 3523 alia,
576 3482 633 3516 nisi
656 3484 779 3518 onerosi
804 3486 923 3518 ventris
942 3511 950 3524 ,
976 3497 1046 3517 mo-

48 3535 137 3569 lestia
160 3528 290 3575 pressae,
317 3539 390 3563 cum
415 3527 460 3561 ab*
479 3525 538 3561 hac
562 3538 619 3571 per
642 3526 787 3563 edunam
818 3539 933 3570 aquam
968 3528 1049 3563 libe-

60 3665 2103 3697 n——ffl———ffid———Q——w-

165 3754 180 3783 )
195 3752 255 3777 Hist.
271 3752 299 3777 de
315 3749 412 3776 l'Acad.
429 3751 459 3773 R.
474 3748 567 3783 des-sc.
583 3750 690 3778 A.1707.
707 3748 765 3773 ΟΜ.
782 3751 856 3775 Anat.
872 3760 894 3781 4.

157 3785 211 3813 )n.
230 3791 269 3810 40·
332 3780 396 3809 (s)
427 3783 463 3810 (t
479 3784 489 3806 )
506 3785 545 3804 cit.
563 3779 630 3809 supra
647 3782 676 3805 ad
692 3790 716 3805 n·
736 3788 773 3809 59.

164 3820 170 3842 )

163 3845 173 3875 )

186 3813 289 3837 Eorund.
310 3813 380 3836 Cent.
402 3818 422 3839 9.
439 3810 496 3834 Obs.
516 3818 565 3834 100.
585 3819 606 3834 n.
626 3819 645 3839 3.
664 3811 685 3835 δε
701 3820 727 3841 4.
789 3808 797 3839 (
812 3818 830 3838 z
849 3811 911 3839 )eit.
927 3812 955 3836 ad
973 3820 998 3835 n.
1015 3815 1056 3837 66.

233 3850 268 3873 θ)
301 3841 362 3875 kf)
393 3839 662 3872 (animulam.

957 3750 966 3779 (
983 3760 996 3775 o
1012 3754 1022 3778 )
1040 3751 1107 3781 supra
1122 3760 1146 3777 n.
1162 3761 1199 3783 34.

836 3780 879 3809 (u
895 3782 908 3810 )
923 3781 966 3806 cit.
982 3781 1010 3805 ad
1028 3790 1050 3806 n.
1068 3786 1106 3813 ⁶5·

724 3842 738 3872 ζ
754 3841 768 3866 h
784 3841 792 3872 )
811 3841 905 3869 Dissert.
920 3842 948 3869 de
966 3844 1044 3874 Hydr.
1061 3844 1137 3871 ovar.
1153 3844 1188 3871 th.
1205 3852 1242 3876 κς.

1950 258 2034 306 119

1104 325 1172 350 rare
1195 315 1224 351 se
1248 315 1390 354 vellent,
1413 318 1526 358 brevi,
1550 320 1619 360 ait,
1642 317 1786 360 periisse,
1810 316 1868 352 diu
1881 318 2100 360 caeteroquin,

1103 361 1171 393 imo
1192 359 1356 396 interdurn
1378 360 1553 394 diutissime
1569 387 1576 400 ‚
1600 372 1635 394 ut
1667 360 1745 403 saepe
1781 361 1922 395 indicata
1958 361 2100 401 exempla

1106 402 1298 440 ostendunt,
1324 403 1479 437 vifluras.
1505 405 1561 438 Sed
1585 407 1616 437 δι
1641 405 1694 436 alii
1719 404 1825 446 paffim
1848 405 2020 440 viderunt,
2044 414 2101 445 pa-

1102 445 1290 480 racentesim
1313 447 1346 478 in
1371 446 1419 479 his
1445 448 1568 482 morbis
1591 449 1691 481 citam
1717 458 1855 483 mortem
1878 448 1936 482 esle
1947 446 2102 481 consecu-

1100 497 1166 523 tam
1181 512 1188 519 .
1217 488 1288 523 Nec
1311 491 1450 525 mirum:
1477 490 1559 524 nihil
1583 492 1667 524 enim
1691 491 1832 524 crebrius
1844 492 1982 531 accidit,
2003 498 2102 533 quam

1101 542 1138 579 ut
1162 531 1199 567 ad
1227 543 1341 574 aquarn
1367 542 1432 566 non
1457 533 1549 567 bonae
1571 534 1635 579 jam
1660 545 1715 576 per
1749 533 1777 566 se
1822 545 1942 569 naturae
1965 533 1975 571 ‚¹
2020 532 2102 565 ficut

1102 586 1171 618 eJus
1193 575 1284 621 color
1307 576 1495 618 plerumque
1517 576 1622 613 fuscus
1644 576 1807 617 ostendit,
1841 587 1894 611 aut
1938 577 1977 611 ad
2021 575 2104 609 sacci

1103 629 1207 661 partes
1231 629 1294 661 Jarn
1317 618 1422 658 laxas,
1445 621 1597 660 vitiatas,
1622 620 1779 664 ulcerosas
1801 622 1949 654 accedens
1973 632 2025 654 aer
2048 617 2103 651 fu-

1104 661 1206 695 nestas
1228 663 1298 695 cito
1321 662 1517 697 mutationes
1541 664 1671 698 inducat
1696 689 1704 699 .
1738 664 1828 697 Hinc
1861 666 1948 697 enim
1981 661 2103 706 potiss-

1105 716 1194 738 mum
1217 705 1261 739 est
1284 706 1370 748 quod
1395 705 1451 740 etsi
1478 717 1493 739 a
1519 708 1625 747 primo
1648 707 1824 748 plurimum
1849 708 1991 740 allevatae
2014 709 2044 738 &
2064 703 2104 736 fi-

1104 748 1138 782 bi
1161 751 1191 780 &
1216 749 1285 783 aliis
1308 759 1399 791 aegrae
1425 749 1616 787 videantur3
1642 759 1746 784 tamen
1773 761 1832 792 pro
1855 762 1935 793 aqua
1960 750 2104 791 primum

1102 791 1215 825 educta
1240 803 1303 825 non
1328 794 1371 827 ita
1396 803 1501 834 pravae
1527 803 1646 828 naturae
1663 815 1672 830 ,
1694 805 1728 826 ea
1752 805 1823 835 quae
1847 793 1985 828 secundo
2006 817 2014 831 ‚
2048 798 2104 839 aq!

1101 837 1204 871 tertio
1226 835 1394 870 educitur.
1420 846 1475 869 aut
1499 836 1647 877 deinceps
1670 835 1800 877 effluit,
1824 838 1963 876 viridis,
1989 844 2106 868 autm-

1102 889 1179 920 gra,
1204 888 1257 910 aut
1284 879 1439 918 turbida,
1466 880 1496 912 δε
1518 879 1686 913 faeculenta
1710 879 1770 919 fit,
1799 889 1854 914 aut
1879 880 2068 914 subcruenta
2093 899 2104 916 ,

1102 931 1157 955 aut
1180 920 1358 962 gravissime
1380 923 1469 956 olens
1485 949 1493 962 ,
1517 923 1656 966 denique
1680 934 1745 956 non
1769 924 1835 960 sine
1858 935 1954 965 pure,
1980 934 2014 956 ut
2039 922 2108 954 lau-

1101 966 1169 998 dati
1195 963 1352 1007 Chirurgi
1376 965 1632 1003 Observationes
1653 968 1794 1008 relegens
1826 968 1859 1000 in
1896 967 2029 1000 muliere
2067 962 2107 1000 ad

1101 1009 1260 1053 triginta,
1304 1010 1335 1041 δι
1379 1010 1413 1042 in
1459 1011 1586 1052 virgine
1630 1009 1668 1044 ad
1713 1011 1873 1052 sexaginta
1919 1021 2018 1048 annos
2049 1020 2109 1041 na-

1101 1054 1162 1089 tis,
1188 1054 1218 1084 &
1243 1051 1388 1084 Riedlini
1413 1056 1424 1091 (
1446 1063 1468 1086 x
1490 1055 1503 1091 )
1528 1064 1644 1092 unam,
1666 1053 1873 1090 &Annornii
1897 1053 1986 1096 (y)
2010 1062 2106 1085 unam

1108 1097 1140 1128 &
1163 1094 1297 1128 alteram
1319 1096 1353 1128 in
1376 1093 1521 1130 foeminis
1544 1096 1667 1133 tribus,
1692 1096 1785 1132 facile
1807 1094 2108 1139 cognosces.Quid

1109 1138 1255 1172 futurum
1278 1148 1391 1180 putas,
1413 1149 1487 1172 curn
1512 1150 1593 1182 aqua
1616 1138 1680 1181 jam
1705 1151 1760 1181 per
1784 1140 1811 1173 se
1835 1140 2026 1182 purulenta,
2051 1147 2108 1171 aut

1109 1181 1224 1215 foetida
1249 1181 1314 1215 est?
1339 1183 1378 1214 In
1400 1182 1508 1216 Tubis
1539 1181 1622 1216 vidit
1667 1183 1810 1224 Tulpius
1852 1183 1946 1226 (z)
1992 1192 2108 1216 novem

1110 1225 1200 1266 aquae
1225 1224 1374 1267 purisque
1397 1225 1493 1259 libras
1508 1250 1516 1261 ρ
1544 1227 1581 1259 In
1605 1227 1719 1259 ovatio
1743 1225 1913 1260 humorem
1938 1226 2109 1259 foetentem

1111 1269 1265 1310 Maggius
1290 1280 1323 1302 ac
1347 1269 1472 1302 Dodius
1494 1272 1510 1309 (
1530 1281 1547 1303 a
1572 1273 1582 1308 )
1608 1271 1777 1303 invenere.
1802 1268 1921 1311 Qid?
1943 1281 2016 1304 cum
2041 1269 2110 1302 sac-

1106 1313 1141 1345 ci
1164 1313 1303 1345 interior
1329 1308 1424 1346 facies
1449 1312 1636 1346 absceffibus
1660 1314 1753 1356 plena
1776 1313 1842 1351 est,
1867 1314 1961 1347 sicuti
1995 1313 2110 1353 depre-

1109 1354 1223 1389 hendit
1246 1355 1436 1398 Verneyus.
1463 1358 1564 1389 Porro
1589 1366 1624 1390 ut
1646 1368 1725 1399 aqua
1750 1367 1808 1394 nec
1831 1357 2002 1400 purulenta
2037 1355 2076 1388 fit
2099 1381 2109 1395 ‚

1107 1410 1165 1433 nec
1188 1398 1327 1438 foetida,
1350 1402 1380 1432 δι
1404 1397 1468 1432 fine
1490 1399 1678 1434 absceffibus
1701 1400 1805 1434 saccus
1829 1412 1839 1443 ,-
1884 1410 1970 1434 certe
1997 1400 2110 1441 saepius

1108 1452 1162 1476 aut
1186 1444 1274 1476 intus
1297 1442 1402 1476 affixas
1426 1442 1522 1477 habet
1545 1442 1735 1485 hydatides,
1759 1452 1814 1479 aut
1839 1455 1978 1486 aquam,
2011 1453 2112 1476 mate-

1106 1488 1226 1519 riamve
1249 1486 1344 1519 aliam
1367 1487 1402 1518 in
1427 1486 1532 1528 plures
1557 1489 1694 1520 minores
1721 1488 1827 1521 saccos
1871 1488 2075 1533 dispertitam
2101 1499 2110 1520 ε

1103 1541 1167 1571 qua
1192 1540 1232 1561 ex
1255 1541 1288 1563 re
1310 1527 1349 1562 fit
1375 1539 1409 1563 ut
1431 1529 1542 1563 edueta
1567 1542 1647 1573 aqua
1671 1530 1711 1563 ab
1733 1542 1801 1564 uno
1823 1531 1942 1568 latere,
1969 1531 2008 1564 ab
2032 1531 2113 1564 alte-

1103 1583 1141 1606 ro
1168 1573 1325 1606 abdomen
1349 1583 1415 1605 non
1440 1572 1658 1611 detumescat,
1681 1582 1735 1606 aut
1760 1573 1825 1616 ejus
1858 1574 1997 1609 effluxus
2043 1575 2113 1608 cito

1102 1616 1243 1653 desinat,
1271 1619 1302 1649 &
1325 1615 1347 1649 fi
1372 1625 1449 1650 tunc
1473 1615 1657 1658 Chirurgus
1680 1618 1852 1652 cannulam
1877 1628 1988 1661 urgeat
2003 1641 2016 1658 ‚
2040 1618 2114 1652 obi-

1103 1671 1172 1693 cem
1196 1660 1332 1695 sentiat:
1355 1659 1435 1701 quid
1459 1668 1560 1699 tunc,
1584 1660 1714 1703 quaeso,
1738 1660 1897 1704 agendum
1922 1663 1963 1695 est
1986 1660 2001 1694 ,ἓ
2032 1674 2111 1696 num

1104 1704 1185 1737 sacci
1209 1702 1324 1746 singuli
1348 1702 1420 1736 sunt
1443 1702 1631 1746 aperiendi?
1655 1705 1791 1738 Trewio
1813 1706 1830 1748 (
1849 1704 1902 1748 b)
1923 1705 1998 1748 plus
2019 1717 2114 1749 quam

1105 1748 1206 1781 decies
1232 1746 1432 1780 membranea
1456 1749 1622 1783 minorum
1646 1746 1812 1782 saccorum
1835 1749 2007 1793 intersepta
2040 1763 2113 1792 ape-

1104 1790 1214 1825 rienda
1240 1789 1388 1831 fuerunt,
1413 1801 1448 1826 ut
1472 1803 1588 1835 aquarn
1611 1803 1741 1825 omnem
1765 1803 1803 1825 ex
1827 1791 1944 1834 majori
1967 1795 2024 1836 qui
2039 1794 2114 1827 uni-

1105 1834 1210 1868 versos
1232 1835 1441 1873 continebat,
1466 1836 1611 1870 educeret
1626 1861 1633 1870 .
1657 1834 1751 1869 Num
1784 1836 1873 1878 quod
1904 1838 1938 1870 in
1984 1847 2114 1872 mortua

1107 1879 1145 1912 ad
1169 1879 1454 1927 perscrutandum,
1477 1881 1562 1914 idem
1587 1882 1619 1915 in
1644 1884 1718 1916 viva
1740 1879 1819 1916 licet
1843 1883 1881 1917 ad
1905 1882 2109 1920 curandum?

1107 1931 1162 1960 aut
1185 1923 1206 1957 si
1232 1921 1364 1962 liceret,
1390 1933 1467 1958 num
1493 1926 1578 1960 intra
1603 1924 1752 1961 abditum
1779 1928 1900 1960 ventris
1922 1938 2040 1961 cavum
2064 1928 2112 1964 vi*

1105 1969 1178 2003 dere
1200 1970 1275 2012 quis
1299 1967 1400 2011 posset
1412 1970 1550 2004 minores
1565 1969 1705 2005 sacculos
1720 1995 1728 2010 ‚
1751 1971 1782 2004 &
1804 1970 1863 2006 hos
1887 1970 2028 2013 singulos
2043 1979 2114 2018 pera

1107 2011 1266 2052 tundere,
1290 2012 1413 2046 nullum
1444 2022 1550 2047 autem
1573 2015 1760 2049 intestinum
1777 2038 1787 2054 ,
1811 2010 1975 2059 partemve
2012 2019 2112 2054 aliam

1107 2057 1288 2099 proximam
1312 2055 1572 2091 convulnerare?
1594 2058 1756 2093 Praeterea
1805 2061 1880 2097 uid,
1906 2061 1927 2094 si
1963 2063 2115 2096 innume-

1106 2110 1148 2132 rae
1166 2122 1175 2136 ,
1201 2108 1235 2132 ut
1260 2099 1339 2142 saepe
1362 2098 1420 2133 esse
1443 2100 1649 2141 dicebamus,
1672 2101 1768 2136 effent
1816 2104 1985 2147 ydatide53
2010 2108 2113 2149 quid?

1105 2142 1128 2175 fi
1152 2142 1276 2176 cellulae
1301 2154 1366 2176 non
1390 2154 1502 2190 o-mnes
1527 2156 1665 2188 aquam,
1690 2145 1739 2180 sed
1764 2147 1832 2181 aliae
1859 2150 2024 2182 materiam
2059 2164 2114 2184 ca-

1108 2182 1151 2235 sei
1166 2207 1178 2225 ,
1203 2186 1252 2220 vel
1275 2186 1374 2228 pultis
1396 2186 1553 2225 similem,
1578 2198 1614 2222 ut
1637 2191 1670 2223 in
1696 2190 1814 2232 Mic-gii
1838 2196 1848 2231 (
1872 2203 1887 2224 c
1909 2196 1923 2232 )
1947 2192 2114 2229 Observa-

1108 2238 1199 2263 tione
1224 2230 1455 2264 continerent:
1502 2231 1582 2265 uid?
1606 2232 1628 2266 fi
1665 2244 1798 2274 magnus
1823 2236 1950 2278 insuper
1974 2236 2113 2273 scirrhus

1107 2269 1240 2312 inesset,
1263 2272 1390 2315 qualem
1414 2285 1474 2306 con
1495 2277 1583 2316 pexit
1627 2276 1801 2318 Verneyus
1824 2303 1831 2311 .
1868 2279 1975 2312 Mitto
2018 2293 2114 2315 caete-

1107 2326 1162 2353 ra;
1185 2327 1259 2349 nam
1284 2317 1332 2349 vel
1357 2327 1395 2349 ex
1417 2315 1503 2351 hisce
1526 2318 1589 2360 jam
1617 2317 1692 2353 satis
1717 2345 1725 2359 ‚
1750 2319 1907 2365 superque
1931 2324 2112 2366 intelligis,

1107 2371 1164 2392 cur
1187 2358 1240 2392 hic
1264 2358 1471 2401 paracentesis
1494 2372 1556 2395 non
1583 2362 1681 2397 modo
1704 2364 1856 2406 inutilis,
1901 2365 1955 2401 sed
1988 2371 2018 2400 &
2041 2363 2113 2403 *no-

1103 2404 1154 2436 xia
1180 2402 1299 2437 miserae
1324 2402 1452 2437 mulieri
1476 2407 1664 2448 contingat.
1937 2436 1945 2443 ,,

1145 2449 1197 2487 69.
1224 2448 1283 2479 Fac
1308 2448 1426 2487 etiam,
1451 2446 1576 2482 saccum
1599 2450 1658 2483 effe
1680 2461 1804 2490 unum,
1827 2452 1988 2498 nullisque
2011 2455 2112 2491 inter-

1102 2489 1198 2532 septis
1221 2488 1441 2539 divisum‚·ut
1467 2501 1583 2533 praeter
1629 2492 1802 2537 Maggium
1829 2518 1837 2532 ‚
1887 2509 1920 2530 ac
1966 2499 2115 2533 Dodium

1101 2536 1116 2572 (
1138 2535 1158 2566 d
1179 2536 1189 2571 )
1216 2556 1225 2570 ‚
1262 2532 1445 2567 Vacherius
1478 2538 1489 2574 (
1513 2535 1586 2578 e),
1620 2536 1798 2572 Benevolus
1821 2537 1907 2581 (f)
1930 2565 1941 2580 ,
1966 2541 2111 2584 Targio-

1106 2578 1177 2610 nius
1200 2580 1213 2616 (
1234 2587 1256 2618 g
1278 2579 1289 2615 )
1314 2578 1483 2618 invenere,
1507 2589 1608 2621 neque
1632 2580 1842 2619 absceffi‘bus‚
1867 2594 1970 2628 neque
1984 2586 2109 2620 cellulis

1107 2622 1230 2654 variam
1254 2622 1426 2654 materiam
1449 2623 1696 2657 continentibus
1721 2649 1729 2662 ,
1774 2637 1876 2668 neque
1921 2631 2106 2664 tumoribus

1107 2666 1260 2698 vitiatum
1286 2668 1296 2703 (
1321 2675 1395 2698 narn
1418 2664 1598 2699 Benevolus
1620 2666 1777 2709 quosdam
1801 2671 1889 2703 intus
1923 2676 2110 2713 prominen-

1106 2716 1153 2756 tes
1176 2707 1311 2750 globos,
1337 2719 1481 2750 quorum
1506 2709 1604 2752 aliqui
1629 2711 1678 2743 vel
1703 2714 1773 2745 ovis
1797 2713 2112 2759 majores‚Targio-

1106 2761 1178 2784 nius
1203 2760 1309 2785 autem
1337 2751 1499 2790 sarcoma‚
1525 2755 1612 2786 renis
1635 2756 1881 2797 magnitudine,
1907 2770 2021 2800 parvos
2054 2761 2112 2793 ab-

1104 2794 1217 2828 scessus
1239 2795 1273 2827 in
1298 2794 1326 2827 se
1349 2795 1513 2834 condens,
1539 2796 1760 2838 adnotarunt)
1784 2797 1832 2832 fac
1857 2801 2015 2844 denique,
2041 2814 2110 2836 non

1102 2837 1238 2880 peffimae
1262 2848 1384 2871 naturae
1408 2850 1522 2880 aquarn
1545 2837 1763 2884 inesse.Qid
1788 2852 1857 2876 tum
1883 2845 2109 2883 postea?Cre-

1101 2880 1214 2926 disne,
1239 2892 1306 2915 rem
1330 2881 1370 2915 fic
1394 2880 1464 2913 fore
1486 2882 1697 2923 expeditam?
1732 2884 1841 2927 Negat
1876 2887 2077 2925 Targionius
2099 2916 2109 2927 ,

1101 2924 1171 2968 Q
1195 2936 1274 2958 cum·
1293 2925 1346 2957 illa
1371 2925 1491 2964 timet,
1514 2937 1550 2958 ne
1574 2925 1780 2968 interjestum
1806 2927 1893 2962 forte
1916 2925 2108 2973 omentum,

1102 2979 1158 3003 aut
1180 2967 1393 3005 intestinum,
1417 2977 1472 3001 aut
1497 2968 1601 3001 viscus
1625 2970 1712 3003 aliud
1737 2973 1869 3015 aliquod
1896 2976 2106 3018 vulneretur,

1099 3014 1131 3044 δε
1155 3023 1191 3044 ne
1216 3023 1305 3053 aquae
1329 3021 1399 3054 pars
1421 3022 1459 3043 ex
1481 3012 1644 3053 perforato
1669 3013 1758 3048 sacco
1782 3017 1814 3047 in
1841 3020 1963 3052 ventris
1986 3032 2105 3055 cavum

1101 3053 1286 3088 effundatur
1311 3075 1320 3090 ,
1353 3064 1493 3095 quorum
1517 3054 1579 3088 hoc
1603 3065 1709 3090 tamen
1735 3060 1832 3091 vitari
1858 3060 1967 3102 posse,
1991 3065 2055 3102 ait,
2081 3067 2107 3100 fi

1100 3097 1218 3131 mulier
1241 3108 1341 3140 prona
1363 3096 1459 3147 cubet
1483 3122 1492 3137 ‚
1525 3108 1594 3132 tum
1618 3099 1686 3134 haec
1712 3104 1868 3140 maxime,
1893 3116 1964 3147 quae
1988 3107 2106 3143 Schor..

1099 3140 1239 3183 kopffius
1265 3144 1278 3180 <
1300 3139 1320 3172 h
1342 3143 1355 3181 )
1379 3140 1481 3177 01¹m‚
1506 3152 1654 3182 veretur,
1679 3156 1717 3178 ne
1741 3145 1820 3179 sacci
1846 3153 1991 3183 evacuati
2005 3164 2105 3186 mem-

1104 3183 1203 3217 brana
1227 3194 1450 3233 gang'raenam,
1474 3195 1528 3218 aut
1553 3186 1662 3221 saltem
1688 3188 1955 3231 suppurationem
1980 3194 2025 3226 ob
2049 3207 2103 3228 ae·-

1103 3230 1147 3259 ris
1172 3226 1351 3270 praesertim
1374 3225 1526 3261 accessum
1550 3231 1745 3270 contrahat,
1769 3243 1824 3265 aut
1849 3233 1870 3265 si
1895 3245 1958 3268 non
1971 3246 2103 3272 contra-

1102 3268 1180 3307 hat,
1204 3269 1330 3309 rursuS,
1353 3279 1388 3303 ut
1413 3274 1520 3305 caeteri
1556 3270 1736 3316 folliculati
1779 3284 1921 3318 tumores
1965 3279 2067 3314 solent
2089 3306 2103 3323 ‚

1100 3312 1237 3348 humore
1263 3313 1342 3350 suo,
1364 3313 1395 3346 id
1421 3313 1464 3346 est
1488 3326 1567 3358 aqua
1600 3317 1760 3359 repleatur
1781 3343 1788 3350 .
1822 3320 1865 3351 Et
1898 3319 1980 3355 mihi
2013 3334 2101 3359 certe

1099 3357 1238 3393 accidit,
1264 3366 1325 3395 ut,
1347 3356 1425 3390 dum
1448 3356 1516 3391 haec
1538 3360 1604 3401 ipsa
1628 3362 1839 3398 recenserem,
1866 3364 1905 3396 ab
1929 3365 2027 3399 sterili
2052 3368 2102 3407 fe-

1097 3403 1183 3433 mina
1207 3399 1386 3433 consulerer
1401 3426 1408 3438 ‚
1433 3412 1503 3443 quae
1526 3413 1599 3436 cum
1622 3404 1796 3438 distentum
1821 3405 1981 3442 abdomen
2008 3408 2101 3452 sup&-

1097 3445 1183 3477 riore
1209 3455 1292 3476 anno
1314 3442 1477 3485 gestasset,
1503 3456 1565 3478 non
1591 3445 1654 3478 sine
1678 3446 1795 3489 majori
1819 3451 1851 3481 in
1876 3450 1941 3491 ejus
1974 3452 2102 3490 sinistro

1100 3487 1197 3520 latere
1221 3488 1357 3526 renixu‚
1381 3489 1413 3519 &
1436 3486 1550 3522 frustra
1575 3489 1706 3523 medicis
1729 3491 1782 3524 usa
1824 3491 1897 3525 esset
1943 3497 2071 3531 auxiliis
2087 3521 2099 3536 ‚

1099 3540 1230 3573 repente
1252 3532 1338 3564 circa
1362 3540 1417 3563 ver
1440 3533 1514 3565 anni
1537 3532 1631 3575 hujus
1654 3544 1727 3567 cum
1751 3532 1837 3569 forte
1861 3537 1946 3571 inter
1992 3540 2098 3575 riden-

1976 3583 2056 3618 dum

1168 3786 1212 3813 (κ
1232 3750 1687 3816 ,salet.sas.³;1.¹¹<-‚rs†s⁶⁷³f·
1707 3757 1729 3788 §-
1847 3759 1957 3792 ‘¹1³⁰-

1118 3814 1163 3842 (a
1181 3815 1188 3842 J
1203 3813 1232 3838 ad
1248 3822 1271 3840 n.
1288 3819 1326 3843 64-
1389 3816 1403 3845 (
1418 3814 1432 3840 b
1448 3818 1457 3848 )
1475 3815 1538 3842 ibid.
1599 3820 1610 3845 <
1628 3825 1638 3843 c
1654 3822 1663 3848 )
1679 3818 1732 3844 Αίὶ.
1749 3820 1782 3844 Ν.
1801 3820 1830 3846 Ε.
1848 3824 1923 3850 Tem,
1942 3832 1962 3851 ι.
1979 3826 2038 3852 obs.
2055 3829 2092 3858 83,
