2498 4075
399 235 622 304 Epistola
660 237 824 290 Anat.
858 233 1084 288 Medica
1104 232 1173 287 ΙΙ.
1206 234 1327 287 Art.
1361 248 1438 287 21.
1456 248 1536 287 22.
1555 248 1630 303 23.
1645 232 1885 298 246125.

118 317 304 357 subducitur
330 342 337 350 .
371 319 438 352 Die
460 318 558 355 tertio
589 313 716 355 sanguis
741 314 917 352 mittitur-3
956 313 1007 347 sed
1045 310 1145 347 incas-

119 365 187 400 sum
211 374 222 401 3
257 372 329 395 nam
361 359 575 403 ingravescens
598 357 731 391 morbus
752 356 794 391 ad
827 357 1037 399 lethargicam
1068 353 1144 390 affe-

122 408 265 443 &tionem
299 405 466 438 accedebat
491 427 498 434 .
531 401 662 442 Qinto
699 400 751 434 die
775 423 785 440 ‚
828 400 1025 443 scapularum
1068 408 1142 434 cute

121 449 221 484 incisa
245 471 255 486 ,
288 459 343 492 per
377 445 590 485 cucurbitulas
623 443 748 487 sanguis
789 443 935 478 educitur
958 467 965 475 .
1010 444 1141 477 Oftavo

121 491 266 537 aphonia
311 501 434 535 repente
475 499 572 530 aegers
596 489 773 534 corripitur
805 511 818 528 ,
854 490 886 521 &
926 488 1140 530 apopletfftico-

121 536 193 571 rum
225 547 311 570 more
344 532 525 568 imm0b1lis
557 530 669 565 horam
699 539 781 573 jacet
807 542 815 562 :
849 529 918 573 post
949 530 1020 568 id‘,
1050 531 1138 563 occi-

121 582 203 627 pitis
244 579 337 614 dolor
368 575 598 619 exasperatur:
632 576 711 618 quin
743 575 844 608 etiam
885 573 923 607 ad
955 573 1101 608 humeros
1123 595 1136 613 ‚

122 633 290 667 totamque
325 622 456 665 Spinam
488 617 775 653 vehementissimus
816 616 998 652 extenditur
1018 642 1026 651 .
1060 617 1136 651 No-

123 678 166 702 no
193 668 249 703 „die
286 678 326 701 ex
358 665 459 699 altero
499 662 636 697 brachio
678 662 803 705 sanguis
844 663 1022 696 mittitur:
1054 660 1138 695 unde

122 711 339 754 symptomata
377 708 502 741 remitti
544 706 694 740 videntur
721 730 734 747 ,
764 705 865 740 donec
908 704 1140 741 recrudescente

123 754 324 798 apoplcetico
364 753 489 786 >insultu
511 774 524 792 ,
570 752 638 784 vita
680 761 753 785 cum
806 759 910 783 morte
961 757 1142 786 commuta-

123 808 180 831 tur
202 823 209 830 .
298 796 505 830 VENTRE
532 817 540 831 ‚
574 797 606 828 ἃς
631 793 784 827 Thorace
816 792 938 827 reclufis
962 817 974 833 ,
1006 795 1040 826 in
1083 790 1144 825 hoc

122 840 207 875 nihil
231 847 344 883 praeter
365 838 558 872 mediocrem
582 840 616 871 in
649 836 781 871 dextero
814 836 919 870 cordis
951 835 1019 870 sinu
1054 836 1143 879 poly-

123 883 235 928 posam
258 884 513 920 concretionem,
541 881 582 915 est
606 880 879 915 animadversum:
911 892 950 913 ex
982 880 1041 913 illo
1073 891 1147 912 vero

125 937 294 960 omentum
319 939 334 959 a
358 925 487 959 sinistris
510 927 543 958 in
568 925 710 958 scrotum
733 924 920 967 delapsum,
949 932 986 957 ut
1021 923 1147 965 epiplo-

122 971 208 1004 celen
244 969 360 1002 faceret
384 994 396 1011 ,
431 978 500 1002 tota
533 971 657 1002 interna
676 969 766 1002 illius
789 967 874 1001 testis
909 967 1081 1002 substantia
1112 967 1147 999 in

121 1013 377 1047 membranosum
401 1024 517 1055 corpus
539 1023 680 1045 mutata.
707 1014 821 1054 Itaque
845 1010 883 1045 ad
894 1013 1003 1053 Caput
1016 1033 1028 1050 ,
1053 1021 1141 1043 mor-

122 1057 156 1091 bi
179 1057 280 1091 sedem
303 1066 434 1090 ventum
457 1048 517 1089 est:
544 1058 576 1088 δε
601 1067 660 1098 qua
684 1056 829 1089 Medulla
850 1066 866 1087 e
889 1055 999 1088 cranio
1022 1052 1145 1097 egredi-

120 1109 197 1141 tur,
220 1101 346 1143 sanguis
368 1099 534 1143 grumosus
557 1101 704 1132 inventus
725 1099 786 1137 est,
810 1099 866 1142 qui
890 1110 928 1132 ex
950 1098 1088 1132 lacerato
1099 1108 1147 1130 ar-

122 1154 214 1178 teriae
238 1145 406 1178 Carotidis
439 1146 577 1176 Internae
609 1153 725 1176 trunco
755 1151 952 1176 emanaverat
973 1166 982 1174 .
1014 1141 1147 1176 Cerebri

123 1188 291 1221 ventriculi
316 1198 464 1231 magnam
488 1186 630 1220 subsalsae
654 1197 741 1230 aquae
763 1187 893 1230 copiam
915 1185 1147 1224 continebant,

122 1230 234 1265 dexter
267 1241 373 1265 autem
394 1255 406 1272 ,
446 1233 477 1264 δε
520 1229 638 1263 finister
681 1231 866 1272 portionem
898 1231 996 1263 etiam
1027 1228 1147 1263 densati

122 1275 309 1316 sanguinis.
334 1276 485 1317 Denique
518 1285 573 1316 per
606 1273 756 1308 medullae
789 1274 988 1318 Oblongatae
1021 1283 1113 1306 crura
1136 1294 1149 1311 ,

123 1318 226 1351 multa
250 1317 357 1362 paffim
391 1317 540 1352 extabant
564 1318 771 1361 corpuscula,
796 1329 889 1360 quae,
913 1315 970 1350 nisi
982 1315 1069 1359 quod
1082 1314 1150 1359 pel-

121 1360 228 1396 lucida
251 1371 338 1395 erant
363 1385 375 1402 ,
410 1362 495 1395 milii
520 1362 652 1404 granula
674 1361 953 1404 repraesentabant.

171 1415 223 1438 21.
248 1406 448 1448 Corpuscula
473 1405 540 1438 haec
564 1404 603 1438 ad
626 1406 814 1446 memoriam
838 1413 988 1437 revocant
1006 1401 1150 1445 papilla-

87 1453 93 1461 *
124 1448 173 1483 las
197 1449 269 1482 illas
293 1448 510 1492 capitellorum
546 1448 739 1482 acicularum
775 1448 989 1490 magnitudine
1025 1445 1149 1488 promi-

123 1491 217 1529 nulas
240 1517 249 1533 ‚
282 1503 359 1535 quas
392 1492 573 1525 Brunnerus
609 1494 694 1532 (r)
722 1493 756 1524 in
787 1500 876 1534 parte
912 1488 1031 1532 postica
1065 1488 1148 1522 vidit

124 1536 297 1569 ventriculi
319 1535 442 1569 dexteri
466 1536 499 1568 in
523 1545 617 1577 quem
641 1534 765 1576 sanguis
799 1533 916 1568 sei-osus
951 1534 985 1566 in
1018 1532 1147 1576 apople-

124 1580 207 1613 crica
232 1577 481 1616 redundaverat,
505 1578 671 1620 aliquoties
694 1580 759 1617 jam
783 1578 814 1611 in
846 1576 975 1611 laevibus
985 1576 1089 1615 alias,
1112 1587 1149 1608 ac

122 1622 293 1665 perpolitis
313 1621 562 1656 ventriculorum
577 1619 802 1664 superficiebus
816 1644 826 1659 ,
844 1620 872 1663 fi
885 1620 989 1655 morbo
1000 1619 1156 1654 laboraret

126 1665 308 1703 cerebrum,
324 1664 388 1708 fibi
410 1662 589 1707 observatas
610 1687 621 1704 ,
657 1675 733 1706 quas
770 1665 894 1707 quidem
918 1663 1026 1698 laticis
1050 1663 1083 1696 in
1102 1674 1157 1695 eo-

127 1708 200 1742 dem
223 1707 344 1742 cerebro
359 1706 571 1748 scaturientis
593 1708 735 1742 duc‘iulos
758 1709 828 1751 quis
837 1715 962 1741 tantum
972 1717 1030 1741 non
1051 1706 1157 1740 hario-

124 1752 245 1786 laretur
269 1775 276 1782 .
312 1752 390 1785 Huc
420 1750 500 1785 facit
532 1749 665 1784 forsitan
720 1751 763 1785 ob
805 1749 977 1795 praegressae
1020 1759 1156 1783 externae

125 1794 225 1829 causae
247 1793 494 1829 similitudinem
518 1795 571 1827 illa
596 1806 723 1837 quoque
746 1818 755 1833 ,
790 1796 885 1828 relata
919 1807 933 1827 a
968 1792 1156 1836 Malpighio

126 1838 211 1881 (s)
234 1838 416 1871 observatio
438 1862 451 1879 ,
487 1850 502 1870 a
537 1837 719 1871 Bonfiliolo
749 1838 861 1871 habita
895 1839 928 1872 in
961 1848 1036 1879 equo
1058 1859 1072 1876 ,
1103 1836 1156 1878 qui

122 1881 189 1958 {⁰st
210 1880 421 1917 vehementem·
442 1889 561 1915 motum
585 1906 595 1922 ,
630 1882 673 1914 Θ
696 1880 967 1925 incalescentiam,
998 1881 1064 1913 aeri
1097 1879 1156 1921 hy-

149 1935 219 1959 erno
237 1950 246 1965 ,
268 1927 309 1959 (9⁹
332 1925 467 1959 irruenti
487 1932 584 1958 vento
616 1924 772 1968 expofitus
792 1949 801 1963 ‚
836 1925 960 1958 interiit
988 1938 996 1956 ε
1034 1924 1066 1957 in
1100 1922 1157 1956 hoc

123 1968 236 2013 pleura
259 1976 327 2002 tota
351 1967 551 2011 copiofiffimis
572 1968 737 2010 veficulis,
761 1968 862 2002 ichore
889 1968 1025 2010 turgidis
1050 1990 1061 2006 ‚
1084 1976 1157 2000 exa-

123 2011 313 2056 sperabatur
338 2037 345 2044 .
369 2014 493 2044 Caetera
516 2009 591 2054 quNa„
607 2012 641 2044 in
665 2011 824 2045 Valsalvae
849 2010 981 2044 historia
993 2008 1156 2053 descripsi-

129 2066 200 2090 mus
223 2078 237 2096 ‚
270 2053 294 2089 fi
318 2055 459 2097 excipias
480 2065 550 2096 quae
572 2053 715 2096 spectant
739 2054 777 2090 ad
810 2055 1008 2098 epiplocelen
1034 2079 1044 2093 ,
1075 2053 1156 2085 alibi

128 2101 144 2138 (
166 2106 182 2132 t
202 2101 216 2139 )
239 2110 255 2132 a
278 2098 372 2132 nobis
394 2096 618 2131 consideranda
643 2112 653 2135 ;
685 2108 756 2132 tum
787 2099 903 2142 capitis
935 2096 1153 2140 graviffimum

128 2142 279 2175 morbum
300 2166 315 2183 ,
347 2152 419 2176 tum
441 2140 536 2182 hujus
559 2143 700 2175 internas
722 2141 828 2176 causas
852 2150 1040 2184 proponunt
1069 2162 1078 2177 ,
1102 2150 1157 2170 ve-

129 2186 178 2219 lut
201 2197 314 2229 magna
337 2186 393 2219 illa
417 2184 558 2218 subsalsae
581 2196 668 2228 aquae
690 2187 785 2227 copia
809 2196 874 2218 non
896 2183 960 2216 sine
993 2183 1155 2225 sanguinis

128 2228 254 2263 densati
278 2230 427 2271 portione
449 2229 483 2260 in
506 2228 692 2260 ventriculis
716 2229 843 2261 inventa
856 2251 868 2267 ,
902 2226 954 2260 sed
986 2226 1161 2269 praesertim

131 2273 258 2315 sanguis
282 2273 316 2305 in
338 2283 411 2305 eum
435 2270 542 2303 locum
566 2269 702 2317 effusus,
725 2273 758 2303 &
781 2279 948 2305 concretus
964 2294 974 2308 ,
996 2279 1033 2304 ut
1067 2268 1159 2302 simul

132 2317 269 2349 initium
293 2315 433 2357 Spinalis
455 2313 600 2347 medullae
621 2337 634 2354 ,
668 2314 759 2349 simul
783 2314 973 2347 cerebellum
996 2316 1009 2353 ,'
1042 2315 1075 2346 &
1105 2323 1161 2355 per

135 2359 201 2393 hoc
233 2359 396 2392 cerebrum
429 2367 608 2399 premerer,
630 2355 721 2391 fimul
746 2358 909 2399 meninges
933 2357 1160 2398 contingeret,

136 2411 173 2436 ut
206 2401 376 2444 lethargici
412 2398 543 2435 affectus
566 2424 580 2441 ,
612 2401 644 2432 &
676 2400 867 2442 apopledtici
889 2423 903 2440 ,
936 2402 969 2432 ἃ
1006 2398 1160 2442 profundi

137 2446 176 2478 ad
199 2447 328 2488 occiput
354 2470 363 2484 ,
398 2442 536 2485 indeque
558 2443 596 2477 ad
620 2453 722 2476 totam
750 2444 880 2485 Spinam
911 2442 1029 2476 extenti
1066 2443 1160 2476 dolo-

137 2490 182 2523 ris
207 2490 291 2521 ratio
314 2488 532 2528 intelligatur.
568 2487 661 2529 Qn
694 2486 875 2520 mirandum
910 2485 983 2527 est,
1018 2496 1156 2519 mortem

134 2542 201 2566 non
221 2532 326 2566 multo
349 2532 454 2564 citius
476 2530 647 2572 contigisse
670 2554 682 2570 ,
715 2530 802 2563 velut
835 2531 906 2563 aliis
938 2529 1053 2572 quibus
1087 2529 1156 2563 san-

138 2577 212 2619 guis
234 2576 315 2608 circa
339 2574 405 2608 haec
438 2574 508 2607 loca
540 2573 655 2608 effusus
677 2597 689 2614 ,
722 2583 759 2607 ut
796 2584 901 2608 nautae
933 2572 1023 2616 cujus
1054 2575 1158 2617 legere

135 2617 301 2653 historiam
325 2618 445 2661 poteris
472 2618 505 2650 in
530 2618 623 2655 Actis
644 2617 795 2650 Caesareae
825 2616 1008 2651 Academiae
1032 2618 1087 2660 (u
1109 2622 1123 2657 )
1146 2641 1160 2658 ,

138 2672 193 2696 aut
217 2663 269 2696 illi
293 2661 332 2695 de
354 2673 420 2705 quo
441 2662 600 2695 continuo
623 2660 817 2700 scribemus,
842 2660 899 2694 nisi
925 2660 1010 2694 sorte
1043 2662 1077 2694 in
1112 2661 1161 2694 fa-

141 2706 232 2739 mulo
255 2704 294 2739 de
317 2717 381 2748 quo
403 2704 529 2739 dictum
553 2704 617 2745 est,
650 2716 688 2737 ex
719 2704 876 2738 Carotide
907 2706 1023 2737 arteria
1055 2704 1162 2737 minus

140 2751 226 2782 inter
248 2749 343 2783 initia
366 2748 501 2782 lacerata
522 2759 587 2781 non
612 2757 737 2781 tantum
762 2760 778 2782 a
802 2750 908 2790 primo
928 2747 1061 2782 stillavit
1097 2748 1165 2781 san-

141 2793 249 2836 guinis
273 2816 284 2832 ,
306 2792 646 2835 quantumzpostremo
670 2791 829 2833 profluxit
844 2817 852 2824 .

187 2847 239 2868 22.
263 2836 347 2870 VIR
370 2846 526 2869 annorum
548 2837 677 2868 circiter
701 2834 876 2877 sexaginta,
899 2836 1043 2878 quamvis
1057 2846 1072 2867 a
1094 2846 1165 2867 ver-

144 2879 248 2922 tigine
273 2877 514 2921 saepius‘cadere
537 2879 674 2918 solitus,
697 2877 838 2921 generosi
862 2890 967 2912 tamen
1002 2880 1070 2911 vini
1104 2890 1164 2920 po-

145 2932 234 2956 tator
257 2920 419 2961 strenuus,
442 2920 492 2955 die
516 2922 642 2955 tandem
674 2920 813 2963 quodam
842 2933 918 2956 cnm
950 2923 1034 2956 recte
1066 2923 1167 2955 valere

146 2964 331 3005 videretur,
353 2963 411 2998 nifi
433 2964 521 3007 quod
544 2976 630 3008 genae
653 2965 756 3006 magis
780 2964 868 2999 subc-¹
891 2975 927 2999 nt
959 2976 1055 3009 quam
1087 2965 1168 2998 sole-

147 3017 241 3047 rent,
262 3007 451 3051 pransusque
473 3008 537 3051 jam
561 3006 657 3048 esset,
679 3009 826 3042 inventus
849 3020 864 3041 e
922 3007 1014 3044 humi
1048 3008 1170 3051 jacens,

147 3056 181 3087 δε
206 3060 372 3091 mortuus,
396 3052 524 3086 artubus
546 3050 760 3095 superioribus
771 3050 859 3085 valde
871 3054 1068 3093 contractis,
1090 3053 1171 3086 alvi-

148 3107 210 3139 que
234 3093 365 3128 faecibus
386 3095 515 3129 erniffis.
605 3095 794 3129 CRANIO
805 3095 949 3136 exsec0to,
972 3096 1050 3130 dum
1062 3095 1169 3131 Craffa

151 3141 282 3173 meninx
306 3140 442 3171 anterius
466 3139 644 3179 inciditur,
677 3138 813 3182 limpida
843 3151 913 3182 quae
945 3142 1028 3173 inter
1059 3138 1167 3179 hanc,

152 3186 184 3217 &
209 3183 358 3216 Tenuem
380 3190 463 3222 erat,
486 3193 566 3225 aqua
579 3183 720 3225 erumpit
737 3207 744 3215 .
770 3184 894 3217 Tenuis
906 3182 1083 3226 subpallida
1099 3208 1111 3224 ,
1135 3185 1169 3217 in

152 3225 301 3259 vasorum
323 3224 502 3259 interstitiis
525 3226 581 3260 seri
591 3227 830 3259 concretionem
849 3226 1050 3270 gelatinosam
1075 3226 1170 3260 habe-

153 3269 228 3303 bat.
253 3270 292 3301 In
315 3269 512 3303 Lateralibus
533 3269 716 3303 ventriculis
738 3270 899 3303 nonnullae
911 3270 1173 3312 plexuschoroi-

154 3312 205 3346 dis
227 3311 386 3354 glandulae
410 3310 488 3344 adeo
510 3312 679 3355 turgebant
694 3336 707 3354 ,
729 3322 765 3345 ut
789 3311 920 3356 majoris
958 3314 1052 3347 lentis
1075 3325 1172 3357 grana

155 3364 316 3398 aequarent
341 3367 347 3388 :
379 3356 414 3388 in
438 3354 567 3388 dextero
590 3366 695 3390 autem
725 3356 791 3390 duo
812 3358 918 3400 grumi
941 3356 1100 3399 sanguinis
1117 3370 1173 3392 oc-

156 3398 324 3434 currebant
348 3423 356 3431 .
391 3401 429 3431 In
453 3399 598 3433 cerebelli
621 3409 756 3443 utraque
779 3409 867 3442 parte
891 3426 901 3441 ,
926 3400 975 3434 sed
999 3402 1032 3433 in
1053 3400 1171 3436 sinistra

157 3443 260 3484 magis
281 3453 295 3481 ‚·
327 3442 362 3474 in
394 3441 454 3476 hac
488 3442 572 3475 enim
602 3452 669 3477 erat
704 3443 742 3476 ad
774 3445 935 3483 unciam3
967 3443 1093 3487 sanguis
1126 3447 1172 3479 ita

158 3494 326 3519 concretus
358 3508 371 3525 ,
403 3494 438 3519 ut
475 3485 739 3530 unumssolidum
771 3498 887 3532 corpus
911 3488 997 3531 quafi
1029 3489 1170 3532 polypo-

162 3529 232 3563 sum
254 3527 384 3562 referret
409 3541 418 3561 :
452 3540 486 3562 ea
515 3537 619 3563 autem
651 3531 762 3573 portio
788 3532 831 3608 Ze<

160 3571 315 3616 ejusmodi
339 3572 586 3614 circumstabat,
609 3572 731 3609 fracida
754 3585 785 3607 er
804 3579 818 3608 't
832 3600 840 3607 .

202 3626 254 3658 23.
274 3616 487 3658 Repentinam
508 3615 588 3652 hanc
611 3627 744 3651 mortem
768 3628 784 3651 a
807 3618 973 3662 sanguinea
1009 3619 1174 3664 apoplexia

2089 251 2145 298 15

1196 314 1288 350 fuisse
1316 340 1324 354 ‚
1356 313 1522 348 ostendunt
1544 323 1618 347 curn
1639 324 1672 345 ea
1695 322 1765 355 quae
1789 310 2011 346 antecesserant
2029 337 2042 356 ,
2074 325 2149 350 mum
2178 311 2212 348 ea

1196 371 1268 403 quae
1292 359 1326 391 in
1350 360 1472 394 mortui
1496 359 1600 399 capite
1622 353 1810 398 deprehensa
1839 356 1911 389 lunt
1934 379 1941 387 .
1976 357 2064 392 Cum
2094 371 2130 391 ea
2163 369 2213 391 ta-

1194 414 1266 436 men
1290 402 1458 444 apoplexia
1480 398 1723 434 convulsionem
1743 409 1869 440 quoque
1892 411 1929 433 ex
1961 409 2048 441 parte
2079 401 2213 444 conjun-

1192 447 1279 482 &tam
1304 468 1314 484 ‚
1346 442 1476 479 videtur
1499 445 1556 477 illa
1580 452 1707 476 artuum
1732 445 1929 484 superiorum
1950 453 2062 485 magna
2086 456 2213 478 contra-

1192 492 1259 524 c'tio
1281 486 1457 532 significare
1483 514 1489 521 .
1525 485 1627 529 rol
1661 496 1734 518 vero
1767 495 1801 517 ea
1831 487 1996 528 apoplexia
2026 488 2179 522 acciderit
2204 507 2213 523 ‚

1190 544 1264 566 curn
1286 532 1369 565 reete
1392 530 1492 564 homo
1523 532 1625 563 valere
1656 528 1851 568 videretur,
1883 527 1917 561 id
1951 531 2107 566 nimirum
2137 531 2179 564 est
2202 553 2214 569 ,

1188 575 1396 620 quamobrem
1407 574 1557 618 iiquibus
1568 573 1621 607 hic
1633 596 1646 612 ,
1657 581 1710 605 aut
1722 571 1801 607 alius
1814 583 1829 604 a
1839 583 2002 611 venarum,
2015 578 2187 609 arteriarum
2199 592 2216 600 -

1190 632 1224 652 ve
1238 619 1436 661 disruptione
1459 617 1585 652 morbus
1607 617 1780 655 imminet,
1795 615 1937 658 suspet‘ia
1949 615 2057 652 habere
2073 618 2216 658 ςῃῑςςῐ..

1190 663 1211 696 fi
1236 666 1250 704 (
1273 662 1328 705 x)
1351 661 1455 695 verbis
1479 670 1552 695 utar
1577 676 1586 699 ς
1620 660 1699 693 bona
1717 658 1778 701 sua
1800 659 1911 693 debent
1933 684 1939 690 .
1973 659 2107 697 Quanto
2130 663 2215 695 enim

1194 707 1376 745 languidius
1398 716 1454 738 cor
1476 727 1489 743 ,
1521 707 1554 738 &
1578 705 1698 737 arteriae
1718 703 1747 736 se
1772 702 1800 735 se
1832 700 2052 744 constringunt
2075 729 2088 746 ‚
2121 713 2215 738 tanto

1194 746 1298 787 minus
1322 748 1488 791 impendet
1509 745 1576 790 ejus
1610 746 1824 788 disruptionis
1855 747 2034 788 pericnlum
2059 760 2072 789 ‚·
2104 757 2216 781 contra

1197 803 1317 839 quanto
1340 793 1396 827 illa
1418 791 1575 825 valentius
1599 813 1612 831 ,
1642 800 1677 823 ut
1701 791 1734 822 in
1758 789 1833 822 bene
1858 789 1885 821 se
1909 789 2097 825 habentibus
2118 815 2126 829 ‚
2152 789 2219 822 san-

1197 840 1327 880 guinem
1361 835 1495 870 trudunt
1520 857 1532 875 ,
1565 842 1658 866 tanto
1699 831 1814 875 majori
1847 833 2024 868 debilitata>
2071 834 2217 867 vasorum

1198 877 1299 925 partes
1322 882 1355 914 in
1381 878 1524 922 periculo
1548 877 1618 911 sunt
1644 888 1652 910 :
1686 887 1783 923 qua-m
1804 878 1933 919 quidem
1955 879 2111 911 rationem
2134 875 2219 911 haud

1198 936 1270 958 raro
1291 926 1438 957 novimus
1460 921 1680 954 observatione
1703 921 1759 953 esse
1782 919 2003 954 confirmatam
2027 933 2038 960 3
2061 920 2113 954 sed
2137 930 2219 953 nun-

1198 980 1294 1012 quam
1317 966 1491 1001 evidentius
1515 989 1527 1006 ,
1561 975 1657 1007 quam
1680 965 1713 996 in
1738 965 1834 996 Sacro
1857 965 1999 998 Oratore
2022 990 2030 1004 ‚
2055 963 2146 1005 cujus
2168 972 2220 997 ‚re-

1198 1014 1363 1054 pentinam
1384 1019 1523 1043 mortem
1547 1020 1585 1041 ex
1609 1008 1774 1049 sanguinea
1789 1007 1955 1050 apoplexia
1979 1006 2223 1064 proximisLit-

1196 1057 1271 1089 teris
1293 1058 1361 1097 (y)
1381 1051 1645 1087 memorabimus.
2130 1065 2131 1070 ,

1243 1111 1293 1141 24.
1318 1099 1481 1130 Caeterum
1503 1093 1691 1135 descriptam
1724 1093 1926 1135 apoplexiam
1960 1091 2050 1127 fuisse
2084 1090 2223 1135 graviffi-

1199 1154 1287 1176 mam
1313 1163 1320 1177 ,
1356 1143 1387 1173 &
1421 1150 1468 1172 res
1491 1137 1556 1181 ipsa
1591 1137 1725 1170 ostendit
1747 1157 1760 1174 ,
1793 1138 1827 1169 δε
1859 1146 2128 1170 recrementorurn
2161 1135 2225 1168 alvi

1200 1183 1345 1230 profusio
1369 1196 1379 1222 5
1411 1182 1432 1216 si
1457 1179 1656 1225 quorundam
1681 1178 1857 1222 praesertim
1891 1179 2096 1213 Medicorum
2129 1182 2143 1219 (
2165 1181 2224 1224 z)

1200 1228 1398 1263 attendamus
1421 1225 1610 1260 sententiam
1633 1236 1643 1262 3
1677 1233 1739 1256 non
1761 1221 1891 1257 obscure
1931 1222 2087 1257 indicavit
2108 1245 2115 1255 .
2150 1221 2225 1255 Nisi

1201 1275 1288 1306 enim
1311 1272 1366 1305 illa
1388 1268 1563 1312 graviffima
1596 1266 1634 1300 iit
1658 1289 1671 1307 ,
1705 1275 1821 1307 negant
1843 1290 1857 1307 ‚
1888 1267 1936 1300 vel
1960 1266 2109 1300 resolutis
2132 1275 2225 1298 caete-

1202 1319 1246 1350 ris
1269 1314 1418 1349 omnibus
1451 1312 1596 1354 corporis
1643 1308 1786 1352 partibus
1809 1333 1822 1350 ,
1856 1309 1970 1344 resolvi
2014 1309 2228 1353 sphineterem

1203 1361 1254 1394 ani
1276 1383 1283 1390 .
1319 1360 1426 1398 Qem
1460 1355 1515 1389 etii
1554 1352 1775 1388 animadverto
1797 1351 1880 1396 posse
1904 1353 2068 1387 interdum
2090 1364 2155 1386 non
2178 1353 2228 1383 vi-

1202 1403 1269 1438 deri
1293 1401 1510 1446 paralyticum
1531 1422 1544 1439 ,
1573 1399 1649 1431 licet
1673 1395 1711 1430 fit
1735 1420 1747 1436 ,
1771 1406 1938 1439 propterea
1962 1400 2037 1441 quia
2061 1397 2162 1439 magis
2185 1394 2228 1430 ob

1202 1448 1370 1480 inertiores
1394 1448 1427 1479 in
1462 1442 1670 1486 apoplefficis
1703 1439 1953 1481 intestinorum,
1977 1444 2008 1473 δε
2044 1440 2228 1474 abdominis

1202 1490 1420 1528 musculorum
1442 1485 1595 1529 impulsus
1617 1485 1694 1518 dura
1718 1507 1730 1523 ,
1761 1487 1793 1516 &
1817 1494 1914 1525 pauca
1948 1493 2143 1517 excrementa
2165 1494 2232 1516 non

1204 1532 1415 1567 extrudantur
1440 1554 1453 1573 ,
1476 1540 1573 1573 quam
1598 1527 1789 1571 sphincteris
1814 1527 1846 1559 vi
1879 1528 2076 1561 retineantur
2099 1540 2110 1566 5
2145 1523 2230 1562 haud

1204 1587 1309 1611 tamen
1333 1575 1457 1609 inficias
1482 1575 1596 1605 iverim
1618 1595 1631 1612 ,
1668 1570 1770 1615 hanc,
1804 1578 1840 1603 ut
1863 1572 2002 1605 retentio
2026 1582 2136 1607 eorum
2159 1582 2229 1614 quae

1206 1624 1241 1654 in
1265 1621 1371 1653 alvum
1404 1617 1628 1661 injiciuntur,
1662 1615 1740 1656 iaepe
1771 1612 1894 1647 indicat
1917 1638 1930 1655 ,
1964 1614 2039 1648 satis
2069 1614 2233 1648 conserva-

1209 1666 1237 1698 ri
1258 1688 1271 1704 ,
1303 1663 1397 1706 idque
1420 1658 1734 1695 communicantium
1760 1657 1933 1693 eorundem
1957 1669 2127 1692 nervorum
2148 1669 2230 1700 ope,

1208 1707 1324 1752 quibus
1355 1708 1579 1749 plerorumque
1612 1703 1760 1736 omnium
1792 1701 1948 1736 viscerum
1974 1729 1983 1744 ,
2007 1703 2232 1745 imprimisque

1210 1751 1376 1796 pulmonis
1402 1774 1415 1791 ,
1438 1752 1471 1783 &
1494 1746 1600 1781 cordis
1625 1769 1634 1784 ‚
1654 1755 1778 1792 *morus
1804 1744 1967 1781 servantur
1990 1770 1998 1778 .
2035 1747 2129 1786 Qtos
2161 1756 2233 1778 ner-

1209 1807 1266 1829 vos
1290 1796 1429 1836 accipere
1452 1792 1582 1835 spiritus
1604 1813 1617 1830 ,
1640 1791 1661 1821 ll
1687 1800 1750 1822 non
1774 1800 1791 1821 a
1816 1789 1969 1823 cerebello
2000 1789 2197 1832 potiffimurn
2222 1812 2232 1828 ,

1211 1850 1242 1874 at
1267 1838 1378 1871 saltem
1404 1837 1443 1869 ab
1466 1835 1537 1878 ipso
1560 1844 1708 1877 quoque,
1732 1843 1795 1865 non
1807 1831 1934 1867 videtur
1947 1832 2146 1875 negandum.
2172 1836 2234 1866 Ceu

1209 1881 1364 1915 rebellum
1400 1889 1504 1914 autc-m
1538 1879 1571 1910 in
1606 1876 1812 1919 apoplecticis
1846 1886 1938 1910 tanto
1972 1878 2071 1911 rarius
2095 1900 2104 1915 ‚
2138 1888 2235 1921 quam

1209 1925 1395 1964 cerebrum,
1419 1923 1492 1957 laedi
1515 1921 1853 1963 contingit‚'quanto
1876 1922 1982 1955 minus
2014 1921 2145 1955 cerebro
2170 1920 2233 1954 est:

1209 1972 1242 2003 &
1268 1978 1441 2011 praeterea,
1463 1975 1499 2001 ut
1524 1963 1674 1998 nonnihil
1707 1962 1843 1996 laedatur
1865 1988 1883 2010 -,
1917 1966 1957 1997 iis
1988 1974 2096 1998 tamen
2128 1976 2232 1998 nervis

1209 2013 1300 2046 suum
1323 2010 1465 2054 praestare
1486 2005 1777 2053 officiumdiutius
1800 2007 1904 2049 polle,
1927 2008 2080 2043 credibile
2104 2008 2146 2042 est
2167 2011 2234 2051 pri-

1207 2067 1296 2090 mum
1323 2058 1397 2096 quia
1421 2064 1515 2087 tanto
1538 2052 1608 2095 plus
1632 2051 1802 2094 ipirituum
1824 2062 1882 2095 pro
1906 2060 1973 2085 rata
1985 2056 2136 2096 portione
2147 2051 2236 2086 vide-

1208 2110 1260 2134 tur
1290 2099 1445 2132 secernere
1464 2121 1474 2136 ,
1507 2106 1629 2139 quanto
1653 2096 1723 2137 plus
1756 2092 1814 2137 ipsi
1847 2094 1960 2131 datum
2000 2097 2043 2131 est
2074 2098 2236 2130 corticalis

1209 2143 1386 2177 substantiae
1410 2154 1419 2172 .-
1444 2151 1515 2175 turn
1535 2141 1612 2182 quia
1634 2136 1879 2173 consentaneum
1903 2139 1945 2174 est
1959 2164 1972 2181 ,
1995 2142 2061 2175 vias
2084 2152 2139 2185 per
2159 2141 2237 2188 quas

1211 2187 1343 2229 spiritus
1365 2187 1400 2218 in
1424 2185 1498 2218 illos
1521 2193 1633 2217 nervos
1656 2183 1834 2222 immittit,
1857 2192 1950 2220 tanto
1982 2182 2040 2218 esse
2074 2186 2234 2228 parentio-t

1213 2242 1283 2271 res,
1305 2237 1427 2272 quanto
1448 2228 1545 2262 citius
1568 2236 1666 2269 quam
1687 2226 1876 2268 cerebrum,
1906 2227 2035 2271 quando
2066 2229 2236 2262 tenerrima

1212 2283 1300 2308 erant
1322 2273 1455 2311 omnia,
1477 2270 1510 2304 1d
1533 2269 1632 2303 facere
1656 2269 1799 2312 incepit,
1823 2280 1923 2313 neque
1946 2274 2034 2305 enim
2055 2271 2168 2306 desunt
2180 2273 2237 2314 qui

1213 2318 1319 2351 multo
1342 2316 1447 2358 ipsum
1470 2320 1583 2353 antea,
1606 2323 1702 2355 quam
1725 2313 1885 2347 cerebrum
1909 2314 2021 2357 perfici
2045 2342 2054 2356 ,
2092 2315 2239 2349 animad-

1212 2361 1386 2397 verterint5
1410 2357 1499 2401 quod
1524 2365 1629 2389 autem
1651 2365 1728 2389 tunc
1752 2357 1897 2398 incepit,
1919 2358 1952 2392 icl
1977 2360 2098 2400 semper
2121 2358 2237 2394 deinde

1212 2403 1336 2443 facere,
1361 2402 1422 2435 fine
1446 2402 1511 2437 ulla
1533 2402 1567 2432 in
1591 2399 1724 2437 somne,
1749 2400 1865 2433 nedum
1897 2401 1931 2433 in
1963 2403 2076 2445 vigilia
2097 2429 2107 2443 ,
2139 2406 2238 2436 inter-

1213 2447 1377 2486 miffione,
1399 2445 1558 2487 perrexit.
1585 2442 1641 2476 Sed
1665 2454 1731 2484 quo
1755 2445 1857 2485 magis
1882 2444 1919 2478 ad
1943 2457 1994 2479 eos
2020 2455 2127 2480 motus
2149 2470 2162 2487 ,
2197 2447 2237 2481 ad

1211 2501 1340 2532 eamque
1365 2491 1432 2520 vim
1455 2485 1634 2520 servandam
1658 2486 1708 2518 illi
1733 2489 1819 2519 nervi
1844 2487 1916 2521 sunt
1938 2489 2118 2527 necessarii,
2142 2502 2181 2523 eo
2191 2492 2237 2523 ci,

1213 2536 1278 2569 tius
1301 2532 1509 2570 haecomnia,
1533 2533 1590 2570 δᾳ,
1606 2529 1700 2579 'quod
1713 2529 1939 2573 consequitur,
1963 2533 2029 2576 ipsa
2053 2545 2179 2577 quoque
2191 2537 2237 2567 vi-

1213 2588 1246 2611 ta
1270 2578 1457 2615 amittitur,
1482 2585 1558 2609 cum
1582 2584 1641 2606 vrae
1666 2582 1732 2606 tam
1768 2584 1910 2616 patentes
1929 2599 1942 2616 ,
1975 2586 2164 2620 tantumque
2201 2580 2235 2611 in

1209 2623 1285 2655 illos
1309 2620 1480 2662 spirituum
1503 2616 1671 2650 inferentes
1696 2617 1956 2660 praecluduntur,
1978 2620 2013 2654 id
2035 2621 2077 2655 est
2087 2632 2162 2654 cum
2184 2622 2238 2655 lae-

1211 2665 1300 2698 ditur
1323 2663 1534 2698 cerebellum,
1559 2663 1590 2694 &
1614 2671 1653 2694 eo
1675 2661 1793 2698 citius,
1816 2673 1880 2703 quo
1904 2661 1966 2697 hoc
1999 2667 2101 2707 magis
2133 2667 2237 2706 gravi..

1216 2718 1263 2742 ter
1285 2707 1435 2745 laeditur,
1460 2709 1492 2740 &
1517 2713 1666 2746 repente:
1698 2715 1837 2746 quorum
1869 2704 1923 2739 hic
1957 2708 2076 2741 accidit
2110 2718 2235 2742 utrum-

1216 2763 1300 2795 que,
1324 2751 1472 2794 sanguine
1496 2748 1671 2789 videlicet,
1693 2758 1749 2780 nec
1770 2759 1873 2790 pauco
1896 2773 1908 2789 ,
1942 2750 1981 2784 ad
2013 2752 2203 2787 cerebellum
2226 2776 2236 2791 ‚

1215 2796 1263 2828 vel
1288 2795 1397 2837 potius
1419 2794 1503 2827 intra
1527 2792 1717 2825 cerebellum
1729 2801 1855 2833 repente
1866 2791 1987 2826 effuso.
2014 2795 2128 2839 Neque
2149 2798 2235 2830 enim

1216 2838 1299 2873 illud
1330 2848 1362 2871 te
1394 2845 1518 2870 moveat
1549 2835 1635 2878 quod
1667 2833 1789 2882 fracida
1822 2836 1886 2869 visa
1908 2836 1948 2869 fit
1971 2836 2037 2879 ejus
2061 2838 2231 2874 substantia

1218 2894 1288 2925 quae
1312 2882 1362 2915 illi
1386 2889 1451 2913 erat
1475 2879 1619 2921 sanguini
1642 2879 1870 2920 circumjecta,
1891 2891 1956 2923 quo
1989 2883 2094 2916 minus
2126 2894 2237 2926 repen-

1217 2929 1320 2959 tinam
1343 2922 1486 2958 accidilse
1509 2923 1756 2961 lacerationem,
1777 2922 1901 2956 credas.
1935 2924 2025 2958 Nam
2059 2929 2092 2959 δε
2124 2926 2236 2961 senfim

1219 2967 1324 3012 posse,
1346 2972 1377 3001 δε
1405 2966 1503 3000 ferme
1526 2968 1657 3001 latenter
1678 2965 2025 3009 cerebelliparticulam
2047 2970 2236 3012 aliquamad

1220 3013 1445 3045 lacerationem
1465 3009 1593 3052 disponi
1604 3032 1618 3049 ,
1640 3010 1673 3041 δε
1694 3019 1776 3054 cum·
1791 3008 1859 3043 haec
1883 3010 2016 3054 denique
2039 3023 2164 3056 repente
2185 3025 2236 3047 ac-

1221 3055 1327 3095 cidit,
1351 3054 1429 3096 saepe
1451 3054 1484 3087 in
1506 3051 1737 3099 circumpositae
1760 3053 1937 3088 iubstantiae
1962 3056 2106 3098 partibus
2140 3069 2178 3100 ap
2204 3070 2236 3089 a..

1221 3110 1287 3133 rere
1309 3099 1405 3131 etiam
1430 3095 1513 3139 poffe
1537 3097 1696 3130 laesionem
1717 3095 1874 3139 ejusmodi
1896 3109 1966 3141 quae
1979 3098 2033 3132 etfi
2056 3110 2162 3134 recens
2186 3111 2235 3140 it,

1218 3143 1386 3186 antiquam
1408 3150 1512 3174 tamen
1535 3138 1621 3183 quasi
1642 3137 1815 3174 erofionem
1825 3144 2022 3183 mentiatur,
2045 3154 2084 3176 ex
2093 3145 2165 3178 aliis
2175 3155 2236 3177 no-

1220 3187 1291 3221 stris
1314 3186 1473 3227 intelliges
1495 3184 1630 3217 Litteris
1651 3187 1736 3226 (a).

1264 3241 1315 3271 25.
1340 3230 1477 3263 Utinam
1499 3227 1533 3261 id
1555 3239 1680 3271 quoque
1703 3228 1879 3266 declarare,
1900 3229 1948 3262 vel
1973 3230 2081 3272 potius
2111 3230 2237 3265 divina·-

1221 3285 1252 3307 re
1276 3272 1448 3316 aliquando
1469 3270 1624 3314 possemus
1646 3272 1734 3316 quod
1757 3272 1905 3306 Valsalva
1915 3273 2007 3306 nobis
2017 3274 2145 3316 quidem
2156 3277 2237 3309 olim

1221 3317 1306 3351 dixit
1321 3340 1332 3357 ‚
1356 3316 1407 3350 sed
1430 3315 1607 3359 nusquam,
1629 3316 1716 3359 quod
1740 3316 1892 3355 sciamus,
1916 3316 2073 3360 scriptum
2084 3320 2237 3361 reliquit,

1223 3371 1298 3395 curn
1319 3359 1474 3402 quendam
1496 3361 1663 3403 apoplexia
1685 3358 1888 3394 interfecisset
1921 3363 1936 3400 (
1956 3370 2022 3395 erat
2055 3364 2084 3395 is
2116 3362 2234 3404 janitor

1226 3406 1394 3438 Servorum
1418 3405 1556 3444 Mariae)
1579 3403 1608 3436 se
1640 3414 1679 3437 ex
1713 3401 1791 3437 nudi
1822 3405 1969 3445 corporis
2000 3405 2196 3448 inspectione
2223 3430 2232 3442 ,

1221 3445 1395 3490 praedixisse
1417 3471 1430 3487 ,
1462 3448 1637 3490 apoplexiae
1668 3447 1792 3481 causam
1822 3449 1856 3480 in
1888 3448 2041 3481 cerebello
2071 3451 2236 3483 inventum

1230 3492 1293 3523 iri.-
1317 3490 1412 3533 idque
1435 3490 1607 3524 sectionem
1627 3490 1863 3534 comprobasse.
1887 3492 1977 3524 Nam
2007 3499 2078 3525 utra
2108 3492 2238 3536 quidem

833 3532 942 3565 rebelli
964 3543 1033 3575 quae
1057 3543 1177 3585 'corpus
1228 3534 1263 3567 in
1287 3543 1375 3576 parte
1397 3535 1514 3568 cerebri
1536 3535 1652 3567 vitium
1674 3533 1736 3577 fit,
1758 3533 2040 3568 animadvertentes
2072 3535 2239 3570 dumtaxat

1227 3577 1314 3624 quod
1337 3578 1371 3610 in
1394 3578 1476 3612 latus
1497 3578 1712 3620 apoplec'ticus
1734 3578 1908 3617 ceciderit,
1931 3588 1990 3610 nos
2020 3590 2146 3623 quoque
2157 3591 2237 3613 conu-

1224 3619 1327 3663 Jeciffe
1360 3620 1428 3661 (b)
1463 3624 1691 3661 meminimus3
1713 3620 1746 3655 in
1768 3621 1927 3655 cerebello
1957 3629 2062 3656 autem
2094 3623 2133 3656 lit
2152 3647 2177 3673 ,ι
2199 3633 2238 3656 an

2168 3678 2202 3699 ln

225 3797 285 3827 (ν)
303 3796 362 3822 vid.
378 3796 527 3826 Sepulchra.
543 3797 569 3823 in
584 3797 668 3823 Addit.
683 3797 712 3822 ad
729 3799 790 3825 sest.
808 3800 853 3826 cit.
870 3799 930 3826 ΟΜ.
951 3808 986 3828 1².
1001 3801 1024 3825 ἃ
1048 3799 1073 3824 in
1089 3799 1170 3826 Schol.
1186 3800 1215 3825 ad
1229 3800 1290 3826 ΟΜ.
1309 3810 1332 3832 ς.

222 3828 257 3857 (u
263 3828 277 3856 )
292 3828 366 3852 Tom.
373 3835 395 3852 ι.
403 3828 464 3854 obs.
478 3836 531 3860 105·

335 3857 340 3861 .
592 3830 600 3859 (
613 3829 792 3858 nneMedic.
804 3831 912 3857 l.2.c.2.

228 3857 369 3889 (⁶)EP1st·
386 3865 410 3888 3.
426 3866 451 3884 n.
466 3867 489 3889 3.

973 3831 1068 3861 (mn-
1085 3838 1121 3862 17-

1393 3801 1444 3832 (s)
1461 3801 1532 3831 Epist,
1548 3803 1578 3829 de
1594 3802 1682 3829 Strust.
1698 3802 1813 3829 Glandul.
1875 3804 1923 3836 (t)
1938 3802 2013 3835 Epist.
2027 3811 2100 3835 430²·
2112 3810 2148 3830 12.

917 3861 923 3865 -
1142 3861 1147 3866 ,
1180 3832 1195 3862 (
1204 3832 1519 3861 z)Vid.Sennert.Medie.
1530 3834 1702 3865 Prast.1.3.1’.
1714 3843 1738 3860 2.
1750 3835 1834 3862 S.2.c.
1846 3841 1887 3861 n„

551 3857 602 3891 (b)
617 3859 714 3886 advers.
728 3863 803 3887 Anat.
820 3862 863 3889 v!-
878 3862 1045 3894 Animam-„84
1063 3864 1086 3887 δι
1104 3862 1177 3893 Epist.
1194 3865 1268 3889 Anat.
1284 3863 1342 3889 vu.
1357 3866 1422 3901 ¹¹35·
1437 3864 1461 3889 δι
1477 3865 1553 3891 x111.
1568 3873 1593 3891 n.
1610 3869 1647 3891 ιδ.
