2498 4075
432 191 598 257 Epist.
636 191 798 242 Anat.
832 188 1048 242 Medica
1084 183 1300 239 XXIX.
1339 183 1457 236 Art.
1478 183 1554 235 16.
1575 185 1630 236 &
1654 198 1727 244 17.

57 275 194 311 secutam
216 274 336 315 refert,
358 271 509 308 admonet
532 283 638 307 tamen
659 296 669 313 ,
698 272 732 304 in
757 273 878 305 summa
912 269 1069 304 anteriore

0 323 2 325 ’
55 318 225 353 ventriculi
260 328 346 360 parte
372 318 512 351 foramen
546 315 637 351 fuisse
656 338 668 356 ‚
697 323 734 349 ut
758 313 946 356 perdifficile
971 312 1068 346 fuerit

58 363 207 407 potiones
240 363 274 394 in
298 370 439 394 ventrem
462 359 582 394 effundi
605 382 617 400 ,
649 357 707 391 nisi
732 359 860 391 tandem
896 355 1069 398 interjecto

57 415 220 447 ternpore,
245 407 277 438 &
302 406 334 437 in
358 404 546 446 quibusdam
570 403 648 444 aegri
672 403 835 436 motibus.
862 402 944 436 Dixi
964 408 1070 433 autem

57 459 121 484 non
153 459 223 480 raro
246 458 414 490 propterea
448 447 536 489 quod
556 448 654 480 etiarn
687 444 837 488 quasdam
861 454 966 479 extare
1005 443 1071 476 scio

57 490 212 537 perforati
237 493 412 525 ventriculi
437 491 688 525 Observationes
712 491 745 523 in
768 491 886 532 quibus
911 497 963 522 aut
987 484 1070 520 illud

56 546 122 571 non
146 535 266 578 liqueat
288 538 302 574 (
325 546 349 579 z
370 539 387 575 )
409 541 462 568 aut
496 535 694 568 contrarium
718 535 826 576 potius
850 542 996 576 apparere
1019 531 1069 562 vi-

56 579 168 615 deatur
190 582 203 618 (
225 589 243 611 a
266 582 298 618 ).
325 577 383 611 Sed
406 578 474 613 haec
497 589 534 612 tu
556 578 699 612 conferes
717 601 728 617 ‚
751 580 783 610 &
808 575 1001 620 perpendes.

103 625 152 657 16.
177 623 261 661 Qae
285 621 341 654 etsi
366 632 418 657 aut
442 624 549 655 omnia
565 645 578 663 ,
602 630 655 655 aut
681 621 828 664 pleraque
853 621 887 651 in
911 619 1072 652 ventricu-

54 665 88 697 lo
109 664 301 708 deprehensa
325 665 482 699 foramina
515 665 550 698 ad
575 666 681 699 ulcera
707 666 866 706 pertinent
891 685 902 701 ,
933 673 1004 704 quae
1026 662 1074 693 ci-

56 709 146 751 tius,
172 718 226 745 aut
250 709 346 743 serius
370 710 501 744 cunetas
525 709 589 752 ejus
614 709 738 743 tunicas
762 706 962 750 pervaserunt
984 716 994 743 3
1018 703 1073 739 hic

56 762 162 787 tamen
185 752 280 787 habes
302 754 336 785 in
361 752 571 796 Sepulchreto
592 755 607 792 (
629 752 648 786 b
669 756 684 792 )
707 752 809 794 plures
834 750 910 783 alias
934 747 1073 791 ejusdem

57 797 182 830 visceris
204 805 276 832 tum
299 797 412 838 intus,
434 803 504 830 tum
529 804 617 829 extra
641 795 775 829 ulcerari
800 792 1073 837 Observationes,

57 839 180 874 tametsi
213 840 359 883 quaedam
384 849 571 882 repetuntur
593 863 606 880 ,
638 846 673 873 ut
697 840 740 872 V.
768 836 953 879 posterior3
988 835 1073 870 idem

58 886 145 918 enim
162 894 311 917 numerus
337 886 379 917 V.
395 895 450 925 per
473 884 632 917 incuriam
643 882 691 916 bis
717 882 871 922 ponitur3
896 881 930 912 in
942 880 1070 912 XLIII.

58 930 86 968 §.
112 940 142 971 4.
168 930 200 960 ὃς
225 929 289 959 VI.
313 929 347 960 in
380 928 526 960 XXVII.
551 928 578 965 §.
607 938 635 958 2.
663 924 720 957 Sed
755 936 830 958 curn
866 923 1071 964 repetitiones

58 970 120 1005 sint
145 971 244 1004 etiarn
268 971 403 1005 aliarum
418 971 455 1003 ad
481 971 543 1003 alia
554 968 724 1002 ventriculi
751 970 828 1000 vitia
842 967 1072 1005 attinentium,

57 1023 95 1048 ut
118 1012 183 1056 ejus
207 1025 278 1056 quae
301 1016 336 1047 in
358 1016 483 1048 XXVI.
510 1016 537 1054 §.
565 1023 593 1054 ς.
619 1012 661 1045 est
682 1036 691 1051 ,
713 1013 747 1045 in
769 1012 898 1049 XXIV3
923 1008 1009 1042 nulla
1031 1010 1074 1043 est

56 1069 126 1099 quae
150 1056 353 1091 excusatione
375 1056 507 1100 dignior
530 1055 568 1089 fit
582 1080 593 1096 ,
614 1066 709 1100 quarn
734 1055 789 1088 ubi
809 1053 880 1088 XX.
905 1054 1019 1086 iterata
1032 1053 1073 1087 est

55 1103 90 1134 in
114 1100 359 1135 Additamentis
393 1101 450 1135 sub
474 1111 607 1134 numero
637 1101 682 1132 II.
708 1099 794 1137 Quis
817 1098 902 1130 enim
934 1107 969 1128 ea
1004 1110 1074 1140 quae

57 1144 253 1178 Elanca-rdus
277 1154 431 1188 tanquam
455 1146 488 1177 in
511 1144 586 1176 Cive
609 1139 669 1176 suae
692 1142 846 1176 civitatis
872 1140 1076 1174 Ams’teloda-

53 1187 167 1224 mensis
191 1188 357 1221 observata
381 1189 559 1230 proponit,
582 1185 689 1230 eadem
700 1184 757 1231 effe
782 1184 992 1227 suspicaretur
1006 1196 1076 1227 quae

55 1233 209 1267 Riverius
233 1233 267 1265 in
290 1231 467 1266 Aurifabro
491 1229 718 1272 Monspeliensi
744 1239 807 1270 jam
832 1228 1038 1270 proposuerat
1063 1240 1074 1267 ,-

55 1275 114 1309 nisi
137 1274 380 1319 quiBlancardi
404 1277 438 1308 in
450 1273 593 1308 historiis
616 1271 883 1306 transformandis
910 1273 1074 1314 ingenium

54 1319 213 1360 colobius,
236 1331 311 1353 cum
333 1317 450 1352 fimilia
473 1317 512 1350 ab
534 1316 671 1351 Riverio
695 1315 813 1349 tradita
838 1313 895 1350 effe
922 1340 934 1356 ‚
960 1317 1076 1349 merni-

52 1362 151 1397 nisset
164 1387 175 1404 ,
199 1363 461 1406 utramqueintet
483 1361 510 1394 se
521 1360 792 1394 Observationem
811 1358 996 1401 conferret,
1020 1371 1076 1394 nec

54 1407 196 1441 similem
217 1406 341 1447 modo,
365 1405 414 1440 sed
438 1416 535 1439 unam
552 1403 743 1447 eandemque
767 1403 894 1445 prorsus
906 1401 985 1441 esse,
1010 1406 1075 1436 evi-

57 1451 237 1485 dentissime
259 1448 509 1492 deprehenderet
532 1447 544 1480 ?
580 1449 705 1481 Verum
729 1457 765 1481 ut
798 1445 837 1479 ad
859 1457 910 1480 eas
943 1458 1013 1489 quae
1038 1447 1076 1481 ad

54 1495 162 1528 ulcera
188 1494 349 1537 spffitant,
374 1492 556 1530 redeamus5
580 1492 664 1523 inter
682 1500 809 1524 caeteras
833 1489 929 1532 digna
941 1491 982 1523 est
1006 1502 1078 1534 quae

56 1539 188 1581 legatur
211 1538 378 1570 XLVIII.
403 1548 474 1580 quae
507 1535 529 1567 fi
555 1543 625 1567 ante
658 1543 788 1568 centum
819 1535 940 1576 viginti
979 1544 1076 1567 annos

54 1590 162 1615 extare
180 1579 362 1623 potuisset,
385 1577 508 1613 fecisset
525 1600 534 1615 ,
560 1588 596 1614 ur,
619 1579 738 1620 opinor
761 1601 774 1617 ,
797 1587 834 1609 ne
858 1586 926 1610 tam
948 1575 1044 1610 facile
1066 1589 1080 1617 ,-

55 1635 94 1659 ut
126 1624 165 1657 de
189 1625 263 1657 aliis
294 1632 413 1655 taceam
433 1633 446 1661 ,·
478 1634 493 1654 a
517 1621 662 1654 Gesnero
684 1621 826 1654 ederetur
863 1632 935 1664 quae
959 1620 1014 1654 hic
1037 1620 1079 1655 est

56 1669 217 1702 XXXVI.
241 1667 278 1701 de
304 1666 433 1699 lacertis
456 1664 626 1702 videlicet,
652 1675 686 1696 ac
698 1663 897 1707 serpentibus
919 1665 1006 1698 intra
1028 1666 1080 1697 vi-

56 1713 139 1746 scera
163 1710 289 1744 obortis
311 1733 323 1748 ,
358 1712 390 1742 &
414 1719 467 1749 per
492 1707 670 1741 saeviffimos
703 1708 830 1742 dolores
854 1709 980 1742 circiter
1015 1709 1080 1742 tria

55 1755 218 1788 hominum
230 1752 355 1789 millia,
379 1752 399 1785 fi
427 1752 554 1793 Superis
567 1752 697 1794 placet,
721 1751 945 1785 enecantibus.
972 1753 1080 1784 Nam-

55 1810 144 1841 que3
167 1806 204 1831 ut
229 1794 421 1830 Vallisnerii
454 1794 554 1828 nostri
578 1795 629 1838 (c
652 1799 665 1835 )
687 1796 828 1829 rationes
851 1821 860 1836 ,
895 1798 927 1829 &
952 1797 1078 1828 monita

55 1850 303 1885 praetereamus,
328 1851 398 1881 quae
421 1839 549 1873 utinam
575 1839 615 1872 ab
626 1840 773 1882 pluribus
796 1840 973 1881 eorumqui
997 1838 1081 1881 ejus-

56 1885 133 1919 dem
156 1884 280 1928 generis
305 1882 556 1915 Observationes
580 1882 683 1925 postea
705 1882 829 1917 tradere
853 1881 915 1916 fine
939 1883 1007 1916 ulla
1021 1882 1081 1916 du-

55 1929 218 1963 bitatione
241 1935 469 1970 perrexerunt,
494 1926 573 1959 lecCta
599 1925 752 1967 fuissent,
777 1937 871 1970 atque
895 1924 1044 1968 perpensa
1067 1938 1080 1965 ,-

57 1981 144 2007 certe
166 1973 200 2004 in
224 1981 259 2004 ea
281 1981 410 2013 quoque
432 1969 594 2002 XLVIII.
618 1981 714 2012 quarn
736 1969 1051 2004 modolaudabamus
1066 1993 1079 2010 ,

58 2015 193 2050 historia
223 2012 333 2047 vir¹ab
356 2013 562 2046 Hartmanno
591 2012 780 2047 describitur
802 2037 814 2054 ,
846 2014 903 2056 qui
929 2014 1080 2047 lacertam

57 2060 116 2094 fibi
141 2061 173 2092 in
197 2055 379 2091 ventriculo
402 2055 495 2090 inesse
510 2078 519 2092 ‚
544 2054 633 2090 firme
655 2056 735 2091 adeo
757 2057 904 2091 credebat
919 2083 928 2098 ,
952 2067 989 2091 ut
1013 2055 1080 2100 ejus

58 2104 202 2138 formam
227 2099 383 2135 delineare
405 2111 470 2133 non
483 2098 645 2133 dubitaret
659 2123 667 2136 ‚
690 2101 770 2134 alius
783 2110 887 2135 autem
912 2100 996 2142 apud
1013 2102 1081 2133 Lu-

58 2158 131 2181 cam
152 2145 335 2180 Antonium
359 2144 506 2177 Portium
529 2144 542 2181 (
564 2143 585 2176 d
607 2147 620 2183 )
643 2143 672 2176 se
695 2144 815 2178 ibidem
841 2154 948 2176 ranam
984 2144 1082 2176 habe.

58 2193 116 2231 re,
139 2188 333 2224 asseverabat
354 2210 367 2226 ‚
405 2196 594 2220 coaxantem
620 2187 817 2230 aliquando,
842 2189 874 2219 ὃ(
897 2188 929 2218 in
954 2187 1043 2229 aquis
1067 2208 1079 2225 ,

58 2234 162 2277 siquas
185 2232 252 2274 ipse
275 2229 408 2274 potasset
427 2253 440 2270 ,
472 2238 637 2263 natantem
657 2253 669 2269 ,
694 2233 726 2262 &
742 2253 752 2268 ‚
777 2241 814 2263 ne
838 2230 971 2269 multis,
995 2228 1079 2271 apud

59 2278 266 2312 Brunnerum
287 2277 300 2313 (
322 2284 337 2307 e
359 2277 372 2312 )
395 2272 510 2306 mulier
533 2281 666 2315 propter
688 2272 843 2306 stomachi
868 2273 990 2307 morsus
1015 2295 1023 2309 ‚
1048 2285 1079 2304 a-

60 2323 168 2363 liaque
191 2320 301 2353 vivum
325 2315 442 2349 animal
466 2317 500 2347 in
523 2324 631 2348 ventre
655 2315 942 2349 alere·credebatur
964 2340 972 2348 .
999 2317 1080 2349 I-laec

58 2373 169 2400 tamen
193 2373 252 2404 pro
275 2372 314 2394 eo
337 2358 469 2392 animali
493 2382 501 2398 ‚
536 2361 569 2391 δε
594 2360 649 2391 ille
683 2371 743 2402 pro
767 2371 840 2392 rana
860 2383 872 2399 ,
896 2362 927 2391 &
954 2361 1075 2401 primus

58 2420 121 2453 pro
144 2407 282 2441 lacerta,
305 2402 477 2436 ventriculi
500 2411 640 2436 tumores
665 2424 675 2440 ‚
708 2405 740 2435 δε
764 2402 928 2445 plerosque
952 2403 1077 2436 exulce-

61 2461 152 2486 ratos
177 2448 354 2482 habuerunt
378 2471 385 2478 .
419 2448 480 2479 Fac
503 2446 608 2487 igitur
643 2445 681 2479 ad
706 2445 948 2488 Sepulchretum
981 2446 1077 2479 addas

60 2494 139 2530 duas
162 2503 199 2526 ex
221 2491 272 2525 his
296 2490 398 2523 tribus
419 2490 607 2521 recentiores
631 2488 781 2524 historias
791 2501 865 2523 cum
889 2489 952 2522 suis
965 2500 1077 2532 quam-

59 2550 121 2583 que
144 2539 176 2570 &
199 2534 315 2578 fignis,
343 2535 374 2567 &
398 2530 661 2566 diffeetionibus.
688 2534 766 2567 Sunt
790 2543 896 2566 autem
918 2544 993 2567 cum
1006 2533 1076 2565 aliae

61 2583 175 2625 aliquae
199 2576 347 2612 addendae
370 2587 408 2609 ex
432 2577 537 2610 minus
563 2577 741 2610 recentibus
763 2600 776 2618 9
808 2586 845 2609 ut
869 2586 946 2618 puta
978 2588 1077 2619 quam

63 2623 149 2669 apud
172 2621 344 2657 Freherum
366 2617 452 2662 (f)
474 2619 588 2661 legeris
611 2621 648 2652 de
660 2618 936 2663 famigeratiffimo
958 2620 1077 2653 Cardi-

62 2669 130 2703 nali
152 2667 315 2702 Baronio,
339 2675 435 2707 quem
459 2664 522 2696 tria
545 2664 649 2697 ulcera
681 2665 714 2697 in
738 2675 791 2697 ore
823 2665 997 2698 ventriculi
1020 2674 1077 2706 per

63 2709 310 2754 insuperabilem
334 2707 480 2741 nauseam
491 2706 740 2750 absumpserunt,
753 2716 843 2746 tum,
869 2720 907 2741 ex
920 2709 1077 2741 recentio-

64 2756 154 2790 ribus
176 2752 372 2795 praesertim,
396 2751 502 2795 plures
520 2772 532 2790 ‚
555 2760 591 2784 ut
604 2751 760 2785 ssrunneri
785 2753 880 2785 altera
903 2755 957 2795 (g
978 2754 1077 2791 >cum

64 2796 213 2834 ulceroso
238 2804 365 2830 tumore
383 2817 395 2835 ‚
427 2803 464 2828 ut
489 2794 607 2828 Basteri
631 2797 646 2836 (
667 2795 687 2828 h
709 2799 723 2835 )
744 2797 917 2839 generatim
942 2806 1005 2827 non
1030 2795 1076 2828 ita

67 2840 248 2879 diffimilis,
272 2847 307 2873 ut
333 2838 439 2871 Praecl.
466 2838 572 2871 Planci
596 2840 614 2880 (
633 2839 645 2872 i
667 2842 681 2878 )
703 2838 772 2873 duae
793 2863 806 2880 ,
828 2838 937 2872 callosi
960 2839 1075 2872 ulceris

62 2896 221 2928 utraque,
244 2885 327 2916 item
349 2882 419 2914 aliae
436 2903 448 2921 ,
482 2882 515 2914 in
539 2879 653 2924 hisque
677 2882 810 2917 Illustris
842 2883 968 2916 Halleri
992 2894 1079 2925 quae-

65 2931 167 2968 dam;
189 2938 263 2960 nam
288 2933 399 2969 praeter
421 2925 510 2957 illam
534 2924 683 2959 scirrhofi
706 2935 744 2959 ex
767 2928 849 2960 aceti
885 2925 981 2961 abusu
1004 2937 1079 2958 ven-

67 2973 180 3007 triculi
203 2974 217 3010 (
240 2970 259 3011 l<
280 2973 315 3011 )‚
338 2969 427 3002 binas
451 2968 545 3018 babet
569 2969 666 3009 alias,
689 2981 824 3013 quarum
848 2971 945 3004 altera
969 2969 1026 3009 (Z)
1043 2972 1077 3002 in

68 3029 107 3051 eo
130 3014 295 3049 tubercula
319 3020 475 3056 proporut
499 3013 610 3054 plura,
633 3015 721 3054 puris
733 3014 848 3055 plena,
873 3015 973 3048 altera
996 3015 1080 3052 (m)

67 3058 285 3094 ventriculum
309 3055 460 3094 scirrhis,
483 3055 703 3091 &absceffibus
725 3058 808 3091 inter
820 3058 1015 3092 membranas
1026 3056 1080 3089 de-

65 3101 296 3147 formissimum
325 3112 387 3143 qua
411 3099 498 3131 Colo
527 3099 677 3135 intestino
699 3100 880 3135 adhaerebat
899 3125 912 3143 ,
944 3110 1085 3143 quocum

66 3159 122 3193 per
145 3146 320 3180 ulcerosam
344 3151 505 3186 patentem
527 3144 611 3177 viam
632 3146 910 3179 communicabat.
934 3146 1025 3184 Qas
1046 3155 1085 3176 o-

72 3201 161 3227 mnes
186 3188 440 3223 Observationes
463 3195 581 3235 attente
604 3189 763 3231 relegens,
788 3189 826 3223 ab
850 3190 906 3223 illa
922 3189 1084 3221 Herman-

70 3238 106 3269 ni
129 3234 231 3267 initio
252 3231 352 3265 dufto
373 3252 382 3267 ‚
413 3229 583 3273 additaque
607 3232 732 3275 insuper
764 3232 824 3266 alia
857 3234 911 3266 Cl.
934 3232 1082 3265 Goritzii

73 3284 85 3319 (
109 3290 128 3312 n
147 3278 186 3319 )‚
210 3275 304 3310 facile
329 3272 562 3307 animadvertes
584 3297 596 3314 ,
618 3286 786 3318 perpaucas
810 3278 946 3311 omnino
969 3274 1026 3309 effe
1049 3277 1085 3308 in

71 3322 190 3366 quibus
213 3318 299 3353 laefio
321 3328 387 3351 non
411 3316 483 3350 esset
507 3328 561 3351 aur
584 3320 618 3351 in
642 3319 778 3362 pyloro,
803 3329 856 3355 aut
879 3331 977 3363 prope
990 3320 1086 3362 pylo-

75 3377 172 3404 rnrn5
196 3373 231 3398 ut
256 3362 314 3397 hac
335 3372 465 3405 quoque
488 3360 526 3394 de
559 3362 647 3397 causa
671 3363 756 3397 Frid.
782 3363 974 3399 Hoffmanni
998 3366 1011 3402 (
1033 3362 1085 3404 o)

72 3409 227 3449 sententia
253 3407 438 3450 plerumque
462 3403 571 3438 sal-tem
594 3418 610 3439 a
631 3417 707 3439 vero
730 3418 795 3441 non
818 3407 985 3442 abhorrere
998 3405 1086 3440 vide-

160 3451 326 3494 Morgagni
337 3450 372 3483 de
385 3449 452 3483 Sed.
469 3449 510 3484 Θ
520 3448 605 3492 Caus.
617 3449 718 3485 Morb.
734 3453 833 3486 Tom.
848 3454 893 3486 ΙΙ.

1121 271 1149 303 ri
1173 266 1265 310 poffit
1288 288 1297 302 ‚
1334 264 1453 298 scilicet
1478 264 1629 308 pylorum
1666 261 1775 304 potius
1798 262 1829 293 &
1867 259 2025 302 primario
2048 257 2131 291 affici

1121 314 1155 345 in
1177 309 1373 351 cardialgia,
1397 309 1571 350 praesertim
1595 317 1669 339 cum
1692 308 1725 336 in
1749 304 1895 350 proxima
1925 314 2054 349 quoque
2079 302 2133 333 Se-

1122 353 1282 398 pulchreti
1315 353 1461 385 Seffione
1484 353 1585 383 VIII.
1618 353 1673 389 (p
1696 352 1708 387 )
1744 356 1830 389 Juxta
1856 346 1938 379 illud
1969 346 2131 378 orificium

1121 396 1317 431 ventriculus
1341 396 1426 428 intus
1449 395 1554 428 exesus
1570 417 1581 434 ,
1605 395 1638 425 in
1662 391 1719 424 hac
1734 400 1837 423 autern
1860 394 1872 429 (
1894 401 1912 431 q
1934 394 1948 430 )
1969 388 2130 421 orificium

1122 440 1228 483 ipsum
1252 442 1284 472 δι
1307 441 1445 472 exterius
1469 437 1557 470 valde
1583 446 1708 470 tumens
1731 434 1856 475 legatur
1877 457 1889 473 ,
1911 445 1966 466 nec
1989 431 2051 465 fine
2074 443 2132 463 vo·-

1121 485 1215 518 micis
1241 483 1313 516 albo
1334 492 1411 524 pure
1436 480 1587 520 refertis,
1611 480 1748 512 interius
1773 487 1877 509 autem
1903 475 2097 509 scirrhosum
2120 498 2132 514 ,

1122 532 1153 562 δε
1184 525 1341 560 induratis
1367 524 1579 567 albicantibus
1611 520 1772 565 glandulis
1805 521 1904 561 magis
1937 531 2032 563 quarn
2064 529 2137 551 ven-

1121 571 1230 605 triculi
1257 580 1324 612 pars
1348 568 1467 611 reliqua
1488 591 1500 608 ‚
1532 566 1713 601 obsessum.
1750 566 1851 597 Porro
1876 573 1978 596 autern
2002 573 2075 596 cum
2099 563 2134 593 in

1122 615 1256 648 laudatis
1292 613 1470 646 Hermanni
1495 635 1504 650 ‚
1537 616 1568 644 &
1604 609 1722 643 Basteri
1756 605 2046 640 Observationibus
2086 606 2134 637 ita

1125 670 1199 692 cum
1223 657 1329 700 pylori
1354 656 1513 689 ulceribus
1545 652 1769 686 excrescentias
1791 649 1929 692 ejusdem
1963 648 2023 681 live
2046 650 2136 691 glan-

1125 701 1275 741 dulosas,
1297 699 1357 733 five
1383 698 1531 740 fungosas
1554 697 1740 737 conjuneras
1763 694 1879 727 videris
1900 717 1912 732 ‚
1935 701 1970 725 ut
1995 691 2043 724 hae
2066 693 2141 733 qui-

1124 748 1198 781 dem
1221 744 1307 778 credi
1332 742 1445 786 poffint
1469 753 1507 776 ex
1530 741 1667 774 ulcerata
1692 738 1798 780 pylori
1824 736 1993 770 substantia
2014 745 2140 777 procre-

1125 789 1222 828 vilTe3
1249 787 1343 821 facile
1366 797 1485 830 quaeres
1508 809 1520 825 ,
1555 795 1631 817 num
1654 781 1872 815 excrescentiae
1895 789 2026 823 quoque
2047 787 2141 811 caete-

1126 846 1190 872 rae,
1213 843 1290 875 quas
1314 831 1394 868 alii,
1419 829 1537 872 nosque
1561 826 1619 870 ipsi
1645 836 1715 860 tum
1738 825 1775 858 ad
1799 835 1892 863 eam,
1915 832 1986 857 tum
2010 821 2047 855 ad
2068 823 2144 856 alias

1123 876 1296 911 ventriculi
1321 883 1424 917 partes
1449 870 1621 915 aliquando
1646 868 1868 912 conspeximus
1889 891 1899 907 ,
1936 867 1996 899 lint
2021 876 2060 899 ex
2083 867 2144 899 ali-

1123 932 1189 962 quo
1212 918 1279 961 ejus
1303 919 1408 951 ulcere
1434 926 1597 959 prognatae
1621 924 1731 947 omues
1753 909 1968 945 existimandae
1992 915 2003 943 ?
2037 908 2141 943 Vides

1125 965 1209 995 enim
1227 987 1240 1003 ,
1271 963 1409 1004 exempli
1433 960 1523 995 causa
1545 983 1554 998 ‚
1588 961 1621 991 in
1647 955 1891 991 Additamentis
1915 953 1952 987 ad
1986 955 2065 987 hanc
2091 955 2146 986 Se-

1124 1009 1265 1042 &tionem
1290 1008 1304 1044 (
1327 1016 1342 1038 r
1363 1010 1376 1045 )
1399 1017 1417 1038 a
1444 1005 1580 1038 Paulino
1606 1001 1783 1035 observatas
1807 1000 1841 1033 in
1874 998 2052 1031 ventriculo
2074 1007 2146 1031 νεν-

1125 1060 1217 1084 rucas
1250 1049 1328 1082 duas
1350 1050 1435 1081 circa
1468 1047 1625 1081 finistrum
1657 1043 1820 1079 orificium
1852 1053 1924 1076 cum
1959 1042 2061 1075 radice
2095 1039 2148 1075 sua

1122 1094 1262 1137 firmiter
1275 1100 1431 1131 ananias,
1456 1092 1587 1125 alteram
1610 1090 1746 1123 minoris
1758 1089 1870 1131 pomi,
1899 1086 2031 1118 alteram
2053 1095 2148 1124 gran..

1128 1137 1254 1176 dioris,
1278 1136 1424 1169 avellanae
1449 1133 1672 1177 magnitudine
1699 1155 1709 1170 ‚
1742 1132 1865 1166 nullam
1890 1137 1996 1163 autem
2028 1128 2143 1162 ulceris

1128 1181 1210 1215 unde
1235 1180 1421 1217 existerent,
1447 1180 1644 1211 mentionem
1668 1176 1761 1215 fieri3
1786 1175 1933 1218 quamvis
1946 1182 2036 1206 antea
2063 1171 2145 1204 mas-

1128 1226 1180 1263 sa,
1206 1224 1355 1267 glandem
1381 1234 1533 1265 aequans,
1556 1222 1662 1255 multo
1686 1231 1761 1253 curn
1787 1219 1937 1261 sanguine
1964 1216 2071 1251 fuisset
2090 1227 2146 1259 per

1126 1270 1290 1303 vomitum
1315 1265 1430 1309 rejeera
1452 1277 1458 1298 ;
1492 1269 1523 1299 &
1547 1264 1617 1298 sane
1639 1264 1723 1298 cutis
1758 1274 1902 1296 verrucas
1927 1260 2034 1294 videre
2057 1260 2147 1294 soliti

1128 1314 1235 1347 sumus
1260 1311 1323 1344 fine
1347 1310 1449 1343 ulcere
1472 1334 1479 1342 .
1514 1311 1564 1343 De
1589 1307 1760 1341 ventriculi
1785 1316 1890 1341 autem
1913 1305 2054 1339 verrucis
2076 1316 2148 1346 quae

1127 1356 1251 1391 Medici
1276 1354 1397 1388 Arabes
1421 1353 1637 1396 scripserunt,
1661 1352 1743 1393 leges
1766 1350 1851 1392 apud
1865 1350 2055 1383 Marcellum
2078 1351 2151 1382 Do-

1128 1410 1240 1434 natum
1263 1397 1348 1439 (s)
1368 1421 1379 1437 ‚
1413 1400 1445 1430 &
1468 1408 1506 1431 ex
1531 1405 1619 1439 parte
1643 1397 1743 1428 etiam
1770 1393 1867 1428 habes
1891 1395 1925 1426 in
1950 1392 2087 1425 Scholio
2111 1391 2153 1425 ad

1129 1442 1352 1485 Appendicem
1384 1452 1454 1484 quae
1489 1453 1504 1473 a
1539 1440 1666 1473 Boneto
1708 1437 1883 1481 subjicitur
1918 1435 2153 1470 observationi

1129 1489 1228 1521 Xffl.
1253 1485 1348 1528 hujus
1372 1484 1531 1517 Sediionis
1554 1496 1562 1516 ς
1586 1493 1771 1526 quanquam
1796 1492 1925 1516 verruca
1948 1491 2019 1523 quae
2043 1479 2089 1511 ibi
2113 1491 2153 1513 ex

1130 1534 1318 1565 Avenzoare
1341 1536 1612 1562 commemoratur
1635 1549 1647 1566 ‚
1679 1536 1752 1559 cum
1776 1526 1866 1567 pomi
1889 1521 1961 1556 effer
1986 1524 2154 1565 magnitu-

1130 1575 1228 1613 dine3
1254 1584 1319 1606 non
1342 1572 1438 1606 facile
1461 1571 1661 1611 intelligitur
1683 1591 1693 1607 ,
1718 1567 1886 1612 quomodo
1911 1578 1950 1599 ex
1971 1567 2155 1600 ventriculo

1132 1619 1263 1661 egredi,
1287 1620 1319 1650 δε
1344 1627 1398 1659 per
1424 1615 1552 1648 Tenuia
1575 1611 1724 1646 intestina
1749 1611 1825 1654 ejici
1850 1613 1884 1643 in
1900 1608 2008 1644 Craffa
2035 1620 2156 1653 potue-

1133 1666 1199 1701 rit3
1225 1670 1260 1696 ut
1285 1661 1428 1702 proclive
1450 1657 1488 1690 fit
1513 1656 1689 1699 suspicari,
1713 1666 1776 1688 non
1800 1656 1835 1688 in
1857 1654 2041 1687 ventriculo
2068 1680 2076 1693 ,
2101 1654 2159 1689 seclf

1134 1708 1167 1740 in
1193 1717 1226 1738 ea
1250 1713 1339 1748 parte
1362 1703 1439 1736 Coli
1467 1706 1476 1741 (
1503 1709 1516 1734 τ
1538 1705 1551 1740 )
1575 1709 1700 1734 enatam
1722 1711 1794 1741 quae
1819 1698 1992 1732 ventriculi
2015 1696 2153 1732 fundum

1133 1750 1322 1791 contingit,
1348 1746 1522 1790 praesertim
1545 1756 1619 1777 cum
1644 1744 1787 1775 vomitus
1813 1753 1997 1784 nunquam,
2021 1741 2071 1775 sed
2097 1741 2156 1775 de·

1134 1794 1289 1838 jeetiones
1314 1791 1455 1832 semper,
1480 1788 1581 1821 modo
1605 1787 1840 1828 variicoloris,
1863 1785 1962 1819 modo
1973 1784 2155 1829 sanguineae

1135 1850 1169 1872 in
1194 1838 1256 1870 illo
1278 1845 1364 1877 aegro
1389 1842 1624 1866 memorentur.
2065 1854 2067 1857 ,

1179 1893 1192 1914 1
1222 1906 1230 1915 ,
1253 1880 1418 1922 Qoniam
1444 1888 1519 1909 vero
1541 1887 1609 1918 quae
1622 1874 1742 1908 Arabes
1765 1885 1910 1908 verrucas
1924 1875 2157 1916 nominarunt,

1133 1938 1168 1965 ea
1190 1893 1300 1958 sinon
1325 1921 1438 1964 polypi
1462 1919 1688 1952 intestinorum
1713 1941 1722 1956 ‚
1746 1928 1801 1952 aut
1826 1921 1996 1953 ventriculi
2022 1923 2036 1959 (
2059 1919 2163 1962 cujum

1133 1970 1232 2004 ferme
1255 1966 1378 2009 generis
1402 1961 1493 1997 fuisse
1516 1962 1707 1996 crediderim
1730 1962 1850 1996 molem
1869 1963 1960 1996 istam
1984 1974 2157 2003 carneam,

1134 2024 1205 2056 quae
1231 2009 1300 2052 post
1323 2009 1502 2051 complures
1536 2007 1698 2048 sanguinis
1722 2007 1918 2040 vomitiones
1952 2006 2065 2048 rejecsta
2099 2006 2160 2040 de..

1119 2055 1286 2094 *scribitur
1310 2053 1344 2084 in
1378 2049 1566 2101 Appendice
1590 2051 1628 2083 de
1661 2062 1722 2093 qua
1750 2050 1848 2083 modo
1870 2049 2051 2084 indicatum
2074 2050 2118 2084 est
2139 2054 2160 2090 j

1133 2109 1253 2132 carneae
1275 2094 1517 2134 excrescentiae,
1543 2104 1578 2127 nt
1601 2105 1737 2127 verrucae
1761 2095 1860 2126 etiam
1874 2094 1999 2128 Paulini
2025 2092 2081 2128 effe
2094 2106 2162 2137 po·-

1134 2150 1265 2175 ruerunt
1289 2151 1359 2182 quae
1384 2139 1534 2182 pendulas
1568 2148 1606 2171 ex
1630 2139 1734 2171 radice
1768 2147 1914 2171 verrucas
1938 2137 2162 2180 quadantenus*

1134 2187 1362 2220 imitarentur5
1388 2182 1409 2214 ίί
1433 2182 1654 2228 ipsas-quoque
1679 2181 2075 2221 exulcerationicuidam‚
2098 2190 2156 2216 aut

1135 2227 1271 2261 erofioni
1295 2225 1385 2258 suam
1399 2225 1538 2259 debuifle
1562 2226 1724 2266 originem
1736 2224 1813 2258 velis
1826 2248 1836 2264 ‚
1860 2235 1925 2257 non
1939 2226 2126 2268 repugnabo
2143 2242 2157 2258 a

1136 2272 1196 2306 Sed
1230 2270 1339 2313 potius
1370 2279 1537 2311 quaeram,
1573 2267 1699 2301 idemne
1731 2267 1770 2301 de
1802 2267 1996 2310 quibusdam
2019 2271 2091 2304 aliis
2114 2268 2154 2303 fis

1133 2314 1314 2348 crediturus
1334 2338 1341 2353 ‚
1375 2323 1411 2346 ut
1435 2322 1512 2355 puta
1536 2310 1575 2345 de
1606 2311 1661 2343 illa
1684 2323 1748 2344 non
1772 2323 1867 2353 parva
1891 2311 2077 2354 glandulosa
2100 2324 2154 2346 ca-

1133 2359 1265 2393 runcula
1289 2368 1344 2398 per
1365 2356 1543 2398 oblongum
1566 2356 1724 2398 petiolum
1748 2356 1928 2389 ventriculo
1961 2356 2055 2390 affixa
2079 2367 2154 2401 pro-

1134 2414 1172 2446 pe
1196 2401 1348 2434 annulum
1373 2400 1502 2441 pylori,
1526 2411 1622 2441 quam
1646 2398 1792 2442 Epistola
1815 2400 1908 2433 XVI.
1935 2403 1945 2439 (
1970 2411 1990 2433 u
2012 2403 2027 2439 )
2059 2413 2075 2433 a
2100 2412 2151 2434 me

1133 2447 1195 2479 tibi
1219 2445 1412 2485 descriptam
1428 2469 1435 2482 ‚
1461 2444 1581 2483 poteris
1605 2454 1679 2476 cum
1703 2454 1737 2475 ea
1761 2441 1907 2475 conferre
1919 2454 1991 2486 quae
2015 2455 2054 2476 ex
2065 2446 2152 2477 1³1·ae-

1132 2493 1226 2522 votio
1249 2487 1355 2520 nostro
1379 2488 1412 2518 in
1438 2485 1648 2526 Sepulcbreto
1670 2489 1684 2525 (
1707 2496 1729 2519 x
1750 2489 1764 2525 )
1787 2488 1981 2528 proponitur
2015 2487 2053 2520 ad
2076 2499 2149 2521 ean-

1131 2532 1205 2567 dem
1228 2530 1398 2563 ventriculi
1430 2528 1533 2562 sedem
1556 2540 1674 2562 annexa
1698 2540 1752 2571 per
1783 2529 1959 2572 oblongam
1991 2532 2149 2565 membra-

1131 2587 1226 2614 nam,
1252 2585 1390 2616 meaeque
1413 2573 1447 2605 in
1470 2584 1508 2605 eo
1532 2574 1629 2607 etiarn
1654 2571 1791 2613 similes,
1816 2583 1851 2606 ut
1875 2575 1993 2617 opinor
2013 2599 2026 2615 ,
2057 2576 2148 2619 quod

1131 2619 1238 2654 fuisset
1261 2619 1411 2651 innoxia·
1436 2618 1524 2650 Cum
1546 2618 1632 2650 enim
1658 2615 1699 2650 lic
1724 2617 1761 2649 de
1785 2617 1850 2659 ipsa
1875 2617 2059 2660 scribatur,
2093 2619 2148 2654 hoc

1133 2673 1257 2706 corpore
1279 2662 1311 2695 in
1330 2660 1479 2703 pylorum
1503 2660 1680 2700 incidente,
1695 2658 1798 2703 facile
1821 2660 1906 2703 chylz·
1919 2662 2024 2695 exitus
2044 2664 2148 2697 omni-

1129 2716 1170 2741 no
1190 2706 1356 2749 praepediri
1378 2727 1390 2744 ,
1427 2707 1469 2738 &⁴
1493 2704 1584 2736 varia
1600 2704 1818 2747 symptomata
1841 2705 1919 2738 oriri
1939 2704 2110 2749 potuissent
2133 2718 2146 2745 ς,

1132 2762 1199 2784 non
1221 2751 1278 2783 ille
1300 2750 1403 2793 igitur
1427 2746 1620 2790 praepeditus
1645 2747 1737 2781 fuisse
1760 2747 1905 2784 dicitur,
1931 2757 1984 2782 aut
1997 2748 2066 2782 haec
2090 2761 2146 2783 or-

1130 2804 1187 2834 ta,·
1209 2803 1245 2828 ut
1267 2794 1403 2827 minime
1428 2799 1599 2833 appareat,
1622 2802 1680 2824 cur
1705 2792 1733 2822 ei
1759 2790 1989 2825 Observationi
2013 2792 2067 2825 hic
2101 2794 2147 2825 ti-

1132 2839 1220 2872 tulus
1242 2833 1553 2881 praefigaturATabes
1574 2844 1593 2866 a
1610 2833 1760 2877 glandula
1777 2834 1888 2876 pyloro
1910 2836 2024 2868 adnata
2041 2861 2051 2870 .
2075 2836 2145 2869 Mi-

1132 2881 1169 2915 hi
1192 2882 1323 2924 quidem
1355 2876 1533 2913 istiusmodi
1558 2877 1775 2910 excrescentiae
1797 2901 1809 2918 ,
1842 2880 1873 2909 δέ
1897 2890 1967 2920 quae
2001 2891 2039 2912 ex
2072 2889 2145 2913 cute

1131 2925 1267 2969 pendula
1292 2926 1326 2957 in
1349 2921 1538 2966 quibusdam
1561 2919 1761 2962 speftantur,
1787 2931 1820 2953 ac
1844 2921 1928 2954 inter
1950 2933 2055 2956 naevos
2081 2935 2148 2956 rna-

1129 2979 1238 3003 ternos
1262 2967 1440 3001 referuntur
1455 2988 1468 3005 ‚
1490 2964 1650 3006 originem
1674 2963 1824 2999 videntur
1847 2975 1910 2997 non
1934 2965 2025 2999 valde
2050 2966 2147 3001 habe-

1131 3024 1163 3047 re
1186 3012 1365 3047 diffimilern
1385 3033 1398 3050 ‚
1430 3019 1527 3051 neque
1549 3007 1589 3040 ad
1611 3008 1716 3042 ulcera
1740 3009 1951 3051 pertinentem
1967 3034 1974 3040 .
2000 3010 2071 3043 Nec
2095 3021 2143 3045 ta.

1136 3068 1206 3090 men
1231 3054 1431 3100 negaverim,
1456 3050 1541 3093 posse
1563 3050 1675 3092 facile,
1700 3059 1736 3086 ut
1760 3063 1866 3085 naevos
1888 3054 1964 3086 illos
1986 3077 1998 3093 ‚
2029 3054 2067 3087 ab
2090 3055 2144 3090 ad-

1134 3097 1473 3138 venientibusinjuriis
1486 3094 1652 3138 abrumpi,
1677 3097 1910 3129 &exulcerari.
1939 3098 1990 3130 Sic
2015 3097 2145 3139 inuno,

1135 3153 1192 3178 aut
1216 3144 1341 3178 altero,
1366 3144 1398 3173 &
1422 3137 1597 3182 praesertim
1621 3141 1654 3172 in
1679 3141 1754 3173 Sene
1777 3151 1873 3183 quem
1886 3141 1950 3173 tibi
1974 3140 2050 3173 alias
2074 3144 2150 3183 (y)

1134 3190 1219 3222 inter
1241 3198 1294 3220 eos
1317 3183 1489 3218 describam
1513 3185 1571 3225 qui
1593 3195 1631 3217 ex
1662 3183 1731 3217 ietu
1753 3185 1869 3226 capitis
1890 3184 2013 3218 mortui
2036 3184 2108 3217 sunt
2130 3210 2147 3226 ,

1133 3231 1202 3265 vidi
1227 3243 1243 3264 a
1267 3229 1374 3273 pylori
1397 3227 1514 3260 annulo
1538 3227 1671 3269 pendere
1695 3228 1846 3260 laciniam
1860 3227 2017 3269 quandam
2041 3239 2143 3262 mem-

1134 3276 1436 3311 braneonerveam,
1448 3271 1584 3305 laceram
1602 3296 1614 3313 ‚
1637 3281 1673 3306 ut
1686 3270 1838 3314 majorem
1853 3272 1934 3304 olim
1950 3269 2041 3304 fuisse
2053 3294 2065 3311 ,
2077 3283 2154 3306 non-

1136 3319 1297 3353 dubitares
1311 3340 1322 3357 ,
1345 3327 1445 3358 neque
1455 3323 1601 3349 extremo
1624 3315 1727 3348 limbo
1741 3313 1844 3348 adhuc
1867 3315 2002 3348 omnino
2014 3314 2117 3348 sanam
2133 3341 2144 3349 .

1140 3365 1221 3397 Sunt
1241 3363 1336 3394 etiam
1361 3361 1430 3392 aliae
1454 3370 1469 3390 a
1493 3370 1541 3391 me
1562 3362 1595 3392 in
1623 3359 1733 3392 eodem
1755 3358 1874 3391 annulo
1896 3358 2148 3401 animadversae,

1139 3417 1204 3440 non
1228 3405 1395 3449 pendulae,
1419 3401 1470 3436 sed
1494 3402 1601 3437 seffiles
1625 3401 1885 3479 quasleerrucae2
1907 3412 1944 3436 ut
1965 3405 1998 3435 in
2025 3402 2149 3444 Bajulo-

2010 3456 2106 3489 quem

199 3637 206 3667 )
223 3637 345 3667 Sepulchr.
362 3637 378 3662 l.
396 3644 419 3666 3.
436 3637 460 3661 S.
477 3638 501 3661 8.
517 3636 576 3661 Obs.
594 3644 631 3667 ¹4-

189 3672 200 3694 >
217 3668 283 3693 Adde
300 3671 322 3693 ἃ
338 3668 383 3698 seq.
402 3668 476 3693 V111.
494 3668 628 3692 Sestionem
641 3687 647 3692 .

191 3699 205 3727 )
225 3699 312 3723 Gland.
330 3699 413 3723 Duod.
430 3705 452 3722 c.
470 3706 490 3726 9.

190 3730 203 3758 )
223 3729 296 3757 Epist.
312 3730 341 3754 ad
360 3732 415 3754 Put.
434 3731 465 3753 A.
485 3732 551 3756 17²6·
567 3732 589 3754 δι
605 3730 679 3758 Epist.
698 3730 727 3754 ad
744 3732 813 3755 eund.
830 3731 860 3755 de
876 3733 979 3757 Monstr.

495 3762 506 3785 (
523 3769 540 3783 n
555 3761 568 3788 )
584 3761 645 3789 Eph.
664 3763 696 3785 N.
714 3762 741 3786 C.
759 3764 827 3786 Cent.
844 3765 867 3786 8.
883 3764 941 3787 Obs.
959 3771 997 3788 ιο.

527 3792 539 3816 (
553 3799 565 3815 r
582 3794 589 3819 )
606 3791 664 3815 Obs.
684 3800 706 3821 ς.

579 3823 620 3853 (y
635 3823 649 3852 )
665 3822 737 3853 Epist.
756 3826 791 3853 τι.
809 3832 833 3848 η.
851 3825 876 3848 8.

140 3759 150 3788 (
167 3767 189 3783 m
206 3760 219 3788 )
239 3760 298 3784 [bid.
316 3761 373 3784 ebs.
392 3768 429 3790 ις,

142 3792 156 3820 c
172 3799 187 3819 q
204 3792 212 3820 l
229 3791 252 3814 in
268 3791 350 3817 Addit:
367 3791 424 3815 Obs.
442 3794 466 3814 6.

145 3823 184 3851 ί*
201 3825 210 3851 )
230 3824 247 3846 l-
265 3830 288 3847 2.
306 3825 329 3847 S.
346 3831 371 3852 7.
387 3821 445 3846 obs.
465 3822 517 3850 138.

768 3792 837 3822 (s)
854 3795 890 3818 De
905 3795 971 3819 Med.
990 3794 1050 3819 Hist.
1067 3794 1128 3821 Mir.
1145 3797 1162 3820 1.
1179 3802 1203 3824 3.
1220 3803 1243 3820 c.
1261 3804 1285 3825 5.

693 3638 708 3668 (
722 3646 738 3663 a
753 3639 768 3668 )
785 3639 846 3668 Eph-
865 3642 898 3665 N.
915 3642 942 3665 C.
961 3643 1021 3666 Dee.
1038 3649 1059 3671 3.
1080 3641 1111 3665 A.
1132 3648 1156 3670 9.
1173 3642 1238 3666 ΟΜ.
1256 3647 1292 3670 91.
1310 3640 1333 3664 &
1349 3642 1422 3665 Cent.
1439 3648 1459 3665 1.
1477 3642 1499 3665 8:
1517 3647 1539 3662 2.
1558 3639 1620 3665 obs.
1639 3647 1693 3669 ¹5¹·

709 3669 723 3698 (
738 3677 749 3694 c
767 3670 942 3705 [confideraz.
960 3673 1005 3697 int.
1021 3672 1068 3696 alla
1084 3679 1197 3701 generez.
1216 3673 1253 3697 de'
1267 3670 1348 3695 Vermi
1360 3688 1367 3695 .

552 3699 566 3728 ζ
579 3698 596 3728 f
609 3700 622 3728 )
637 3699 737 3724 The-atr.
755 3702 835 3725 viror.
852 3703 917 3726 erud.
934 3700 992 3727 ciar.
1010 3705 1037 3727 P.
1058 3710 1077 3726 1·
1094 3704 1118 3726 S.
1135 3710 1158 3725 2-

1430 3672 1444 3701 (
1458 3672 1474 3695 d
1495 3673 1503 3700 )
1520 3672 1575 3695 Vid.
1597 3672 1648 3694 Ast.
1667 3670 1728 3699 Lips.
1747 3670 1777 3693 A.
1796 3675 1864 3696 1704.
1880 3669 1921 3692 M.
1938 3667 2074 3697 Septemb»,

1218 3703 1262 3734 (g
1278 3702 1292 3730 3
1308 3710 1331 3726 c.
1351 3709 1375 3731 9.
1390 3701 1433 3726 cit.
1494 3703 1538 3731 (h
1553 3702 1566 3730 )
1584 3703 1636 3726 au.
1655 3703 1689 3725 N.
1707 3703 1735 3725 c.
1752 3702 1784 3725 T.
1805 3702 1829 3724 8.
1845 3698 1903 3722 Obs.
1927 3703 1964 3723 16.

1043 3734 1056 3763 (
1073 3732 1089 3756 k
1105 3733 1118 3761 )
1134 3733 1223 3761 Opusc.
1242 3734 1340 3756 Pathol.
1357 3732 1415 3758 obs.
1434 3740 1470 3757 21.
1533 3734 1547 3761 (
1564 3734 1573 3755 l
1589 3734 1598 3761 )
1618 3731 1679 3756 Ibid.
1696 3732 1755 3756 Obs.
1773 3738 1813 3755 22.

1060 3762 1069 3791 <
1085 3772 1098 3787 ο
1115 3763 1124 3793 )
1141 3764 1195 3788 Vid.
1214 3766 1354 3788 Commerc.
1372 3763 1457 3787 Litter.
1478 3765 1506 3787 Α.
1528 3770 1592 3792 173¹—
1609 3766 1676 3791 spec.
1692 3771 1734 3791 44.
1751 3763 1775 3787 in
1793 3761 1835 3786 fin.
1900 3760 1909 3790 (
1926 3767 1942 3789 p
1958 3760 1967 3790 j
1982 3760 2041 3785 Obs.
2059 3769 2082 3789 4.

1345 3796 1360 3825 (
1376 3801 1387 3818 t
1406 3792 1414 3823 )
1434 3794 1489 3818 Vid.
1507 3794 1582 3819 etiarn
1599 3794 1674 3824 Epist.
1690 3801 1727 3824 3¹·
1746 3803 1769 3819 n.
1787 3801 1824 3818 21.
1887 3791 1897 3820 (
1914 3799 1931 3815 u
1947 3793 1957 3822 )
1973 3800 1997 3816 n.
2018 3794 2059 3821 36.
