2498 4075
435 154 524 225 162'

377 259 473 287 men,
493 248 517 283 fi
538 215 666 283 craffibr
699 246 843 282 mucu53
877 242 908 273 δε
941 247 1063 287 magna·
1092 235 1260 286 copia-fit
1280 258 1291 275 ,
1324 234 1375 267 illi

372 295 564 327 minuuntur
586 297 667 330 quos
688 285 803 319 calculi
835 291 943 318 creant
966 281 1149 330 asperitates
1165 303 1173 312 .
1197 279 1286 328 fiinc
1317 276 1375 311 do-

376 336 506 374 lorum,
529 343 565 368 ut
589 333 626 368 de
650 327 840 372 nephriticis
863 336 993 369 quoque
1013 323 1176 374 diximus,
1197 332 1374 355 incremen-

374 389 447 413 tum
480 391 496 412 a
530 373 698 410 diureticis
718 393 728 409 ,
761 370 849 414 quod
881 368 1066 402 Sanstorius
1097 365 1203 414 noster⁴
1222 365 1375 415 praeclaro

374 422 523 464 exemplo
544 416 753 452 confirmavit
779 436 788 452 ‚
822 413 924 447 relato
946 407 1204 460 inSepulchreti
1229 408 1376 451 superio-

375 477 445 500 rem
468 463 647 498 Seffionem
673 458 803 492 XXIII.
826 459 841 495 (
863 454 881 495 l<
902 458 917 495 )
939 455 996 503 iibi
1019 457 1029 492 (
1054 452 1066 485 l
1087 455 1100 492 )
1122 453 1154 484 &
1187 451 1269 501 illud
1304 453 1375 484 Do-

373 509 443 543 nati
472 507 559 550 leges
584 529 592 537 .
627 504 741 544 Itaque
763 501 797 534 in
818 496 975 533 Consiliis
997 494 1155 544 quaelipse
1178 495 1264 536 legi,
1289 494 1368 543 Val-

373 552 458 585 salva
480 552 514 584 in
537 545 764 590 veficaelapide
786 541 1001 577 demulcentia
1024 538 1157 588 quidem
1173 559 1189 587 ἦ
1208 537 1375 570 emollien-

372 595 442 634 tia‚
467 592 615 634 anodyna
641 588 802 632 praebebat
817 608 826 624 ,
851 588 882 619 &
903 586 937 617 in
959 582 1114 631 fomentis
1137 603 1147 618 ‚
1179 580 1340 630 inieffibus
1363 602 1373 618 ,

376 633 710 672 modicisclvsleribus
721 629 893 666 adhibebat
908 652 917 666 ‚
942 625 1134 661 mulieribus
1156 632 1263 674 autem
1276 633 1374 675 etiam

374 685 408 717 in
431 680 519 725 peffis
542 672 565 717 ,’
584 680 614 710 &
635 673 881 721 injefflonibu53
905 669 987 715 sed,
1010 678 1046 702 ut
1070 676 1256 717 nqarcotica‚
1278 678 1376 709 quip.

375 737 415 771 pe
437 725 555 766 exigua
576 718 644 754 dofi
668 717 750 753 nihil
775 715 919 749 adversus
940 711 1098 757 ejusmodi
1129 710 1258 744 dolores
1282 721 1375 759 agen-

375 770 447 810 tia,
477 764 597 808 majori
620 773 697 796 vero
722 758 920 804 periculosa,
944 758 992 789 ita
1016 757 1116 788 etiam
1140 753 1374 803 thermaliuni3

377 821 432 847 aut
474 810 609 843 aliarum
643 813 798 847 aquarum
842 801 1137 844 ingurgitationem
1160 819 1173 837 ‚
1218 797 1258 830 ab
1278 796 1377 846 ‘aliis

377 853 574 899 propositam
597 874 607 890 ,
637 859 711 882 cum
734 846 914 881 Albertino
936 841 1166 884 improbabat,
1202 850 1288 890 muci
1320 840 1377 874 ab-

376 896 559 935 stersionem
582 893 727 928 veritus„
746 888 879 931 Qibus
901 886 941 920 de
964 887 1059 921 rebus
1080 894 1156 918 cum
1179 884 1256 916 alias
1271 908 1281 923 ‚
1305 892 1377 934 tum

403 940 554 975 raesertim
568 935 701 971 memini
724 931 833 966 audire
857 931 968 964 ambos
990 932 1024 963 in
1048 926 1179 962 eandem
1193 927 1379 977 sententiam

377 984 474 1018 verba
502 982 676 1018 facientes,
701 986 776 1013 cum
800 972 971 1019 Praefebius
993 973 1154 1021 Equitum
1178 970 1379 1005 Nucerinam

379 1038 497 1071 aquarn
530 1022 678 1070 quotidie
710 1030 801 1053 mane
824 1026 1009 1061 perpotaret
1033 1040 1041 1048 .
1077 1015 1170 1053 Quin
1194 1013 1305 1047 vesica:
1329 1016 1381 1047 ul-

378 1084 449 1107 cere
493 1076 660 1103 teneretur
684 1086 694 1103 ‚
733 1062 873 1096 dubium
914 1068 981 1095 erat
1021 1060 1143 1093 nemini
1166 1079 1193 1107 ‚⁴
1212 1058 1382 1100 multoque

379 1117 484 1151 minus
516 1110 677 1146 Valsalvae
712 1107 770 1150 qui
805 1115 869 1137 non
893 1102 1013 1147 semper
1048 1099 1252 1136 necessarium
1275 1100 1384 1151 crede-

379 1159 434 1192 bat
450 1181 460 1196 ‚
484 1155 671 1198 sanguinein
692 1153 726 1184 in
751 1149 836 1185 lotio
859 1144 1040 1189 apparuisse
1063 1170 1072 1187 ‚
1107 1153 1142 1178 ut
1177 1147 1326 1193 urinariis
1348 1155 1382 1177 in

379 1201 528 1244 partibus
551 1200 641 1232 ulcus
676 1194 735 1229 esse
758 1215 767 1230 ‚
803 1192 1053 1234 pronunciaret.
1077 1185 1163 1235 Illud
1185 1198 1219 1220 in
1249 1196 1383 1220 contro-

380 1244 478 1280 versia
501 1251 568 1277 erat
590 1264 603 1281 ,
635 1250 673 1272 an
698 1245 814 1279 praeter
840 1234 931 1269 ulcus
954 1231 1065 1267 inesset
1090 1232 1198 1280 vesicae
1222 1230 1382 1280 calc-ulus.

379 1287 480 1329 Qiod
505 1285 559 1319 alii
584 1282 784 1317 affirmabant
816 1277 862 1311 ob
895 1276 1041 1310 dolorem
1073 1284 1131 1317 qui
1161 1284 1228 1316 Jarn
1254 1273 1316 1324 :diu
1349 1285 1383 1306 in

379 1330 544 1366 mifiionis
568 1326 631 1360 fine
662 1320 917 1366 percipiebatur.
943 1319 1002 1353 Sed
1026 1317 1177 1352 assensum
1200 1317 1384 1351 retinebant

378 1376 431 1409 illi
498 1382 564 1407 non
597 1370 728 1411 ignari,
753 1374 790 1399 ut
813 1363 1028 1398 exulceratam
1052 1372 1205 1399 manum,
1230 1360 1270 1412 fic
1296 1361 1386 1410 exul-

379 1402 522 1454 ceraiam
547 1412 682 1449 vesicam
705 1408 856 1444 contrahi
881 1417 947 1444 non
985 1404 1071 1448 posse
1093 1426 1106 1444 ,
1142 1405 1384 1456 copstrrngmfle

378 1462 443 1497 sine
476 1460 591 1496 dolore
615 1480 626 1496 ‚
659 1457 690 1489 &
723 1453 798 1487 hinc
820 1461 950 1494 quoque
971 1449 1056 1489 esse,
1078 1459 1136 1482 cur
1170 1448 1264 1482 sicuti
1288 1458 1384 1481 caete-

381 1516 488 1540 rarum
514 1510 666 1538 cavarum
700 1497 841 1541 partium
864 1504 943 1539 quas
966 1494 1065 1527 modo
1087 1491 1219 1526 dilatari
1239 1514 1251 1531 ,
1277 1492 1383 1541 *nio-do

378 1547 556 1591 constringi
590 1539 707 1578 necesse
730 1540 792 1576 lit,
814 1540 862 1571 ita
884 1539 916 1569 &
940 1536 1050 1571 veficae
1083 1536 1188 1569 ulcera
1221 1533 1383 1569 difficilius

381 1593 482 1628 sanari
512 1595 633 1633 queant
650 1610 657 1619 .
682 1584 753 1618 Nec
777 1591 886 1616 tamen
909 1578 1012 1614 abesse
1047 1580 1227 1618 calculum,
1251 1588 1383 1612 conten-

378 1637 497 1674 debant
521 1659 530 1674 ,
562 1628 711 1674 quamvis
734 1636 817 1668 aegei·
840 1634 894 1657 aut
917 1624 1053 1664 saltans,
1079 1632 1134 1657 aut
1156 1632 1253 1655 curru
1276 1622 1385 1655 veffitus

384 1682 472 1714 illius
496 1676 584 1712 nulla
607 1671 807 1715 experiretur
838 1667 988 1706 indicia»,
1010 1664 1243 1715 neque-donec
1268 1676 1385 1708 aquam

383 1724 532 1759 redderet
553 1744 562 1759 ‚
598 1715 748 1750 acerbum
783 1710 862 1745 adeo
897 1710 952 1743 sub
984 1710 1150 1742 miffionis
1183 1708 1279 1742 finem
1314 1720 1386 1751 per-

379 1769 516 1810 ciperet
533 1761 679 1798 dolorem
703 1779 712 1795 ‚
748 1757 876 1799 qualem
900 1754 958 1787 ubi
981 1754 1111 1786 demum
1144 1761 1302 1802 q‘?³”.¹¹¹.¹³³
1327 1763 1387 1794 po-

381 1798 536 1846 taverat',
568 1799 754 1839 excrevisset
781 1820 792 1837 ,
823 1797 930 1831 rursus
970 1797 1131 1839 percipere
1172 1795 1384 1844 incipiebat..

381 1856 508 1889 Verum
541 1849 600 1886 etfir
621 1853 770 1880 neutrum
794 1841 1019 1879 affirmabant,
1041 1839 1300 1887 aut-negabanu
1319 1849 1386 1888 *mi-

381 1899 416 1933 hi
439 1905 547 1931 tamen
571 1889 767 1926 Albertinus
789 1885 1011 1927 quadantenus
1034 1894 1072 1916 eo
1104 1882 1261 1915 inclinare
1295 1884 1387 1915 vide-

379 1943 499 1980 batur,
521 1947 556 1971 ut
580 1932 739 1969 calculum
763 1928 842 1967 eise,
866 1939 931 1962 non
954 1925 1120 1964 crederet,
1143 1936 1217 1974 curn
1241 1934 1308 1958 tam
1331 1936 1388 1975 5:0-

382 1985 474 2029 pioso
499 1991 587 2025 aquae
612 1987 691 2022 potu
715 1983 827 2007 mucus
851 1984 869 2005 a
894 1971 1020 2016 calculo
1053 1968 1194 2007 auferri,
1218 1968 1389 2002 molestiae-

382 2040 446 2073 que
470 2033 638 2071 propterea
666 2021 700 2053 in
722 2017 789 2050 dies
811 2016 921 2058 augeri
939 2011 1157 2063 ldebuniffent3
1195 2020 1309 2044 contra
1333 2021 1389 2045 au-

382 2083 449 2107 tern
474 2071 551 2104 dum
575 2076 656 2108 aqua
692 2061 840 2095 transiret
864 2083 875 2100 ‚
908 2058 1044 2092 mulceri
1068 2054 1127 2089 hac
1150 2053 1236 2098 posse
1268 2055 1390 2105 ulcus,

384 2119 416 2151 δι
440 2114 565 2148 dolores
589 2134 599 2150 ,
630 2103 834 2148 concipiebat
857 2124 868 2141 ‚
902 2112 1004 2143 neque
1036 2098 1096 2134 hos
1118 2108 1218 2148 'antea
1250 2098 1290 2132 ad
1324 2108 1391 2141 pri-

385 2160 499 2193 ssinam
535 2153 741 2189 acerbitatem
764 2146 892 2185 redire,
914 2155 1012 2187 quam
1035 2152 1127 2176 omni
1158 2141 1261 2184 eJe&a
1284 2152 1391 2183 aqua,

385 2204 478 2237 urina
502 2197 669 2242 pristinam
693 2191 902 2236 acrimoniam
925 2194 1154 2237 recuperaret,
1278 2184 1336 2218 Sed
1353 2196 1392 2218 ne

390 2248 506 2280 talium
532 2242 711 2277 Virorum,
735 2244 792 2269 aut
814 2233 888 2275 ipsis
913 2232 1068 2278 similium
1092 2240 1126 2262 in
1149 2226 1259 2279 veficaej
1281 2229 1392 2278 ‘3¹⁰3'

387 2291 420 2325 lo
459 2283 651 2324 affirmando
676 2306 685 2321 ,
720 2287 774 2313 aut
806 2275 956 2318 negando
997 2273 1158 2307 haesitatio
1190 2272 1255 2318 tibi
1290 2282 1392 2305 nimia

389 2333 476 2368 forte
499 2326 655 2363 ¹videatur
680 2336 689 2362 3
722 2321 772 2356 fac
797 2322 880 2363 legas
902 2330 973 2362 quae
996 2317 1037 2351 de
1058 2316 1180 2350 summa
1204 2325 1273 2358 ejus
1306 2315 1392 2365 reete

387 2372 596 2421 dignoscendi
619 2367 809 2403 difficultate
822 2366 950 2405 egregie
972 2362 1059 2395 inter
1080 2369 1214 2394 caeteros
1236 2358 1396 2409 collegit,

392 2423 423 2455 δι
472 2414 618 2461 erpendit
648 2409 854 2445 Helwichius
885 2408 991 2445 (m)
1051 2413 1216 2452 ‚quantum
1251 2404 1395 2450 aliorum

389 2433 592 2507 quofiundam
616 2463 752 2499 praeceps
774 2450 938 2484 temeritas
961 2446 1168 2498 displicebit3
1197 2454 1323 2479 tantum
1355 2443 1398 2476 il-

392 2509 499 2543 lorum
522 2510 649 2538 cautam
673 2494 876 2539 prudentiam
900 2490 1043 2539 laudabis
1058 2513 1065 2521 .

441 2561 480 2591 17
516 2544 618 2589 Qod
641 2543 719 2575 alias
738 2539 803 2572 huc
824 2534 1027 2569 dissectiones
1050 2543 1115 2565 non
1139 2530 1255 2566 addam
1284 2541 1399 2566 eorum

419 2573 513 2628 uibus
536 2591 600 2623 {ine
633 2593 763 2619 externa
800 2577 890 2613 causa
924 2578 1004 2620 lapis
1034 2574 1193 2625 invefica
1227 2586 1399 2609 concreve-

394 2603 442 2672 sit
509 2633 594 2669 haud
631 2628 694 2663 tibi
718 2626 779 2660 erit
802 2624 923 2657 mirum
946 2622 1004 2663 qui
1036 2619 1114 2653 scias
1136 2640 1147 2656 ,
1182 2621 1357 2654 maximam
1383 2629 1401 2668 ³,

395 2693 446 2716 me
465 2661 555 2712 ’vitae
588 2682 711 2718 partem
743 2670 777 2702 in
814 2667 873 2700 hac
906 2666 1035 2707 regione
1080 2662 1212 2696 duetam
1244 2662 1301 2695 effe
1327 2684 1339 2709 ζ
1371 2672 1400 2694 ei

396 2724 512 2760 morbo
533 2744 545 2761 ‚
578 2727 614 2753 ut
656 2711 804 2758 quaedam
836 2709 927 2746 aliae,
963 2709 997 2741 in
1034 2706 1153 2749 quibus
1191 2706 1401 2747 Scapliusiana

396 2773 411 2809 (
433 2779 451 2800 n
477 2771 487 2806 )
511 2787 521 2803 ‚
556 2764 589 2795 &
610 2752 838 2799 Gottingensis
859 2755 874 2791 (
895 2762 912 2784 o
937 2754 947 2790 )
981 2751 1152 2799 laudan-tur
1176 2771 1189 2788 ,
1218 2760 1318 2799 quam
1343 2760 1402 2798 ‘ra-

398 2811 514 2847 riffiine
537 2805 683 2840 obnoxia
708 2815 717 2834 :
756 2796 846 2841 quod
867 2796 921 2830 hic
946 2794 1003 2828 alii
1034 2803 1119 2826 vinis
1141 2815 1151 2832 ,
1184 2791 1240 2825 alii
1277 2803 1402 2841 aquis)

399 2855 454 2890 alii
478 2849 623 2892 utrisque
645 2845 707 2880 effe
741 2839 972 2878 tribuendum,
994 2835 1145 2887 censent.
1177 2835 1221 2870 Et
1244 2845 1335 2885 certe.
1352 2846 1404 2868 vi-

402 2909 442 2932 na
465 2895 520 2931 hic
542 2901 679 2927 tartarea
702 2897 767 2922 non
791 2884 884 2921 sunt,
907 2894 942 2916 ut
957 2881 1079 2916 Medici
1101 2880 1281 2922 loquuntur
1296 2904 1303 2917 ,
1327 2879 1404 2929 ¹²³⁶?st

401 2936 552 2984 lapidosis
573 2934 685 2969 crustis
705 2929 791 2966 dolia
812 2930 901 2961 intus
922 2937 988 2960 non
1013 2924 1202 2972 obducunt,
1225 2923 1311 2966 quod
1333 2923 1403 2973 alus

426 2980 597 3018 uibusdam
622 2976 702 3010 locis
734 2974 800 3006 vidi
825 2991 836 3008 ‚
866 2971 924 3003 ubi
945 2970 1015 3003 alba
1041 2968 1115 3000 vina
1127 2964 1274 3015 faciunt,
1298 2976 1332 2999 ut
1357 2978 1405 2999 in-

401 2997 453 3062 ?ra
486 3026 631 3067 ligneum
661 3018 786 3053 dolium
818 3013 904 3055 quali
949 3015 1087 3046 alterum
1127 3010 1304 3060 inci-escat-
1325 3009 1403 3053 lapi.

401 3069 501 3106 deum
524 3093 532 3101 .
565 3065 679 3099 Rubra
704 3069 809 3093 autern
833 3057 887 3091 liic
920 3058 993 3090 vina
1018 3056 1088 3088 sunt
1109 3054 1236 3104 quibus·
1258 3062 1403 3087 utimur:

403 3114 512 3157 qualia
534 3112 610 3144 vina
633 3107 817 3140 Brunnerus
851 3104 860 3138 (
885 3111 908 3142 ρ
931 3103 945 3139 )
978 3098 1110 3149 quidem
1133 3096 1252 3132 censuit
1273 3096 1405 3147 ¹sumam

404 3160 449 3193 &
480 3160 575 3196 caput
628 3157 708 3183 ete-re
733 3156 796 3188 prae
818 3143 921 3180 albin
946 3142 1079 3176 viciffim
1114 3150 1219 3174 tamen
1251 3150 1316 3181 cius
1350 3142 1408 3173 so-

407 3211 462 3235 cer
499 3197 585 3238 Wep
601 3203 671 3228 erus
693 3194 708 3231 (
731 3188 782 3232 q)
805 3210 814 3226 ‚
846 3186 937 3228 cujus
967 3187 1118 3219 sententia
1142 3184 1182 3216 ab
1206 3183 1410 3229 Hoffmanno

408 3247 423 3283 (
445 3254 461 3275 r
481 3239 677 3281 >laudatum
700 3231 787 3276 quod
800 3232 886 3264 inter
898 3228 1125 3270 Scaptiusianos
1148 3226 1218 3260 suos
1230 3229 1291 3260 rari
1315 3227 1412 3274 eslent

410 3282 559 3321 calculosi
574 3306 584 3321 ‚
602 3277 789 3322 potzffimum
809 3284 922 3308 eorum
934 3273 1006 3305 vino
1019 3271 1141 3305 tubello
1154 3269 1272 3304 salubri
1294 3271 1413 3303 adscri-

412 3330 527 3364 bebat.
553 3325 646 3364 Qin
669 3322 763 3354 certis
786 3317 977 3359 quibusdam
1003 3316 1082 3347 locis
1105 3314 1200 3347 rubra
1224 3315 1296 3346 vina
1335 3325 1410 3355 pro-

417 3373 546 3407 venire,
569 3379 642 3411 quae
676 3375 741 3398 non
774 3360 872 3395 modo
906 3371 922 3392 a
953 3358 1076 3391 calculo
1108 3357 1230 3390 servent
1250 3379 1258 3395 ‚
1295 3356 1346 3390 sed
1378 3358 1410 3388 &

1001 157 1157 211 Liber
1189 156 1277 209 111.
1311 156 1396 208 De
1427 151 1635 206 Morbis
1670 154 1882 206 Ventris

1426 230 1617 265 inchoatum
1649 231 1775 265 solvant
1798 254 1809 271 ‚
1845 231 1965 276 quippe
1997 229 2095 264 etiam
2127 237 2285 265 tartarum
2313 230 2425 267 dissol-

1424 276 1534 308 ventia
1556 285 1623 316 quo
1648 275 1710 308 alia
1732 277 1805 308 vina
1841 274 2088 309 incrustaverint
2120 273 2265 312 dolium,
2291 273 2318 307 fl
2346 275 2427 312 huit:

1423 317 1576 352 indantur
1590 340 1602 357 ‚
1625 329 1663 351 ex
1686 319 1901 354 Commercio
1924 317 2086 360 intelliges
2119 317 2300 352 Litterario
2321 318 2423 361 (s).

1554 362 1653 394 Porro
1688 362 1776 403 qaod
1799 362 1836 396 ad
1861 371 1956 404 aquas
1979 363 2098 395 attinet
2120 374 2131 398 ς
2163 359 2340 396 fluminum
2362 360 2425 396 hu-

1424 403 1509 447 jusce
1533 405 1674 445 regionis
1698 416 1779 447 aqua
1795 429 1805 445 ,
1824 405 1919 449 cujus
1952 416 2027 438 curn
2061 414 2151 446 parte
2185 405 2389 452 aut-aequali
2413 428 2424 444 ,

1425 457 1480 480 aut
1505 447 1692 489 aliquanto]
1717 449 1786 480 imo
1812 473 1821 488 ‚
1851 458 1887 482 ut
1909 446 2045 490 saepius,
2068 448 2173 481 multo
2196 446 2314 489 majori
2344 460 2424 483 con-

1425 491 1526 524 servet
1549 490 1709 527 mustum,
1732 493 1761 523 8(
1786 490 1827 525 fic
1862 494 1936 525 vina
1960 500 2112 533 parantur
2144 492 2262 539 quibus
2297 489 2351 527 hic
2374 491 2425 527 fe-

1427 545 1459 567 re
1482 545 1594 568 omnes
1625 543 1762 568 utuntur
1786 557 1796 573 ,
1831 537 1935 569 minus
1968 543 2062 568 terrae
2085 556 2098 573 ,
2130 543 2165 567 ut
2199 543 2288 576 ajunt
2310 558 2323 576 ‚
2355 535 2425 569 for-

1427 577 1504 611 tasse
1537 578 1686 611 continet
1713 603 1723 618 ‚
1756 586 1811 611 aut
1845 581 1951 612 minus
1984 577 2107 611 idonee
2142 588 2182 611 ex
2210 589 2276 621 qua
2305 578 2423 613 calculi

1426 622 1599 663 gignantur
1616 645 1624 652 .
1649 622 1700 654 Sic
1725 618 1832 654 aute'm
1854 622 1970 665 loquor
1991 631 2158 664 propterea
2180 622 2257 664 quia
2280 622 2318 656 de
2342 634 2425 656 uno-

1426 675 1556 707 quoque
1589 663 1692 698 fluvio
1739 663 1831 706 plura
1863 668 1895 698 δι
1926 667 2011 697 varia
2047 664 2207 699 attendere
2233 691 2242 706 ‚
2276 668 2308 699 &
2344 669 2424 700 ‘exa-

1429 708 1552 740 minare
1584 716 1675 741 antea
1698 705 1815 741 necesse
1847 709 1892 741 eli:
1913 730 1924 747 ,
1956 719 2052 750 quam
2087 719 2146 751 pro
2176 709 2426 752 certoraliquid

1428 752 1684 793 pronuntietur.-
1707 762 1892 793 quanquam
1916 750 1994 784 solet
2019 751 2207 795 plerumque
2231 754 2338 786 minus
2360 762 2426 788 ter-

1428 805 1469 827 rae
1494 794 1528 826 in
1552 792 1744 828 fluvialibus
1768 798 1857 838 aquis
1870 795 2029 828 contineri
2042 806 2138 837 quam
2161 797 2195 829 in
2219 796 2425 838 putealibus,

1427 837 1510 871 unde
1542 840 1585 871 est
1615 838 1701 880 quod
1733 837 1824 880 plura
1856 840 1891 872 in
1923 839 2106 872 domesticis
2139 839 2246 873 ufibus
2279 839 2426 882 praestare

1425 880 1496 914 illas
1520 881 1681 915 videamus
1704 891 1775 922 quae
1798 880 1849 915 ha:
1882 892 1946 915 non
1972 879 2121 923 possunt,
2146 892 2200 917 aut
2224 893 2289 917 non
2312 894 2426 927 aeque,

1431 934 1468 957 ut
1490 934 1569 967 puta
1592 925 1625 956 in
1649 923 1763 967 sapone
1795 924 1995 959 dissolvendo
2019 949 2029 964 ‚
2057 927 2089 958 δι
2123 926 2340 968 leguminibus
2370 940 2427 963 co-

1430 967 1566 1010 quendis
1589 981 1598 1005 ;
1634 969 1665 1000 &
1687 966 1776 1010 quod
1809 968 1848 1001 ad
1884 968 2103 1002 salubritatem
2136 970 2276 1012 spefiht,
2296 973 2369 1013 quis
2391 972 2427 1006 in

1431 1011 1616 1045 universum
1648 1022 1745 1053 aquas
1778 1020 1870 1054 putet
1901 1023 1973 1056 quae
2007 1011 2046 1044 ad
2076 1011 2252 1047 bibendum
2289 1015 2330 1048 ab
2353 1016 2428 1050 Deo

1431 1054 1503 1096 ipso
1539 1056 1623 1097 Opt.
1650 1055 1739 1087 Max.
1776 1056 1897 1089 oblatae
1932 1057 1966 1088 in
2000 1054 2148 1092 fontibus
2169 1078 2181 1095 ,
2202 1058 2430 1101 *amnibusque

1433 1097 1507 1132 sunt
1530 1119 1540 1135 ‚
1572 1098 1636 1132 illis
1659 1096 1717 1130 esse
1751 1098 1940 1147 salubriores
1972 1108 2050 1141 quas
2083 1100 2225 1141 primum
2248 1100 2395 1135 homines
2420 1127 2428 1142 ‚

1432 1143 1561 1184 longius
1595 1153 1611 1175 a
1633 1137 1745 1175 fluviis
1769 1166 1778 1181 ,
1810 1145 1841 1175 δι
1862 1141 2011 1175 fontibus
2033 1142 2207 1177 incolentes
2222 1170 2230 1183 ‚
2253 1144 2432 1179 neceffitate

1434 1184 1564 1219 adducti
1587 1198 1600 1221 ·,
1637 1185 1696 1217 libi
1725 1184 1838 1219 effoffis
1874 1187 1978 1227 puteis
2010 1186 2239 1227 paraverunt?
2273 1187 2373 1225 Quod
2407 1188 2431 1221 fi

1436 1229 1591 1263 sententia
1623 1239 1752 1270 quoque
1787 1230 1943 1262 Virorum
1978 1229 2244 1265 Doffiffimorum
2279 1231 2433 1266 audienda

1435 1270 1510 1310 est3
1543 1271 1616 1305 vide
1660 1272 1739 1314 quid
1773 1270 1811 1305 de
1844 1274 2146 1316 puteorumsaquis
2191 1274 2308 1308 sentiat
2341 1275 2434 1308 Mea-

1435 1316 1508 1349 dius
1531 1322 1541 1357 (
1564 1322 1579 1348 t
1596 1314 1636 1355 )‚
1659 1314 1740 1357 quid
1776 1315 1983 1392 Platnerusf}
2001 1314 2077 1357 u).·
2100 1328 2211 1353 eorum
2243 1317 2314 1352 sane
2348 1316 2436 1360 judi-

1435 1361 1491 1393 cio
1510 1381 1522 1399 ,
1553 1358 1726 1400 multiplici
1760 1360 1885 1393 ratione
1917 1358 1949 1392 su
1979 1359 2049 1392 ulto
2073 1382 2082 1398 ‚
2118 1357 2211 1394 facile
2233 1371 2400 1405 permotus
2415 1385 2436 1402 ,,

1436 1403 1579 1446 puteales
1612 1401 1799 1437 fluvialibus
1821 1426 1831 1443 ,
1873 1402 2019 1435 universe
2051 1403 2215 1445 loquendo
2237 1428 2247 1444 ‚
2281 1415 2348 1439 nou
2373 1404 2436 1439 du-

1435 1445 1558 1481 bitabis
1596 1445 1692 1487 longe
1725 1445 1916 1490 postponere
1940 1470 1948 1479 .
1982 1447 2034 1479 De
2077 1445 2214 1489 fingulis
2258 1457 2366 1482 autem
2408 1448 2432 1482 fi

1434 1490 1531 1524 verba
1562 1488 1673 1527 fiant3
1707 1490 1748 1522 est
1792 1491 1848 1523 ubi
1890 1500 1979 1523 certo
2010 1487 2145 1523 flumini
2178 1492 2341 1534 optimum
2373 1502 2437 1534 pu·

1435 1543 1525 1567 teum
1548 1554 1557 1571 ,
1592 1543 1657 1566 non
1690 1533 1788 1566 modo
1819 1534 1906 1567 aliud
1929 1532 2052 1567 flumen
2075 1557 2085 1574 ,
2117 1543 2311 1577 anteponas.
2335 1535 2437 1569 Nosti

1436 1578 1554 1613 enims
1591 1585 1627 1610 ut
1659 1585 1770 1609 caetera
1803 1585 2051 1619 praetereamu53
2084 1587 2250 1612 certorum
2292 1577 2437 1614 fontium

1435 1632 1473 1654 ex
1496 1620 1614 1662 quibus
1645 1619 1783 1662 denique
1807 1620 1899 1653 fluvii
1923 1621 2075 1653 oriuntur
2098 1644 2108 1660 ,
2141 1633 2237 1663 aquas
2268 1622 2329 1657 effe
2362 1633 2436 1665 quae

1435 1664 1549 1698 dusius
1591 1662 1662 1696 suos
1708 1664 1778 1696 aliae
1810 1662 1993 1697 craffiffimis
2015 1685 2028 1702 ,
2054 1661 2290 1708 durissimisque
2314 1690 2323 1705 ‚
2366 1666 2438 1700 aliae

1437 1707 1588 1740 tenuibus
1610 1729 1623 1746 ‚
1656 1706 1924 1748 mollioribusque
1946 1706 2074 1739 laminis
2108 1711 2216 1742 terreis
2239 1709 2438 1749 incrustent.

1437 1751 1520 1791 Qae
1554 1748 1608 1782 hic
1652 1749 1822 1791 attigimus
1849 1774 1859 1789 ‚
1902 1758 1939 1783 ut
1982 1750 2086 1782 errori
2137 1762 2320 1786 occurreres
2363 1763 2439 1786 cum

1438 1794 1536 1834 vulgo
1563 1791 1815 1826 existimantium
1836 1814 1847 1832 ,
1883 1802 1993 1826 omnes
2018 1803 2033 1824 a
2056 1793 2158 1834 vino,
2182 1803 2235 1828 aut
2259 1796 2327 1828 vini
2350 1795 2441 1829 simi-

1439 1837 1523 1870 libus
1546 1835 1736 1878 potionibus
1766 1834 1827 1868 esse
1849 1836 1988 1869 calculos
2010 1857 2018 1872 ‚
2057 1835 2144 1878 quasi
2177 1838 2210 1870 in
2235 1849 2321 1880 aqua.
2338 1840 2439 1872 etiarn

1438 1879 1554 1914 horum
1588 1879 1720 1912 materia
1764 1889 1828 1911 non
1866 1878 1940 1913 esset
1963 1901 1973 1917 ,
2008 1889 2064 1912 nec
2094 1881 2151 1922 qui
2183 1891 2347 1924 nunquam
2389 1884 2442 1915 vi-

1439 1934 1517 1956 num
1543 1920 1702 1964 potassent
1727 1946 1736 1961 ,
1770 1921 1912 1955 calculos
1938 1921 2136 1963 genuissent.
2159 1925 2260 1958 Certe
2288 1934 2346 1968 per
2375 1925 2442 1958 dies

1438 1966 1512 1999 vim
1528 1966 1592 2008 fisce
1613 1963 1682 2004 solo
1714 1972 1796 2006 ciquze
1813 1972 1893 2006 potu
1914 1964 1986 2007 usus
2001 1963 2115 2006 fuerat
2145 1967 2171 2000 is
2204 1969 2261 2010 qui
2291 1968 2442 2011 proxima

1440 2009 1589 2043 Sestione
1613 2008 1744 2041 XXIII.
1771 2008 1787 2050 (
1807 2018 1827 2041 x
1850 2011 1861 2046 )
1887 2008 2088 2050 Sepulchreti
2112 2020 2308 2044 memoratur
2331 2021 2342 2049 3
2366 2010 2442 2053 ejus

1441 2062 1549 2085 tamen
1581 2049 1681 2093 ‘vefica
1702 2050 1822 2092 lapides
1846 2050 2000 2084 continuit
2032 2061 2082 2094 32.
2107 2052 2166 2087 Sed
2201 2053 2280 2096 quid
2316 2055 2350 2087 in
2383 2054 2444 2088 ho—

1444 2095 1585 2128 minibus
1617 2092 1683 2135 ejus
1715 2095 1761 2126 rei
1808 2094 1950 2135 exempla
1977 2094 2162 2136 'quaerimus
2186 2117 2196 2134 ‚
2228 2095 2319 2140 eujus
2340 2119 2350 2135 ‚
2385 2109 2443 2132 nec

1442 2149 1511 2172 rara
1535 2159 1545 2175 ‚
1578 2137 1677 2171 obvia
1708 2135 1780 2170 sunt
1811 2139 1844 2170 in
1876 2138 1916 2169 i'is
1938 2148 2010 2180 quae
2034 2148 2200 2182 nunquam
2219 2149 2370 2175 ¹utuntur
2393 2143 2446 2175 vi-

1443 2193 1486 2215 no
1509 2206 1518 2222 ,
1556 2180 1773 2214 animantibus
1797 2204 1805 2211 .
1840 2180 1891 2213 Ut
1932 2182 2017 2214 enim
2057 2181 2251 2223 speciosiora
2291 2186 2446 2218 omittam

1444 2233 1499 2258 aut
1522 2224 1566 2258 ob
1590 2223 1736 2266 pondus,
1760 2233 1797 2257 ut
1819 2224 1972 2258 bilibrem
1991 2224 2091 2258 ferme
2114 2225 2252 2269 lapidem
2286 2239 2381 2270 quem
2406 2240 2447 2262 ex

1444 2279 1534 2310 equae
1566 2267 1667 2301 vesica
1700 2269 1877 2309 Lemeryus
1920 2268 2032 2301 attulit
2075 2269 2113 2303 ad
2154 2270 2297 2313 Regiam
2339 2272 2448 2305 Scien-

1447 2313 1568 2345 tiamm
1606 2310 1815 2344 Academiam
1839 2311 2041 2345 parisiensem
2066 2316 2076 2352 (
2102 2324 2119 2351 γ
2142 2315 2153 2352 )
2177 2335 2186 2351 ,
2213 2322 2268 2347 aut
2291 2315 2336 2349 ob
2357 2315 2449 2349 colo-

1447 2366 1513 2388 rem
1537 2376 1547 2392 ,
1578 2363 1614 2387 ut
1637 2355 1756 2396 septem
1777 2354 1895 2387 oetove
1927 2366 2007 2397 quos
2039 2367 2077 2389 ex
2101 2360 2232 2390 vaccina
2265 2357 2365 2392 vefica
2387 2359 2450 2392 rni-

1448 2399 1483 2433 hi
1506 2397 1585 2431 olim
1609 2395 1759 2431 Valsalva
1791 2397 1928 2431 ostendit
1961 2400 2111 2441 parvulos
2134 2422 2145 2439 ‚
2182 2400 2357 2443 pilularum
2379 2400 2450 2435 for-

1448 2453 1500 2475 ma
1525 2462 1535 2478 ‚
1567 2439 1734 2482 superficie
1767 2440 1985 2475 minutissimis
2006 2442 2094 2484 quasi
2129 2444 2270 2487 granulis
2302 2445 2450 2487 subaspe-

1447 2496 1482 2518 ra
1505 2504 1515 2521 ‚
1548 2494 1636 2517 aeneo
1676 2494 1785 2517 autem
1814 2485 1924 2517 colore
1947 2506 1957 2522 ‚
1991 2494 2027 2519 ut
2061 2497 2121 2528 pro
2160 2487 2329 2521 metallicis
2362 2489 2450 2531 quis.

1448 2538 1512 2570 que
1542 2525 1672 2562 haberet
1695 2528 1752 2569 qui
1775 2526 1835 2560 esse
1866 2528 1973 2564 leves,
1997 2527 2154 2568 nesciret,
2176 2530 2451 2573 quemadmodum

1450 2582 1511 2613 pro
1543 2572 1645 2603 aureis
1677 2568 1775 2611 longe
1806 2570 1911 2611 plures
1941 2571 2016 2604 illos
2046 2584 2129 2614 quos
2150 2575 2238 2608 intus
2261 2595 2270 2611 ,
2305 2584 2360 2608 aut
2394 2586 2450 2608 ex-

1452 2624 1501 2648 tra
1536 2623 1630 2647 aureo
1661 2614 1773 2647 colore
1803 2613 1963 2651 infestos,
1987 2623 2039 2647 aut
2072 2616 2267 2658 splendentes
2300 2619 2332 2650 &
2367 2620 2452 2652 ruti-

1453 2659 1501 2692 los
1523 2680 1537 2697 ‚
1566 2667 1677 2690 omnes
1709 2665 1816 2690 autem
1849 2668 1963 2698 parvos
1985 2658 2039 2690 alii
2062 2661 2076 2698 <
2099 2670 2123 2702 z
2144 2663 2158 2699 )
2180 2661 2214 2694 in
2238 2661 2369 2695 bubulis
2394 2673 2452 2704 pa.

1453 2702 1531 2736 riter
1562 2700 1670 2735 vesicis
1698 2701 1926 2746 *invenerunt3
1960 2702 2121 2744 utigitur
2156 2701 2214 2737 hos
2236 2727 2244 2742 ‚
2277 2707 2309 2738 &
2342 2704 2452 2740 suillos

1453 2745 1506 2786 (a
1529 2746 1541 2783 )
1567 2768 1575 2785 ‚
1620 2744 1761 2786 aliosque
1794 2744 1949 2777 omittam
1973 2765 1983 2782 ‚
2011 2747 2043 2778 &
2077 2747 2110 2779 in
2146 2748 2280 2781 canibus
2321 2746 2453 2782 dumta-

1453 2797 1511 2821 xat
1542 2797 1792 2821 commemorem
1815 2807 1825 2824 ,
1857 2790 1889 2820 &
1921 2789 2062 2828 primum
2087 2802 2103 2822 a
2127 2801 2177 2824 me
2199 2791 2309 2831 visos,
2333 2793 2367 2826 in
2389 2803 2453 2826 una

1453 2842 1552 2873 quam
1575 2830 1809 2874 peradolescens
1831 2832 2067 2865 exercitationis
2089 2834 2180 2868 causa
2203 2833 2362 2874 dissecui‚
2386 2841 2454 2869 non

1455 2875 1554 2908 modo
1595 2874 1733 2907 calculos
1775 2873 1969 2915 deprehendi
2017 2876 2051 2908 in
2087 2888 2160 2912 rene
2194 2888 2369 2921 utroqu‘e3
2401 2878 2454 2914 sed

1454 2917 1572 2953 horum
1604 2917 1769 2950 dexterum
1795 2928 1833 2949 ne
1855 2919 1984 2951 tertiam
2007 2919 2139 2960 quidem
2166 2931 2290 2964 partem
2311 2924 2454 2957 retinen-

1455 2972 1519 2995 tem
1542 2961 1721 2994 substantiae
1753 2960 1835 3005 (οξ,
1856 2972 1930 2994 cum
1961 2963 2043 2996 inter
2078 2965 2219 2998 calculos
2251 2965 2322 2999 alba
2355 2977 2471 3008 puru-·

1457 3005 1541 3039 lenta
1581 3005 1715 3038 materia
1757 3004 1828 3036 esset
1853 3028 1861 3037 .
1894 3006 1933 3037 ln
1978 3007 2075 3039 altera
2106 3017 2212 3042 autem
2246 3020 2341 3052 quam
2372 3011 2455 3044 olim

1458 3048 1599 3083 vetulam
1630 3048 1920 3089 experimentorum
1953 3050 2042 3082 causa
2067 3050 2192 3085 Patavii
2223 3052 2355 3091 incidi,
2390 3054 2457 3088 cal-

1459 3093 1568 3127 culum
1592 3094 1675 3125 intra
1700 3092 1835 3124 alterum
1857 3101 1962 3124 renem
1991 3092 2112 3129 offendi
2145 3095 2316 3137 abnormi,
2338 3098 2368 3130 &
2402 3099 2457 3131 de-

1460 3135 1560 3179 pressa
1583 3136 1709 3176 figura,
1731 3133 1871 3170 durum,
1904 3145 1968 3168 non
2002 3148 2139 3179 parvum
2161 3163 2171 3173 .
2208 3141 2318 3183 Atque
2350 3149 2384 3173 ut
2418 3139 2457 3173 acl

1462 3179 1593 3212 vesicam
1618 3178 1761 3215 redeam3
1785 3179 1882 3210 tertia
1914 3179 2003 3212 canis
2027 3182 2146 3223 (sorte
2177 3183 2264 3215 enim
2301 3183 2421 3217 accidit
2445 3203 2456 3220 ‚

1462 3231 1497 3256 ut
1519 3223 1663 3265 quinque
1687 3220 1735 3254 ha:
1757 3219 1863 3254 bestiae
1887 3245 1895 3261 ,
1928 3233 2064 3265 quarum
2089 3224 2277 3267 singillatim
2300 3226 2430 3270 quidem
2445 3249 2455 3263 ,

1462 3265 1601 3299 calculos
1648 3265 1858 3302 memoravi,
1893 3264 2039 3299 foeminei
2072 3268 2169 3302 essent
2216 3269 2305 3303 sexus
2337 3273 2347 3308 )
2377 3271 2456 3302 duos

1463 3311 1495 3342 in
1521 3307 1724 3351 gangraenosa
1749 3307 1850 3341 vesica
1874 3307 1988 3342 habuit
2011 3311 2131 3352 lapides
2156 3312 2331 3354 majorem,
2353 3313 2457 3344 &mi-

1462 3363 1574 3386 norem
1591 3378 1599 3392 ‚
1623 3352 1710 3384 ovali
1736 3361 1911 3393 utrumque
1935 3352 2039 3394 figura
2063 3377 2073 3392 ,
2109 3355 2156 3389 sed
2179 3356 2270 3402 valde
2301 3359 2454 3401 utrinque

2291 3399 2416 3441 depres-

415 3496 2455 3520 fflfflmww

474 3576 484 3607 ί
502 3577 519 3603 k
533 3576 548 3606 )
563 3574 623 3602 Obs.
638 3583 661 3603 4.
680 3574 703 3604 §.
722 3580 757 3597 ιι.
821 3572 836 3600 ζ
849 3568 887 3597 l)
906 3567 959 3593 ibid
987 3568 1011 3598 §.
1028 3576 1053 3593 a.
1113 3566 1122 3598 (
1140 3575 1163 3591 m
1179 3567 1193 3596 )
1210 3566 1265 3591 Ast.
1281 3568 1322 3599 N.
1332 3567 1360 3590 C.
1376 3567 1452 3591 Tom.
1469 3574 1491 3590 a.
1507 3566 1566 3590 Obs.
1582 3570 1622 3600 ⁶9·
1685 3566 1726 3594 (n
1743 3567 1757 3596 )
1774 3566 1834 3604 vida
1845 3567 1908 3601 Eph.
1924 3570 1957 3610 N.
1975 3569 2003 3592 C.
2022 3570 2071 3592 Dec
2098 3576 2120 3594 ι.
2139 3571 2168 3592 A.
2188 3576 2198 3591 2
2229 3567 2283 3592 Obs.
2304 3575 2339 3597 37.

477 3608 491 3635 (
507 3618 519 3632 ο
536 3624 545 3634 ,-
564 3609 622 3632 Via.
640 3607 722 3629 Hanc-r
738 3601 825 3632 opusc.
849 3600 943 3624 Panhor.
960 3599 1018 3622 Obs.
1039 3606 1074 3627 33.
1136 3600 1149 3627 (
1163 3605 1179 3626 p
1195 3597 1208 3626 )
1226 3598 1284 3626 Eph.
1302 3602 1344 3620 cit.
1363 3599 1433 3621 Ceot,
1453 3605 1473 3626 9.
1490 3597 1548 3621 Obs.
1566 3605 1587 3626 3.
1605 3605 1629 3620 in
1646 3599 1705 3621 Not.
1768 3597 1776 3626 <
1794 3607 1808 3627 q
1824 3605 1837 3626 )
1855 3598 1913 3622 ΟΜ.
1932 3607 1961 3627 19
1989 3601 2060 3626 paulo
2077 3605 2131 3623 autc
2151 3617 2157 3622 .
2175 3611 2178 3620 ⁴
2202 3638 2205 3640 μ
2230 3630 2248 3640 μ’
2343 3636 2347 3638 λ

474 3639 488 3667 k
505 3647 517 3663 r
534 3639 545 3666 2
562 3637 651 3661 rvfflefic.
673 3637 770 3658 Karion.
786 3634 859 3656 Tom.
875 3638 901 3658 4.
919 3632 943 3653 Ρ.
963 3637 984 3652 2.
1003 3631 1026 3653 S.
1041 3637 1067 3662 .²·
1085 3635 1105 3652 c.
1125 3635 1158 3653 ιι.
1179 3627 1200 3657 §.
1219 3636 1256 3651 ιο.
1319 3629 1333 3655 (
1345 3627 1364 3655 s
1376 3627 1390 3656 )
1408 3631 1438 3651 A.
1458 3627 1672 3657 1735.Hebd.6.n.
1691 3637 1714 3662 3.⁴
1730 3628 1752 3651 ἃ
1769 3628 1846 3652 Hebri.
1866 3637 1935 3656 i7.n.
1952 3633 2006 3657 ,μῦς
2026 3632 2087 3653 Praet
2100 3637 2108 3653 t
2134 3638 2202 3663 ¹⁹3¹*
2226 3632 2251 3652 m
2264 3636 2334 3656 μάξω

479 3671 489 3686 θ
505 3677 512 3690 ι
532 3669 545 3695 )
564 3667 648 3696 expos.
666 3666 779 3690 Mechau.
799 3665 888 3686 venen.
906 3662 981 3685 ‘lenz
999 3665 1022 3684 ό,
1040 3667 1064 3683 in
1081 3659 1124 3683 fin.
1187 3660 1201 3687 ζ
1215 3666 1230 3681 u
1248 3660 1255 3688 )
1274 3660 1355 3695 progr.
1372 3666 1421 3687 quo
1438 3666 1525 3687 aquam
1549 3659 1610 3695 son-t.
1630 3658 1786 3682 salubriorem
1805 3663 1826 3682 ά
1842 3666 1893 3682 caet.
1957 3668 1997 3701 er
2015 3672 2023 3684 Ι
2040 3661 2086 3696 Qbi
2114 3668 2128 3685 η,
2158 3662 2170 3689 3
2203 3670 2215 3701 ιἸ

418 3729 447 3753 M
532 3698 658 3751 ufai
685 3695 833 3754 ieie.
1102 3688 1181 3743 {0¹3st-
1202 3690 1286 3748 Nsr.
1304 3690 1376 3743 {aa
1390 3690 1411 3743 {-
1429 3688 1524 3748 ets-‚e
1541 3689 1563 3748 32
1580 3689 1899 3748 {222⁵
1965 3698 2025 3743 1,ss-
2044 3692 2059 3749 ;
2078 3708 2081 3712 -
2118 3693 2136 3711 ³
2236 3702 2243 3712 ·

451 3736 710 3752 ῧὶῡιι,νε.-
798 3734 948 3748 ..um
1028 3737 1086 3744 ·.
1153 3736 1158 3743 ·
1221 3741 1227 3748 ¹
1408 3735 1604 3743 ..·-·
1718 3737 1819 3743 ...
1901 3737 1907 3742 .
2058 3737 2066 3744 .
