<?xml version="1.0" encoding="UTF-8"?>
<!DOCTYPE html PUBLIC "-//W3C//DTD XHTML 1.0 Transitional//EN"
    "http://www.w3.org/TR/xhtml1/DTD/xhtml1-transitional.dtd">
<html xmlns="http://www.w3.org/1999/xhtml" xml:lang="en" lang="en">
 <head>
  <title>
</title>
<meta http-equiv="Content-Type" content="text/html;charset=utf-8" />
  <meta name='ocr-system' content='tesseract 3.04.00' />
  <meta name='ocr-capabilities' content='ocr_page ocr_carea ocr_par ocr_line ocrx_word'/>
</head>
<body>
  <div class='ocr_page' id='page_1' title='image "./desedibusetcausi00morg_0252.png"; bbox 0 0 2498 4075; ppageno 0'>
   <div class='ocr_carea' id='block_1_1' title="bbox 393 126 486 193">
    <p class='ocr_par' dir='ltr' id='par_1_1' title="bbox 393 126 486 193">
     <span class='ocr_line' id='line_1_1' title="bbox 393 126 486 193; baseline 0.075 -7"><span class='ocrx_word' id='word_1_1' title='bbox 393 126 486 193; x_wconf 64' lang='lat'>1:54</span> 
     </span>
    </p>
   </div>
   <div class='ocr_carea' id='block_1_2' title="bbox 915 107 1859 179">
    <p class='ocr_par' dir='ltr' id='par_1_2' title="bbox 915 107 1859 179">
     <span class='ocr_line' id='line_1_2' title="bbox 915 107 1859 179; baseline -0.002 -4"><span class='ocrx_word' id='word_1_2' title='bbox 915 122 1074 175; x_wconf 86' lang='lat' dir='ltr'>Liber</span> <span class='ocrx_word' id='word_1_3' title='bbox 1108 120 1174 173; x_wconf 80' lang='grc' dir='ltr'>ΙΙ,</span> <span class='ocrx_word' id='word_1_4' title='bbox 1211 120 1296 175; x_wconf 88' lang='lat' dir='ltr'>De</span> <span class='ocrx_word' id='word_1_5' title='bbox 1332 117 1536 179; x_wconf 81' lang='lat' dir='ltr'>Morbis</span> <span class='ocrx_word' id='word_1_6' title='bbox 1570 107 1859 175; x_wconf 83' lang='lat' dir='ltr'>Thoracis.</span> 
     </span>
    </p>
   </div>
   <div class='ocr_carea' id='block_1_3' title="bbox 327 193 2394 242">
    <p class='ocr_par' dir='ltr' id='par_1_3' title="bbox 327 193 2394 242">
     <span class='ocr_line' id='line_1_3' title="bbox 327 193 2394 242; baseline -0.002 -9"><span class='ocrx_word' id='word_1_7' title='bbox 327 211 386 242; x_wconf 59' lang='lat' dir='ltr'>iper</span> <span class='ocrx_word' id='word_1_8' title='bbox 412 200 583 241; x_wconf 78' lang='lat' dir='ltr'>intestina,</span> <span class='ocrx_word' id='word_1_9' title='bbox 607 202 640 234; x_wconf 87' lang='lat'>&amp;</span> <span class='ocrx_word' id='word_1_10' title='bbox 671 198 895 234; x_wconf 87' lang='lat' dir='ltr'>mesenterium</span> <span class='ocrx_word' id='word_1_11' title='bbox 926 199 1040 236; x_wconf 77' lang='lat' dir='ltr'>nulli3</span> <span class='ocrx_word' id='word_1_12' title='bbox 1074 209 1130 240; x_wconf 85' lang='lat' dir='ltr'>per</span> <span class='ocrx_word' id='word_1_13' title='bbox 1162 199 1340 241; x_wconf 82' lang='lat' dir='ltr'>Emulge&#39;n-</span> <span class='ocrx_word' id='word_1_14' title='bbox 1387 197 1610 231; x_wconf 77' lang='lat' dir='ltr'>Caeterumde</span> <span class='ocrx_word' id='word_1_15' title='bbox 1634 195 1724 240; x_wconf 87' lang='lat' dir='ltr'>pulsu</span> <span class='ocrx_word' id='word_1_16' title='bbox 1756 195 1845 240; x_wconf 88' lang='lat' dir='ltr'>quod</span> <span class='ocrx_word' id='word_1_17' title='bbox 1876 193 2044 229; x_wconf 81' lang='lat' dir='ltr'>vehemens</span> <span class='ocrx_word' id='word_1_18' title='bbox 2064 217 2076 235; x_wconf 88' lang='lat'>,</span> <span class='ocrx_word' id='word_1_19' title='bbox 2109 203 2147 229; x_wconf 91' lang='lat' dir='ltr'>ut</span> <span class='ocrx_word' id='word_1_20' title='bbox 2180 195 2215 231; x_wconf 84' lang='lat' dir='ltr'>in</span> <span class='ocrx_word' id='word_1_21' title='bbox 2248 196 2357 239; x_wconf 84' lang='lat' dir='ltr'>priore</span> <span class='ocrx_word' id='word_1_22' title='bbox 2379 220 2394 237; x_wconf 87' lang='lat'>,</span> 
     </span>
    </p>
   </div>
   <div class='ocr_carea' id='block_1_4' title="bbox 305 241 1338 3596">
    <p class='ocr_par' dir='ltr' id='par_1_4' title="bbox 312 241 1338 980">
     <span class='ocr_line' id='line_1_4' title="bbox 321 241 1338 286; baseline -0.003 -8"><span class='ocrx_word' id='word_1_23' title='bbox 321 245 369 280; x_wconf 72' lang='lat' dir='ltr'>tia</span> <span class='ocrx_word' id='word_1_24' title='bbox 392 245 464 279; x_wconf 87' lang='lat' dir='ltr'>vasa</span> <span class='ocrx_word' id='word_1_25' title='bbox 488 245 663 281; x_wconf 86' lang='lat' dir='ltr'>nonnulli3</span> <span class='ocrx_word' id='word_1_26' title='bbox 687 255 742 286; x_wconf 90' lang='lat' dir='ltr'>per</span> <span class='ocrx_word' id='word_1_27' title='bbox 765 255 897 286; x_wconf 78' lang='lat' dir='ltr'>magnos</span> <span class='ocrx_word' id='word_1_28' title='bbox 922 251 1028 277; x_wconf 86' lang='lat' dir='ltr'>autem</span> <span class='ocrx_word' id='word_1_29' title='bbox 1062 241 1207 276; x_wconf 77' lang='lat' dir='ltr'>vasorum</span> <span class='ocrx_word' id='word_1_30' title='bbox 1248 252 1338 275; x_wconf 89' lang='lat' dir='ltr'>trun-</span> 
     </span>
     <span class='ocr_line' id='line_1_5' title="bbox 319 285 1338 332; baseline -0.003 -11"><span class='ocrx_word' id='word_1_31' title='bbox 319 298 377 321; x_wconf 80' lang='lat' dir='ltr'>cos</span> <span class='ocrx_word' id='word_1_32' title='bbox 402 287 439 321; x_wconf 89' lang='lat' dir='ltr'>ad</span> <span class='ocrx_word' id='word_1_33' title='bbox 464 290 628 331; x_wconf 77' lang='lat' dir='ltr'>regionem</span> <span class='ocrx_word' id='word_1_34' title='bbox 652 287 840 321; x_wconf 88' lang='lat' dir='ltr'>lumborum</span> <span class='ocrx_word' id='word_1_35' title='bbox 865 286 984 323; x_wconf 87' lang='lat' dir='ltr'>multi,</span> <span class='ocrx_word' id='word_1_36' title='bbox 1020 287 1052 317; x_wconf 90' lang='lat'>&amp;</span> <span class='ocrx_word' id='word_1_37' title='bbox 1086 285 1338 332; x_wconf 30' lang='lat' dir='ltr'>turgidi&lt;appa-</span> 
     </span>
     <span class='ocr_line' id='line_1_6' title="bbox 322 328 1337 369; baseline -0.003 -4"><span class='ocrx_word' id='word_1_38' title='bbox 322 341 478 369; x_wconf 75' lang='lat' dir='ltr'>ruerunt.</span> <span class='ocrx_word' id='word_1_39' title='bbox 616 334 654 365; x_wconf 87' lang='lat' dir='ltr'>In</span> <span class='ocrx_word' id='word_1_40' title='bbox 676 330 827 365; x_wconf 75' lang='lat' dir='ltr'>Thorace</span> <span class='ocrx_word' id='word_1_41' title='bbox 851 328 968 366; x_wconf 79' lang='lat' dir='ltr'>setosus</span> <span class='ocrx_word' id='word_1_42' title='bbox 994 328 1131 367; x_wconf 88' lang='lat' dir='ltr'>humor,</span> <span class='ocrx_word' id='word_1_43' title='bbox 1156 330 1190 361; x_wconf 87' lang='lat' dir='ltr'>in</span> <span class='ocrx_word' id='word_1_44' title='bbox 1213 328 1337 362; x_wconf 84' lang='lat' dir='ltr'>sinistro</span> 
     </span>
     <span class='ocr_line' id='line_1_7' title="bbox 320 372 1336 418; baseline -0.002 -11"><span class='ocrx_word' id='word_1_45' title='bbox 320 374 498 416; x_wconf 81' lang='lat' dir='ltr'>praesertim</span> <span class='ocrx_word' id='word_1_46' title='bbox 520 385 599 408; x_wconf 90' lang='lat' dir='ltr'>cavo</span> <span class='ocrx_word' id='word_1_47' title='bbox 613 398 623 413; x_wconf 92' lang='lat'>‚</span> <span class='ocrx_word' id='word_1_48' title='bbox 645 374 734 418; x_wconf 88' lang='lat' dir='ltr'>quod</span> <span class='ocrx_word' id='word_1_49' title='bbox 758 372 1050 414; x_wconf 82' lang='lat' dir='ltr'>torumimplebat.</span> <span class='ocrx_word' id='word_1_50' title='bbox 1067 373 1336 412; x_wconf 82' lang='lat' dir='ltr'>Pulmones‚at1·0</span> 
     </span>
     <span class='ocr_line' id='line_1_8' title="bbox 317 415 1332 459; baseline -0.001 -9"><span class='ocrx_word' id='word_1_51' title='bbox 317 416 432 450; x_wconf 62' lang='lat' dir='ltr'>infecti</span> <span class='ocrx_word' id='word_1_52' title='bbox 456 418 588 458; x_wconf 87' lang='lat' dir='ltr'>colore,</span> <span class='ocrx_word' id='word_1_53' title='bbox 616 421 646 451; x_wconf 86' lang='lat'><strong>&amp;</strong></span> <span class='ocrx_word' id='word_1_54' title='bbox 674 416 908 459; x_wconf 79' lang='lat' dir='ltr'>nigricantibus</span> <span class='ocrx_word' id='word_1_55' title='bbox 932 415 1051 457; x_wconf 81' lang='lat' dir='ltr'>ubique</span> <span class='ocrx_word' id='word_1_56' title='bbox 1074 417 1206 451; x_wconf 82' lang='lat' dir='ltr'>maculis</span> <span class='ocrx_word' id='word_1_57' title='bbox 1220 415 1332 449; x_wconf 82' lang='lat' dir='ltr'>distin—</span> 
     </span>
     <span class='ocr_line' id='line_1_9' title="bbox 319 459 1330 504; baseline -0.005 -8"><span class='ocrx_word' id='word_1_58' title='bbox 319 462 385 498; x_wconf 70' lang='grc' dir='ltr'>ἃί,</span> <span class='ocrx_word' id='word_1_59' title='bbox 410 463 591 495; x_wconf 74' lang='lat' dir='ltr'>naturalem</span> <span class='ocrx_word' id='word_1_60' title='bbox 615 471 721 504; x_wconf 71' lang='lat' dir='ltr'>tamen</span> <span class='ocrx_word' id='word_1_61' title='bbox 745 459 908 493; x_wconf 81' lang='lat' dir='ltr'>servabant</span> <span class='ocrx_word' id='word_1_62' title='bbox 931 459 1126 494; x_wconf 86' lang='lat' dir='ltr'>mollitiem.</span> <span class='ocrx_word' id='word_1_63' title='bbox 1159 462 1229 493; x_wconf 92' lang='lat' dir='ltr'>Cor</span> <span class='ocrx_word' id='word_1_64' title='bbox 1262 470 1330 492; x_wconf 88' lang='lat' dir='ltr'>ma-</span> 
     </span>
     <span class='ocr_line' id='line_1_10' title="bbox 316 501 1332 547; baseline -0.002 -11"><span class='ocrx_word' id='word_1_65' title='bbox 316 515 417 545; x_wconf 76' lang='lat' dir='ltr'>gnum</span> <span class='ocrx_word' id='word_1_66' title='bbox 442 514 555 547; x_wconf 78' lang='lat' dir='ltr'>praeter</span> <span class='ocrx_word' id='word_1_67' title='bbox 579 504 731 542; x_wconf 84' lang='lat' dir='ltr'>modum3</span> <span class='ocrx_word' id='word_1_68' title='bbox 756 503 883 536; x_wconf 84' lang='lat' dir='ltr'>dextera</span> <span class='ocrx_word' id='word_1_69' title='bbox 909 511 1013 536; x_wconf 90' lang='lat' dir='ltr'>autem</span> <span class='ocrx_word' id='word_1_70' title='bbox 1028 502 1168 536; x_wconf 86' lang='lat' dir='ltr'>auricula</span> <span class='ocrx_word' id='word_1_71' title='bbox 1179 501 1332 535; x_wconf 80' lang='lat' dir='ltr'>dimidia-</span> 
     </span>
     <span class='ocr_line' id='line_1_11' title="bbox 319 545 1331 590; baseline -0.002 -10"><span class='ocrx_word' id='word_1_72' title='bbox 319 556 390 584; x_wconf 81' lang='lat' dir='ltr'>tum</span> <span class='ocrx_word' id='word_1_73' title='bbox 412 559 469 582; x_wconf 87' lang='lat' dir='ltr'>cor</span> <span class='ocrx_word' id='word_1_74' title='bbox 492 549 636 590; x_wconf 66' lang='lat' dir='ltr'>aequabat</span> <span class='ocrx_word' id='word_1_75' title='bbox 653 572 660 579; x_wconf 92' lang='lat'>.</span> <span class='ocrx_word' id='word_1_76' title='bbox 688 547 762 590; x_wconf 79' lang='lat' dir='ltr'>Qa</span> <span class='ocrx_word' id='word_1_77' title='bbox 785 546 969 583; x_wconf 82' lang='lat' dir='ltr'>vulnerata,</span> <span class='ocrx_word' id='word_1_78' title='bbox 995 545 1114 580; x_wconf 84' lang='lat' dir='ltr'>fluidus</span> <span class='ocrx_word' id='word_1_79' title='bbox 1150 556 1213 578; x_wconf 91' lang='lat' dir='ltr'>non</span> <span class='ocrx_word' id='word_1_80' title='bbox 1247 545 1331 579; x_wconf 90' lang='lat' dir='ltr'>secus</span> 
     </span>
     <span class='ocr_line' id='line_1_12' title="bbox 323 588 1332 633; baseline 0 -10"><span class='ocrx_word' id='word_1_81' title='bbox 323 601 419 633; x_wconf 84' lang='lat' dir='ltr'>atque</span> <span class='ocrx_word' id='word_1_82' title='bbox 444 603 481 624; x_wconf 87' lang='lat' dir='ltr'>ex</span> <span class='ocrx_word' id='word_1_83' title='bbox 505 594 654 631; x_wconf 86' lang='lat' dir='ltr'>vivente,</span> <span class='ocrx_word' id='word_1_84' title='bbox 678 588 803 632; x_wconf 80' lang='lat' dir='ltr'>sanguis</span> <span class='ocrx_word' id='word_1_85' title='bbox 828 591 956 632; x_wconf 80' lang='lat' dir='ltr'>erupit.</span> <span class='ocrx_word' id='word_1_86' title='bbox 982 590 1138 627; x_wconf 64' lang='lat' dir='ltr'>Magnam</span> <span class='ocrx_word' id='word_1_87' title='bbox 1162 597 1266 623; x_wconf 89' lang='lat' dir='ltr'>tamen</span> <span class='ocrx_word' id='word_1_88' title='bbox 1278 601 1332 623; x_wconf 86' lang='lat' dir='ltr'>au-</span> 
     </span>
     <span class='ocr_line' id='line_1_13' title="bbox 320 632 1331 677; baseline -0.002 -10"><span class='ocrx_word' id='word_1_89' title='bbox 320 635 429 667; x_wconf 74' lang='lat' dir='ltr'>riculae</span> <span class='ocrx_word' id='word_1_90' title='bbox 455 645 577 677; x_wconf 88' lang='lat' dir='ltr'>partem</span> <span class='ocrx_word' id='word_1_91' title='bbox 602 634 712 668; x_wconf 87' lang='lat' dir='ltr'>mollis</span> <span class='ocrx_word' id='word_1_92' title='bbox 736 632 891 675; x_wconf 75' lang='lat' dir='ltr'>polyposa</span> <span class='ocrx_word' id='word_1_93' title='bbox 916 633 1094 674; x_wconf 80' lang='lat' dir='ltr'>occupabat</span> <span class='ocrx_word' id='word_1_94' title='bbox 1129 634 1297 666; x_wconf 80' lang='lat' dir='ltr'>concretio</span> <span class='ocrx_word' id='word_1_95' title='bbox 1317 656 1331 673; x_wconf 90' lang='lat'>,</span> 
     </span>
     <span class='ocr_line' id='line_1_14' title="bbox 316 675 1330 720; baseline -0.002 -9"><span class='ocrx_word' id='word_1_96' title='bbox 316 688 388 720; x_wconf 71' lang='lat' dir='ltr'>quse</span> <span class='ocrx_word' id='word_1_97' title='bbox 413 689 452 710; x_wconf 84' lang='lat' dir='ltr'>ex</span> <span class='ocrx_word' id='word_1_98' title='bbox 476 680 628 720; x_wconf 73' lang='lat' dir='ltr'>proximo</span> <span class='ocrx_word' id='word_1_99' title='bbox 651 675 832 710; x_wconf 88' lang='lat' dir='ltr'>ventriculo</span> <span class='ocrx_word' id='word_1_100' title='bbox 858 675 1114 718; x_wconf 77' lang='lat' dir='ltr'>producebatur,</span> <span class='ocrx_word' id='word_1_101' title='bbox 1136 678 1169 708; x_wconf 88' lang='lat' dir='ltr'>in</span> <span class='ocrx_word' id='word_1_102' title='bbox 1193 687 1259 718; x_wconf 86' lang='lat' dir='ltr'>quo</span> <span class='ocrx_word' id='word_1_103' title='bbox 1280 685 1330 709; x_wconf 90' lang='lat' dir='ltr'>et-</span> 
     </span>
     <span class='ocr_line' id='line_1_15' title="bbox 314 717 1330 762; baseline -0.004 -7"><span class='ocrx_word' id='word_1_104' title='bbox 314 721 381 755; x_wconf 76' lang='lat' dir='ltr'>iam</span> <span class='ocrx_word' id='word_1_105' title='bbox 404 731 468 754; x_wconf 88' lang='lat' dir='ltr'>erat</span> <span class='ocrx_word' id='word_1_106' title='bbox 492 722 634 755; x_wconf 83' lang='lat' dir='ltr'>concreti</span> <span class='ocrx_word' id='word_1_107' title='bbox 659 720 819 762; x_wconf 78' lang='lat' dir='ltr'>sanguinis</span> <span class='ocrx_word' id='word_1_108' title='bbox 844 719 976 761; x_wconf 90' lang='lat' dir='ltr'>portio.</span> <span class='ocrx_word' id='word_1_109' title='bbox 1005 717 1176 761; x_wconf 77' lang='lat' dir='ltr'>Ejusmodi</span> <span class='ocrx_word' id='word_1_110' title='bbox 1198 730 1330 752; x_wconf 84' lang='lat' dir='ltr'>concre-</span> 
     </span>
     <span class='ocr_line' id='line_1_16' title="bbox 314 760 1331 805; baseline -0.003 -7"><span class='ocrx_word' id='word_1_111' title='bbox 314 773 410 805; x_wconf 86' lang='lat' dir='ltr'>tum,</span> <span class='ocrx_word' id='word_1_112' title='bbox 432 764 482 797; x_wconf 85' lang='lat' dir='ltr'>sed</span> <span class='ocrx_word' id='word_1_113' title='bbox 505 766 603 798; x_wconf 87' lang='lat' dir='ltr'>levius</span> <span class='ocrx_word' id='word_1_114' title='bbox 617 789 624 801; x_wconf 80' lang='grc'><strong>,</strong></span> <span class='ocrx_word' id='word_1_115' title='bbox 649 764 828 804; x_wconf 80' lang='lat' dir='ltr'>sanguinem</span> <span class='ocrx_word' id='word_1_116' title='bbox 851 760 1038 794; x_wconf 84' lang='lat' dir='ltr'>continebat</span> <span class='ocrx_word' id='word_1_117' title='bbox 1061 760 1180 795; x_wconf 81' lang='lat' dir='ltr'>sinister</span> <span class='ocrx_word' id='word_1_118' title='bbox 1210 764 1331 795; x_wconf 88' lang='lat' dir='ltr'>ventri-</span> 
     </span>
     <span class='ocr_line' id='line_1_17' title="bbox 312 804 1331 848; baseline -0.002 -7"><span class='ocrx_word' id='word_1_119' title='bbox 312 808 422 841; x_wconf 78' lang='lat' dir='ltr'>culus.</span> <span class='ocrx_word' id='word_1_120' title='bbox 450 808 578 840; x_wconf 86' lang='lat' dir='ltr'>Arteria</span> <span class='ocrx_word' id='word_1_121' title='bbox 607 808 726 848; x_wconf 78' lang='lat' dir='ltr'>Magna</span> <span class='ocrx_word' id='word_1_122' title='bbox 757 817 819 848; x_wconf 86' lang='lat' dir='ltr'>qua</span> <span class='ocrx_word' id='word_1_123' title='bbox 853 804 1022 838; x_wconf 88' lang='lat' dir='ltr'>secundum</span> <span class='ocrx_word' id='word_1_124' title='bbox 1056 805 1214 840; x_wconf 80' lang='lat' dir='ltr'>vertebras</span> <span class='ocrx_word' id='word_1_125' title='bbox 1246 805 1331 839; x_wconf 85' lang='lat' dir='ltr'>dorsi</span> 
     </span>
     <span class='ocr_line' id='line_1_18' title="bbox 312 847 1332 893; baseline -0.005 -9"><span class='ocrx_word' id='word_1_126' title='bbox 312 849 520 885; x_wconf 79' lang='lat' dir='ltr'>descendebat</span> <span class='ocrx_word' id='word_1_127' title='bbox 536 875 545 890; x_wconf 87' lang='lat'>,</span> <span class='ocrx_word' id='word_1_128' title='bbox 568 850 605 883; x_wconf 84' lang='lat' dir='ltr'>ad</span> <span class='ocrx_word' id='word_1_129' title='bbox 628 849 765 882; x_wconf 89' lang='lat' dir='ltr'>duorum</span> <span class='ocrx_word' id='word_1_130' title='bbox 789 848 920 880; x_wconf 81' lang='lat' dir='ltr'>circiter</span> <span class='ocrx_word' id='word_1_131' title='bbox 942 847 1193 883; x_wconf 87' lang='lat' dir='ltr'>transversorum</span> <span class='ocrx_word' id='word_1_132' title='bbox 1206 849 1332 893; x_wconf 79' lang='lat' dir='ltr'>digito..</span> 
     </span>
     <span class='ocr_line' id='line_1_19' title="bbox 312 891 1331 936; baseline -0.003 -9"><span class='ocrx_word' id='word_1_133' title='bbox 312 906 384 931; x_wconf 80' lang='lat' dir='ltr'>rum</span> <span class='ocrx_word' id='word_1_134' title='bbox 409 893 580 927; x_wconf 86' lang='lat' dir='ltr'>secundum</span> <span class='ocrx_word' id='word_1_135' title='bbox 606 893 675 936; x_wconf 75' lang='lat' dir='ltr'>ejus</span> <span class='ocrx_word' id='word_1_136' title='bbox 699 891 937 935; x_wconf 79' lang='lat' dir='ltr'>longitudinem</span> <span class='ocrx_word' id='word_1_137' title='bbox 961 893 1124 934; x_wconf 70' lang='lat' dir='ltr'>tractum,</span> <span class='ocrx_word' id='word_1_138' title='bbox 1148 904 1164 926; x_wconf 86' lang='lat' dir='ltr'>a</span> <span class='ocrx_word' id='word_1_139' title='bbox 1187 892 1239 928; x_wconf 88' lang='lat' dir='ltr'>sua</span> <span class='ocrx_word' id='word_1_140' title='bbox 1262 893 1331 929; x_wconf 81' lang='lat' dir='ltr'>sede</span> 
     </span>
     <span class='ocr_line' id='line_1_20' title="bbox 313 936 757 980; baseline 0.005 -10"><span class='ocrx_word' id='word_1_141' title='bbox 313 936 474 980; x_wconf 56' lang='lat' dir='ltr'>disjuncta</span> <span class='ocrx_word' id='word_1_142' title='bbox 499 947 565 971; x_wconf 84' lang='lat' dir='ltr'>erat</span> <span class='ocrx_word' id='word_1_143' title='bbox 583 961 592 972; x_wconf 55' lang='grc' dir='ltr'><strong>ρ</strong></span> <span class='ocrx_word' id='word_1_144' title='bbox 754 937 757 938; x_wconf 50' lang='grc'>’</span> 
     </span>
    </p>

    <p class='ocr_par' dir='ltr' id='par_1_5' title="bbox 311 978 1334 1154">
     <span class='ocr_line' id='line_1_21' title="bbox 355 978 1333 1024; baseline 0 -11"><span class='ocrx_word' id='word_1_145' title='bbox 355 993 386 1024; x_wconf 90' lang='lat'>7.</span> <span class='ocrx_word' id='word_1_146' title='bbox 412 982 493 1014; x_wconf 67' lang='lat' dir='ltr'>Haec</span> <span class='ocrx_word' id='word_1_147' title='bbox 515 979 695 1024; x_wconf 66' lang='lat' dir='ltr'>disjunctio</span> <span class='ocrx_word' id='word_1_148' title='bbox 718 990 755 1014; x_wconf 87' lang='lat' dir='ltr'>an</span> <span class='ocrx_word' id='word_1_149' title='bbox 781 978 856 1013; x_wconf 77' lang='lat' dir='ltr'>esset</span> <span class='ocrx_word' id='word_1_150' title='bbox 882 980 920 1013; x_wconf 86' lang='lat' dir='ltr'>ab</span> <span class='ocrx_word' id='word_1_151' title='bbox 942 987 1039 1021; x_wconf 85' lang='lat' dir='ltr'>ortu,</span> <span class='ocrx_word' id='word_1_152' title='bbox 1063 990 1099 1012; x_wconf 90' lang='lat' dir='ltr'>an</span> <span class='ocrx_word' id='word_1_153' title='bbox 1128 1003 1142 1021; x_wconf 91' lang='lat'>,</span> <span class='ocrx_word' id='word_1_154' title='bbox 1165 991 1238 1014; x_wconf 88' lang='lat' dir='ltr'>cum</span> <span class='ocrx_word' id='word_1_155' title='bbox 1261 990 1333 1013; x_wconf 88' lang='lat' dir='ltr'>tan-</span> 
     </span>
     <span class='ocr_line' id='line_1_22' title="bbox 313 1023 1334 1064; baseline 0 -7"><span class='ocrx_word' id='word_1_156' title='bbox 313 1025 486 1059; x_wconf 90' lang='lat' dir='ltr'>tummodo</span> <span class='ocrx_word' id='word_1_157' title='bbox 510 1026 615 1058; x_wconf 88' lang='lat' dir='ltr'>minus</span> <span class='ocrx_word' id='word_1_158' title='bbox 637 1024 684 1059; x_wconf 88' lang='lat' dir='ltr'>ibi</span> <span class='ocrx_word' id='word_1_159' title='bbox 708 1024 793 1057; x_wconf 67' lang='lat' dir='ltr'>areta</span> <span class='ocrx_word' id='word_1_160' title='bbox 816 1023 889 1058; x_wconf 73' lang='lat' dir='ltr'>ess&#39;et</span> <span class='ocrx_word' id='word_1_161' title='bbox 912 1025 1094 1064; x_wconf 78' lang='lat' dir='ltr'>connexio,</span> <span class='ocrx_word' id='word_1_162' title='bbox 1117 1024 1282 1057; x_wconf 83' lang='lat' dir='ltr'>accedente</span> <span class='ocrx_word' id='word_1_163' title='bbox 1294 1023 1334 1057; x_wconf 84' lang='lat' dir='ltr'>ad</span> 
     </span>
     <span class='ocr_line' id='line_1_23' title="bbox 311 1066 1332 1111; baseline -0.001 -10"><span class='ocrx_word' id='word_1_164' title='bbox 311 1071 455 1107; x_wconf 78' lang='lat' dir='ltr'>nativam</span> <span class='ocrx_word' id='word_1_165' title='bbox 478 1067 560 1103; x_wconf 86' lang='lat' dir='ltr'>hanc</span> <span class='ocrx_word' id='word_1_166' title='bbox 584 1066 829 1111; x_wconf 67' lang='lat' dir='ltr'>dispositionem</span> <span class='ocrx_word' id='word_1_167' title='bbox 853 1066 959 1110; x_wconf 87' lang='lat' dir='ltr'>pulsus</span> <span class='ocrx_word' id='word_1_168' title='bbox 984 1066 1184 1100; x_wconf 80' lang='lat' dir='ltr'>vehementia</span> <span class='ocrx_word' id='word_1_169' title='bbox 1201 1091 1212 1107; x_wconf 89' lang='lat'>,</span> <span class='ocrx_word' id='word_1_170' title='bbox 1236 1069 1268 1101; x_wconf 70' lang='grc' dir='ltr'>ὃ(</span> <span class='ocrx_word' id='word_1_171' title='bbox 1283 1069 1332 1100; x_wconf 87' lang='lat' dir='ltr'>vi-</span> 
     </span>
     <span class='ocr_line' id='line_1_24' title="bbox 313 1110 1329 1154; baseline -0.005 -8"><span class='ocrx_word' id='word_1_172' title='bbox 313 1113 463 1150; x_wconf 83' lang='lat' dir='ltr'>bratione</span> <span class='ocrx_word' id='word_1_173' title='bbox 488 1114 619 1145; x_wconf 84' lang='lat' dir='ltr'>Arteria</span> <span class='ocrx_word' id='word_1_174' title='bbox 643 1110 802 1154; x_wconf 67' lang='lat' dir='ltr'>disjun&amp;a</span> <span class='ocrx_word' id='word_1_175' title='bbox 825 1110 889 1151; x_wconf 84' lang='lat' dir='ltr'>fit,</span> <span class='ocrx_word' id='word_1_176' title='bbox 912 1121 976 1143; x_wconf 91' lang='lat' dir='ltr'>non</span> <span class='ocrx_word' id='word_1_177' title='bbox 1001 1110 1096 1144; x_wconf 82' lang='lat' dir='ltr'>facile</span> <span class='ocrx_word' id='word_1_178' title='bbox 1128 1110 1220 1144; x_wconf 59' lang='lat' dir='ltr'>dictu</span> <span class='ocrx_word' id='word_1_179' title='bbox 1254 1110 1297 1144; x_wconf 86' lang='lat' dir='ltr'>est</span> <span class='ocrx_word' id='word_1_180' title='bbox 1321 1135 1329 1141; x_wconf 96' lang='lat'>.</span> 
     </span>
    </p>

    <p class='ocr_par' dir='ltr' id='par_1_6' title="bbox 307 1152 1330 1898">
     <span class='ocr_line' id='line_1_25' title="bbox 448 1152 1330 1196; baseline -0.002 -7"><span class='ocrx_word' id='word_1_181' title='bbox 448 1155 507 1189; x_wconf 86' lang='lat' dir='ltr'>Sed</span> <span class='ocrx_word' id='word_1_182' title='bbox 533 1156 686 1189; x_wconf 87' lang='lat' dir='ltr'>dilatatio</span> <span class='ocrx_word' id='word_1_183' title='bbox 708 1154 838 1195; x_wconf 85' lang='lat' dir='ltr'>cordis,</span> <span class='ocrx_word' id='word_1_184' title='bbox 862 1158 893 1188; x_wconf 60' lang='grc' dir='ltr'>ὃ(</span> <span class='ocrx_word' id='word_1_185' title='bbox 920 1154 1072 1187; x_wconf 81' lang='lat' dir='ltr'>auriculae</span> <span class='ocrx_word' id='word_1_186' title='bbox 1095 1152 1234 1188; x_wconf 79' lang='lat' dir='ltr'>dexterae</span> <span class='ocrx_word' id='word_1_187' title='bbox 1266 1152 1330 1196; x_wconf 77' lang='lat' dir='ltr'>hy-</span> 
     </span>
     <span class='ocr_line' id='line_1_26' title="bbox 309 1196 1330 1241; baseline 0 -9"><span class='ocrx_word' id='word_1_188' title='bbox 309 1200 448 1240; x_wconf 81' lang='lat' dir='ltr'>dropem</span> <span class='ocrx_word' id='word_1_189' title='bbox 472 1199 636 1235; x_wconf 83' lang='lat' dir='ltr'>thoracis,</span> <span class='ocrx_word' id='word_1_190' title='bbox 661 1209 699 1231; x_wconf 89' lang='lat' dir='ltr'>an</span> <span class='ocrx_word' id='word_1_191' title='bbox 725 1197 777 1233; x_wconf 92' lang='lat' dir='ltr'>hic</span> <span class='ocrx_word' id='word_1_192' title='bbox 803 1198 897 1233; x_wconf 89' lang='lat' dir='ltr'>illam</span> <span class='ocrx_word' id='word_1_193' title='bbox 910 1196 1124 1241; x_wconf 76' lang='lat' dir='ltr'>praecefferit,</span> <span class='ocrx_word' id='word_1_194' title='bbox 1148 1208 1330 1241; x_wconf 83' lang='lat' dir='ltr'>quanquam</span> 
     </span>
     <span class='ocr_line' id='line_1_27' title="bbox 310 1239 1329 1284; baseline -0.003 -7"><span class='ocrx_word' id='word_1_195' title='bbox 310 1243 446 1277; x_wconf 80' lang='lat' dir='ltr'>dubium</span> <span class='ocrx_word' id='word_1_196' title='bbox 470 1241 526 1276; x_wconf 81' lang='lat' dir='ltr'>esse</span> <span class='ocrx_word' id='word_1_197' title='bbox 551 1242 677 1284; x_wconf 80' lang='lat' dir='ltr'>potest3</span> <span class='ocrx_word' id='word_1_198' title='bbox 703 1241 785 1276; x_wconf 88' lang='lat' dir='ltr'>mihi</span> <span class='ocrx_word' id='word_1_199' title='bbox 811 1251 914 1275; x_wconf 88' lang='lat' dir='ltr'>tamen</span> <span class='ocrx_word' id='word_1_200' title='bbox 926 1242 992 1275; x_wconf 90' lang='lat' dir='ltr'>veri</span> <span class='ocrx_word' id='word_1_201' title='bbox 1016 1239 1153 1275; x_wconf 80' lang='lat' dir='ltr'>similius</span> <span class='ocrx_word' id='word_1_202' title='bbox 1177 1240 1237 1281; x_wconf 79' lang='lat' dir='ltr'>fit,</span> <span class='ocrx_word' id='word_1_203' title='bbox 1257 1253 1329 1274; x_wconf 93' lang='lat' dir='ltr'>cor-</span> 
     </span>
     <span class='ocr_line' id='line_1_28' title="bbox 310 1283 1329 1328; baseline 0 -10"><span class='ocrx_word' id='word_1_204' title='bbox 310 1287 360 1325; x_wconf 73' lang='lat' dir='ltr'>dis</span> <span class='ocrx_word' id='word_1_205' title='bbox 383 1287 466 1319; x_wconf 84' lang='lat' dir='ltr'>vitia</span> <span class='ocrx_word' id='word_1_206' title='bbox 489 1285 581 1323; x_wconf 80' lang='lat' dir='ltr'>fuisse</span> <span class='ocrx_word' id='word_1_207' title='bbox 606 1287 713 1328; x_wconf 82' lang='lat' dir='ltr'>priora</span> <span class='ocrx_word' id='word_1_208' title='bbox 730 1309 743 1325; x_wconf 84' lang='lat'>,</span> <span class='ocrx_word' id='word_1_209' title='bbox 765 1283 827 1318; x_wconf 86' lang='lat' dir='ltr'>sive</span> <span class='ocrx_word' id='word_1_210' title='bbox 851 1286 906 1327; x_wconf 87' lang='lat' dir='ltr'>qui</span> <span class='ocrx_word' id='word_1_211' title='bbox 931 1285 1029 1327; x_wconf 88' lang='lat' dir='ltr'>primi</span> <span class='ocrx_word' id='word_1_212' title='bbox 1054 1283 1177 1318; x_wconf 87' lang='lat' dir='ltr'>fuerint</span> <span class='ocrx_word' id='word_1_213' title='bbox 1195 1285 1301 1327; x_wconf 88' lang='lat' dir='ltr'>pulsus</span> <span class='ocrx_word' id='word_1_214' title='bbox 1316 1308 1329 1325; x_wconf 87' lang='lat'>,</span> 
     </span>
     <span class='ocr_line' id='line_1_29' title="bbox 310 1327 1328 1373; baseline -0.004 -8"><span class='ocrx_word' id='word_1_215' title='bbox 310 1329 463 1369; x_wconf 80' lang='lat' dir='ltr'>attendo,</span> <span class='ocrx_word' id='word_1_216' title='bbox 484 1329 538 1366; x_wconf 70' lang='lat' dir='ltr'>seu,</span> <span class='ocrx_word' id='word_1_217' title='bbox 561 1338 683 1373; x_wconf 79' lang='lat' dir='ltr'>quanto</span> <span class='ocrx_word' id='word_1_218' title='bbox 707 1328 833 1362; x_wconf 83' lang='lat' dir='ltr'>facilius</span> <span class='ocrx_word' id='word_1_219' title='bbox 858 1327 926 1361; x_wconf 81' lang='lat' dir='ltr'>fieri</span> <span class='ocrx_word' id='word_1_220' title='bbox 951 1328 993 1361; x_wconf 90' lang='lat' dir='ltr'>ob</span> <span class='ocrx_word' id='word_1_221' title='bbox 1016 1328 1073 1361; x_wconf 88' lang='lat' dir='ltr'>illa</span> <span class='ocrx_word' id='word_1_222' title='bbox 1097 1327 1244 1371; x_wconf 84' lang='lat' dir='ltr'>hydrops</span> <span class='ocrx_word' id='word_1_223' title='bbox 1256 1327 1328 1371; x_wconf 88' lang='lat' dir='ltr'>pos-</span> 
     </span>
     <span class='ocr_line' id='line_1_30' title="bbox 310 1371 1327 1416; baseline -0.003 -8"><span class='ocrx_word' id='word_1_224' title='bbox 310 1374 373 1415; x_wconf 70' lang='lat' dir='ltr'>sit,</span> <span class='ocrx_word' id='word_1_225' title='bbox 394 1385 490 1416; x_wconf 88' lang='lat' dir='ltr'>quam</span> <span class='ocrx_word' id='word_1_226' title='bbox 512 1373 556 1406; x_wconf 89' lang='lat' dir='ltr'>ob</span> <span class='ocrx_word' id='word_1_227' title='bbox 580 1373 661 1409; x_wconf 85' lang='lat' dir='ltr'>hanc</span> <span class='ocrx_word' id='word_1_228' title='bbox 684 1373 760 1405; x_wconf 85' lang='lat' dir='ltr'>illa.</span> <span class='ocrx_word' id='word_1_229' title='bbox 788 1371 914 1406; x_wconf 82' lang='lat' dir='ltr'>Videsis</span> <span class='ocrx_word' id='word_1_230' title='bbox 939 1371 1121 1406; x_wconf 85' lang='lat' dir='ltr'>Lancisium</span> <span class='ocrx_word' id='word_1_231' title='bbox 1145 1376 1160 1412; x_wconf 87' lang='lat'><strong>(</strong></span> <span class='ocrx_word' id='word_1_232' title='bbox 1183 1383 1198 1405; x_wconf 88' lang='lat' dir='ltr'>r</span> <span class='ocrx_word' id='word_1_233' title='bbox 1219 1375 1257 1412; x_wconf 87' lang='lat'>)‚</span> <span class='ocrx_word' id='word_1_234' title='bbox 1294 1374 1327 1405; x_wconf 65' lang='lat' dir='ltr'>&amp;c</span> 
     </span>
     <span class='ocr_line' id='line_1_31' title="bbox 308 1414 1325 1462; baseline -0.006 -9"><span class='ocrx_word' id='word_1_235' title='bbox 308 1430 379 1462; x_wconf 82' lang='lat' dir='ltr'>quae</span> <span class='ocrx_word' id='word_1_236' title='bbox 401 1417 440 1450; x_wconf 86' lang='lat' dir='ltr'>de</span> <span class='ocrx_word' id='word_1_237' title='bbox 463 1417 552 1454; x_wconf 82' lang='lat' dir='ltr'>cordi</span> <span class='ocrx_word' id='word_1_238' title='bbox 588 1417 746 1459; x_wconf 81' lang='lat' dir='ltr'>proximis</span> <span class='ocrx_word' id='word_1_239' title='bbox 782 1415 1055 1457; x_wconf 83' lang='lat' dir='ltr'>aneurysmatibus</span> <span class='ocrx_word' id='word_1_240' title='bbox 1091 1414 1158 1458; x_wconf 82' lang='lat' dir='ltr'>ipse</span> <span class='ocrx_word' id='word_1_241' title='bbox 1190 1415 1291 1448; x_wconf 86' lang='lat' dir='ltr'>tradit</span> <span class='ocrx_word' id='word_1_242' title='bbox 1315 1437 1325 1453; x_wconf 92' lang='lat'>,</span> 
     </span>
     <span class='ocr_line' id='line_1_32' title="bbox 308 1458 1329 1503; baseline -0.004 -8"><span class='ocrx_word' id='word_1_243' title='bbox 308 1460 447 1501; x_wconf 74' lang='lat' dir='ltr'>transfer</span> <span class='ocrx_word' id='word_1_244' title='bbox 471 1461 509 1494; x_wconf 89' lang='lat' dir='ltr'>ad</span> <span class='ocrx_word' id='word_1_245' title='bbox 531 1460 640 1495; x_wconf 88' lang='lat' dir='ltr'>cordis</span> <span class='ocrx_word' id='word_1_246' title='bbox 664 1459 760 1503; x_wconf 84' lang='lat' dir='ltr'>ipsius</span> <span class='ocrx_word' id='word_1_247' title='bbox 785 1459 1006 1501; x_wconf 79' lang='lat' dir='ltr'>aneurysmata</span> <span class='ocrx_word' id='word_1_248' title='bbox 1029 1460 1117 1492; x_wconf 88' lang='lat' dir='ltr'>iniis</span> <span class='ocrx_word' id='word_1_249' title='bbox 1129 1458 1329 1502; x_wconf 74' lang='lat' dir='ltr'>praesertim,</span> 
     </span>
     <span class='ocr_line' id='line_1_33' title="bbox 307 1500 1323 1548; baseline -0.004 -8"><span class='ocrx_word' id='word_1_250' title='bbox 307 1508 342 1540; x_wconf 91' lang='lat' dir='ltr'>in</span> <span class='ocrx_word' id='word_1_251' title='bbox 364 1506 502 1548; x_wconf 91' lang='lat' dir='ltr'>quibus,</span> <span class='ocrx_word' id='word_1_252' title='bbox 526 1513 561 1539; x_wconf 92' lang='lat' dir='ltr'>ut</span> <span class='ocrx_word' id='word_1_253' title='bbox 586 1506 620 1538; x_wconf 92' lang='lat' dir='ltr'>in</span> <span class='ocrx_word' id='word_1_254' title='bbox 644 1503 706 1541; x_wconf 85' lang='lat' dir='ltr'>hoc</span> <span class='ocrx_word' id='word_1_255' title='bbox 732 1502 921 1546; x_wconf 82' lang='lat' dir='ltr'>subpallido</span> <span class='ocrx_word' id='word_1_256' title='bbox 945 1504 1023 1535; x_wconf 88' lang='lat' dir='ltr'>Sene</span> <span class='ocrx_word' id='word_1_257' title='bbox 1038 1526 1050 1543; x_wconf 89' lang='lat'><em>‚</em></span> <span class='ocrx_word' id='word_1_258' title='bbox 1075 1502 1248 1545; x_wconf 85' lang='lat' dir='ltr'>dispositio</span> <span class='ocrx_word' id='word_1_259' title='bbox 1280 1500 1323 1536; x_wconf 86' lang='lat' dir='ltr'>est</span> 
     </span>
     <span class='ocr_line' id='line_1_34' title="bbox 309 1545 1326 1591; baseline -0.004 -8"><span class='ocrx_word' id='word_1_260' title='bbox 309 1549 349 1588; x_wconf 79' lang='lat' dir='ltr'>ad</span> <span class='ocrx_word' id='word_1_261' title='bbox 374 1549 575 1591; x_wconf 81' lang='lat' dir='ltr'>hydropem.</span> <span class='ocrx_word' id='word_1_262' title='bbox 713 1548 785 1582; x_wconf 90' lang='lat' dir='ltr'>Nec</span> <span class='ocrx_word' id='word_1_263' title='bbox 809 1556 939 1581; x_wconf 82' lang='lat' dir='ltr'>tantum</span> <span class='ocrx_word' id='word_1_264' title='bbox 962 1545 1082 1582; x_wconf 81' lang='lat' dir='ltr'>tribuas</span> <span class='ocrx_word' id='word_1_265' title='bbox 1107 1546 1213 1581; x_wconf 90' lang='lat' dir='ltr'>dolori</span> <span class='ocrx_word' id='word_1_266' title='bbox 1247 1545 1326 1580; x_wconf 88' lang='lat' dir='ltr'>tho-</span> 
     </span>
     <span class='ocr_line' id='line_1_35' title="bbox 308 1589 1325 1636; baseline -0.005 -8"><span class='ocrx_word' id='word_1_267' title='bbox 308 1604 412 1628; x_wconf 84' lang='lat' dir='ltr'>racem</span> <span class='ocrx_word' id='word_1_268' title='bbox 436 1593 582 1636; x_wconf 80' lang='lat' dir='ltr'>gravanti</span> <span class='ocrx_word' id='word_1_269' title='bbox 608 1593 641 1625; x_wconf 88' lang='lat' dir='ltr'>in</span> <span class='ocrx_word' id='word_1_270' title='bbox 665 1590 785 1624; x_wconf 83' lang='lat' dir='ltr'>sinistra</span> <span class='ocrx_word' id='word_1_271' title='bbox 811 1589 988 1631; x_wconf 75' lang='lat' dir='ltr'>praesertim</span> <span class='ocrx_word' id='word_1_272' title='bbox 1012 1599 1104 1632; x_wconf 83' lang='lat' dir='ltr'>parte</span> <span class='ocrx_word' id='word_1_273' title='bbox 1126 1613 1138 1630; x_wconf 92' lang='lat'>,</span> <span class='ocrx_word' id='word_1_274' title='bbox 1160 1591 1195 1623; x_wconf 89' lang='lat' dir='ltr'>in</span> <span class='ocrx_word' id='word_1_275' title='bbox 1229 1600 1325 1632; x_wconf 85' lang='lat' dir='ltr'>quam</span> 
     </span>
     <span class='ocr_line' id='line_1_36' title="bbox 308 1633 1326 1685; baseline -0.005 -15"><span class='ocrx_word' id='word_1_276' title='bbox 308 1637 412 1685; x_wconf 82' lang='lat' dir='ltr'>jacere</span> <span class='ocrx_word' id='word_1_277' title='bbox 435 1647 500 1669; x_wconf 90' lang='lat' dir='ltr'>non</span> <span class='ocrx_word' id='word_1_278' title='bbox 524 1644 679 1679; x_wconf 85' lang='lat' dir='ltr'>poterat,</span> <span class='ocrx_word' id='word_1_279' title='bbox 701 1644 737 1668; x_wconf 89' lang='lat' dir='ltr'>ut</span> <span class='ocrx_word' id='word_1_280' title='bbox 762 1634 887 1667; x_wconf 89' lang='lat' dir='ltr'>oblitus</span> <span class='ocrx_word' id='word_1_281' title='bbox 910 1633 1017 1669; x_wconf 87' lang='lat' dir='ltr'>cordis</span> <span class='ocrx_word' id='word_1_282' title='bbox 1042 1643 1156 1675; x_wconf 83' lang='lat' dir='ltr'>praeter</span> <span class='ocrx_word' id='word_1_283' title='bbox 1189 1633 1326 1670; x_wconf 87' lang='lat' dir='ltr'>modum</span> 
     </span>
     <span class='ocr_line' id='line_1_37' title="bbox 308 1674 1325 1723; baseline -0.004 -8"><span class='ocrx_word' id='word_1_284' title='bbox 308 1682 419 1719; x_wconf 71' lang='grc' dir='ltr'><strong><em>ειιᾶὶ,</em></strong></span> <span class='ocrx_word' id='word_1_285' title='bbox 445 1679 571 1723; x_wconf 78' lang='lat' dir='ltr'>ejusque</span> <span class='ocrx_word' id='word_1_286' title='bbox 596 1680 745 1713; x_wconf 78' lang='lat' dir='ltr'>auriculae</span> <span class='ocrx_word' id='word_1_287' title='bbox 771 1677 969 1719; x_wconf 83' lang='lat' dir='ltr'>potissimum</span> <span class='ocrx_word' id='word_1_288' title='bbox 994 1676 1154 1714; x_wconf 76' lang='lat' dir='ltr'>dexterae‚</span> <span class='ocrx_word' id='word_1_289' title='bbox 1180 1674 1325 1720; x_wconf 79' lang='lat' dir='ltr'>&#39;repeten-</span> 
     </span>
     <span class='ocr_line' id='line_1_38' title="bbox 307 1720 1325 1764; baseline -0.006 -5"><span class='ocrx_word' id='word_1_290' title='bbox 307 1725 348 1761; x_wconf 86' lang='lat' dir='ltr'>da</span> <span class='ocrx_word' id='word_1_291' title='bbox 371 1724 429 1757; x_wconf 83' lang='lat' dir='ltr'>illa</span> <span class='ocrx_word' id='word_1_292' title='bbox 451 1725 587 1757; x_wconf 90' lang='lat' dir='ltr'>omnino</span> <span class='ocrx_word' id='word_1_293' title='bbox 610 1722 731 1758; x_wconf 86' lang='lat' dir='ltr'>censeas</span> <span class='ocrx_word' id='word_1_294' title='bbox 755 1722 793 1756; x_wconf 86' lang='lat' dir='ltr'>ab</span> <span class='ocrx_word' id='word_1_295' title='bbox 816 1720 951 1757; x_wconf 88' lang='lat' dir='ltr'>humore</span> <span class='ocrx_word' id='word_1_296' title='bbox 973 1721 1031 1764; x_wconf 80' lang='lat' dir='ltr'>qui</span> <span class='ocrx_word' id='word_1_297' title='bbox 1055 1720 1220 1754; x_wconf 82' lang='lat' dir='ltr'>thoracem</span> <span class='ocrx_word' id='word_1_298' title='bbox 1246 1745 1256 1758; x_wconf 85' lang='lat'>,</span> <span class='ocrx_word' id='word_1_299' title='bbox 1291 1723 1325 1753; x_wconf 72' lang='grc' dir='ltr'>δε</span> 
     </span>
     <span class='ocr_line' id='line_1_39' title="bbox 307 1762 1325 1810; baseline -0.005 -9"><span class='ocrx_word' id='word_1_300' title='bbox 307 1782 323 1806; x_wconf 77' lang='lat' dir='ltr'>a</span> <span class='ocrx_word' id='word_1_301' title='bbox 345 1767 463 1802; x_wconf 81' lang='lat' dir='ltr'>sinistra</span> <span class='ocrx_word' id='word_1_302' title='bbox 486 1767 618 1810; x_wconf 84' lang='lat' dir='ltr'>quidem</span> <span class='ocrx_word' id='word_1_303' title='bbox 643 1766 744 1808; x_wconf 76' lang='lat' dir='ltr'>magis</span> <span class='ocrx_word' id='word_1_304' title='bbox 768 1775 879 1807; x_wconf 85' lang='lat' dir='ltr'>parte,</span> <span class='ocrx_word' id='word_1_305' title='bbox 904 1763 1104 1806; x_wconf 79' lang='lat' dir='ltr'>occupabat3</span> <span class='ocrx_word' id='word_1_306' title='bbox 1129 1775 1201 1797; x_wconf 89' lang='lat' dir='ltr'>nam</span> <span class='ocrx_word' id='word_1_307' title='bbox 1214 1762 1246 1796; x_wconf 89' lang='lat' dir='ltr'>id</span> <span class='ocrx_word' id='word_1_308' title='bbox 1264 1764 1325 1797; x_wconf 91' lang='lat' dir='ltr'>im-</span> 
     </span>
     <span class='ocr_line' id='line_1_40' title="bbox 309 1806 1325 1858; baseline -0.012 -11"><span class='ocrx_word' id='word_1_309' title='bbox 309 1812 498 1858; x_wconf 80' lang='lat' dir='ltr'>pedimento</span> <span class='ocrx_word' id='word_1_310' title='bbox 522 1813 632 1855; x_wconf 81' lang='lat' dir='ltr'>potius</span> <span class='ocrx_word' id='word_1_311' title='bbox 657 1808 789 1849; x_wconf 85' lang='lat' dir='ltr'>fuisset,</span> <span class='ocrx_word' id='word_1_312' title='bbox 812 1817 848 1842; x_wconf 90' lang='lat' dir='ltr'>ut</span> <span class='ocrx_word' id='word_1_313' title='bbox 869 1808 934 1841; x_wconf 88' lang='lat' dir='ltr'>sere</span> <span class='ocrx_word' id='word_1_314' title='bbox 957 1808 1035 1841; x_wconf 77' lang='lat' dir='ltr'>soltt</span> <span class='ocrx_word' id='word_1_315' title='bbox 1050 1832 1062 1848; x_wconf 86' lang='lat'>,</span> <span class='ocrx_word' id='word_1_316' title='bbox 1085 1819 1122 1842; x_wconf 84' lang='lat' dir='ltr'>ne</span> <span class='ocrx_word' id='word_1_317' title='bbox 1147 1809 1180 1843; x_wconf 80' lang='lat' dir='ltr'>in</span> <span class='ocrx_word' id='word_1_318' title='bbox 1214 1806 1325 1842; x_wconf 55' lang='lat' dir='ltr'>dene-</span> 
     </span>
     <span class='ocr_line' id='line_1_41' title="bbox 308 1850 1103 1898; baseline -0.008 -7"><span class='ocrx_word' id='word_1_319' title='bbox 308 1868 404 1898; x_wconf 85' lang='lat' dir='ltr'>rum,</span> <span class='ocrx_word' id='word_1_320' title='bbox 426 1866 522 1898; x_wconf 82' lang='lat' dir='ltr'>quam</span> <span class='ocrx_word' id='word_1_321' title='bbox 544 1866 581 1891; x_wconf 79' lang='lat' dir='ltr'>ne</span> <span class='ocrx_word' id='word_1_322' title='bbox 606 1856 639 1891; x_wconf 89' lang='lat' dir='ltr'>in</span> <span class='ocrx_word' id='word_1_323' title='bbox 663 1852 821 1890; x_wconf 76' lang='lat' dir='ltr'>finistmm</span> <span class='ocrx_word' id='word_1_324' title='bbox 845 1851 973 1885; x_wconf 85' lang='lat' dir='ltr'>cubaret</span> <span class='ocrx_word' id='word_1_325' title='bbox 998 1850 1103 1885; x_wconf 78' lang='lat' dir='ltr'>latus.</span> 
     </span>
    </p>

    <p class='ocr_par' dir='ltr' id='par_1_7' title="bbox 305 1893 1331 2948">
     <span class='ocr_line' id='line_1_42' title="bbox 352 1893 1327 1941; baseline -0.008 -7"><span class='ocrx_word' id='word_1_326' title='bbox 352 1900 384 1934; x_wconf 80' lang='grc'>8.</span> <span class='ocrx_word' id='word_1_327' title='bbox 409 1900 494 1933; x_wconf 92' lang='lat' dir='ltr'>VIR</span> <span class='ocrx_word' id='word_1_328' title='bbox 518 1899 680 1941; x_wconf 74' lang='lat' dir='ltr'>sexaginta</span> <span class='ocrx_word' id='word_1_329' title='bbox 704 1907 801 1929; x_wconf 86' lang='lat' dir='ltr'>annos</span> <span class='ocrx_word' id='word_1_330' title='bbox 828 1905 944 1936; x_wconf 87' lang='lat' dir='ltr'>natus,</span> <span class='ocrx_word' id='word_1_331' title='bbox 966 1893 1164 1938; x_wconf 86' lang='lat' dir='ltr'>orthopnoea</span> <span class='ocrx_word' id='word_1_332' title='bbox 1187 1894 1327 1936; x_wconf 88' lang='lat' dir='ltr'>corripi-</span> 
     </span>
     <span class='ocr_line' id='line_1_43' title="bbox 305 1937 1324 1984; baseline -0.009 -4"><span class='ocrx_word' id='word_1_333' title='bbox 305 1954 359 1982; x_wconf 72' lang='lat' dir='ltr'>tur</span> <span class='ocrx_word' id='word_1_334' title='bbox 377 1968 385 1978; x_wconf 78' lang='lat'>.</span> <span class='ocrx_word' id='word_1_335' title='bbox 411 1945 481 1980; x_wconf 80' lang='lat' dir='ltr'>Vix</span> <span class='ocrx_word' id='word_1_336' title='bbox 503 1942 542 1975; x_wconf 87' lang='lat' dir='ltr'>de</span> <span class='ocrx_word' id='word_1_337' title='bbox 565 1940 705 1984; x_wconf 65' lang='lat' dir='ltr'>peetoris</span> <span class='ocrx_word' id='word_1_338' title='bbox 730 1938 925 1982; x_wconf 77' lang='lat' dir='ltr'>oppreffione</span> <span class='ocrx_word' id='word_1_339' title='bbox 948 1937 1050 1980; x_wconf 81' lang='lat' dir='ltr'>potest</span> <span class='ocrx_word' id='word_1_340' title='bbox 1073 1939 1183 1980; x_wconf 88' lang='lat' dir='ltr'>queri.</span> <span class='ocrx_word' id='word_1_341' title='bbox 1212 1937 1324 1971; x_wconf 87' lang='lat' dir='ltr'>Pulsus</span> 
     </span>
     <span class='ocr_line' id='line_1_44' title="bbox 307 1981 1323 2028; baseline -0.008 -7"><span class='ocrx_word' id='word_1_342' title='bbox 307 2001 323 2025; x_wconf 87' lang='lat' dir='ltr'>a</span> <span class='ocrx_word' id='word_1_343' title='bbox 348 1986 488 2023; x_wconf 86' lang='lat' dir='ltr'>naturali</span> <span class='ocrx_word' id='word_1_344' title='bbox 513 1986 643 2022; x_wconf 88' lang='lat' dir='ltr'>suorum</span> <span class='ocrx_word' id='word_1_345' title='bbox 667 1993 815 2018; x_wconf 85' lang='lat' dir='ltr'>motuum</span> <span class='ocrx_word' id='word_1_346' title='bbox 841 1984 909 2025; x_wconf 76' lang='lat' dir='ltr'>lege</span> <span class='ocrx_word' id='word_1_347' title='bbox 933 1993 996 2017; x_wconf 88' lang='lat' dir='ltr'>non</span> <span class='ocrx_word' id='word_1_348' title='bbox 1021 1981 1161 2028; x_wconf 77' lang='lat' dir='ltr'>declinat</span> <span class='ocrx_word' id='word_1_349' title='bbox 1187 2005 1194 2012; x_wconf 90' lang='lat'><strong>.</strong></span> <span class='ocrx_word' id='word_1_350' title='bbox 1230 1983 1323 2028; x_wconf 76' lang='lat' dir='ltr'>Tan-</span> 
     </span>
     <span class='ocr_line' id='line_1_45' title="bbox 305 2025 1325 2073; baseline -0.007 -8"><span class='ocrx_word' id='word_1_351' title='bbox 305 2032 379 2070; x_wconf 80' lang='lat' dir='ltr'>dem</span> <span class='ocrx_word' id='word_1_352' title='bbox 404 2028 636 2073; x_wconf 79' lang='lat' dir='ltr'>ingravescente</span> <span class='ocrx_word' id='word_1_353' title='bbox 659 2031 693 2065; x_wconf 88' lang='lat' dir='ltr'>in</span> <span class='ocrx_word' id='word_1_354' title='bbox 716 2028 783 2063; x_wconf 82' lang='lat' dir='ltr'>dics</span> <span class='ocrx_word' id='word_1_355' title='bbox 817 2025 991 2066; x_wconf 81' lang='lat' dir='ltr'>respirandi</span> <span class='ocrx_word' id='word_1_356' title='bbox 1026 2025 1215 2059; x_wconf 77' lang='lat' dir='ltr'>difficultate</span> <span class='ocrx_word' id='word_1_357' title='bbox 1238 2048 1251 2064; x_wconf 84' lang='grc'>,</span> <span class='ocrx_word' id='word_1_358' title='bbox 1282 2026 1325 2058; x_wconf 81' lang='lat' dir='ltr'>sic</span> 
     </span>
     <span class='ocr_line' id='line_1_46' title="bbox 308 2068 1324 2119; baseline -0.008 -10"><span class='ocrx_word' id='word_1_359' title='bbox 308 2076 490 2119; x_wconf 76' lang='lat' dir='ltr'>inspirans,</span> <span class='ocrx_word' id='word_1_360' title='bbox 516 2071 736 2117; x_wconf 80' lang='lat' dir='ltr'>exspiransque</span> <span class='ocrx_word' id='word_1_361' title='bbox 758 2070 830 2103; x_wconf 87' lang='lat' dir='ltr'>obit</span> <span class='ocrx_word' id='word_1_362' title='bbox 855 2070 906 2103; x_wconf 86' lang='lat' dir='ltr'>die</span> <span class='ocrx_word' id='word_1_363' title='bbox 940 2068 1028 2103; x_wconf 79' lang='lat' dir='ltr'>sexto</span> <span class='ocrx_word' id='word_1_364' title='bbox 1049 2093 1056 2102; x_wconf 84' lang='lat'><em>.</em></span> <span class='ocrx_word' id='word_1_365' title='bbox 1199 2070 1324 2102; x_wconf 59' lang='grc' dir='ltr'>ΤΞ-ΞΟ-</span> 
     </span>
     <span class='ocr_line' id='line_1_47' title="bbox 306 2111 1322 2159; baseline -0.011 -6"><span class='ocrx_word' id='word_1_366' title='bbox 306 2120 437 2156; x_wconf 82' lang='lat' dir='ltr'>RACE</span> <span class='ocrx_word' id='word_1_367' title='bbox 462 2126 572 2159; x_wconf 85' lang='lat' dir='ltr'>aperto</span> <span class='ocrx_word' id='word_1_368' title='bbox 588 2141 597 2156; x_wconf 95' lang='lat'><strong><em>‚</em></strong></span> <span class='ocrx_word' id='word_1_369' title='bbox 622 2117 785 2155; x_wconf 80' lang='lat' dir='ltr'>pulmones</span> <span class='ocrx_word' id='word_1_370' title='bbox 812 2114 849 2147; x_wconf 85' lang='lat' dir='ltr'>ad</span> <span class='ocrx_word' id='word_1_371' title='bbox 874 2112 1046 2156; x_wconf 81' lang='lat' dir='ltr'>posteriora</span> <span class='ocrx_word' id='word_1_372' title='bbox 1069 2111 1141 2147; x_wconf 85' lang='lat' dir='ltr'>duri</span> <span class='ocrx_word' id='word_1_373' title='bbox 1174 2112 1322 2154; x_wconf 84' lang='lat' dir='ltr'>aliquan-</span> 
     </span>
     <span class='ocr_line' id='line_1_48' title="bbox 311 2157 1325 2203; baseline -0.012 -5"><span class='ocrx_word' id='word_1_374' title='bbox 311 2175 402 2202; x_wconf 87' lang='lat' dir='ltr'>tum,</span> <span class='ocrx_word' id='word_1_375' title='bbox 427 2171 558 2203; x_wconf 88' lang='lat' dir='ltr'>atroque</span> <span class='ocrx_word' id='word_1_376' title='bbox 582 2159 698 2194; x_wconf 59' lang='lat' dir='ltr'>infecti</span> <span class='ocrx_word' id='word_1_377' title='bbox 724 2158 831 2194; x_wconf 88' lang='lat' dir='ltr'>colore</span> <span class='ocrx_word' id='word_1_378' title='bbox 865 2157 1072 2190; x_wconf 89' lang='lat' dir='ltr'>inveniuntur</span> <span class='ocrx_word' id='word_1_379' title='bbox 1098 2179 1105 2186; x_wconf 88' lang='lat'><strong>.</strong></span> <span class='ocrx_word' id='word_1_380' title='bbox 1139 2158 1209 2190; x_wconf 85' lang='lat' dir='ltr'>Cor</span> <span class='ocrx_word' id='word_1_381' title='bbox 1244 2166 1325 2196; x_wconf 82' lang='lat' dir='ltr'>prae-</span> 
     </span>
     <span class='ocr_line' id='line_1_49' title="bbox 312 2198 1323 2247; baseline -0.008 -8"><span class='ocrx_word' id='word_1_382' title='bbox 312 2204 454 2247; x_wconf 62' lang='lat' dir='ltr'>grande,</span> <span class='ocrx_word' id='word_1_383' title='bbox 479 2214 627 2247; x_wconf 76' lang='lat' dir='ltr'>magnam</span> <span class='ocrx_word' id='word_1_384' title='bbox 649 2201 839 2245; x_wconf 82' lang='lat' dir='ltr'>polyposam</span> <span class='ocrx_word' id='word_1_385' title='bbox 863 2201 1106 2237; x_wconf 80' lang='lat' dir='ltr'>concretionem</span> <span class='ocrx_word' id='word_1_386' title='bbox 1139 2198 1323 2233; x_wconf 89' lang='lat' dir='ltr'>ventriculo</span> 
     </span>
     <span class='ocr_line' id='line_1_50' title="bbox 311 2243 1323 2289; baseline -0.011 -3"><span class='ocrx_word' id='word_1_387' title='bbox 311 2247 444 2286; x_wconf 74' lang='lat' dir='ltr'>dextero</span> <span class='ocrx_word' id='word_1_388' title='bbox 466 2248 673 2282; x_wconf 85' lang='lat' dir='ltr'>continebat:</span> <span class='ocrx_word' id='word_1_389' title='bbox 698 2257 767 2289; x_wconf 79' lang='lat' dir='ltr'>quae</span> <span class='ocrx_word' id='word_1_390' title='bbox 792 2246 825 2279; x_wconf 90' lang='lat' dir='ltr'>in</span> <span class='ocrx_word' id='word_1_391' title='bbox 851 2245 1031 2288; x_wconf 71' lang='lat' dir='ltr'>proximam</span> <span class='ocrx_word' id='word_1_392' title='bbox 1058 2243 1235 2279; x_wconf 75' lang='lat' dir='ltr'>auriculam</span> <span class='ocrx_word' id='word_1_393' title='bbox 1269 2253 1323 2275; x_wconf 86' lang='lat' dir='ltr'>ex-</span> 
     </span>
     <span class='ocr_line' id='line_1_51' title="bbox 312 2289 1323 2339; baseline -0.009 -12"><span class='ocrx_word' id='word_1_394' title='bbox 312 2293 427 2339; x_wconf 85' lang='lat' dir='ltr'>pansa,</span> <span class='ocrx_word' id='word_1_395' title='bbox 451 2292 533 2325; x_wconf 84' lang='lat' dir='ltr'>hanc</span> <span class='ocrx_word' id='word_1_396' title='bbox 558 2290 635 2323; x_wconf 83' lang='lat' dir='ltr'>adeo</span> <span class='ocrx_word' id='word_1_397' title='bbox 658 2289 870 2329; x_wconf 80' lang='lat' dir='ltr'>dilataverat,</span> <span class='ocrx_word' id='word_1_398' title='bbox 893 2297 929 2323; x_wconf 74' lang='lat' dir='ltr'>ur</span> <span class='ocrx_word' id='word_1_399' title='bbox 953 2289 1062 2329; x_wconf 67' lang='lat' dir='ltr'>ingens</span> <span class='ocrx_word' id='word_1_400' title='bbox 1087 2297 1226 2328; x_wconf 65' lang='lat' dir='ltr'>aequaret</span> <span class='ocrx_word' id='word_1_401' title='bbox 1240 2297 1323 2319; x_wconf 83' lang='lat' dir='ltr'>mar-</span> 
     </span>
     <span class='ocr_line' id='line_1_52' title="bbox 313 2330 1323 2380; baseline -0.011 -10"><span class='ocrx_word' id='word_1_402' title='bbox 313 2338 463 2380; x_wconf 81' lang='lat' dir='ltr'>supium:</span> <span class='ocrx_word' id='word_1_403' title='bbox 488 2333 662 2376; x_wconf 67' lang='lat' dir='ltr'>longasque</span> <span class='ocrx_word' id='word_1_404' title='bbox 688 2334 722 2365; x_wconf 89' lang='lat' dir='ltr'>in</span> <span class='ocrx_word' id='word_1_405' title='bbox 745 2333 852 2364; x_wconf 83' lang='lat' dir='ltr'>vicina</span> <span class='ocrx_word' id='word_1_406' title='bbox 877 2330 948 2366; x_wconf 80' lang='lat' dir='ltr'>vasa</span> <span class='ocrx_word' id='word_1_407' title='bbox 983 2330 1210 2372; x_wconf 59' lang='lat' dir='ltr'>produftiones</span> <span class='ocrx_word' id='word_1_408' title='bbox 1243 2330 1323 2362; x_wconf 81' lang='lat' dir='ltr'>mit..</span> 
     </span>
     <span class='ocr_line' id='line_1_53' title="bbox 312 2374 1322 2420; baseline -0.01 -5"><span class='ocrx_word' id='word_1_409' title='bbox 312 2383 424 2420; x_wconf 82' lang='lat' dir='ltr'>tebat,</span> <span class='ocrx_word' id='word_1_410' title='bbox 448 2387 484 2413; x_wconf 89' lang='lat' dir='ltr'>ut</span> <span class='ocrx_word' id='word_1_411' title='bbox 508 2377 588 2420; x_wconf 82' lang='lat' dir='ltr'>justa</span> <span class='ocrx_word' id='word_1_412' title='bbox 612 2375 772 2414; x_wconf 60' lang='lat' dir='ltr'>sanguinis</span> <span class='ocrx_word' id='word_1_413' title='bbox 804 2375 899 2415; x_wconf 88' lang='lat' dir='ltr'>copia</span> <span class='ocrx_word' id='word_1_414' title='bbox 932 2383 1082 2415; x_wconf 85' lang='lat' dir='ltr'>prompte</span> <span class='ocrx_word' id='word_1_415' title='bbox 1117 2374 1222 2414; x_wconf 76' lang='lat' dir='ltr'>excipi</span> <span class='ocrx_word' id='word_1_416' title='bbox 1258 2384 1322 2405; x_wconf 81' lang='lat' dir='ltr'>non</span> 
     </span>
     <span class='ocr_line' id='line_1_54' title="bbox 313 2414 1323 2473; baseline -0.011 -15"><span class='ocrx_word' id='word_1_417' title='bbox 313 2423 413 2473; x_wconf 77' lang='lat' dir='ltr'>posset</span> <span class='ocrx_word' id='word_1_418' title='bbox 438 2447 445 2456; x_wconf 78' lang='grc'><strong>.</strong></span> <span class='ocrx_word' id='word_1_419' title='bbox 583 2422 621 2455; x_wconf 84' lang='lat' dir='ltr'>In</span> <span class='ocrx_word' id='word_1_420' title='bbox 644 2421 764 2452; x_wconf 80' lang='lat' dir='ltr'>Ventre</span> <span class='ocrx_word' id='word_1_421' title='bbox 788 2417 880 2458; x_wconf 86' lang='lat' dir='ltr'>supra</span> <span class='ocrx_word' id='word_1_422' title='bbox 902 2427 1006 2449; x_wconf 83' lang='lat' dir='ltr'>renem</span> <span class='ocrx_word' id='word_1_423' title='bbox 1031 2414 1189 2449; x_wconf 81' lang='lat' dir='ltr'>sinistrum</span> <span class='ocrx_word' id='word_1_424' title='bbox 1212 2425 1323 2448; x_wconf 89' lang='lat' dir='ltr'>tumor</span> 
     </span>
     <span class='ocr_line' id='line_1_55' title="bbox 314 2459 1323 2507; baseline -0.01 -5"><span class='ocrx_word' id='word_1_425' title='bbox 314 2465 472 2503; x_wconf 85' lang='lat' dir='ltr'>rotundus</span> <span class='ocrx_word' id='word_1_426' title='bbox 497 2465 669 2507; x_wconf 84' lang='lat' dir='ltr'>apparuit,</span> <span class='ocrx_word' id='word_1_427' title='bbox 695 2461 851 2505; x_wconf 82' lang='lat' dir='ltr'>proximis</span> <span class='ocrx_word' id='word_1_428' title='bbox 874 2459 1005 2503; x_wconf 87' lang='lat' dir='ltr'>quidem</span> <span class='ocrx_word' id='word_1_429' title='bbox 1029 2461 1151 2492; x_wconf 84' lang='lat' dir='ltr'>caeteris</span> <span class='ocrx_word' id='word_1_430' title='bbox 1176 2459 1323 2492; x_wconf 80' lang='lat' dir='ltr'>Partibus</span> 
     </span>
     <span class='ocr_line' id='line_1_56' title="bbox 314 2503 1325 2559; baseline -0.011 -13"><span class='ocrx_word' id='word_1_431' title='bbox 314 2524 368 2559; x_wconf 87' lang='lat' dir='ltr'>per</span> <span class='ocrx_word' id='word_1_432' title='bbox 393 2509 589 2544; x_wconf 76' lang='lat' dir='ltr'>membranas</span> <span class='ocrx_word' id='word_1_433' title='bbox 613 2506 751 2541; x_wconf 85' lang='lat' dir='ltr'>firmiter</span> <span class='ocrx_word' id='word_1_434' title='bbox 777 2504 949 2546; x_wconf 69' lang='lat' dir='ltr'>alligatus,</span> <span class='ocrx_word' id='word_1_435' title='bbox 971 2504 1037 2535; x_wconf 92' lang='lat' dir='ltr'>reni</span> <span class='ocrx_word' id='word_1_436' title='bbox 1062 2512 1165 2537; x_wconf 88' lang='lat' dir='ltr'>autem</span> <span class='ocrx_word' id='word_1_437' title='bbox 1190 2503 1325 2536; x_wconf 79' lang='lat' dir='ltr'>Succen-</span> 
     </span>
     <span class='ocr_line' id='line_1_57' title="bbox 314 2547 1324 2592; baseline -0.013 -1"><span class='ocrx_word' id='word_1_438' title='bbox 314 2556 438 2592; x_wconf 87' lang='lat' dir='ltr'>turiaro</span> <span class='ocrx_word' id='word_1_439' title='bbox 462 2553 546 2588; x_wconf 59' lang='lat' dir='ltr'>are-“te</span> <span class='ocrx_word' id='word_1_440' title='bbox 571 2550 648 2584; x_wconf 86' lang='lat' dir='ltr'>adeo</span> <span class='ocrx_word' id='word_1_441' title='bbox 672 2549 856 2588; x_wconf 74' lang='lat' dir='ltr'>adhaerens,</span> <span class='ocrx_word' id='word_1_442' title='bbox 880 2556 916 2581; x_wconf 85' lang='lat' dir='ltr'>ut</span> <span class='ocrx_word' id='word_1_443' title='bbox 942 2558 979 2580; x_wconf 87' lang='lat' dir='ltr'>ex</span> <span class='ocrx_word' id='word_1_444' title='bbox 1002 2558 1063 2581; x_wconf 79' lang='lat' dir='ltr'>una</span> <span class='ocrx_word' id='word_1_445' title='bbox 1095 2556 1181 2589; x_wconf 85' lang='lat' dir='ltr'>parte</span> <span class='ocrx_word' id='word_1_446' title='bbox 1214 2547 1324 2579; x_wconf 92' lang='lat' dir='ltr'>conti-</span> 
     </span>
     <span class='ocr_line' id='line_1_58' title="bbox 314 2589 1330 2636; baseline -0.014 -2"><span class='ocrx_word' id='word_1_447' title='bbox 314 2609 451 2635; x_wconf 79' lang='lat' dir='ltr'>nuatum</span> <span class='ocrx_word' id='word_1_448' title='bbox 476 2607 549 2629; x_wconf 89' lang='lat' dir='ltr'>curn</span> <span class='ocrx_word' id='word_1_449' title='bbox 573 2593 644 2636; x_wconf 89' lang='lat' dir='ltr'>ipso</span> <span class='ocrx_word' id='word_1_450' title='bbox 666 2592 800 2628; x_wconf 80' lang='lat' dir='ltr'>efficeret</span> <span class='ocrx_word' id='word_1_451' title='bbox 822 2602 959 2633; x_wconf 84' lang='lat' dir='ltr'>corpus.</span> <span class='ocrx_word' id='word_1_452' title='bbox 987 2592 1040 2623; x_wconf 85' lang='lat' dir='ltr'>Ex</span> <span class='ocrx_word' id='word_1_453' title='bbox 1062 2589 1330 2634; x_wconf 83' lang='lat' dir='ltr'>glandulosacon.</span> 
     </span>
     <span class='ocr_line' id='line_1_59' title="bbox 315 2632 1330 2678; baseline -0.013 0"><span class='ocrx_word' id='word_1_454' title='bbox 315 2643 415 2678; x_wconf 84' lang='lat' dir='ltr'>stabat</span> <span class='ocrx_word' id='word_1_455' title='bbox 441 2639 636 2678; x_wconf 86' lang='lat' dir='ltr'>substantia,</span> <span class='ocrx_word' id='word_1_456' title='bbox 658 2648 728 2678; x_wconf 85' lang='lat' dir='ltr'>quae</span> <span class='ocrx_word' id='word_1_457' title='bbox 755 2634 792 2668; x_wconf 87' lang='lat' dir='ltr'>ad</span> <span class='ocrx_word' id='word_1_458' title='bbox 816 2644 961 2667; x_wconf 82' lang='lat' dir='ltr'>centrum</span> <span class='ocrx_word' id='word_1_459' title='bbox 985 2632 1067 2667; x_wconf 86' lang='lat' dir='ltr'>finus</span> <span class='ocrx_word' id='word_1_460' title='bbox 1092 2632 1225 2668; x_wconf 83' lang='lat' dir='ltr'>habebat</span> <span class='ocrx_word' id='word_1_461' title='bbox 1250 2633 1330 2668; x_wconf 83' lang='lat' dir='ltr'>duos</span> 
     </span>
     <span class='ocr_line' id='line_1_60' title="bbox 316 2676 1330 2722; baseline -0.014 0"><span class='ocrx_word' id='word_1_462' title='bbox 316 2689 401 2722; x_wconf 81' lang='lat' dir='ltr'>inter</span> <span class='ocrx_word' id='word_1_463' title='bbox 425 2684 454 2718; x_wconf 86' lang='lat' dir='ltr'>se</span> <span class='ocrx_word' id='word_1_464' title='bbox 477 2681 642 2721; x_wconf 86' lang='lat' dir='ltr'>diversos,</span> <span class='ocrx_word' id='word_1_465' title='bbox 666 2683 697 2714; x_wconf 86' lang='lat'>&amp;</span> <span class='ocrx_word' id='word_1_466' title='bbox 722 2679 861 2713; x_wconf 78' lang='lat' dir='ltr'>serosum</span> <span class='ocrx_word' id='word_1_467' title='bbox 884 2677 1041 2721; x_wconf 85' lang='lat' dir='ltr'>quendam</span> <span class='ocrx_word' id='word_1_468' title='bbox 1066 2676 1232 2710; x_wconf 86' lang='lat' dir='ltr'>humorem</span> <span class='ocrx_word' id='word_1_469' title='bbox 1256 2688 1330 2710; x_wconf 71' lang='lat' dir='ltr'>con-</span> 
     </span>
     <span class='ocr_line' id='line_1_61' title="bbox 315 2719 1330 2769; baseline -0.013 -4"><span class='ocrx_word' id='word_1_470' title='bbox 315 2733 473 2766; x_wconf 78' lang='lat' dir='ltr'>tinentes.</span> <span class='ocrx_word' id='word_1_471' title='bbox 498 2725 601 2769; x_wconf 86' lang='lat' dir='ltr'>Cujus</span> <span class='ocrx_word' id='word_1_472' title='bbox 628 2723 740 2766; x_wconf 89' lang='lat' dir='ltr'>portio</span> <span class='ocrx_word' id='word_1_473' title='bbox 762 2722 907 2756; x_wconf 88' lang='lat' dir='ltr'>humoris</span> <span class='ocrx_word' id='word_1_474' title='bbox 924 2745 936 2761; x_wconf 91' lang='lat'>,</span> <span class='ocrx_word' id='word_1_475' title='bbox 960 2721 1029 2763; x_wconf 81' lang='lat' dir='ltr'>igni</span> <span class='ocrx_word' id='word_1_476' title='bbox 1054 2719 1229 2766; x_wconf 50' lang='lat' dir='ltr'>impofita,</span> <span class='ocrx_word' id='word_1_477' title='bbox 1254 2731 1330 2754; x_wconf 90' lang='lat' dir='ltr'>con-</span> 
     </span>
     <span class='ocr_line' id='line_1_62' title="bbox 314 2763 1331 2810; baseline -0.018 -2"><span class='ocrx_word' id='word_1_478' title='bbox 314 2774 438 2808; x_wconf 81' lang='lat' dir='ltr'>crevit:</span> <span class='ocrx_word' id='word_1_479' title='bbox 465 2771 584 2810; x_wconf 78' lang='lat' dir='ltr'>altera,</span> <span class='ocrx_word' id='word_1_480' title='bbox 608 2765 708 2801; x_wconf 81' lang='lat' dir='ltr'>affuso</span> <span class='ocrx_word' id='word_1_481' title='bbox 732 2766 870 2809; x_wconf 87' lang='lat' dir='ltr'>spiritu,</span> <span class='ocrx_word' id='word_1_482' title='bbox 894 2776 989 2809; x_wconf 85' lang='lat' dir='ltr'>quem</span> <span class='ocrx_word' id='word_1_483' title='bbox 1012 2773 1128 2797; x_wconf 89' lang='lat' dir='ltr'>vocant</span> <span class='ocrx_word' id='word_1_484' title='bbox 1149 2787 1162 2804; x_wconf 91' lang='lat'>,</span> <span class='ocrx_word' id='word_1_485' title='bbox 1199 2763 1331 2806; x_wconf 79' lang='lat' dir='ltr'>sulphu-</span> 
     </span>
     <span class='ocr_line' id='line_1_63' title="bbox 319 2808 1331 2857; baseline -0.011 -7"><span class='ocrx_word' id='word_1_486' title='bbox 319 2819 388 2857; x_wconf 87' lang='lat' dir='ltr'>ris,</span> <span class='ocrx_word' id='word_1_487' title='bbox 412 2813 523 2848; x_wconf 84' lang='lat' dir='ltr'>sensim</span> <span class='ocrx_word' id='word_1_488' title='bbox 548 2813 659 2845; x_wconf 84' lang='lat' dir='ltr'>colore</span> <span class='ocrx_word' id='word_1_489' title='bbox 683 2819 754 2843; x_wconf 87' lang='lat' dir='ltr'>atro</span> <span class='ocrx_word' id='word_1_490' title='bbox 778 2808 898 2844; x_wconf 67' lang='lat' dir='ltr'>infedfta</span> <span class='ocrx_word' id='word_1_491' title='bbox 933 2808 1138 2850; x_wconf 76' lang='lat' dir='ltr'>praecipitans</span> <span class='ocrx_word' id='word_1_492' title='bbox 1164 2830 1176 2847; x_wconf 95' lang='lat'>,</span> <span class='ocrx_word' id='word_1_493' title='bbox 1212 2808 1331 2845; x_wconf 68' lang='lat' dir='ltr'>multa--v</span> 
     </span>
     <span class='ocr_line' id='line_1_64' title="bbox 317 2850 1331 2896; baseline -0.01 -3"><span class='ocrx_word' id='word_1_494' title='bbox 317 2872 388 2895; x_wconf 89' lang='lat' dir='ltr'>rum</span> <span class='ocrx_word' id='word_1_495' title='bbox 414 2858 567 2891; x_wconf 84' lang='lat' dir='ltr'>horarum</span> <span class='ocrx_word' id='word_1_496' title='bbox 591 2854 694 2896; x_wconf 90' lang='lat' dir='ltr'>spatio</span> <span class='ocrx_word' id='word_1_497' title='bbox 717 2854 880 2887; x_wconf 80' lang='lat' dir='ltr'>concrevit</span> <span class='ocrx_word' id='word_1_498' title='bbox 905 2861 996 2885; x_wconf 84' lang='lat' dir='ltr'>tota:</span> <span class='ocrx_word' id='word_1_499' title='bbox 1023 2853 1119 2884; x_wconf 89' lang='lat' dir='ltr'>tertia</span> <span class='ocrx_word' id='word_1_500' title='bbox 1143 2876 1153 2891; x_wconf 94' lang='lat'>,</span> <span class='ocrx_word' id='word_1_501' title='bbox 1192 2850 1331 2886; x_wconf 81' lang='lat' dir='ltr'>admisto</span> 
     </span>
     <span class='ocr_line' id='line_1_65' title="bbox 317 2893 1221 2948; baseline -0.014 -10"><span class='ocrx_word' id='word_1_502' title='bbox 317 2904 436 2948; x_wconf 84' lang='lat' dir='ltr'>spiritu</span> <span class='ocrx_word' id='word_1_503' title='bbox 459 2899 533 2933; x_wconf 85' lang='lat' dir='ltr'>salis</span> <span class='ocrx_word' id='word_1_504' title='bbox 558 2897 772 2936; x_wconf 83' lang='lat' dir='ltr'>ammoniaci,</span> <span class='ocrx_word' id='word_1_505' title='bbox 796 2895 895 2930; x_wconf 88' lang='lat' dir='ltr'>fluida</span> <span class='ocrx_word' id='word_1_506' title='bbox 918 2895 1054 2938; x_wconf 81' lang='lat' dir='ltr'>perstitit</span> <span class='ocrx_word' id='word_1_507' title='bbox 1078 2893 1199 2937; x_wconf 71' lang='lat' dir='ltr'>jugiter</span> <span class='ocrx_word' id='word_1_508' title='bbox 1214 2920 1221 2925; x_wconf 94' lang='lat'><em>.</em></span> 
     </span>
    </p>

    <p class='ocr_par' dir='ltr' id='par_1_8' title="bbox 318 2938 1334 3596">
     <span class='ocr_line' id='line_1_66' title="bbox 359 2938 1332 2989; baseline -0.007 -12"><span class='ocrx_word' id='word_1_509' title='bbox 359 2960 391 2989; x_wconf 86' lang='lat'>9.</span> <span class='ocrx_word' id='word_1_510' title='bbox 417 2943 530 2979; x_wconf 87' lang='lat' dir='ltr'>Parsne</span> <span class='ocrx_word' id='word_1_511' title='bbox 555 2940 626 2975; x_wconf 81' lang='lat' dir='ltr'>esset</span> <span class='ocrx_word' id='word_1_512' title='bbox 650 2939 704 2973; x_wconf 87' lang='lat' dir='ltr'>hic</span> <span class='ocrx_word' id='word_1_513' title='bbox 737 2949 848 2973; x_wconf 86' lang='lat' dir='ltr'>tumor</span> <span class='ocrx_word' id='word_1_514' title='bbox 881 2940 963 2972; x_wconf 89' lang='lat' dir='ltr'>renis</span> <span class='ocrx_word' id='word_1_515' title='bbox 995 2938 1221 2972; x_wconf 82' lang='lat' dir='ltr'>tantummodo</span> <span class='ocrx_word' id='word_1_516' title='bbox 1255 2939 1332 2971; x_wconf 88' lang='lat' dir='ltr'>Suc-</span> 
     </span>
     <span class='ocr_line' id='line_1_67' title="bbox 319 2982 1332 3026; baseline -0.01 -1"><span class='ocrx_word' id='word_1_517' title='bbox 319 2988 520 3026; x_wconf 85' lang='lat' dir='ltr'>centuriati,</span> <span class='ocrx_word' id='word_1_518' title='bbox 547 2986 654 3019; x_wconf 85' lang='lat' dir='ltr'>minus</span> <span class='ocrx_word' id='word_1_519' title='bbox 678 2983 731 3017; x_wconf 87' lang='lat' dir='ltr'>hic</span> <span class='ocrx_word' id='word_1_520' title='bbox 755 2982 879 3025; x_wconf 83' lang='lat' dir='ltr'>praestat</span> <span class='ocrx_word' id='word_1_521' title='bbox 903 2994 1062 3025; x_wconf 68' lang='lat' dir='ltr'>quaerere,</span> <span class='ocrx_word' id='word_1_522' title='bbox 1087 2982 1143 3016; x_wconf 92' lang='lat' dir='ltr'>ubi</span> <span class='ocrx_word' id='word_1_523' title='bbox 1166 2992 1237 3025; x_wconf 82' lang='lat' dir='ltr'>quae</span> <span class='ocrx_word' id='word_1_524' title='bbox 1252 2993 1332 3026; x_wconf 80' lang='lat' dir='ltr'>prae-</span> 
     </span>
     <span class='ocr_line' id='line_1_68' title="bbox 319 3026 1332 3072; baseline -0.013 -3"><span class='ocrx_word' id='word_1_525' title='bbox 319 3034 465 3070; x_wconf 78' lang='lat' dir='ltr'>cesserint</span> <span class='ocrx_word' id='word_1_526' title='bbox 496 3057 505 3071; x_wconf 87' lang='lat'>,</span> <span class='ocrx_word' id='word_1_527' title='bbox 550 3032 737 3072; x_wconf 79' lang='lat' dir='ltr'>ignoramus</span> <span class='ocrx_word' id='word_1_528' title='bbox 759 3050 770 3066; x_wconf 84' lang='lat'>,</span> <span class='ocrx_word' id='word_1_529' title='bbox 812 3027 850 3061; x_wconf 89' lang='lat' dir='ltr'>ad</span> <span class='ocrx_word' id='word_1_530' title='bbox 893 3037 964 3060; x_wconf 86' lang='lat' dir='ltr'>eum</span> <span class='ocrx_word' id='word_1_531' title='bbox 996 3037 1101 3060; x_wconf 88' lang='lat' dir='ltr'>renem</span> <span class='ocrx_word' id='word_1_532' title='bbox 1136 3026 1332 3065; x_wconf 81' lang='lat' dir='ltr'>attinentia,</span> 
     </span>
     <span class='ocr_line' id='line_1_69' title="bbox 320 3069 1332 3121; baseline -0.011 -10"><span class='ocrx_word' id='word_1_533' title='bbox 320 3089 418 3121; x_wconf 88' lang='lat' dir='ltr'>quam</span> <span class='ocrx_word' id='word_1_534' title='bbox 440 3073 601 3117; x_wconf 85' lang='lat' dir='ltr'>conjicere</span> <span class='ocrx_word' id='word_1_535' title='bbox 629 3098 638 3112; x_wconf 86' lang='lat'>,</span> <span class='ocrx_word' id='word_1_536' title='bbox 676 3082 747 3113; x_wconf 80' lang='lat' dir='ltr'>quae</span> <span class='ocrx_word' id='word_1_537' title='bbox 771 3069 869 3103; x_wconf 89' lang='lat' dir='ltr'>fuerit</span> <span class='ocrx_word' id='word_1_538' title='bbox 893 3080 978 3102; x_wconf 87' lang='lat' dir='ltr'>mens</span> <span class='ocrx_word' id='word_1_539' title='bbox 1002 3069 1160 3104; x_wconf 85' lang='lat' dir='ltr'>Valsalvae</span> <span class='ocrx_word' id='word_1_540' title='bbox 1185 3071 1217 3102; x_wconf 90' lang='lat' dir='ltr'>in</span> <span class='ocrx_word' id='word_1_541' title='bbox 1249 3080 1332 3101; x_wconf 75' lang='lat' dir='ltr'>non·</span> 
     </span>
     <span class='ocr_line' id='line_1_70' title="bbox 320 3112 1333 3160; baseline -0.014 -3"><span class='ocrx_word' id='word_1_542' title='bbox 320 3122 419 3158; x_wconf 90' lang='lat' dir='ltr'>nullis</span> <span class='ocrx_word' id='word_1_543' title='bbox 442 3117 541 3160; x_wconf 82' lang='lat' dir='ltr'>hujus</span> <span class='ocrx_word' id='word_1_544' title='bbox 567 3115 710 3153; x_wconf 79' lang='lat' dir='ltr'>historiae</span> <span class='ocrx_word' id='word_1_545' title='bbox 735 3114 838 3147; x_wconf 51' lang='lat' dir='ltr'>locis&lt;</span> <span class='ocrx_word' id='word_1_546' title='bbox 860 3113 949 3146; x_wconf 90' lang='lat' dir='ltr'>Nam</span> <span class='ocrx_word' id='word_1_547' title='bbox 973 3122 1008 3148; x_wconf 90' lang='lat' dir='ltr'>ut</span> <span class='ocrx_word' id='word_1_548' title='bbox 1032 3115 1065 3146; x_wconf 89' lang='lat' dir='ltr'>in</span> <span class='ocrx_word' id='word_1_549' title='bbox 1089 3125 1123 3147; x_wconf 85' lang='lat' dir='ltr'>ea</span> <span class='ocrx_word' id='word_1_550' title='bbox 1154 3112 1333 3160; x_wconf 74' lang='lat' dir='ltr'>describen-</span> 
     </span>
     <span class='ocr_line' id='line_1_71' title="bbox 319 3155 1333 3203; baseline -0.012 -4"><span class='ocrx_word' id='word_1_551' title='bbox 319 3166 383 3203; x_wconf 88' lang='lat' dir='ltr'>da,</span> <span class='ocrx_word' id='word_1_552' title='bbox 409 3161 545 3202; x_wconf 84' lang='lat' dir='ltr'>sedulo,</span> <span class='ocrx_word' id='word_1_553' title='bbox 566 3170 603 3194; x_wconf 87' lang='lat' dir='ltr'>ut</span> <span class='ocrx_word' id='word_1_554' title='bbox 627 3158 743 3194; x_wconf 84' lang='lat' dir='ltr'>solitus</span> <span class='ocrx_word' id='word_1_555' title='bbox 768 3157 835 3191; x_wconf 90' lang='lat' dir='ltr'>sum</span> <span class='ocrx_word' id='word_1_556' title='bbox 851 3181 862 3197; x_wconf 85' lang='lat'>,</span> <span class='ocrx_word' id='word_1_557' title='bbox 885 3158 978 3197; x_wconf 85' lang='lat' dir='ltr'>cavi,</span> <span class='ocrx_word' id='word_1_558' title='bbox 1003 3168 1039 3190; x_wconf 88' lang='lat' dir='ltr'>ne</span> <span class='ocrx_word' id='word_1_559' title='bbox 1063 3155 1141 3199; x_wconf 89' lang='lat' dir='ltr'>quid</span> <span class='ocrx_word' id='word_1_560' title='bbox 1166 3168 1231 3199; x_wconf 72' lang='lat' dir='ltr'>ejus</span> <span class='ocrx_word' id='word_1_561' title='bbox 1265 3158 1333 3188; x_wconf 87' lang='lat' dir='ltr'>sen-</span> 
     </span>
     <span class='ocr_line' id='line_1_72' title="bbox 318 3198 1333 3243; baseline -0.017 -1"><span class='ocrx_word' id='word_1_562' title='bbox 318 3210 430 3243; x_wconf 78' lang='lat' dir='ltr'>tentiae</span> <span class='ocrx_word' id='word_1_563' title='bbox 454 3203 622 3242; x_wconf 85' lang='lat' dir='ltr'>adderem,</span> <span class='ocrx_word' id='word_1_564' title='bbox 651 3212 705 3238; x_wconf 86' lang='lat' dir='ltr'>aut</span> <span class='ocrx_word' id='word_1_565' title='bbox 729 3201 887 3235; x_wconf 87' lang='lat' dir='ltr'>demerem</span> <span class='ocrx_word' id='word_1_566' title='bbox 903 3225 912 3239; x_wconf 89' lang='lat'>,</span> <span class='ocrx_word' id='word_1_567' title='bbox 934 3201 980 3233; x_wconf 84' lang='lat' dir='ltr'>ita</span> <span class='ocrx_word' id='word_1_568' title='bbox 1006 3199 1175 3243; x_wconf 75' lang='lat' dir='ltr'>postquam</span> <span class='ocrx_word' id='word_1_569' title='bbox 1198 3199 1232 3234; x_wconf 77' lang='lat' dir='ltr'>id</span> <span class='ocrx_word' id='word_1_570' title='bbox 1255 3198 1333 3233; x_wconf 68' lang='lat' dir='ltr'>fide-</span> 
     </span>
     <span class='ocr_line' id='line_1_73' title="bbox 319 3242 1333 3294; baseline -0.009 -7"><span class='ocrx_word' id='word_1_571' title='bbox 319 3254 394 3289; x_wconf 85' lang='lat' dir='ltr'>liter</span> <span class='ocrx_word' id='word_1_572' title='bbox 416 3248 571 3294; x_wconf 84' lang='lat' dir='ltr'>praestiti,</span> <span class='ocrx_word' id='word_1_573' title='bbox 594 3257 679 3281; x_wconf 89' lang='lat' dir='ltr'>nunc</span> <span class='ocrx_word' id='word_1_574' title='bbox 722 3244 807 3281; x_wconf 87' lang='lat' dir='ltr'>mihi</span> <span class='ocrx_word' id='word_1_575' title='bbox 852 3244 985 3277; x_wconf 87' lang='lat' dir='ltr'>liberum</span> <span class='ocrx_word' id='word_1_576' title='bbox 1000 3242 1094 3294; x_wconf 58' lang='lat' dir='ltr'>esse,</span> <span class='ocrx_word' id='word_1_577' title='bbox 1125 3253 1207 3286; x_wconf 87' lang='lat' dir='ltr'>puto</span> <span class='ocrx_word' id='word_1_578' title='bbox 1231 3268 1240 3283; x_wconf 92' lang='lat'>,</span> <span class='ocrx_word' id='word_1_579' title='bbox 1268 3254 1333 3278; x_wconf 87' lang='lat' dir='ltr'>rem</span> 
     </span>
     <span class='ocr_line' id='line_1_74' title="bbox 320 3287 1334 3334; baseline -0.015 -2"><span class='ocrx_word' id='word_1_580' title='bbox 320 3299 368 3332; x_wconf 87' lang='lat' dir='ltr'>ita</span> <span class='ocrx_word' id='word_1_581' title='bbox 392 3292 595 3334; x_wconf 81' lang='lat' dir='ltr'>intelligere,</span> <span class='ocrx_word' id='word_1_582' title='bbox 619 3299 656 3324; x_wconf 90' lang='lat' dir='ltr'>ut</span> <span class='ocrx_word' id='word_1_583' title='bbox 679 3288 767 3332; x_wconf 89' lang='lat' dir='ltr'>quod</span> <span class='ocrx_word' id='word_1_584' title='bbox 790 3297 954 3323; x_wconf 88' lang='lat' dir='ltr'>mortuum</span> <span class='ocrx_word' id='word_1_585' title='bbox 978 3297 1024 3322; x_wconf 81' lang='lat' dir='ltr'>ait</span> <span class='ocrx_word' id='word_1_586' title='bbox 1046 3287 1098 3321; x_wconf 77' lang='lat' dir='ltr'>die</span> <span class='ocrx_word' id='word_1_587' title='bbox 1123 3287 1213 3320; x_wconf 83' lang='lat' dir='ltr'>sexto</span> <span class='ocrx_word' id='word_1_588' title='bbox 1235 3310 1249 3327; x_wconf 92' lang='lat'>,</span> <span class='ocrx_word' id='word_1_589' title='bbox 1282 3297 1334 3319; x_wconf 81' lang='lat' dir='ltr'>ac-</span> 
     </span>
     <span class='ocr_line' id='line_1_75' title="bbox 320 3330 1334 3384; baseline -0.005 -15"><span class='ocrx_word' id='word_1_590' title='bbox 320 3341 440 3384; x_wconf 77' lang='lat' dir='ltr'>cipiarn</span> <span class='ocrx_word' id='word_1_591' title='bbox 461 3347 500 3369; x_wconf 82' lang='lat' dir='ltr'>ex</span> <span class='ocrx_word' id='word_1_592' title='bbox 523 3347 589 3379; x_wconf 89' lang='lat' dir='ltr'>quo</span> <span class='ocrx_word' id='word_1_593' title='bbox 611 3332 712 3369; x_wconf 89' lang='lat' dir='ltr'>horno</span> <span class='ocrx_word' id='word_1_594' title='bbox 735 3342 791 3368; x_wconf 87' lang='lat' dir='ltr'>aut</span> <span class='ocrx_word' id='word_1_595' title='bbox 825 3331 927 3364; x_wconf 57' lang='lat' dir='ltr'>ereffita</span> <span class='ocrx_word' id='word_1_596' title='bbox 959 3332 1079 3365; x_wconf 87' lang='lat' dir='ltr'>cervice</span> <span class='ocrx_word' id='word_1_597' title='bbox 1111 3330 1227 3374; x_wconf 85' lang='lat' dir='ltr'>spirare</span> <span class='ocrx_word' id='word_1_598' title='bbox 1267 3341 1334 3364; x_wconf 86' lang='lat' dir='ltr'>coe-</span> 
     </span>
     <span class='ocr_line' id='line_1_76' title="bbox 321 3373 1333 3428; baseline -0.005 -15"><span class='ocrx_word' id='word_1_599' title='bbox 321 3387 395 3428; x_wconf 81' lang='lat' dir='ltr'>pit,</span> <span class='ocrx_word' id='word_1_600' title='bbox 419 3390 473 3416; x_wconf 81' lang='lat' dir='ltr'>aut</span> <span class='ocrx_word' id='word_1_601' title='bbox 497 3382 530 3412; x_wconf 90' lang='lat' dir='ltr'>in</span> <span class='ocrx_word' id='word_1_602' title='bbox 558 3378 801 3412; x_wconf 64' lang='lat' dir='ltr'>Nosocom‘ium</span> <span class='ocrx_word' id='word_1_603' title='bbox 823 3374 955 3418; x_wconf 82' lang='lat' dir='ltr'>aliquod</span> <span class='ocrx_word' id='word_1_604' title='bbox 978 3384 1129 3418; x_wconf 82' lang='lat' dir='ltr'>exceptus</span> <span class='ocrx_word' id='word_1_605' title='bbox 1153 3374 1194 3407; x_wconf 89' lang='lat' dir='ltr'>est</span> <span class='ocrx_word' id='word_1_606' title='bbox 1210 3387 1219 3405; x_wconf 90' lang='lat'><strong>:</strong></span> <span class='ocrx_word' id='word_1_607' title='bbox 1244 3373 1333 3415; x_wconf 90' lang='lat' dir='ltr'>qnod</span> 
     </span>
     <span class='ocr_line' id='line_1_77' title="bbox 322 3417 1332 3464; baseline -0.01 -4"><span class='ocrx_word' id='word_1_608' title='bbox 322 3436 431 3462; x_wconf 88' lang='lat' dir='ltr'>autem</span> <span class='ocrx_word' id='word_1_609' title='bbox 452 3425 497 3458; x_wconf 86' lang='lat' dir='ltr'>ait</span> <span class='ocrx_word' id='word_1_610' title='bbox 512 3447 523 3463; x_wconf 87' lang='lat'>,</span> <span class='ocrx_word' id='word_1_611' title='bbox 544 3422 600 3459; x_wconf 79' lang='lat' dir='ltr'>vix</span> <span class='ocrx_word' id='word_1_612' title='bbox 623 3420 661 3455; x_wconf 86' lang='lat' dir='ltr'>de</span> <span class='ocrx_word' id='word_1_613' title='bbox 686 3421 825 3464; x_wconf 62' lang='lat' dir='ltr'>pectoris</span> <span class='ocrx_word' id='word_1_614' title='bbox 857 3418 1050 3462; x_wconf 75' lang='lat' dir='ltr'>oppressione</span> <span class='ocrx_word' id='word_1_615' title='bbox 1083 3418 1173 3462; x_wconf 87' lang='lat' dir='ltr'>queri</span> <span class='ocrx_word' id='word_1_616' title='bbox 1207 3417 1332 3464; x_wconf 88' lang='lat' dir='ltr'>potuis-</span> 
     </span>
     <span class='ocr_line' id='line_1_78' title="bbox 325 3460 1331 3510; baseline -0.011 -7"><span class='ocrx_word' id='word_1_617' title='bbox 325 3471 374 3510; x_wconf 90' lang='lat' dir='ltr'>se,</span> <span class='ocrx_word' id='word_1_618' title='bbox 396 3469 439 3502; x_wconf 86' lang='lat' dir='ltr'>s1c</span> <span class='ocrx_word' id='word_1_619' title='bbox 461 3466 643 3508; x_wconf 82' lang='lat' dir='ltr'>intelligam</span> <span class='ocrx_word' id='word_1_620' title='bbox 663 3488 671 3503; x_wconf 94' lang='lat'>‚</span> <span class='ocrx_word' id='word_1_621' title='bbox 705 3475 768 3498; x_wconf 88' lang='lat' dir='ltr'>non</span> <span class='ocrx_word' id='word_1_622' title='bbox 802 3463 891 3507; x_wconf 88' lang='lat' dir='ltr'>quod</span> <span class='ocrx_word' id='word_1_623' title='bbox 923 3461 990 3496; x_wconf 77' lang='lat' dir='ltr'>haec</span> <span class='ocrx_word' id='word_1_624' title='bbox 1023 3460 1122 3496; x_wconf 89' lang='lat' dir='ltr'>ferme</span> <span class='ocrx_word' id='word_1_625' title='bbox 1159 3461 1296 3496; x_wconf 76' lang='lat' dir='ltr'>abfuerit</span> <span class='ocrx_word' id='word_1_626' title='bbox 1322 3483 1331 3498; x_wconf 90' lang='lat'>,</span> 
     </span>
     <span class='ocr_line' id='line_1_79' title="bbox 321 3503 1331 3556; baseline -0.012 -9"><span class='ocrx_word' id='word_1_627' title='bbox 321 3517 389 3549; x_wconf 89' lang='lat' dir='ltr'>imo</span> <span class='ocrx_word' id='word_1_628' title='bbox 414 3512 523 3556; x_wconf 85' lang='lat' dir='ltr'>potius</span> <span class='ocrx_word' id='word_1_629' title='bbox 545 3508 632 3552; x_wconf 88' lang='lat' dir='ltr'>quod</span> <span class='ocrx_word' id='word_1_630' title='bbox 655 3517 742 3542; x_wconf 83' lang='lat' dir='ltr'>tanta</span> <span class='ocrx_word' id='word_1_631' title='bbox 768 3506 887 3545; x_wconf 86' lang='lat' dir='ltr'>fuerit,</span> <span class='ocrx_word' id='word_1_632' title='bbox 912 3515 948 3539; x_wconf 88' lang='lat' dir='ltr'>ut</span> <span class='ocrx_word' id='word_1_633' title='bbox 971 3506 1014 3538; x_wconf 92' lang='lat' dir='ltr'>ob</span> <span class='ocrx_word' id='word_1_634' title='bbox 1037 3505 1209 3551; x_wconf 84' lang='lat' dir='ltr'>respirandi</span> <span class='ocrx_word' id='word_1_635' title='bbox 1245 3503 1331 3537; x_wconf 72' lang='lat' dir='ltr'>diffi-</span> 
     </span>
     <span class='ocr_line' id='line_1_80' title="bbox 322 3551 1329 3596; baseline -0.013 -2"><span class='ocrx_word' id='word_1_636' title='bbox 322 3558 475 3594; x_wconf 88' lang='lat' dir='ltr'>cultatem</span> <span class='ocrx_word' id='word_1_637' title='bbox 500 3554 555 3587; x_wconf 78' lang='lat' dir='ltr'>vix</span> <span class='ocrx_word' id='word_1_638' title='bbox 579 3554 607 3585; x_wconf 89' lang='lat' dir='ltr'>ci</span> <span class='ocrx_word' id='word_1_639' title='bbox 629 3554 740 3586; x_wconf 88' lang='lat' dir='ltr'>liceret</span> <span class='ocrx_word' id='word_1_640' title='bbox 764 3551 878 3595; x_wconf 85' lang='lat' dir='ltr'>loqui,</span> <span class='ocrx_word' id='word_1_641' title='bbox 905 3559 941 3585; x_wconf 89' lang='lat' dir='ltr'>nt</span> <span class='ocrx_word' id='word_1_642' title='bbox 964 3551 1002 3583; x_wconf 90' lang='lat' dir='ltr'>de</span> <span class='ocrx_word' id='word_1_643' title='bbox 1024 3551 1091 3596; x_wconf 86' lang='lat' dir='ltr'>ipsa</span> <span class='ocrx_word' id='word_1_644' title='bbox 1115 3559 1298 3592; x_wconf 83' lang='lat' dir='ltr'>quereretur</span> <span class='ocrx_word' id='word_1_645' title='bbox 1321 3572 1329 3580; x_wconf 88' lang='lat'><strong>.</strong></span> 
     </span>
    </p>
   </div>
   <div class='ocr_carea' id='block_1_5' title="bbox 324 3685 1030 3701">
    <p class='ocr_par' dir='ltr' id='par_1_9' title="bbox 324 3685 1030 3701">
     <span class='ocr_line' id='line_1_81' title="bbox 324 3685 1030 3701; baseline -0.001 -8"><span class='ocrx_word' id='word_1_646' title='bbox 324 3685 1030 3701; x_wconf 49' lang='grc' dir='ltr'><em>Μ</em></span> 
     </span>
    </p>
   </div>
   <div class='ocr_carea' id='block_1_6' title="bbox 381 3743 776 3781">
    <p class='ocr_par' dir='ltr' id='par_1_10' title="bbox 381 3743 776 3781">
     <span class='ocr_line' id='line_1_82' title="bbox 381 3743 776 3781; baseline -0.023 -4"><span class='ocrx_word' id='word_1_647' title='bbox 381 3749 421 3781; x_wconf 77' lang='grc' dir='ltr'>(ν</span> <span class='ocrx_word' id='word_1_648' title='bbox 438 3747 446 3781; x_wconf 57' lang='lat' dir='ltr'>l</span> <span class='ocrx_word' id='word_1_649' title='bbox 463 3749 498 3774; x_wconf 87' lang='lat' dir='ltr'>De</span> <span class='ocrx_word' id='word_1_650' title='bbox 516 3748 605 3772; x_wconf 80' lang='lat' dir='ltr'>Aneur.</span> <span class='ocrx_word' id='word_1_651' title='bbox 620 3746 639 3771; x_wconf 92' lang='lat' dir='ltr'>l.</span> <span class='ocrx_word' id='word_1_652' title='bbox 657 3751 678 3770; x_wconf 86' lang='lat'>2.</span> <span class='ocrx_word' id='word_1_653' title='bbox 694 3744 719 3770; x_wconf 81' lang='lat' dir='ltr'>in</span> <span class='ocrx_word' id='word_1_654' title='bbox 736 3743 776 3769; x_wconf 88' lang='lat' dir='ltr'>fin.</span> 
     </span>
    </p>
   </div>
   <div class='ocr_carea' id='block_1_7' title="bbox 1376 237 2451 1980">
    <p class='ocr_par' dir='ltr' id='par_1_11' title="bbox 1381 237 2451 841">
     <span class='ocr_line' id='line_1_83' title="bbox 1386 237 2451 284; baseline 0.002 -12"><span class='ocrx_word' id='word_1_655' title='bbox 1386 240 1591 284; x_wconf 81' lang='lat' dir='ltr'>vibratusque</span> <span class='ocrx_word' id='word_1_656' title='bbox 1627 251 1691 274; x_wconf 90' lang='lat' dir='ltr'>non</span> <span class='ocrx_word' id='word_1_657' title='bbox 1726 239 1824 274; x_wconf 87' lang='lat' dir='ltr'>fuerit</span> <span class='ocrx_word' id='word_1_658' title='bbox 1843 263 1855 281; x_wconf 90' lang='lat'>,</span> <span class='ocrx_word' id='word_1_659' title='bbox 1888 246 1943 272; x_wconf 86' lang='lat' dir='ltr'>aut</span> <span class='ocrx_word' id='word_1_660' title='bbox 1974 238 2012 272; x_wconf 89' lang='lat' dir='ltr'>de</span> <span class='ocrx_word' id='word_1_661' title='bbox 2038 237 2182 281; x_wconf 90' lang='lat' dir='ltr'>hydrope</span> <span class='ocrx_word' id='word_1_662' title='bbox 2216 239 2304 282; x_wconf 91' lang='lat' dir='ltr'>quod</span> <span class='ocrx_word' id='word_1_663' title='bbox 2328 251 2400 281; x_wconf 82' lang='lat' dir='ltr'>non·</span> <span class='ocrx_word' id='word_1_664' title='bbox 2420 254 2451 276; x_wconf 77' lang='grc'>.··,·</span> 
     </span>
     <span class='ocr_line' id='line_1_84' title="bbox 1388 282 2398 327; baseline -0.001 -10"><span class='ocrx_word' id='word_1_665' title='bbox 1388 282 1427 317; x_wconf 86' lang='lat' dir='ltr'>sit</span> <span class='ocrx_word' id='word_1_666' title='bbox 1460 285 1580 327; x_wconf 77' lang='lat' dir='ltr'>pariter</span> <span class='ocrx_word' id='word_1_667' title='bbox 1603 283 1807 322; x_wconf 85' lang='lat' dir='ltr'>consecutus3</span> <span class='ocrx_word' id='word_1_668' title='bbox 1831 283 1902 317; x_wconf 84' lang='lat' dir='ltr'>noli</span> <span class='ocrx_word' id='word_1_669' title='bbox 1925 293 2117 325; x_wconf 81' lang='lat' dir='ltr'>magnopere</span> <span class='ocrx_word' id='word_1_670' title='bbox 2140 284 2269 317; x_wconf 86' lang='lat' dir='ltr'>mirari.</span> <span class='ocrx_word' id='word_1_671' title='bbox 2292 284 2398 317; x_wconf 87' lang='lat' dir='ltr'>Nam-</span> 
     </span>
     <span class='ocr_line' id='line_1_85' title="bbox 1388 323 2396 371; baseline -0.001 -11"><span class='ocrx_word' id='word_1_672' title='bbox 1388 339 1449 370; x_wconf 88' lang='lat' dir='ltr'>que</span> <span class='ocrx_word' id='word_1_673' title='bbox 1481 337 1534 361; x_wconf 90' lang='lat' dir='ltr'>aut</span> <span class='ocrx_word' id='word_1_674' title='bbox 1566 327 1736 371; x_wconf 77' lang='lat' dir='ltr'>dispositio</span> <span class='ocrx_word' id='word_1_675' title='bbox 1758 349 1767 363; x_wconf 89' lang='lat'><em>‚</em></span> <span class='ocrx_word' id='word_1_676' title='bbox 1802 336 1857 361; x_wconf 84' lang='lat' dir='ltr'>aut</span> <span class='ocrx_word' id='word_1_677' title='bbox 1888 335 2013 367; x_wconf 85' lang='lat' dir='ltr'>tempus</span> <span class='ocrx_word' id='word_1_678' title='bbox 2044 323 2141 358; x_wconf 80' lang='lat' dir='ltr'>deesse</span> <span class='ocrx_word' id='word_1_679' title='bbox 2177 328 2287 368; x_wconf 86' lang='lat' dir='ltr'>potuit</span> <span class='ocrx_word' id='word_1_680' title='bbox 2310 349 2323 366; x_wconf 91' lang='lat'>,</span> <span class='ocrx_word' id='word_1_681' title='bbox 2358 336 2396 361; x_wconf 89' lang='lat' dir='ltr'>ut</span> 
     </span>
     <span class='ocr_line' id='line_1_86' title="bbox 1388 369 2396 411; baseline -0.005 -6"><span class='ocrx_word' id='word_1_682' title='bbox 1388 370 1443 405; x_wconf 83' lang='lat' dir='ltr'>hic</span> <span class='ocrx_word' id='word_1_683' title='bbox 1477 370 1567 404; x_wconf 84' lang='lat' dir='ltr'>fieret</span> <span class='ocrx_word' id='word_1_684' title='bbox 1593 385 1600 402; x_wconf 90' lang='lat'>:</span> <span class='ocrx_word' id='word_1_685' title='bbox 1637 382 1696 403; x_wconf 87' lang='lat' dir='ltr'>cor</span> <span class='ocrx_word' id='word_1_686' title='bbox 1727 381 1803 404; x_wconf 85' lang='lat' dir='ltr'>vero</span> <span class='ocrx_word' id='word_1_687' title='bbox 1834 379 1891 405; x_wconf 86' lang='lat' dir='ltr'>aut</span> <span class='ocrx_word' id='word_1_688' title='bbox 1927 369 1972 402; x_wconf 88' lang='lat' dir='ltr'>ob</span> <span class='ocrx_word' id='word_1_689' title='bbox 2003 370 2106 411; x_wconf 74' lang='lat' dir='ltr'>magis</span> <span class='ocrx_word' id='word_1_690' title='bbox 2137 378 2317 404; x_wconf 82' lang='lat' dir='ltr'>enervatam</span> <span class='ocrx_word' id='word_1_691' title='bbox 2339 381 2396 403; x_wconf 84' lang='lat' dir='ltr'>au-</span> 
     </span>
     <span class='ocr_line' id='line_1_87' title="bbox 1385 411 2397 456; baseline -0.005 -10"><span class='ocrx_word' id='word_1_692' title='bbox 1385 414 1522 449; x_wconf 83' lang='lat' dir='ltr'>riculam</span> <span class='ocrx_word' id='word_1_693' title='bbox 1557 413 1743 453; x_wconf 84' lang='lat' dir='ltr'>dexteram,</span> <span class='ocrx_word' id='word_1_694' title='bbox 1765 414 1885 455; x_wconf 83' lang='lat' dir='ltr'>quippe</span> <span class='ocrx_word' id='word_1_695' title='bbox 1908 414 1941 445; x_wconf 89' lang='lat' dir='ltr'>in</span> <span class='ocrx_word' id='word_1_696' title='bbox 1965 411 2117 454; x_wconf 86' lang='lat' dir='ltr'>marsupii</span> <span class='ocrx_word' id='word_1_697' title='bbox 2152 412 2293 456; x_wconf 71' lang='lat' dir='ltr'>ingentis</span> <span class='ocrx_word' id='word_1_698' title='bbox 2324 424 2397 447; x_wconf 87' lang='lat' dir='ltr'>mo-</span> 
     </span>
     <span class='ocr_line' id='line_1_88' title="bbox 1381 455 2396 500; baseline 0 -9"><span class='ocrx_word' id='word_1_699' title='bbox 1381 458 1457 491; x_wconf 88' lang='lat' dir='ltr'>dum</span> <span class='ocrx_word' id='word_1_700' title='bbox 1469 458 1661 500; x_wconf 82' lang='lat' dir='ltr'>expansam,</span> <span class='ocrx_word' id='word_1_701' title='bbox 1684 457 1790 490; x_wconf 89' lang='lat' dir='ltr'>minus</span> <span class='ocrx_word' id='word_1_702' title='bbox 1813 457 1975 499; x_wconf 82' lang='lat' dir='ltr'>sanguinis</span> <span class='ocrx_word' id='word_1_703' title='bbox 1997 455 2199 498; x_wconf 85' lang='lat' dir='ltr'>accipiebat,</span> <span class='ocrx_word' id='word_1_704' title='bbox 2220 465 2276 490; x_wconf 82' lang='lat' dir='ltr'>aut</span> <span class='ocrx_word' id='word_1_705' title='bbox 2299 457 2396 491; x_wconf 64' lang='lat' dir='ltr'>adan-⁶</span> 
     </span>
     <span class='ocr_line' id='line_1_89' title="bbox 1384 498 2397 543; baseline -0.001 -9"><span class='ocrx_word' id='word_1_706' title='bbox 1384 502 1434 534; x_wconf 64' lang='lat' dir='ltr'>&amp;a</span> <span class='ocrx_word' id='word_1_707' title='bbox 1458 500 1599 543; x_wconf 82' lang='lat' dir='ltr'>ejusdem</span> <span class='ocrx_word' id='word_1_708' title='bbox 1622 502 1727 535; x_wconf 87' lang='lat' dir='ltr'>cordis</span> <span class='ocrx_word' id='word_1_709' title='bbox 1750 501 1941 542; x_wconf 80' lang='lat' dir='ltr'>magnitudo</span> <span class='ocrx_word' id='word_1_710' title='bbox 1964 500 2066 542; x_wconf 76' lang='lat' dir='ltr'>magis</span> <span class='ocrx_word' id='word_1_711' title='bbox 2090 498 2295 541; x_wconf 82' lang='lat' dir='ltr'>amplificatis</span> <span class='ocrx_word' id='word_1_712' title='bbox 2319 511 2397 534; x_wconf 91' lang='lat' dir='ltr'>ven-</span> 
     </span>
     <span class='ocr_line' id='line_1_90' title="bbox 1384 542 2400 588; baseline -0.001 -12"><span class='ocrx_word' id='word_1_713' title='bbox 1384 545 1511 578; x_wconf 84' lang='lat' dir='ltr'>triculis</span> <span class='ocrx_word' id='word_1_714' title='bbox 1526 569 1538 584; x_wconf 90' lang='lat'>,</span> <span class='ocrx_word' id='word_1_715' title='bbox 1560 557 1657 588; x_wconf 86' lang='lat' dir='ltr'>quam</span> <span class='ocrx_word' id='word_1_716' title='bbox 1680 543 1771 577; x_wconf 84' lang='lat' dir='ltr'>simul</span> <span class='ocrx_word' id='word_1_717' title='bbox 1795 543 1993 577; x_wconf 85' lang='lat' dir='ltr'>craffioribus</span> <span class='ocrx_word' id='word_1_718' title='bbox 2017 542 2114 577; x_wconf 64' lang='lat' dir='ltr'>fastis</span> <span class='ocrx_word' id='word_1_719' title='bbox 2139 543 2314 585; x_wconf 83' lang='lat' dir='ltr'>parietibus</span> <span class='ocrx_word' id='word_1_720' title='bbox 2339 542 2400 582; x_wconf 83' lang='lat' dir='ltr'>de.-</span> 
     </span>
     <span class='ocr_line' id='line_1_91' title="bbox 1383 586 2390 630; baseline -0.001 -10"><span class='ocrx_word' id='word_1_721' title='bbox 1383 588 1550 627; x_wconf 57' lang='lat' dir='ltr'>bebatur-,3</span> <span class='ocrx_word' id='word_1_722' title='bbox 1583 600 1621 621; x_wconf 87' lang='lat' dir='ltr'>ne</span> <span class='ocrx_word' id='word_1_723' title='bbox 1644 588 1725 630; x_wconf 88' lang='lat' dir='ltr'>quid</span> <span class='ocrx_word' id='word_1_724' title='bbox 1748 587 1855 620; x_wconf 83' lang='lat' dir='ltr'>dicam</span> <span class='ocrx_word' id='word_1_725' title='bbox 1879 586 1917 620; x_wconf 86' lang='lat' dir='ltr'>de</span> <span class='ocrx_word' id='word_1_726' title='bbox 1932 587 2147 629; x_wconf 83' lang='lat' dir='ltr'>amplioribus</span> <span class='ocrx_word' id='word_1_727' title='bbox 2171 587 2223 619; x_wconf 90' lang='lat' dir='ltr'>hic</span> <span class='ocrx_word' id='word_1_728' title='bbox 2239 609 2250 626; x_wconf 93' lang='lat'>,</span> <span class='ocrx_word' id='word_1_729' title='bbox 2275 590 2390 621; x_wconf 87' lang='lat' dir='ltr'>&amp;cer-</span> 
     </span>
     <span class='ocr_line' id='line_1_92' title="bbox 1381 629 2390 673; baseline -0.002 -9"><span class='ocrx_word' id='word_1_730' title='bbox 1381 641 1412 664; x_wconf 90' lang='lat' dir='ltr'>te</span> <span class='ocrx_word' id='word_1_731' title='bbox 1434 633 1540 667; x_wconf 79' lang='lat' dir='ltr'>minns</span> <span class='ocrx_word' id='word_1_732' title='bbox 1563 631 1699 667; x_wconf 80' lang='lat' dir='ltr'>mucosis</span> <span class='ocrx_word' id='word_1_733' title='bbox 1724 630 1987 664; x_wconf 85' lang='lat' dir='ltr'>concretionibus</span> <span class='ocrx_word' id='word_1_734' title='bbox 2010 642 2083 673; x_wconf 81' lang='lat' dir='ltr'>quae</span> <span class='ocrx_word' id='word_1_735' title='bbox 2106 641 2161 663; x_wconf 89' lang='lat' dir='ltr'>cor</span> <span class='ocrx_word' id='word_1_736' title='bbox 2181 640 2246 663; x_wconf 88' lang='lat' dir='ltr'>non</span> <span class='ocrx_word' id='word_1_737' title='bbox 2269 629 2390 668; x_wconf 90' lang='lat' dir='ltr'>modo,</span> 
     </span>
     <span class='ocr_line' id='line_1_93' title="bbox 1382 674 2393 716; baseline -0.003 -7"><span class='ocrx_word' id='word_1_738' title='bbox 1382 674 1432 709; x_wconf 90' lang='lat' dir='ltr'>sed</span> <span class='ocrx_word' id='word_1_739' title='bbox 1469 677 1501 708; x_wconf 86' lang='lat'>&amp;</span> <span class='ocrx_word' id='word_1_740' title='bbox 1533 674 1603 709; x_wconf 85' lang='lat' dir='ltr'>vasa</span> <span class='ocrx_word' id='word_1_741' title='bbox 1637 674 1822 708; x_wconf 83' lang='lat' dir='ltr'>obsidebant</span> <span class='ocrx_word' id='word_1_742' title='bbox 1855 685 1864 708; x_wconf 87' lang='lat'>.·</span> <span class='ocrx_word' id='word_1_743' title='bbox 1906 676 1939 707; x_wconf 71' lang='grc' dir='ltr'>δε</span> <span class='ocrx_word' id='word_1_744' title='bbox 1983 677 2165 716; x_wconf 81' lang='lat' dir='ltr'>quanquam</span> <span class='ocrx_word' id='word_1_745' title='bbox 2210 684 2274 707; x_wconf 90' lang='lat' dir='ltr'>non</span> <span class='ocrx_word' id='word_1_746' title='bbox 2320 682 2393 707; x_wconf 88' lang='lat' dir='ltr'>ante</span> 
     </span>
     <span class='ocr_line' id='line_1_94' title="bbox 1381 715 2392 760; baseline -0.001 -9"><span class='ocrx_word' id='word_1_747' title='bbox 1381 730 1433 751; x_wconf 87' lang='lat' dir='ltr'>eos</span> <span class='ocrx_word' id='word_1_748' title='bbox 1467 718 1639 760; x_wconf 78' lang='lat' dir='ltr'>postremos</span> <span class='ocrx_word' id='word_1_749' title='bbox 1672 719 1738 752; x_wconf 84' lang='lat' dir='ltr'>dies</span> <span class='ocrx_word' id='word_1_750' title='bbox 1773 717 1840 751; x_wconf 83' lang='lat' dir='ltr'>fieri</span> <span class='ocrx_word' id='word_1_751' title='bbox 1881 715 2049 760; x_wconf 78' lang='lat' dir='ltr'>coepissent</span> <span class='ocrx_word' id='word_1_752' title='bbox 2081 728 2095 759; x_wconf 84' lang='grc'>,-</span> <span class='ocrx_word' id='word_1_753' title='bbox 2135 716 2243 760; x_wconf 85' lang='lat' dir='ltr'>pulsus</span> <span class='ocrx_word' id='word_1_754' title='bbox 2285 726 2392 750; x_wconf 87' lang='lat' dir='ltr'>tamen</span> 
     </span>
     <span class='ocr_line' id='line_1_95' title="bbox 1382 759 2391 809; baseline -0.002 -13"><span class='ocrx_word' id='word_1_755' title='bbox 1382 761 1529 796; x_wconf 85' lang='lat' dir='ltr'>Valsalva</span> <span class='ocrx_word' id='word_1_756' title='bbox 1554 774 1619 797; x_wconf 90' lang='lat' dir='ltr'>non</span> <span class='ocrx_word' id='word_1_757' title='bbox 1653 762 1712 797; x_wconf 87' lang='lat' dir='ltr'>nisi</span> <span class='ocrx_word' id='word_1_758' title='bbox 1750 761 1802 797; x_wconf 86' lang='lat' dir='ltr'>his</span> <span class='ocrx_word' id='word_1_759' title='bbox 1834 759 1908 809; x_wconf 77' lang='lat' dir='ltr'>ipsis</span> <span class='ocrx_word' id='word_1_760' title='bbox 1942 760 2054 795; x_wconf 88' lang='lat' dir='ltr'>diebus</span> <span class='ocrx_word' id='word_1_761' title='bbox 2092 769 2244 805; x_wconf 85' lang='lat' dir='ltr'>potuerat</span> <span class='ocrx_word' id='word_1_762' title='bbox 2276 761 2391 805; x_wconf 83' lang='lat' dir='ltr'>explo-</span> 
     </span>
     <span class='ocr_line' id='line_1_96' title="bbox 1381 817 1477 841; baseline -0.021 0"><span class='ocrx_word' id='word_1_763' title='bbox 1381 817 1447 841; x_wconf 86' lang='lat' dir='ltr'>rare</span> <span class='ocrx_word' id='word_1_764' title='bbox 1469 829 1477 839; x_wconf 87' lang='lat'><em>.</em></span> 
     </span>
    </p>

    <p class='ocr_par' dir='ltr' id='par_1_12' title="bbox 1376 846 2395 1980">
     <span class='ocr_line' id='line_1_97' title="bbox 1428 846 2393 887; baseline -0.004 -5"><span class='ocrx_word' id='word_1_765' title='bbox 1428 860 1476 883; x_wconf 89' lang='lat'>10.</span> <span class='ocrx_word' id='word_1_766' title='bbox 1510 850 1594 883; x_wconf 88' lang='lat' dir='ltr'>PU</span> <span class='ocrx_word' id='word_1_767' title='bbox 1615 850 1646 883; x_wconf 90' lang='lat' dir='ltr'>E</span> <span class='ocrx_word' id='word_1_768' title='bbox 1670 849 1697 883; x_wconf 93' lang='lat' dir='ltr'>L</span> <span class='ocrx_word' id='word_1_769' title='bbox 1722 849 1750 882; x_wconf 88' lang='lat' dir='ltr'>L</span> <span class='ocrx_word' id='word_1_770' title='bbox 1773 848 1805 883; x_wconf 93' lang='lat' dir='ltr'>A</span> <span class='ocrx_word' id='word_1_771' title='bbox 1850 857 2006 880; x_wconf 85' lang='lat' dir='ltr'>annorum</span> <span class='ocrx_word' id='word_1_772' title='bbox 2041 846 2194 881; x_wconf 87' lang='lat' dir='ltr'>tredecim</span> <span class='ocrx_word' id='word_1_773' title='bbox 2219 870 2231 887; x_wconf 95' lang='lat'>‚</span> <span class='ocrx_word' id='word_1_774' title='bbox 2265 846 2305 880; x_wconf 85' lang='lat' dir='ltr'>ab</span> <span class='ocrx_word' id='word_1_775' title='bbox 2337 860 2393 883; x_wconf 83' lang='lat' dir='ltr'>or..</span> 
     </span>
     <span class='ocr_line' id='line_1_98' title="bbox 1382 889 2391 936; baseline -0.003 -9"><span class='ocrx_word' id='word_1_776' title='bbox 1382 900 1419 926; x_wconf 87' lang='lat' dir='ltr'>tu</span> <span class='ocrx_word' id='word_1_777' title='bbox 1451 892 1546 936; x_wconf 88' lang='lat' dir='ltr'>usque</span> <span class='ocrx_word' id='word_1_778' title='bbox 1580 892 1643 926; x_wconf 86' lang='lat' dir='ltr'>fere</span> <span class='ocrx_word' id='word_1_779' title='bbox 1675 892 1798 935; x_wconf 83' lang='lat' dir='ltr'>semper</span> <span class='ocrx_word' id='word_1_780' title='bbox 1819 890 2049 936; x_wconf 83' lang='lat' dir='ltr'>valetudinaria</span> <span class='ocrx_word' id='word_1_781' title='bbox 2073 914 2085 930; x_wconf 90' lang='lat'>,</span> <span class='ocrx_word' id='word_1_782' title='bbox 2117 889 2281 934; x_wconf 80' lang='lat' dir='ltr'>postremis</span> <span class='ocrx_word' id='word_1_783' title='bbox 2305 903 2391 924; x_wconf 89' lang='lat' dir='ltr'>men-</span> 
     </span>
     <span class='ocr_line' id='line_1_99' title="bbox 1383 934 2391 979; baseline 0.001 -11"><span class='ocrx_word' id='word_1_784' title='bbox 1383 935 1468 970; x_wconf 86' lang='lat' dir='ltr'>sibus</span> <span class='ocrx_word' id='word_1_785' title='bbox 1498 937 1589 979; x_wconf 86' lang='lat' dir='ltr'>queri</span> <span class='ocrx_word' id='word_1_786' title='bbox 1621 937 1735 978; x_wconf 45' lang='lat' dir='ltr'>coepit*</span> <span class='ocrx_word' id='word_1_787' title='bbox 1757 935 1795 969; x_wconf 88' lang='lat' dir='ltr'>de</span> <span class='ocrx_word' id='word_1_788' title='bbox 1827 934 1986 979; x_wconf 75' lang='lat' dir='ltr'>laboriosa</span> <span class='ocrx_word' id='word_1_789' title='bbox 2027 935 2236 977; x_wconf 79' lang='lat' dir='ltr'>respiratione</span> <span class='ocrx_word' id='word_1_790' title='bbox 2258 958 2271 976; x_wconf 90' lang='lat'>,</span> <span class='ocrx_word' id='word_1_791' title='bbox 2304 935 2391 969; x_wconf 85' lang='lat' dir='ltr'>tuffi-</span> 
     </span>
     <span class='ocr_line' id='line_1_100' title="bbox 1384 976 2391 1022; baseline -0.002 -9"><span class='ocrx_word' id='word_1_792' title='bbox 1384 990 1445 1022; x_wconf 88' lang='lat' dir='ltr'>que</span> <span class='ocrx_word' id='word_1_793' title='bbox 1475 991 1549 1014; x_wconf 88' lang='lat' dir='ltr'>cum</span> <span class='ocrx_word' id='word_1_794' title='bbox 1581 980 1687 1014; x_wconf 86' lang='lat' dir='ltr'>multo</span> <span class='ocrx_word' id='word_1_795' title='bbox 1706 1003 1720 1019; x_wconf 89' lang='lat'>,</span> <span class='ocrx_word' id='word_1_796' title='bbox 1753 976 1912 1021; x_wconf 63' lang='lat' dir='ltr'>crassoque</span> <span class='ocrx_word' id='word_1_797' title='bbox 1944 980 2039 1019; x_wconf 89' lang='lat' dir='ltr'>sputo</span> <span class='ocrx_word' id='word_1_798' title='bbox 2071 1002 2080 1016; x_wconf 89' lang='lat'>,</span> <span class='ocrx_word' id='word_1_799' title='bbox 2124 981 2155 1010; x_wconf 56' lang='grc' dir='ltr'>ἃ</span> <span class='ocrx_word' id='word_1_800' title='bbox 2189 979 2308 1013; x_wconf 78' lang='lat' dir='ltr'>ventris</span> <span class='ocrx_word' id='word_1_801' title='bbox 2340 981 2391 1012; x_wconf 89' lang='lat' dir='ltr'>in-</span> 
     </span>
     <span class='ocr_line' id='line_1_101' title="bbox 1384 1021 2393 1067; baseline 0 -11"><span class='ocrx_word' id='word_1_802' title='bbox 1384 1022 1593 1057; x_wconf 87' lang='lat' dir='ltr'>tumescentia</span> <span class='ocrx_word' id='word_1_803' title='bbox 1615 1048 1624 1056; x_wconf 64' lang='lat'><strong>„</strong></span> <span class='ocrx_word' id='word_1_804' title='bbox 1658 1023 1713 1056; x_wconf 91' lang='lat' dir='ltr'>Ad</span> <span class='ocrx_word' id='word_1_805' title='bbox 1746 1022 1814 1056; x_wconf 77' lang='lat' dir='ltr'>haec</span> <span class='ocrx_word' id='word_1_806' title='bbox 1838 1045 1847 1060; x_wconf 92' lang='lat'>‚</span> <span class='ocrx_word' id='word_1_807' title='bbox 1882 1021 2009 1065; x_wconf 83' lang='lat' dir='ltr'>ultimis</span> <span class='ocrx_word' id='word_1_808' title='bbox 2044 1023 2119 1054; x_wconf 84' lang='lat' dir='ltr'>vitae</span> <span class='ocrx_word' id='word_1_809' title='bbox 2151 1021 2260 1067; x_wconf 70' lang='lat' dir='ltr'>diebus</span> <span class='ocrx_word' id='word_1_810' title='bbox 2304 1021 2393 1056; x_wconf 66' lang='lat' dir='ltr'>facfta·</span> 
     </span>
     <span class='ocr_line' id='line_1_102' title="bbox 1383 1064 2390 1110; baseline -0.003 -11"><span class='ocrx_word' id='word_1_811' title='bbox 1383 1066 1427 1100; x_wconf 88' lang='lat' dir='ltr'>est</span> <span class='ocrx_word' id='word_1_812' title='bbox 1458 1069 1561 1110; x_wconf 77' lang='lat' dir='ltr'>magis</span> <span class='ocrx_word' id='word_1_813' title='bbox 1594 1066 1755 1102; x_wconf 86' lang='lat' dir='ltr'>siticulosa</span> <span class='ocrx_word' id='word_1_814' title='bbox 1777 1089 1786 1104; x_wconf 89' lang='lat'>,</span> <span class='ocrx_word' id='word_1_815' title='bbox 1823 1070 1855 1099; x_wconf 74' lang='grc' dir='ltr'>δε</span> <span class='ocrx_word' id='word_1_816' title='bbox 1890 1064 1981 1098; x_wconf 86' lang='lat' dir='ltr'>valde</span> <span class='ocrx_word' id='word_1_817' title='bbox 2014 1064 2192 1103; x_wconf 73' lang='lat' dir='ltr'>famelic25</span> <span class='ocrx_word' id='word_1_818' title='bbox 2218 1065 2267 1098; x_wconf 87' lang='lat' dir='ltr'>sed</span> <span class='ocrx_word' id='word_1_819' title='bbox 2302 1077 2316 1098; x_wconf 82' lang='lat' dir='ltr'>a</span> <span class='ocrx_word' id='word_1_820' title='bbox 2339 1067 2390 1098; x_wconf 86' lang='lat' dir='ltr'>ci-</span> 
     </span>
     <span class='ocr_line' id='line_1_103' title="bbox 1383 1108 2395 1153; baseline 0.001 -10"><span class='ocrx_word' id='word_1_821' title='bbox 1383 1109 1426 1143; x_wconf 91' lang='lat' dir='ltr'>bo</span> <span class='ocrx_word' id='word_1_822' title='bbox 1449 1111 1559 1153; x_wconf 82' lang='lat' dir='ltr'>ingens</span> <span class='ocrx_word' id='word_1_823' title='bbox 1585 1109 1769 1144; x_wconf 79' lang='lat' dir='ltr'>abdominis</span> <span class='ocrx_word' id='word_1_824' title='bbox 1801 1108 1902 1142; x_wconf 84' lang='lat' dir='ltr'>tensio</span> <span class='ocrx_word' id='word_1_825' title='bbox 1938 1108 2106 1142; x_wconf 83' lang='lat' dir='ltr'>accedebat</span> <span class='ocrx_word' id='word_1_826' title='bbox 2130 1133 2137 1141; x_wconf 89' lang='lat'><em>.</em></span> <span class='ocrx_word' id='word_1_827' title='bbox 2177 1109 2288 1143; x_wconf 75' lang='lat' dir='ltr'>Pulsus</span> <span class='ocrx_word' id='word_1_828' title='bbox 2325 1119 2395 1144; x_wconf 74' lang='lat' dir='ltr'>erat</span> 
     </span>
     <span class='ocr_line' id='line_1_104' title="bbox 1381 1152 2391 1195; baseline -0.001 -9"><span class='ocrx_word' id='word_1_829' title='bbox 1381 1154 1485 1191; x_wconf 90' lang='lat' dir='ltr'>celer,</span> <span class='ocrx_word' id='word_1_830' title='bbox 1518 1155 1615 1188; x_wconf 87' lang='lat' dir='ltr'>durus</span> <span class='ocrx_word' id='word_1_831' title='bbox 1639 1176 1649 1191; x_wconf 86' lang='lat'>,</span> <span class='ocrx_word' id='word_1_832' title='bbox 1683 1156 1715 1187; x_wconf 61' lang='lat' dir='ltr'>esc</span> <span class='ocrx_word' id='word_1_833' title='bbox 1748 1163 1861 1195; x_wconf 78' lang='lat' dir='ltr'>parvus</span> <span class='ocrx_word' id='word_1_834' title='bbox 1885 1177 1893 1184; x_wconf 95' lang='lat'>.</span> <span class='ocrx_word' id='word_1_835' title='bbox 1929 1152 2075 1186; x_wconf 63' lang='lat' dir='ltr'>Peetoris</span> <span class='ocrx_word' id='word_1_836' title='bbox 2107 1161 2212 1186; x_wconf 85' lang='lat' dir='ltr'>autem</span> <span class='ocrx_word' id='word_1_837' title='bbox 2249 1153 2391 1195; x_wconf 78' lang='lat' dir='ltr'>angustia</span> 
     </span>
     <span class='ocr_line' id='line_1_105' title="bbox 1381 1194 2390 1242; baseline 0 -12"><span class='ocrx_word' id='word_1_838' title='bbox 1381 1197 1557 1241; x_wconf 78' lang='lat' dir='ltr'>aliquando</span> <span class='ocrx_word' id='word_1_839' title='bbox 1578 1198 1677 1240; x_wconf 89' lang='lat' dir='ltr'>usque</span> <span class='ocrx_word' id='word_1_840' title='bbox 1702 1194 1780 1229; x_wconf 88' lang='lat' dir='ltr'>adeo</span> <span class='ocrx_word' id='word_1_841' title='bbox 1812 1196 2017 1242; x_wconf 69' lang='lat' dir='ltr'>invalescebat</span> <span class='ocrx_word' id='word_1_842' title='bbox 2039 1221 2047 1236; x_wconf 90' lang='lat'><em>‚</em></span> <span class='ocrx_word' id='word_1_843' title='bbox 2079 1204 2115 1230; x_wconf 87' lang='lat' dir='ltr'>ut</span> <span class='ocrx_word' id='word_1_844' title='bbox 2148 1206 2212 1228; x_wconf 83' lang='lat' dir='ltr'>non</span> <span class='ocrx_word' id='word_1_845' title='bbox 2248 1196 2340 1229; x_wconf 88' lang='lat' dir='ltr'>semel</span> <span class='ocrx_word' id='word_1_846' title='bbox 2374 1209 2390 1230; x_wconf 90' lang='lat' dir='ltr'>e</span> 
     </span>
     <span class='ocr_line' id='line_1_106' title="bbox 1381 1239 2390 1285; baseline -0.001 -10"><span class='ocrx_word' id='word_1_847' title='bbox 1381 1242 1466 1275; x_wconf 63' lang='lat' dir='ltr'>lecto</span> <span class='ocrx_word' id='word_1_848' title='bbox 1498 1240 1693 1283; x_wconf 74' lang='lat' dir='ltr'>gemebunda</span> <span class='ocrx_word' id='word_1_849' title='bbox 1730 1241 1906 1282; x_wconf 85' lang='lat' dir='ltr'>improviso</span> <span class='ocrx_word' id='word_1_850' title='bbox 1939 1240 2079 1285; x_wconf 79' lang='lat' dir='ltr'>surgeret</span> <span class='ocrx_word' id='word_1_851' title='bbox 2100 1264 2107 1272; x_wconf 89' lang='lat'><strong>.</strong></span> <span class='ocrx_word' id='word_1_852' title='bbox 2143 1239 2293 1274; x_wconf 77' lang='lat' dir='ltr'>Tandem</span> <span class='ocrx_word' id='word_1_853' title='bbox 2325 1252 2390 1275; x_wconf 90' lang='lat' dir='ltr'>uno</span> 
     </span>
     <span class='ocr_line' id='line_1_107' title="bbox 1381 1282 2390 1329; baseline 0 -12"><span class='ocrx_word' id='word_1_854' title='bbox 1381 1296 1419 1318; x_wconf 87' lang='lat' dir='ltr'>ex</span> <span class='ocrx_word' id='word_1_855' title='bbox 1461 1283 1649 1329; x_wconf 84' lang='lat' dir='ltr'>hujusmodi</span> <span class='ocrx_word' id='word_1_856' title='bbox 1693 1282 1896 1327; x_wconf 84' lang='lat' dir='ltr'>paroxysmis</span> <span class='ocrx_word' id='word_1_857' title='bbox 1938 1291 2083 1326; x_wconf 85' lang='lat' dir='ltr'>correpta</span> <span class='ocrx_word' id='word_1_858' title='bbox 2109 1308 2120 1324; x_wconf 87' lang='lat'><em>‚</em></span> <span class='ocrx_word' id='word_1_859' title='bbox 2162 1294 2282 1325; x_wconf 80' lang='lat' dir='ltr'>magno</span> <span class='ocrx_word' id='word_1_860' title='bbox 2306 1295 2390 1317; x_wconf 71' lang='lat' dir='ltr'>&gt;curn</span> 
     </span>
     <span class='ocr_line' id='line_1_108' title="bbox 1378 1325 2390 1373; baseline -0.001 -12"><span class='ocrx_word' id='word_1_861' title='bbox 1378 1328 1518 1362; x_wconf 83' lang='lat' dir='ltr'>clamore</span> <span class='ocrx_word' id='word_1_862' title='bbox 1542 1350 1552 1366; x_wconf 86' lang='lat'>‚</span> <span class='ocrx_word' id='word_1_863' title='bbox 1584 1332 1617 1363; x_wconf 85' lang='lat'>&amp;</span> <span class='ocrx_word' id='word_1_864' title='bbox 1652 1328 1777 1370; x_wconf 90' lang='lat' dir='ltr'>impetu</span> <span class='ocrx_word' id='word_1_865' title='bbox 1802 1335 1929 1373; x_wconf 73' lang='lat' dir='ltr'>repente</span> <span class='ocrx_word' id='word_1_866' title='bbox 1950 1325 2056 1359; x_wconf 90' lang='lat' dir='ltr'>obiit.</span> <span class='ocrx_word' id='word_1_867' title='bbox 2191 1327 2245 1364; x_wconf 86' lang='lat' dir='ltr'>IN</span> <span class='ocrx_word' id='word_1_868' title='bbox 2270 1327 2390 1361; x_wconf 81' lang='lat' dir='ltr'>VEN-</span> 
     </span>
     <span class='ocr_line' id='line_1_109' title="bbox 1380 1370 2391 1415; baseline -0.002 -9"><span class='ocrx_word' id='word_1_869' title='bbox 1380 1373 1480 1406; x_wconf 89' lang='lat' dir='ltr'>TRE</span> <span class='ocrx_word' id='word_1_870' title='bbox 1515 1374 1609 1415; x_wconf 88' lang='lat' dir='ltr'>copia</span> <span class='ocrx_word' id='word_1_871' title='bbox 1643 1372 1700 1405; x_wconf 90' lang='lat' dir='ltr'>seri</span> <span class='ocrx_word' id='word_1_872' title='bbox 1736 1371 1811 1405; x_wconf 87' lang='lat' dir='ltr'>flavi</span> <span class='ocrx_word' id='word_1_873' title='bbox 1844 1371 1930 1405; x_wconf 69' lang='lat' dir='ltr'>eslusi</span> <span class='ocrx_word' id='word_1_874' title='bbox 1955 1394 1962 1402; x_wconf 97' lang='lat'>.</span> <span class='ocrx_word' id='word_1_875' title='bbox 2005 1370 2215 1405; x_wconf 75' lang='lat' dir='ltr'>Ventriculus</span> <span class='ocrx_word' id='word_1_876' title='bbox 2239 1392 2249 1408; x_wconf 85' lang='lat'>‚</span> <span class='ocrx_word' id='word_1_877' title='bbox 2285 1372 2318 1403; x_wconf 83' lang='lat'>&amp;</span> <span class='ocrx_word' id='word_1_878' title='bbox 2340 1371 2391 1405; x_wconf 87' lang='lat' dir='ltr'>in-</span> 
     </span>
     <span class='ocr_line' id='line_1_110' title="bbox 1379 1412 2391 1460; baseline -0.002 -12"><span class='ocrx_word' id='word_1_879' title='bbox 1379 1414 1491 1448; x_wconf 84' lang='lat' dir='ltr'>testina</span> <span class='ocrx_word' id='word_1_880' title='bbox 1525 1427 1590 1449; x_wconf 88' lang='lat' dir='ltr'>aere</span> <span class='ocrx_word' id='word_1_881' title='bbox 1623 1416 1801 1460; x_wconf 83' lang='lat' dir='ltr'>plurimum</span> <span class='ocrx_word' id='word_1_882' title='bbox 1846 1413 1980 1458; x_wconf 80' lang='lat' dir='ltr'>distenta</span> <span class='ocrx_word' id='word_1_883' title='bbox 2004 1438 2011 1445; x_wconf 90' lang='lat'>.</span> <span class='ocrx_word' id='word_1_884' title='bbox 2052 1415 2142 1458; x_wconf 84' lang='lat' dir='ltr'>Lien</span> <span class='ocrx_word' id='word_1_885' title='bbox 2188 1412 2353 1457; x_wconf 71' lang='lat' dir='ltr'>praedurus</span> <span class='ocrx_word' id='word_1_886' title='bbox 2375 1437 2391 1454; x_wconf 88' lang='lat'>,</span> 
     </span>
     <span class='ocr_line' id='line_1_111' title="bbox 1378 1456 2389 1502; baseline -0.001 -10"><span class='ocrx_word' id='word_1_887' title='bbox 1378 1459 1489 1492; x_wconf 89' lang='lat' dir='ltr'>colore</span> <span class='ocrx_word' id='word_1_888' title='bbox 1536 1469 1608 1493; x_wconf 86' lang='lat' dir='ltr'>atro</span> <span class='ocrx_word' id='word_1_889' title='bbox 1641 1485 1649 1493; x_wconf 91' lang='lat'>.</span> <span class='ocrx_word' id='word_1_890' title='bbox 1707 1460 1778 1493; x_wconf 86' lang='lat' dir='ltr'>Ren</span> <span class='ocrx_word' id='word_1_891' title='bbox 1823 1456 1942 1492; x_wconf 82' lang='lat' dir='ltr'>sinister</span> <span class='ocrx_word' id='word_1_892' title='bbox 1989 1458 2128 1502; x_wconf 20' lang='lat' dir='ltr'>interius,</span> <span class='ocrx_word' id='word_1_893' title='bbox 2168 1457 2389 1500; x_wconf 78' lang='lat' dir='ltr'>quadantenus</span> 
     </span>
     <span class='ocr_line' id='line_1_112' title="bbox 1379 1500 2390 1543; baseline -0.001 -8"><span class='ocrx_word' id='word_1_894' title='bbox 1379 1502 1603 1539; x_wconf 85' lang='lat' dir='ltr'>inflammatus</span> <span class='ocrx_word' id='word_1_895' title='bbox 1628 1528 1635 1536; x_wconf 91' lang='lat'><em>.</em></span> <span class='ocrx_word' id='word_1_896' title='bbox 1769 1500 1908 1536; x_wconf 84' lang='lat' dir='ltr'>Thorax</span> <span class='ocrx_word' id='word_1_897' title='bbox 1941 1500 2001 1534; x_wconf 90' lang='lat' dir='ltr'>seri</span> <span class='ocrx_word' id='word_1_898' title='bbox 2034 1511 2160 1536; x_wconf 85' lang='lat' dir='ltr'>tantum</span> <span class='ocrx_word' id='word_1_899' title='bbox 2184 1502 2352 1535; x_wconf 82' lang='lat' dir='ltr'>continuit</span> <span class='ocrx_word' id='word_1_900' title='bbox 2374 1524 2390 1543; x_wconf 85' lang='lat'><em>‚</em></span> 
     </span>
     <span class='ocr_line' id='line_1_113' title="bbox 1377 1543 2391 1589; baseline -0.002 -9"><span class='ocrx_word' id='word_1_901' title='bbox 1377 1556 1413 1580; x_wconf 94' lang='lat' dir='ltr'>ut</span> <span class='ocrx_word' id='word_1_902' title='bbox 1459 1546 1536 1581; x_wconf 89' lang='lat' dir='ltr'>dnm</span> <span class='ocrx_word' id='word_1_903' title='bbox 1575 1546 1783 1589; x_wconf 82' lang='lat' dir='ltr'>cartilagines</span> <span class='ocrx_word' id='word_1_904' title='bbox 1829 1544 1868 1578; x_wconf 88' lang='lat' dir='ltr'>ad</span> <span class='ocrx_word' id='word_1_905' title='bbox 1902 1543 2039 1578; x_wconf 82' lang='lat' dir='ltr'>sternum</span> <span class='ocrx_word' id='word_1_906' title='bbox 2073 1545 2282 1583; x_wconf 85' lang='lat' dir='ltr'>secarentur,</span> <span class='ocrx_word' id='word_1_907' title='bbox 2315 1556 2391 1588; x_wconf 88' lang='lat' dir='ltr'>pro-</span> 
     </span>
     <span class='ocr_line' id='line_1_114' title="bbox 1376 1588 2393 1631; baseline 0 -9"><span class='ocrx_word' id='word_1_908' title='bbox 1376 1589 1477 1624; x_wconf 76' lang='lat' dir='ltr'>siliret</span> <span class='ocrx_word' id='word_1_909' title='bbox 1502 1615 1510 1623; x_wconf 86' lang='lat'><strong><em>.</em></strong></span> <span class='ocrx_word' id='word_1_910' title='bbox 1648 1590 1802 1631; x_wconf 79' lang='lat' dir='ltr'>Thymus</span> <span class='ocrx_word' id='word_1_911' title='bbox 1827 1599 1959 1631; x_wconf 70' lang='lat' dir='ltr'>magnus</span> <span class='ocrx_word' id='word_1_912' title='bbox 1984 1612 1991 1621; x_wconf 96' lang='lat'>.</span> <span class='ocrx_word' id='word_1_913' title='bbox 2029 1589 2203 1622; x_wconf 85' lang='lat' dir='ltr'>Pulmones</span> <span class='ocrx_word' id='word_1_914' title='bbox 2227 1588 2316 1630; x_wconf 87' lang='lat' dir='ltr'>sani,</span> <span class='ocrx_word' id='word_1_915' title='bbox 2340 1589 2393 1622; x_wconf 88' lang='lat' dir='ltr'>ni-</span> 
     </span>
     <span class='ocr_line' id='line_1_115' title="bbox 1376 1631 2391 1677; baseline -0.002 -10"><span class='ocrx_word' id='word_1_916' title='bbox 1376 1632 1398 1668; x_wconf 84' lang='lat' dir='ltr'>fi</span> <span class='ocrx_word' id='word_1_917' title='bbox 1432 1634 1519 1676; x_wconf 89' lang='lat' dir='ltr'>quod</span> <span class='ocrx_word' id='word_1_918' title='bbox 1553 1633 1666 1667; x_wconf 81' lang='lat' dir='ltr'>sinistri</span> <span class='ocrx_word' id='word_1_919' title='bbox 1700 1632 1871 1677; x_wconf 79' lang='lat' dir='ltr'>substantia</span> <span class='ocrx_word' id='word_1_920' title='bbox 1916 1642 2017 1675; x_wconf 86' lang='lat' dir='ltr'>prope</span> <span class='ocrx_word' id='word_1_921' title='bbox 2064 1632 2223 1666; x_wconf 84' lang='lat' dir='ltr'>bronchia</span> <span class='ocrx_word' id='word_1_922' title='bbox 2268 1631 2391 1676; x_wconf 80' lang='lat' dir='ltr'>majora</span> 
     </span>
     <span class='ocr_line' id='line_1_116' title="bbox 1377 1674 2389 1715; baseline 0 -6"><span class='ocrx_word' id='word_1_923' title='bbox 1377 1676 1456 1710; x_wconf 88' lang='lat' dir='ltr'>adeo</span> <span class='ocrx_word' id='word_1_924' title='bbox 1488 1676 1676 1711; x_wconf 86' lang='lat' dir='ltr'>induruerat</span> <span class='ocrx_word' id='word_1_925' title='bbox 1700 1699 1712 1715; x_wconf 92' lang='lat'>,</span> <span class='ocrx_word' id='word_1_926' title='bbox 1756 1686 1791 1709; x_wconf 86' lang='lat' dir='ltr'>ut</span> <span class='ocrx_word' id='word_1_927' title='bbox 1835 1674 2023 1709; x_wconf 85' lang='lat' dir='ltr'>solidiorem</span> <span class='ocrx_word' id='word_1_928' title='bbox 2062 1687 2189 1709; x_wconf 82' lang='lat' dir='ltr'>carnem</span> <span class='ocrx_word' id='word_1_929' title='bbox 2235 1678 2389 1710; x_wconf 86' lang='lat' dir='ltr'>mentire-</span> 
     </span>
     <span class='ocr_line' id='line_1_117' title="bbox 1376 1719 2391 1763; baseline -0.001 -10"><span class='ocrx_word' id='word_1_930' title='bbox 1376 1730 1429 1755; x_wconf 88' lang='lat' dir='ltr'>tur</span> <span class='ocrx_word' id='word_1_931' title='bbox 1453 1745 1460 1751; x_wconf 93' lang='lat'><strong>.</strong></span> <span class='ocrx_word' id='word_1_932' title='bbox 1495 1721 1714 1754; x_wconf 83' lang='lat' dir='ltr'>Pericardium</span> <span class='ocrx_word' id='word_1_933' title='bbox 1746 1728 1884 1762; x_wconf 81' lang='lat' dir='ltr'>quatuor</span> <span class='ocrx_word' id='word_1_934' title='bbox 1907 1740 1918 1758; x_wconf 85' lang='lat'>‚</span> <span class='ocrx_word' id='word_1_935' title='bbox 1952 1728 2006 1752; x_wconf 87' lang='lat' dir='ltr'>aut</span> <span class='ocrx_word' id='word_1_936' title='bbox 2039 1722 2182 1763; x_wconf 89' lang='lat' dir='ltr'>quinque</span> <span class='ocrx_word' id='word_1_937' title='bbox 2214 1721 2323 1753; x_wconf 87' lang='lat' dir='ltr'>uncias</span> <span class='ocrx_word' id='word_1_938' title='bbox 2348 1719 2391 1752; x_wconf 89' lang='lat' dir='ltr'>se-</span> 
     </span>
     <span class='ocr_line' id='line_1_118' title="bbox 1377 1761 2391 1802; baseline -0.001 -6"><span class='ocrx_word' id='word_1_939' title='bbox 1377 1765 1404 1796; x_wconf 94' lang='lat' dir='ltr'>ri</span> <span class='ocrx_word' id='word_1_940' title='bbox 1438 1762 1608 1802; x_wconf 74' lang='lat' dir='ltr'>subflavi5</span> <span class='ocrx_word' id='word_1_941' title='bbox 1639 1763 1766 1797; x_wconf 83' lang='lat' dir='ltr'>dextera</span> <span class='ocrx_word' id='word_1_942' title='bbox 1801 1771 1912 1795; x_wconf 83' lang='lat' dir='ltr'>autem</span> <span class='ocrx_word' id='word_1_943' title='bbox 1945 1761 2052 1795; x_wconf 87' lang='lat' dir='ltr'>cordis</span> <span class='ocrx_word' id='word_1_944' title='bbox 2084 1763 2224 1797; x_wconf 89' lang='lat' dir='ltr'>auricula</span> <span class='ocrx_word' id='word_1_945' title='bbox 2249 1774 2317 1796; x_wconf 89' lang='lat' dir='ltr'>eam</span> <span class='ocrx_word' id='word_1_946' title='bbox 2341 1764 2391 1795; x_wconf 90' lang='lat' dir='ltr'>in-</span> 
     </span>
     <span class='ocr_line' id='line_1_119' title="bbox 1377 1805 2391 1849; baseline -0.003 -8"><span class='ocrx_word' id='word_1_947' title='bbox 1377 1816 1428 1842; x_wconf 86' lang='lat' dir='ltr'>tus</span> <span class='ocrx_word' id='word_1_948' title='bbox 1461 1806 1595 1841; x_wconf 84' lang='lat' dir='ltr'>habebat</span> <span class='ocrx_word' id='word_1_949' title='bbox 1630 1806 1681 1841; x_wconf 86' lang='lat' dir='ltr'>san</span> <span class='ocrx_word' id='word_1_950' title='bbox 1706 1807 1792 1841; x_wconf 89' lang='lat' dir='ltr'>uinis</span> <span class='ocrx_word' id='word_1_951' title='bbox 1824 1807 1953 1849; x_wconf 88' lang='lat' dir='ltr'>copiam</span> <span class='ocrx_word' id='word_1_952' title='bbox 1977 1829 1988 1846; x_wconf 85' lang='lat'>,</span> <span class='ocrx_word' id='word_1_953' title='bbox 2024 1815 2061 1839; x_wconf 91' lang='lat' dir='ltr'>ut</span> <span class='ocrx_word' id='word_1_954' title='bbox 2085 1805 2242 1846; x_wconf 71' lang='lat' dir='ltr'>distenta,</span> <span class='ocrx_word' id='word_1_955' title='bbox 2264 1808 2391 1849; x_wconf 78' lang='lat' dir='ltr'>magni-</span> 
     </span>
     <span class='ocr_line' id='line_1_120' title="bbox 1377 1849 2392 1893; baseline -0.002 -9"><span class='ocrx_word' id='word_1_956' title='bbox 1377 1849 1525 1886; x_wconf 88' lang='lat' dir='ltr'>tudinem</span> <span class='ocrx_word' id='word_1_957' title='bbox 1550 1850 1657 1885; x_wconf 86' lang='lat' dir='ltr'>cordis</span> <span class='ocrx_word' id='word_1_958' title='bbox 1697 1861 1780 1883; x_wconf 90' lang='lat' dir='ltr'>erme</span> <span class='ocrx_word' id='word_1_959' title='bbox 1802 1858 1940 1892; x_wconf 72' lang='lat' dir='ltr'>aequaret</span> <span class='ocrx_word' id='word_1_960' title='bbox 1962 1873 1969 1880; x_wconf 91' lang='lat'><em>.</em></span> <span class='ocrx_word' id='word_1_961' title='bbox 2004 1850 2152 1893; x_wconf 87' lang='lat' dir='ltr'>Uterque</span> <span class='ocrx_word' id='word_1_962' title='bbox 2184 1850 2281 1893; x_wconf 74' lang='lat' dir='ltr'>hujus</span> <span class='ocrx_word' id='word_1_963' title='bbox 2317 1861 2392 1884; x_wconf 87' lang='lat' dir='ltr'>ven-</span> 
     </span>
     <span class='ocr_line' id='line_1_121' title="bbox 1377 1893 2390 1938; baseline 0.002 -12"><span class='ocrx_word' id='word_1_964' title='bbox 1377 1895 1513 1927; x_wconf 87' lang='lat' dir='ltr'>triculus</span> <span class='ocrx_word' id='word_1_965' title='bbox 1538 1894 1727 1938; x_wconf 85' lang='lat' dir='ltr'>polyposam</span> <span class='ocrx_word' id='word_1_966' title='bbox 1750 1894 2015 1932; x_wconf 76' lang='lat' dir='ltr'>concretionem,</span> <span class='ocrx_word' id='word_1_967' title='bbox 2039 1895 2125 1927; x_wconf 89' lang='lat' dir='ltr'>muci</span> <span class='ocrx_word' id='word_1_968' title='bbox 2147 1893 2268 1927; x_wconf 82' lang='lat' dir='ltr'>densati</span> <span class='ocrx_word' id='word_1_969' title='bbox 2293 1905 2390 1937; x_wconf 82' lang='lat' dir='ltr'>quam</span> 
     </span>
     <span class='ocr_line' id='line_1_122' title="bbox 1376 1935 2389 1980; baseline 0.001 -10"><span class='ocrx_word' id='word_1_970' title='bbox 1376 1936 1575 1971; x_wconf 82' lang='lat' dir='ltr'>simillimam</span> <span class='ocrx_word' id='word_1_971' title='bbox 1599 1962 1609 1978; x_wconf 90' lang='lat'>‚</span> <span class='ocrx_word' id='word_1_972' title='bbox 1642 1937 1867 1974; x_wconf 82' lang='lat' dir='ltr'>continebat,-</span> <span class='ocrx_word' id='word_1_973' title='bbox 1903 1935 1953 1969; x_wconf 84' lang='lat' dir='ltr'>sed</span> <span class='ocrx_word' id='word_1_974' title='bbox 1985 1936 2097 1970; x_wconf 62' lang='lat' dir='ltr'>dener</span> <span class='ocrx_word' id='word_1_975' title='bbox 2144 1937 2348 1980; x_wconf 79' lang='lat' dir='ltr'>grandiorem</span> <span class='ocrx_word' id='word_1_976' title='bbox 2379 1962 2389 1970; x_wconf 83' lang='lat'><strong>.</strong></span> 
     </span>
    </p>
   </div>
   <div class='ocr_carea' id='block_1_8' title="bbox 1378 1979 2477 2031">
    <p class='ocr_par' dir='ltr' id='par_1_13' title="bbox 1378 1979 2477 2031">
     <span class='ocr_line' id='line_1_123' title="bbox 1378 1979 2477 2031; baseline 0.002 -17"><span class='ocrx_word' id='word_1_977' title='bbox 1378 1980 1480 2021; x_wconf 67' lang='lat' dir='ltr'>‹Qod</span> <span class='ocrx_word' id='word_1_978' title='bbox 1504 1982 1631 2031; x_wconf 62' lang='lat' dir='ltr'>reliquss</span> <span class='ocrx_word' id='word_1_979' title='bbox 1650 1982 1717 2021; x_wconf 88' lang='lat' dir='ltr'>est,·</span> <span class='ocrx_word' id='word_1_980' title='bbox 1739 1991 1810 2015; x_wconf 90' lang='lat' dir='ltr'>tum</span> <span class='ocrx_word' id='word_1_981' title='bbox 1835 1979 2016 2029; x_wconf 30' lang='lat' dir='ltr'>*pericardii</span> <span class='ocrx_word' id='word_1_982' title='bbox 2038 2004 2050 2021; x_wconf 91' lang='lat'>,</span> <span class='ocrx_word' id='word_1_983' title='bbox 2084 1990 2155 2015; x_wconf 90' lang='lat' dir='ltr'>tum</span> <span class='ocrx_word' id='word_1_984' title='bbox 2188 1982 2307 2015; x_wconf 86' lang='lat' dir='ltr'>ventris</span> <span class='ocrx_word' id='word_1_985' title='bbox 2345 1980 2477 2016; x_wconf 59' lang='lat' dir='ltr'>se-tssst</span> 
     </span>
    </p>
   </div>
   <div class='ocr_carea' id='block_1_9' title="bbox 1373 2024 2394 3626">
    <p class='ocr_par' dir='ltr' id='par_1_14' title="bbox 1376 2024 2393 2245">
     <span class='ocr_line' id='line_1_124' title="bbox 1380 2024 2393 2067; baseline 0.005 -13"><span class='ocrx_word' id='word_1_986' title='bbox 1380 2035 1451 2057; x_wconf 87' lang='lat' dir='ltr'>rum</span> <span class='ocrx_word' id='word_1_987' title='bbox 1469 2046 1479 2062; x_wconf 85' lang='lat'>‚</span> <span class='ocrx_word' id='word_1_988' title='bbox 1503 2027 1574 2066; x_wconf 74' lang='lat' dir='ltr'>igni</span> <span class='ocrx_word' id='word_1_989' title='bbox 1596 2024 1809 2067; x_wconf 72' lang='grc' dir='ltr'>ῃῃροῐῐειιιῃ,</span> <span class='ocrx_word' id='word_1_990' title='bbox 1831 2034 1864 2055; x_wconf 83' lang='lat' dir='ltr'>in</span> <span class='ocrx_word' id='word_1_991' title='bbox 1890 2035 1979 2056; x_wconf 83' lang='lat' dir='ltr'>auras</span> <span class='ocrx_word' id='word_1_992' title='bbox 2002 2024 2102 2063; x_wconf 85' lang='lat' dir='ltr'>abiit,</span> <span class='ocrx_word' id='word_1_993' title='bbox 2128 2026 2228 2059; x_wconf 83' lang='lat' dir='ltr'>crusta</span> <span class='ocrx_word' id='word_1_994' title='bbox 2265 2025 2393 2059; x_wconf 83' lang='lat' dir='ltr'>dumta-</span> 
     </span>
     <span class='ocr_line' id='line_1_125' title="bbox 1380 2066 2390 2110; baseline 0.002 -10"><span class='ocrx_word' id='word_1_995' title='bbox 1380 2077 1435 2100; x_wconf 80' lang='lat' dir='ltr'>xat</span> <span class='ocrx_word' id='word_1_996' title='bbox 1458 2067 1593 2108; x_wconf 58' lang='lat' dir='ltr'>relieta,</span> <span class='ocrx_word' id='word_1_997' title='bbox 1616 2080 1686 2110; x_wconf 82' lang='lat' dir='ltr'>quae</span> <span class='ocrx_word' id='word_1_998' title='bbox 1710 2068 1886 2106; x_wconf 86' lang='lat' dir='ltr'>lateribus,</span> <span class='ocrx_word' id='word_1_999' title='bbox 1910 2070 1942 2099; x_wconf 64' lang='lat' dir='ltr'>&amp;c</span> <span class='ocrx_word' id='word_1_1000' title='bbox 1967 2066 2069 2101; x_wconf 84' lang='lat' dir='ltr'>fur-ido</span> <span class='ocrx_word' id='word_1_1001' title='bbox 2091 2068 2166 2102; x_wconf 86' lang='lat' dir='ltr'>vasis</span> <span class='ocrx_word' id='word_1_1002' title='bbox 2190 2068 2390 2103; x_wconf 67' lang='lat' dir='ltr'>adhaerebat.</span> 
     </span>
     <span class='ocr_line' id='line_1_126' title="bbox 1376 2109 2392 2156; baseline 0.005 -14"><span class='ocrx_word' id='word_1_1003' title='bbox 1376 2110 1436 2145; x_wconf 89' lang='lat' dir='ltr'>Sed</span> <span class='ocrx_word' id='word_1_1004' title='bbox 1459 2111 1598 2146; x_wconf 85' lang='lat' dir='ltr'>alterum</span> <span class='ocrx_word' id='word_1_1005' title='bbox 1623 2111 1803 2144; x_wconf 87' lang='lat' dir='ltr'>tenuiorem</span> <span class='ocrx_word' id='word_1_1006' title='bbox 1828 2109 1958 2152; x_wconf 81' lang='lat' dir='ltr'>reliquit</span> <span class='ocrx_word' id='word_1_1007' title='bbox 1993 2109 2127 2145; x_wconf 86' lang='lat' dir='ltr'>crustam</span> <span class='ocrx_word' id='word_1_1008' title='bbox 2146 2116 2287 2156; x_wconf 80' lang='lat' dir='ltr'>,²quam</span> <span class='ocrx_word' id='word_1_1009' title='bbox 2323 2114 2392 2154; x_wconf 91' lang='lat' dir='ltr'>pri-</span> 
     </span>
     <span class='ocr_line' id='line_1_127' title="bbox 1377 2153 2391 2199; baseline 0.002 -11"><span class='ocrx_word' id='word_1_1010' title='bbox 1377 2166 1493 2195; x_wconf 86' lang='lat' dir='ltr'>mum,</span> <span class='ocrx_word' id='word_1_1011' title='bbox 1514 2165 1650 2198; x_wconf 85' lang='lat' dir='ltr'>eamque</span> <span class='ocrx_word' id='word_1_1012' title='bbox 1673 2154 1838 2189; x_wconf 80' lang='lat' dir='ltr'>nonnullis</span> <span class='ocrx_word' id='word_1_1013' title='bbox 1862 2153 2010 2199; x_wconf 25' lang='lat' dir='ltr'>hicaillic</span> <span class='ocrx_word' id='word_1_1014' title='bbox 2035 2153 2119 2188; x_wconf 81' lang='lat' dir='ltr'>striis</span> <span class='ocrx_word' id='word_1_1015' title='bbox 2143 2154 2324 2192; x_wconf 71' lang='lat' dir='ltr'>distinctam</span> <span class='ocrx_word' id='word_1_1016' title='bbox 2354 2158 2391 2190; x_wconf 84' lang='lat' dir='ltr'>in</span> 
     </span>
     <span class='ocr_line' id='line_1_128' title="bbox 1376 2196 2149 2245; baseline -0.001 -14"><span class='ocrx_word' id='word_1_1017' title='bbox 1376 2198 1512 2232; x_wconf 86' lang='lat' dir='ltr'>modum</span> <span class='ocrx_word' id='word_1_1018' title='bbox 1537 2200 1616 2235; x_wconf 91' lang='lat' dir='ltr'>nitri</span> <span class='ocrx_word' id='word_1_1019' title='bbox 1640 2196 1854 2245; x_wconf 57' lang='lat' dir='ltr'>crystallizati</span> <span class='ocrx_word' id='word_1_1020' title='bbox 1874 2196 2080 2238; x_wconf 81' lang='lat' dir='ltr'>dispositam.</span> <span class='ocrx_word' id='word_1_1021' title='bbox 2147 2201 2149 2203; x_wconf 80' lang='grc'>’</span> 
     </span>
    </p>

    <p class='ocr_par' dir='ltr' id='par_1_15' title="bbox 1373 2240 2393 2635">
     <span class='ocr_line' id='line_1_129' title="bbox 1423 2240 2391 2283; baseline 0.003 -9"><span class='ocrx_word' id='word_1_1022' title='bbox 1423 2252 1471 2275; x_wconf 86' lang='lat'>11.</span> <span class='ocrx_word' id='word_1_1023' title='bbox 1497 2243 1578 2276; x_wconf 89' lang='lat' dir='ltr'>Veri</span> <span class='ocrx_word' id='word_1_1024' title='bbox 1602 2241 1703 2277; x_wconf 69' lang='lat' dir='ltr'>simile</span> <span class='ocrx_word' id='word_1_1025' title='bbox 1727 2242 1790 2280; x_wconf 82' lang='lat' dir='ltr'>est,</span> <span class='ocrx_word' id='word_1_1026' title='bbox 1812 2240 1878 2283; x_wconf 79' lang='lat' dir='ltr'>jam</span> <span class='ocrx_word' id='word_1_1027' title='bbox 1901 2240 1973 2273; x_wconf 87' lang='lat' dir='ltr'>inde</span> <span class='ocrx_word' id='word_1_1028' title='bbox 1997 2253 2013 2274; x_wconf 87' lang='lat' dir='ltr'>a</span> <span class='ocrx_word' id='word_1_1029' title='bbox 2039 2241 2226 2283; x_wconf 84' lang='lat' dir='ltr'>primordiis</span> <span class='ocrx_word' id='word_1_1030' title='bbox 2251 2254 2315 2277; x_wconf 88' lang='lat' dir='ltr'>non</span> <span class='ocrx_word' id='word_1_1031' title='bbox 2327 2243 2391 2277; x_wconf 90' lang='lat' dir='ltr'>hu-</span> 
     </span>
     <span class='ocr_line' id='line_1_130' title="bbox 1374 2283 2392 2323; baseline 0.001 -4"><span class='ocrx_word' id='word_1_1032' title='bbox 1374 2296 1481 2319; x_wconf 86' lang='lat' dir='ltr'>mores</span> <span class='ocrx_word' id='word_1_1033' title='bbox 1503 2285 1604 2320; x_wconf 85' lang='lat' dir='ltr'>modo</span> <span class='ocrx_word' id='word_1_1034' title='bbox 1626 2286 1733 2318; x_wconf 86' lang='lat' dir='ltr'>minus</span> <span class='ocrx_word' id='word_1_1035' title='bbox 1757 2286 1894 2318; x_wconf 82' lang='lat' dir='ltr'>salubres</span> <span class='ocrx_word' id='word_1_1036' title='bbox 1912 2311 1920 2323; x_wconf 95' lang='lat'>‚</span> <span class='ocrx_word' id='word_1_1037' title='bbox 1943 2283 1995 2317; x_wconf 79' lang='lat' dir='ltr'>sed</span> <span class='ocrx_word' id='word_1_1038' title='bbox 2020 2288 2050 2317; x_wconf 65' lang='lat' dir='ltr'>c&amp;</span> <span class='ocrx_word' id='word_1_1039' title='bbox 2085 2287 2190 2319; x_wconf 69' lang='lat' dir='ltr'>laxam</span> <span class='ocrx_word' id='word_1_1040' title='bbox 2224 2285 2392 2322; x_wconf 78' lang='lat' dir='ltr'>firmarum</span> 
     </span>
     <span class='ocr_line' id='line_1_131' title="bbox 1373 2327 2391 2371; baseline 0.005 -11"><span class='ocrx_word' id='word_1_1041' title='bbox 1373 2329 1539 2371; x_wconf 89' lang='lat' dir='ltr'>partium,</span> <span class='ocrx_word' id='word_1_1042' title='bbox 1562 2329 1776 2371; x_wconf 87' lang='lat' dir='ltr'>inprimisque</span> <span class='ocrx_word' id='word_1_1043' title='bbox 1798 2329 1953 2361; x_wconf 78' lang='lat' dir='ltr'>auriculae</span> <span class='ocrx_word' id='word_1_1044' title='bbox 1977 2327 2114 2363; x_wconf 76' lang='lat' dir='ltr'>dexterae</span> <span class='ocrx_word' id='word_1_1045' title='bbox 2140 2332 2230 2371; x_wconf 83' lang='lat' dir='ltr'>vim,</span> <span class='ocrx_word' id='word_1_1046' title='bbox 2255 2334 2287 2364; x_wconf 74' lang='grc' dir='ltr'>δε</span> <span class='ocrx_word' id='word_1_1047' title='bbox 2309 2330 2391 2364; x_wconf 90' lang='lat' dir='ltr'>stru-</span> 
     </span>
     <span class='ocr_line' id='line_1_132' title="bbox 1374 2370 2393 2416; baseline 0 -10"><span class='ocrx_word' id='word_1_1048' title='bbox 1374 2372 1501 2407; x_wconf 69' lang='lat' dir='ltr'>·fturam</span> <span class='ocrx_word' id='word_1_1049' title='bbox 1526 2372 1602 2406; x_wconf 86' lang='lat' dir='ltr'>huic</span> <span class='ocrx_word' id='word_1_1050' title='bbox 1629 2372 1745 2409; x_wconf 78' lang='lat' dir='ltr'>Puellae</span> <span class='ocrx_word' id='word_1_1051' title='bbox 1769 2370 1940 2412; x_wconf 77' lang='lat' dir='ltr'>obtigisse,</span> <span class='ocrx_word' id='word_1_1052' title='bbox 1966 2372 2050 2404; x_wconf 90' lang='lat' dir='ltr'>unde</span> <span class='ocrx_word' id='word_1_1053' title='bbox 2075 2372 2139 2406; x_wconf 79' lang='lat' dir='ltr'>fere</span> <span class='ocrx_word' id='word_1_1054' title='bbox 2164 2374 2285 2416; x_wconf 82' lang='lat' dir='ltr'>semper</span> <span class='ocrx_word' id='word_1_1055' title='bbox 2308 2375 2393 2408; x_wconf 86' lang='lat' dir='ltr'>vale-</span> 
     </span>
     <span class='ocr_line' id='line_1_133' title="bbox 1374 2414 2391 2460; baseline 0.003 -12"><span class='ocrx_word' id='word_1_1056' title='bbox 1374 2415 1535 2451; x_wconf 85' lang='lat' dir='ltr'>tudinaria</span> <span class='ocrx_word' id='word_1_1057' title='bbox 1559 2414 1678 2452; x_wconf 87' lang='lat' dir='ltr'>fuerit,</span> <span class='ocrx_word' id='word_1_1058' title='bbox 1702 2415 1804 2450; x_wconf 84' lang='lat' dir='ltr'>donec</span> <span class='ocrx_word' id='word_1_1059' title='bbox 1829 2415 2052 2460; x_wconf 35' lang='lat' dir='ltr'>illa-auricula</span> <span class='ocrx_word' id='word_1_1060' title='bbox 2076 2417 2109 2448; x_wconf 88' lang='lat' dir='ltr'>in</span> <span class='ocrx_word' id='word_1_1061' title='bbox 2134 2418 2320 2460; x_wconf 84' lang='lat' dir='ltr'>aneurysma</span> <span class='ocrx_word' id='word_1_1062' title='bbox 2344 2419 2391 2450; x_wconf 84' lang='lat' dir='ltr'>la-</span> 
     </span>
     <span class='ocr_line' id='line_1_134' title="bbox 1379 2456 2391 2502; baseline 0.002 -10"><span class='ocrx_word' id='word_1_1063' title='bbox 1379 2468 1478 2497; x_wconf 79' lang='lat' dir='ltr'>xata,</span> <span class='ocrx_word' id='word_1_1064' title='bbox 1500 2456 1597 2493; x_wconf 79' lang='lat' dir='ltr'>facile</span> <span class='ocrx_word' id='word_1_1065' title='bbox 1621 2459 1740 2493; x_wconf 74' lang='lat' dir='ltr'>accessit</span> <span class='ocrx_word' id='word_1_1066' title='bbox 1763 2460 1798 2492; x_wconf 88' lang='lat' dir='ltr'>iu</span> <span class='ocrx_word' id='word_1_1067' title='bbox 1831 2456 1988 2500; x_wconf 76' lang='lat' dir='ltr'>ejusmodi</span> <span class='ocrx_word' id='word_1_1068' title='bbox 2025 2470 2161 2502; x_wconf 88' lang='lat' dir='ltr'>corpore</span> <span class='ocrx_word' id='word_1_1069' title='bbox 2185 2482 2197 2499; x_wconf 95' lang='lat'>,</span> <span class='ocrx_word' id='word_1_1070' title='bbox 2231 2462 2352 2494; x_wconf 90' lang='lat' dir='ltr'>ventris</span> <span class='ocrx_word' id='word_1_1071' title='bbox 2378 2484 2391 2501; x_wconf 86' lang='lat'>,</span> 
     </span>
     <span class='ocr_line' id='line_1_135' title="bbox 1379 2500 2391 2547; baseline 0.004 -13"><span class='ocrx_word' id='word_1_1072' title='bbox 1379 2500 1542 2540; x_wconf 81' lang='lat' dir='ltr'>thoracis,</span> <span class='ocrx_word' id='word_1_1073' title='bbox 1567 2501 1739 2545; x_wconf 83' lang='lat' dir='ltr'>pericardii</span> <span class='ocrx_word' id='word_1_1074' title='bbox 1761 2500 1930 2547; x_wconf 65' lang='lat' dir='ltr'>lrydrops5</span> <span class='ocrx_word' id='word_1_1075' title='bbox 1953 2510 1989 2534; x_wconf 86' lang='lat' dir='ltr'>ut</span> <span class='ocrx_word' id='word_1_1076' title='bbox 2013 2512 2079 2535; x_wconf 87' lang='lat' dir='ltr'>non</span> <span class='ocrx_word' id='word_1_1077' title='bbox 2102 2513 2166 2537; x_wconf 85' lang='lat' dir='ltr'>uno</span> <span class='ocrx_word' id='word_1_1078' title='bbox 2190 2504 2391 2544; x_wconf 87' lang='lat' dir='ltr'>morb0,sed</span> 
     </span>
     <span class='ocr_line' id='line_1_136' title="bbox 1378 2543 2391 2590; baseline 0.005 -13"><span class='ocrx_word' id='word_1_1079' title='bbox 1378 2545 1552 2587; x_wconf 86' lang='lat' dir='ltr'>pluribus,</span> <span class='ocrx_word' id='word_1_1080' title='bbox 1575 2548 1609 2578; x_wconf 88' lang='lat' dir='ltr'>in</span> <span class='ocrx_word' id='word_1_1081' title='bbox 1633 2543 1766 2579; x_wconf 85' lang='lat' dir='ltr'>thorace</span> <span class='ocrx_word' id='word_1_1082' title='bbox 1801 2545 1978 2586; x_wconf 69' lang='lat' dir='ltr'>praesertim</span> <span class='ocrx_word' id='word_1_1083' title='bbox 1998 2568 2010 2585; x_wconf 83' lang='lat'>,</span> <span class='ocrx_word' id='word_1_1084' title='bbox 2042 2544 2136 2581; x_wconf 86' lang='lat' dir='ltr'>simul</span> <span class='ocrx_word' id='word_1_1085' title='bbox 2169 2547 2357 2590; x_wconf 80' lang='lat' dir='ltr'>urgentibus</span> <span class='ocrx_word' id='word_1_1086' title='bbox 2380 2569 2391 2586; x_wconf 86' lang='lat'>‚</span> 
     </span>
     <span class='ocr_line' id='line_1_137' title="bbox 1381 2588 2127 2635; baseline -0.001 -13"><span class='ocrx_word' id='word_1_1087' title='bbox 1381 2588 1608 2622; x_wconf 78' lang='lat' dir='ltr'>violentissimo</span> <span class='ocrx_word' id='word_1_1088' title='bbox 1633 2590 1750 2632; x_wconf 15' lang='lat' dir='ltr'>mortis*</span> <span class='ocrx_word' id='word_1_1089' title='bbox 1767 2599 1880 2635; x_wconf 84' lang='lat' dir='ltr'>genere</span> <span class='ocrx_word' id='word_1_1090' title='bbox 1902 2588 2043 2622; x_wconf 66' lang='lat' dir='ltr'>extrueta</span> <span class='ocrx_word' id='word_1_1091' title='bbox 2066 2588 2127 2624; x_wconf 86' lang='lat' dir='ltr'>sit.</span> 
     </span>
    </p>

    <p class='ocr_par' dir='ltr' id='par_1_16' title="bbox 1381 2630 2394 3604">
     <span class='ocr_line' id='line_1_138' title="bbox 1427 2630 2391 2677; baseline 0.002 -11"><span class='ocrx_word' id='word_1_1092' title='bbox 1427 2642 1475 2666; x_wconf 87' lang='lat'>12.</span> <span class='ocrx_word' id='word_1_1093' title='bbox 1501 2633 1661 2668; x_wconf 82' lang='lat' dir='ltr'>VIRGO</span> <span class='ocrx_word' id='word_1_1094' title='bbox 1683 2644 1756 2675; x_wconf 84' lang='lat' dir='ltr'>quae</span> <span class='ocrx_word' id='word_1_1095' title='bbox 1779 2630 1818 2665; x_wconf 89' lang='lat' dir='ltr'>ab</span> <span class='ocrx_word' id='word_1_1096' title='bbox 1840 2632 2012 2666; x_wconf 85' lang='lat' dir='ltr'>nativitate</span> <span class='ocrx_word' id='word_1_1097' title='bbox 2036 2632 2131 2675; x_wconf 86' lang='lat' dir='ltr'>usque</span> <span class='ocrx_word' id='word_1_1098' title='bbox 2155 2632 2274 2676; x_wconf 88' lang='lat' dir='ltr'>semper</span> <span class='ocrx_word' id='word_1_1099' title='bbox 2288 2646 2391 2677; x_wconf 81' lang='lat' dir='ltr'>aegro-</span> 
     </span>
     <span class='ocr_line' id='line_1_139' title="bbox 1382 2674 2391 2718; baseline 0.003 -10"><span class='ocrx_word' id='word_1_1100' title='bbox 1382 2685 1455 2709; x_wconf 89' lang='lat' dir='ltr'>tans</span> <span class='ocrx_word' id='word_1_1101' title='bbox 1477 2674 1617 2718; x_wconf 81' lang='lat' dir='ltr'>jacuerat</span> <span class='ocrx_word' id='word_1_1102' title='bbox 1643 2700 1651 2714; x_wconf 91' lang='lat'>‚</span> <span class='ocrx_word' id='word_1_1103' title='bbox 1685 2675 1727 2709; x_wconf 92' lang='lat' dir='ltr'>ob</span> <span class='ocrx_word' id='word_1_1104' title='bbox 1764 2676 1923 2710; x_wconf 88' lang='lat' dir='ltr'>summum</span> <span class='ocrx_word' id='word_1_1105' title='bbox 1957 2675 2137 2718; x_wconf 76' lang='lat' dir='ltr'>praesertim</span> <span class='ocrx_word' id='word_1_1106' title='bbox 2171 2679 2289 2711; x_wconf 91' lang='lat' dir='ltr'>virium</span> <span class='ocrx_word' id='word_1_1107' title='bbox 2322 2679 2391 2712; x_wconf 89' lang='lat' dir='ltr'>Ian-</span> 
     </span>
     <span class='ocr_line' id='line_1_140' title="bbox 1382 2719 2392 2765; baseline 0.004 -13"><span class='ocrx_word' id='word_1_1108' title='bbox 1382 2731 1537 2761; x_wconf 72' lang='lat' dir='ltr'>guorem,</span> <span class='ocrx_word' id='word_1_1109' title='bbox 1562 2719 1710 2753; x_wconf 79' lang='lat' dir='ltr'>anhelans</span> <span class='ocrx_word' id='word_1_1110' title='bbox 1733 2719 1931 2762; x_wconf 87' lang='lat' dir='ltr'>respirabat,</span> <span class='ocrx_word' id='word_1_1111' title='bbox 1954 2722 1985 2752; x_wconf 74' lang='grc' dir='ltr'>δε</span> <span class='ocrx_word' id='word_1_1112' title='bbox 2009 2727 2078 2752; x_wconf 83' lang='lat' dir='ltr'>tota</span> <span class='ocrx_word' id='word_1_1113' title='bbox 2101 2731 2173 2755; x_wconf 88' lang='lat' dir='ltr'>cute</span> <span class='ocrx_word' id='word_1_1114' title='bbox 2195 2723 2392 2765; x_wconf 84' lang='lat' dir='ltr'>colorequa-</span> 
     </span>
     <span class='ocr_line' id='line_1_141' title="bbox 1383 2761 2392 2806; baseline 0.004 -11"><span class='ocrx_word' id='word_1_1115' title='bbox 1383 2763 1405 2796; x_wconf 85' lang='lat' dir='ltr'>si</span> <span class='ocrx_word' id='word_1_1116' title='bbox 1427 2763 1532 2797; x_wconf 87' lang='lat' dir='ltr'>livido</span> <span class='ocrx_word' id='word_1_1117' title='bbox 1552 2762 1675 2796; x_wconf 63' lang='lat' dir='ltr'>inseeta</span> <span class='ocrx_word' id='word_1_1118' title='bbox 1700 2772 1786 2797; x_wconf 86' lang='lat' dir='ltr'>erat.</span> <span class='ocrx_word' id='word_1_1119' title='bbox 1813 2761 1962 2797; x_wconf 88' lang='lat' dir='ltr'>Tandem</span> <span class='ocrx_word' id='word_1_1120' title='bbox 1983 2774 2058 2795; x_wconf 90' lang='lat' dir='ltr'>cum</span> <span class='ocrx_word' id='word_1_1121' title='bbox 2081 2764 2122 2798; x_wconf 83' lang='lat' dir='ltr'>ad</span> <span class='ocrx_word' id='word_1_1122' title='bbox 2135 2776 2252 2800; x_wconf 87' lang='lat' dir='ltr'>annum</span> <span class='ocrx_word' id='word_1_1123' title='bbox 2263 2767 2392 2806; x_wconf 87' lang='lat' dir='ltr'>circiter</span> 
     </span>
     <span class='ocr_line' id='line_1_142' title="bbox 1382 2804 2393 2849; baseline 0.003 -10"><span class='ocrx_word' id='word_1_1124' title='bbox 1382 2806 1542 2840; x_wconf 90' lang='lat' dir='ltr'>decimum</span> <span class='ocrx_word' id='word_1_1125' title='bbox 1568 2805 1690 2841; x_wconf 82' lang='lat' dir='ltr'>sextum</span> <span class='ocrx_word' id='word_1_1126' title='bbox 1716 2804 1909 2849; x_wconf 83' lang='lat' dir='ltr'>pevenisset,</span> <span class='ocrx_word' id='word_1_1127' title='bbox 1932 2815 2064 2840; x_wconf 84' lang='lat' dir='ltr'>mortua</span> <span class='ocrx_word' id='word_1_1128' title='bbox 2086 2807 2128 2842; x_wconf 90' lang='lat' dir='ltr'>est</span> <span class='ocrx_word' id='word_1_1129' title='bbox 2149 2832 2156 2841; x_wconf 88' lang='lat'>.</span> <span class='ocrx_word' id='word_1_1130' title='bbox 2290 2811 2393 2845; x_wconf 84' lang='lat' dir='ltr'>COR</span> 
     </span>
     <span class='ocr_line' id='line_1_143' title="bbox 1381 2849 2393 2896; baseline 0.002 -13"><span class='ocrx_word' id='word_1_1131' title='bbox 1381 2849 1494 2885; x_wconf 82' lang='lat' dir='ltr'>habuit</span> <span class='ocrx_word' id='word_1_1132' title='bbox 1518 2852 1693 2893; x_wconf 79' lang='lat' dir='ltr'>exiguum,</span> <span class='ocrx_word' id='word_1_1133' title='bbox 1716 2852 1750 2884; x_wconf 70' lang='grc' dir='ltr'>δε</span> <span class='ocrx_word' id='word_1_1134' title='bbox 1773 2850 2099 2893; x_wconf 80' lang='lat' dir='ltr'>mucronemversuS,</span> <span class='ocrx_word' id='word_1_1135' title='bbox 2122 2851 2208 2896; x_wconf 85' lang='lat' dir='ltr'>quasi</span> <span class='ocrx_word' id='word_1_1136' title='bbox 2220 2852 2393 2887; x_wconf 85' lang='lat' dir='ltr'>subrotun-</span> 
     </span>
     <span class='ocr_line' id='line_1_144' title="bbox 1384 2892 2391 2938; baseline 0.002 -11"><span class='ocrx_word' id='word_1_1137' title='bbox 1384 2894 1478 2927; x_wconf 88' lang='lat' dir='ltr'>dum.</span> <span class='ocrx_word' id='word_1_1138' title='bbox 1504 2895 1713 2928; x_wconf 86' lang='lat' dir='ltr'>Ventriculus</span> <span class='ocrx_word' id='word_1_1139' title='bbox 1737 2892 1858 2928; x_wconf 87' lang='lat' dir='ltr'>sinister</span> <span class='ocrx_word' id='word_1_1140' title='bbox 1881 2892 1983 2927; x_wconf 83' lang='lat' dir='ltr'>forma</span> <span class='ocrx_word' id='word_1_1141' title='bbox 2006 2905 2072 2929; x_wconf 87' lang='lat' dir='ltr'>erat</span> <span class='ocrx_word' id='word_1_1142' title='bbox 2094 2907 2156 2938; x_wconf 88' lang='lat' dir='ltr'>qua</span> <span class='ocrx_word' id='word_1_1143' title='bbox 2169 2895 2248 2930; x_wconf 84' lang='lat' dir='ltr'>solet</span> <span class='ocrx_word' id='word_1_1144' title='bbox 2259 2896 2391 2935; x_wconf 83' lang='lat' dir='ltr'>dexter,</span> 
     </span>
     <span class='ocr_line' id='line_1_145' title="bbox 1383 2936 2392 2983; baseline 0.002 -13"><span class='ocrx_word' id='word_1_1145' title='bbox 1383 2940 1415 2970; x_wconf 87' lang='lat'>&amp;</span> <span class='ocrx_word' id='word_1_1146' title='bbox 1439 2938 1550 2972; x_wconf 72' lang='lat' dir='ltr'>dexter</span> <span class='ocrx_word' id='word_1_1147' title='bbox 1572 2937 1705 2971; x_wconf 77' lang='lat' dir='ltr'>vicissim</span> <span class='ocrx_word' id='word_1_1148' title='bbox 1729 2949 1790 2980; x_wconf 87' lang='lat' dir='ltr'>qua</span> <span class='ocrx_word' id='word_1_1149' title='bbox 1813 2936 1954 2971; x_wconf 84' lang='lat' dir='ltr'>sinister:</span> <span class='ocrx_word' id='word_1_1150' title='bbox 1979 2940 2010 2971; x_wconf 73' lang='grc' dir='ltr'>δε</span> <span class='ocrx_word' id='word_1_1151' title='bbox 2031 2950 2214 2983; x_wconf 83' lang='lat' dir='ltr'>quanquam</span> <span class='ocrx_word' id='word_1_1152' title='bbox 2247 2939 2310 2973; x_wconf 92' lang='lat' dir='ltr'>hoc</span> <span class='ocrx_word' id='word_1_1153' title='bbox 2342 2940 2392 2972; x_wconf 79' lang='lat' dir='ltr'>la-</span> 
     </span>
     <span class='ocr_line' id='line_1_146' title="bbox 1383 2979 2392 3025; baseline 0.004 -11"><span class='ocrx_word' id='word_1_1154' title='bbox 1383 2982 1477 3021; x_wconf 91' lang='lat' dir='ltr'>tior,</span> <span class='ocrx_word' id='word_1_1155' title='bbox 1503 2981 1682 3025; x_wconf 86' lang='lat' dir='ltr'>parietibus</span> <span class='ocrx_word' id='word_1_1156' title='bbox 1707 2990 1812 3014; x_wconf 88' lang='lat' dir='ltr'>tamen</span> <span class='ocrx_word' id='word_1_1157' title='bbox 1835 2979 2034 3014; x_wconf 71' lang='lat' dir='ltr'>crassioribus</span> <span class='ocrx_word' id='word_1_1158' title='bbox 2053 3007 2062 3016; x_wconf 88' lang='lat'>.</span> <span class='ocrx_word' id='word_1_1159' title='bbox 2098 2985 2237 3017; x_wconf 77' lang='lat' dir='ltr'>Dextera</span> <span class='ocrx_word' id='word_1_1160' title='bbox 2271 2984 2392 3024; x_wconf 85' lang='lat' dir='ltr'>pariter</span> 
     </span>
     <span class='ocr_line' id='line_1_147' title="bbox 1384 3024 2391 3071; baseline 0.002 -12"><span class='ocrx_word' id='word_1_1161' title='bbox 1384 3026 1525 3059; x_wconf 83' lang='lat' dir='ltr'>auricula</span> <span class='ocrx_word' id='word_1_1162' title='bbox 1549 3035 1619 3058; x_wconf 83' lang='lat' dir='ltr'>tota</span> <span class='ocrx_word' id='word_1_1163' title='bbox 1643 3024 1744 3066; x_wconf 90' lang='lat' dir='ltr'>duplo</span> <span class='ocrx_word' id='word_1_1164' title='bbox 1766 3033 1834 3057; x_wconf 87' lang='lat' dir='ltr'>erat</span> <span class='ocrx_word' id='word_1_1165' title='bbox 1858 3024 2033 3066; x_wconf 80' lang='lat' dir='ltr'>grandior,</span> <span class='ocrx_word' id='word_1_1166' title='bbox 2055 3038 2152 3069; x_wconf 87' lang='lat' dir='ltr'>quam</span> <span class='ocrx_word' id='word_1_1167' title='bbox 2166 3036 2234 3059; x_wconf 88' lang='lat' dir='ltr'>tota</span> <span class='ocrx_word' id='word_1_1168' title='bbox 2247 3024 2391 3071; x_wconf 86' lang='lat' dir='ltr'>sinistra,</span> 
     </span>
     <span class='ocr_line' id='line_1_148' title="bbox 1383 3066 2391 3113; baseline 0.005 -12"><span class='ocrx_word' id='word_1_1169' title='bbox 1383 3067 1550 3112; x_wconf 86' lang='lat' dir='ltr'>duploque</span> <span class='ocrx_word' id='word_1_1170' title='bbox 1572 3066 1732 3101; x_wconf 82' lang='lat' dir='ltr'>carnofior</span> <span class='ocrx_word' id='word_1_1171' title='bbox 1757 3093 1764 3101; x_wconf 91' lang='lat'>.</span> <span class='ocrx_word' id='word_1_1172' title='bbox 1797 3071 1885 3102; x_wconf 83' lang='lat' dir='ltr'>Inter</span> <span class='ocrx_word' id='word_1_1173' title='bbox 1918 3078 2087 3113; x_wconf 87' lang='lat' dir='ltr'>utramque</span> <span class='ocrx_word' id='word_1_1174' title='bbox 2109 3071 2207 3103; x_wconf 88' lang='lat' dir='ltr'>etiarn</span> <span class='ocrx_word' id='word_1_1175' title='bbox 2236 3079 2307 3104; x_wconf 90' lang='lat' dir='ltr'>tum</span> <span class='ocrx_word' id='word_1_1176' title='bbox 2332 3082 2391 3113; x_wconf 54' lang='lat' dir='ltr'>paz,</span> 
     </span>
     <span class='ocr_line' id='line_1_149' title="bbox 1384 3111 2391 3157; baseline 0.003 -12"><span class='ocrx_word' id='word_1_1177' title='bbox 1384 3112 1472 3146; x_wconf 86' lang='lat' dir='ltr'>tebat</span> <span class='ocrx_word' id='word_1_1178' title='bbox 1495 3111 1638 3145; x_wconf 88' lang='lat' dir='ltr'>foramen</span> <span class='ocrx_word' id='word_1_1179' title='bbox 1663 3111 1767 3144; x_wconf 87' lang='lat' dir='ltr'>Ovale</span> <span class='ocrx_word' id='word_1_1180' title='bbox 1792 3135 1805 3152; x_wconf 88' lang='lat'>,</span> <span class='ocrx_word' id='word_1_1181' title='bbox 1838 3120 1874 3146; x_wconf 93' lang='lat' dir='ltr'>ut</span> <span class='ocrx_word' id='word_1_1182' title='bbox 1906 3113 2081 3147; x_wconf 85' lang='lat' dir='ltr'>minimum</span> <span class='ocrx_word' id='word_1_1183' title='bbox 2112 3112 2254 3156; x_wconf 82' lang='lat' dir='ltr'>digitum</span> <span class='ocrx_word' id='word_1_1184' title='bbox 2288 3113 2391 3157; x_wconf 84' lang='lat' dir='ltr'>posset</span> 
     </span>
     <span class='ocr_line' id='line_1_150' title="bbox 1384 3155 2391 3200; baseline 0.004 -12"><span class='ocrx_word' id='word_1_1185' title='bbox 1384 3156 1554 3189; x_wconf 83' lang='lat' dir='ltr'>admittere</span> <span class='ocrx_word' id='word_1_1186' title='bbox 1564 3180 1571 3187; x_wconf 94' lang='lat'>.</span> <span class='ocrx_word' id='word_1_1187' title='bbox 1596 3157 1648 3189; x_wconf 88' lang='lat' dir='ltr'>De</span> <span class='ocrx_word' id='word_1_1188' title='bbox 1660 3155 1762 3189; x_wconf 89' lang='lat' dir='ltr'>tribus</span> <span class='ocrx_word' id='word_1_1189' title='bbox 1775 3156 1907 3190; x_wconf 84' lang='lat' dir='ltr'>valvulis</span> <span class='ocrx_word' id='word_1_1190' title='bbox 1920 3157 2190 3200; x_wconf 81' lang='lat' dir='ltr'>Triangularibus</span> <span class='ocrx_word' id='word_1_1191' title='bbox 2202 3155 2315 3200; x_wconf 81' lang='lat' dir='ltr'>justam</span> <span class='ocrx_word' id='word_1_1192' title='bbox 2328 3169 2391 3192; x_wconf 82' lang='lat' dir='ltr'>una</span> 
     </span>
     <span class='ocr_line' id='line_1_151' title="bbox 1383 3197 2392 3244; baseline 0.002 -10"><span class='ocrx_word' id='word_1_1193' title='bbox 1383 3199 1651 3242; x_wconf 75' lang='lat' dir='ltr'>magnitudinem5</span> <span class='ocrx_word' id='word_1_1194' title='bbox 1662 3197 1732 3231; x_wconf 84' lang='lat' dir='ltr'>dnae</span> <span class='ocrx_word' id='word_1_1195' title='bbox 1750 3200 1880 3242; x_wconf 82' lang='lat' dir='ltr'>reliquae</span> <span class='ocrx_word' id='word_1_1196' title='bbox 1893 3200 2048 3235; x_wconf 91' lang='lat' dir='ltr'>minorem</span> <span class='ocrx_word' id='word_1_1197' title='bbox 2060 3199 2216 3235; x_wconf 85' lang='lat' dir='ltr'>habebant</span> <span class='ocrx_word' id='word_1_1198' title='bbox 2228 3225 2235 3232; x_wconf 91' lang='lat'>.</span> <span class='ocrx_word' id='word_1_1199' title='bbox 2249 3203 2392 3244; x_wconf 76' lang='lat' dir='ltr'>Sigmoi-</span> 
     </span>
     <span class='ocr_line' id='line_1_152' title="bbox 1382 3242 2391 3287; baseline 0.002 -10"><span class='ocrx_word' id='word_1_1200' title='bbox 1382 3243 1436 3277; x_wconf 89' lang='lat' dir='ltr'>des</span> <span class='ocrx_word' id='word_1_1201' title='bbox 1460 3251 1565 3277; x_wconf 89' lang='lat' dir='ltr'>autem</span> <span class='ocrx_word' id='word_1_1202' title='bbox 1589 3253 1658 3284; x_wconf 84' lang='lat' dir='ltr'>quae</span> <span class='ocrx_word' id='word_1_1203' title='bbox 1684 3242 1884 3276; x_wconf 82' lang='lat' dir='ltr'>Pulmonaris</span> <span class='ocrx_word' id='word_1_1204' title='bbox 1906 3245 2032 3278; x_wconf 77' lang='lat' dir='ltr'>arteriae</span> <span class='ocrx_word' id='word_1_1205' title='bbox 2055 3242 2138 3277; x_wconf 84' lang='lat' dir='ltr'>ostio</span> <span class='ocrx_word' id='word_1_1206' title='bbox 2149 3243 2391 3287; x_wconf 79' lang='lat' dir='ltr'>praeficiuntur,</span> 
     </span>
     <span class='ocr_line' id='line_1_153' title="bbox 1386 3285 2390 3331; baseline 0.002 -11"><span class='ocrx_word' id='word_1_1207' title='bbox 1386 3287 1425 3321; x_wconf 90' lang='lat' dir='ltr'>ad</span> <span class='ocrx_word' id='word_1_1208' title='bbox 1449 3286 1547 3320; x_wconf 82' lang='lat' dir='ltr'>basim</span> <span class='ocrx_word' id='word_1_1209' title='bbox 1571 3285 1703 3328; x_wconf 89' lang='lat' dir='ltr'>quidem</span> <span class='ocrx_word' id='word_1_1210' title='bbox 1725 3297 1811 3319; x_wconf 84' lang='lat' dir='ltr'>erant</span> <span class='ocrx_word' id='word_1_1211' title='bbox 1836 3286 2006 3320; x_wconf 83' lang='lat' dir='ltr'>secundum</span> <span class='ocrx_word' id='word_1_1212' title='bbox 2031 3296 2199 3326; x_wconf 77' lang='lat' dir='ltr'>naturam3</span> <span class='ocrx_word' id='word_1_1213' title='bbox 2224 3287 2275 3322; x_wconf 90' lang='lat' dir='ltr'>sed</span> <span class='ocrx_word' id='word_1_1214' title='bbox 2299 3297 2390 3331; x_wconf 86' lang='lat' dir='ltr'>parte</span> 
     </span>
     <span class='ocr_line' id='line_1_154' title="bbox 1384 3329 2393 3374; baseline 0.001 -10"><span class='ocrx_word' id='word_1_1215' title='bbox 1384 3331 1544 3373; x_wconf 86' lang='lat' dir='ltr'>superiore</span> <span class='ocrx_word' id='word_1_1216' title='bbox 1567 3329 1784 3374; x_wconf 78' lang='lat' dir='ltr'>cartilagineae</span> <span class='ocrx_word' id='word_1_1217' title='bbox 1807 3330 2019 3370; x_wconf 71' lang='lat' dir='ltr'>videbantur-5</span> <span class='ocrx_word' id='word_1_1218' title='bbox 2044 3332 2122 3374; x_wconf 88' lang='lat' dir='ltr'>quin</span> <span class='ocrx_word' id='word_1_1219' title='bbox 2145 3332 2301 3373; x_wconf 81' lang='lat' dir='ltr'>exiguum</span> <span class='ocrx_word' id='word_1_1220' title='bbox 2335 3331 2393 3365; x_wconf 91' lang='lat' dir='ltr'>os-</span> 
     </span>
     <span class='ocr_line' id='line_1_155' title="bbox 1384 3372 2391 3417; baseline 0.002 -11"><span class='ocrx_word' id='word_1_1221' title='bbox 1384 3374 1422 3406; x_wconf 81' lang='lat' dir='ltr'>sis</span> <span class='ocrx_word' id='word_1_1222' title='bbox 1455 3373 1628 3409; x_wconf 85' lang='lat' dir='ltr'>frustulum</span> <span class='ocrx_word' id='word_1_1223' title='bbox 1659 3383 1726 3415; x_wconf 82' lang='lat' dir='ltr'>Jam</span> <span class='ocrx_word' id='word_1_1224' title='bbox 1758 3372 1916 3409; x_wconf 82' lang='lat' dir='ltr'>habebant</span> <span class='ocrx_word' id='word_1_1225' title='bbox 1938 3387 1948 3407; x_wconf 78' lang='lat'>.-</span> <span class='ocrx_word' id='word_1_1226' title='bbox 1980 3384 2131 3417; x_wconf 85' lang='lat' dir='ltr'>erantque</span> <span class='ocrx_word' id='word_1_1227' title='bbox 2164 3385 2198 3406; x_wconf 86' lang='lat' dir='ltr'>ea</span> <span class='ocrx_word' id='word_1_1228' title='bbox 2230 3384 2317 3417; x_wconf 89' lang='lat' dir='ltr'>parte</span> <span class='ocrx_word' id='word_1_1229' title='bbox 2348 3374 2391 3408; x_wconf 86' lang='lat' dir='ltr'>fic</span> 
     </span>
     <span class='ocr_line' id='line_1_156' title="bbox 1382 3416 2392 3462; baseline 0.002 -13"><span class='ocrx_word' id='word_1_1230' title='bbox 1382 3418 1467 3450; x_wconf 88' lang='lat' dir='ltr'>inter</span> <span class='ocrx_word' id='word_1_1231' title='bbox 1491 3416 1520 3451; x_wconf 88' lang='lat' dir='ltr'>se</span> <span class='ocrx_word' id='word_1_1232' title='bbox 1541 3417 1728 3462; x_wconf 79' lang='lat' dir='ltr'>colligatae,</span> <span class='ocrx_word' id='word_1_1233' title='bbox 1753 3427 1788 3451; x_wconf 92' lang='lat' dir='ltr'>ut</span> <span class='ocrx_word' id='word_1_1234' title='bbox 1813 3420 1868 3452; x_wconf 88' lang='lat' dir='ltr'>vix</span> <span class='ocrx_word' id='word_1_1235' title='bbox 1890 3416 2037 3454; x_wconf 83' lang='lat' dir='ltr'>foramen</span> <span class='ocrx_word' id='word_1_1236' title='bbox 2061 3418 2300 3460; x_wconf 86' lang='lat' dir='ltr'>relinquerent,</span> <span class='ocrx_word' id='word_1_1237' title='bbox 2324 3417 2392 3451; x_wconf 90' lang='lat' dir='ltr'>len-</span> 
     </span>
     <span class='ocr_line' id='line_1_157' title="bbox 1383 3460 2392 3505; baseline 0.002 -11"><span class='ocrx_word' id='word_1_1238' title='bbox 1383 3470 1414 3494; x_wconf 87' lang='lat' dir='ltr'>te</span> <span class='ocrx_word' id='word_1_1239' title='bbox 1448 3472 1513 3494; x_wconf 89' lang='lat' dir='ltr'>non</span> <span class='ocrx_word' id='word_1_1240' title='bbox 1546 3461 1647 3501; x_wconf 77' lang='lat' dir='ltr'>majus</span> <span class='ocrx_word' id='word_1_1241' title='bbox 1673 3482 1685 3499; x_wconf 82' lang='grc'>,</span> <span class='ocrx_word' id='word_1_1242' title='bbox 1719 3471 1775 3503; x_wconf 82' lang='lat' dir='ltr'>per</span> <span class='ocrx_word' id='word_1_1243' title='bbox 1817 3461 1906 3505; x_wconf 84' lang='lat' dir='ltr'>quod</span> <span class='ocrx_word' id='word_1_1244' title='bbox 1952 3460 2076 3504; x_wconf 77' lang='lat' dir='ltr'>sanguis</span> <span class='ocrx_word' id='word_1_1245' title='bbox 2119 3463 2219 3495; x_wconf 87' lang='lat' dir='ltr'>exiret</span> <span class='ocrx_word' id='word_1_1246' title='bbox 2244 3486 2251 3493; x_wconf 92' lang='lat'><strong><em>.</em></strong></span> <span class='ocrx_word' id='word_1_1247' title='bbox 2287 3463 2392 3496; x_wconf 82' lang='lat' dir='ltr'>Erant</span> 
     </span>
     <span class='ocr_line' id='line_1_158' title="bbox 1383 3501 2392 3550; baseline 0 -12"><span class='ocrx_word' id='word_1_1248' title='bbox 1383 3513 1489 3538; x_wconf 87' lang='lat' dir='ltr'>autem</span> <span class='ocrx_word' id='word_1_1249' title='bbox 1514 3503 1552 3538; x_wconf 87' lang='lat' dir='ltr'>ad</span> <span class='ocrx_word' id='word_1_1250' title='bbox 1576 3503 1657 3537; x_wconf 90' lang='lat' dir='ltr'>illud</span> <span class='ocrx_word' id='word_1_1251' title='bbox 1682 3501 1825 3549; x_wconf 81' lang='lat' dir='ltr'>foramen</span> <span class='ocrx_word' id='word_1_1252' title='bbox 1849 3505 1994 3550; x_wconf 85' lang='lat' dir='ltr'>quaedam</span> <span class='ocrx_word' id='word_1_1253' title='bbox 2018 3507 2140 3547; x_wconf 75' lang='lat' dir='ltr'>exiguae</span> <span class='ocrx_word' id='word_1_1254' title='bbox 2163 3503 2392 3547; x_wconf 61' lang='lat' dir='ltr'>prffluffiones</span> 
     </span>
     <span class='ocr_line' id='line_1_159' title="bbox 1381 3548 2394 3604; baseline -0.001 -21"><span class='ocrx_word' id='word_1_1255' title='bbox 1381 3548 1741 3583; x_wconf 70' lang='lat' dir='ltr'>carneo-membranosae</span> <span class='ocrx_word' id='word_1_1256' title='bbox 1763 3573 1776 3590; x_wconf 88' lang='lat'>,</span> <span class='ocrx_word' id='word_1_1257' title='bbox 1807 3561 1842 3584; x_wconf 84' lang='lat' dir='ltr'>ea</span> <span class='ocrx_word' id='word_1_1258' title='bbox 1879 3550 2002 3585; x_wconf 86' lang='lat' dir='ltr'>ratione</span> <span class='ocrx_word' id='word_1_1259' title='bbox 2024 3549 2194 3582; x_wconf 86' lang='lat' dir='ltr'>collocatae</span> <span class='ocrx_word' id='word_1_1260' title='bbox 2219 3571 2233 3588; x_wconf 91' lang='lat'><em>‚</em></span> <span class='ocrx_word' id='word_1_1261' title='bbox 2266 3549 2394 3604; x_wconf 38' lang='lat' dir='ltr'>ut&#39;val-</span> 
     </span>
    </p>

    <p class='ocr_par' dir='ltr' id='par_1_17' title="bbox 2260 3603 2349 3626">
     <span class='ocr_line' id='line_1_160' title="bbox 2260 3603 2349 3626; baseline -0.011 0"><span class='ocrx_word' id='word_1_1262' title='bbox 2260 3603 2349 3626; x_wconf 72' lang='lat' dir='ltr'>vula-</span> 
     </span>
    </p>
   </div>
   <div class='ocr_carea' id='block_1_10' title="bbox 1031 3684 2388 3697">
    <p class='ocr_par' dir='ltr' id='par_1_18' title="bbox 1031 3684 2388 3697">
     <span class='ocr_line' id='line_1_161' title="bbox 1031 3684 2388 3697; baseline 0 378"><span class='ocrx_word' id='word_1_1263' title='bbox 1031 3684 2388 3697; x_wconf 95' lang='lat' dir='ltr'> </span> 
     </span>
    </p>
   </div>
  </div>
 </body>
</html>
