2498 4075
408 205 561 272 Epist.
601 182 766 258 Anatl
796 207 1010 261 Medica
1047 205 1274 262 XVIII.
1313 184 1430 259 ¹Art.
1465 218 1538 278 33.
1567 208 1640 269 ’ὃς
1661 223 1738 273 34.

98 297 219 330 quanto
243 286 407 324 difficilius
431 291 601 330 dentibus,
631 291 661 322 Sc
686 288 850 322 stomacho
871 288 1110 329 conficiantur,

100 342 154 364 aut
177 333 249 374 igne
274 331 344 374 ipso
367 344 549 376 coquantur
571 359 577 366 .
611 333 705 377 Hanc·
726 342 830 365 autem
861 333 1015 367 duritiem
1038 333 1111 367 inde

101 385 263 416 repetere,
287 376 367 410 unde
393 377 606 410 Boerhaavius
630 376 776 416 censuit,
800 377 894 410 licere
905 377 1000 409 credo
1015 401 1022 408 .
1047 379 1106 411 Ri-

98 417 172 459 gida
195 430 320 462 quoque
340 443 352 460 ,
385 423 417 454 &
442 419 520 454 ossea
553 419 636 453 faeta
661 417 819 453 seniorum
849 419 993 463 quaedam
1025 421 1108 462 liga-

99 471 226 502 menta,
249 465 281 497 δε
305 464 521 503 membranas,
546 465 576 495 ἂν
601 461 744 494 tendines
769 486 780 502 ,
815 473 907 505 atque
932 463 1010 498 adeo
1035 475 1107 507 par-

99 513 163 537 tem
188 506 373 541 musculosae
396 507 502 540 cordis
529 505 708 539 substantiae
731 518 740 541 ;
775 515 810 540 ut
835 507 888 539 alii
914 510 968 548 (g
988 512 1002 548 )
1023 531 1032 545 ‚
1073 510 1105 540 ὃς

97 559 155 582 nos
177 552 305 592 quoque
328 549 489 584 interdum
522 552 535 587 ζ
558 549 576 582 Ι]
599 554 611 589 )
646 548 816 586 vidimus‚·
847 562 904 584 cnr
929 551 967 583 ab
997 550 1105 584 eadem

97 592 271 634 praesertim
294 593 383 628 cansa
406 604 467 626 non
491 592 650 632 dicamus,
675 590 756 625 nihil
771 593 833 630 est,
855 594 997 636 opinor,
1020 594 1106 636 quod

95 646 288 680 magnopere
311 636 429 669 obstet.
456 637 556 677 Atqui
583 648 621 669 ex
647 636 834 681 membranis
859 661 869 676 ‚
890 640 923 671 δέ
949 638 1107 671 musculo-

95 677 135 712 sis
159 678 248 713 fibris
282 681 410 712 arterias
434 679 572 712 constare
591 703 602 719 ,
636 679 837 713 maniststum
862 683 902 715 el't
923 706 929 711 .
965 683 1106 714 Videtur

95 724 199 764 igitur
218 748 229 764 ,
262 725 294 756 in
319 722 369 756 his
405 722 685 766 quoqueeandem
712 724 870 760 rationem
893 724 974 767 posse
998 726 1105 758 locum

97 765 233 807 habere,
256 764 408 809 siquando
431 766 468 802 ad,
490 766 622 799 eundem
649 766 781 799 modum
804 769 893 801 oss‘eae
919 768 994 802 fiant
1019 782 1027 801 .-

95 821 149 843 cns
173 821 271 848 vei-03
295 809 317 842 fi
342 809 455 842 aliter<
485 810 604 851 Saepius
628 819 733 842 autem
758 810 953 848 alsterfieri,
980 811 1105 844 inficia-

96 854 124 885 ri
150 865 288 896 nequeo,
313 865 384 886 cnm
409 851 610 894 disjeetarum
634 852 870 896 squamularum
896 880 908 896 ,
931 856 969 893 de
992 856 1105 897 quibus

97 896 150 929 hic
175 898 275 930 sermo
299 896 340 929 est
360 923 367 936 ,
402 899 433 929 &
458 907 567 929 eorum
591 907 660 938 quae
684 908 756 931 cum
781 898 820 931 iis
844 898 935 932 simul
962 898 1104 931 animad-

94 941 200 979 verti,
222 942 309 973 venit
335 942 366 973 in
391 950 528 973 mentem
548 965 556 975 ι
592 939 650 972 Sed
675 950 709 974 ut
743 942 850 978 libens,
868 941 945 975 hoe
963 942 1067 979 fateor
1093 954 1103 981 5

92 982 135 1015 fic
159 985 192 1016 ἅτ
215 983 274 1016 illo
301 985 406 1026 priore
428 982 527 1015 modo
551 983 713 1017 interdurn
735 983 802 1018 fieri
828 985 933 1027 posse,
953 986 1102 1024 credam=5

94 1024 177 1059 nihil
203 1028 288 1061 enim
312 1026 406 1060 video
427 1050 440 1066 ‚
474 1038 530 1060 cur
553 1027 639 1070 qnod
665 1027 734 1060 aliis
759 1032 791 1061 in
817 1030 934 1062 tunicis
959 1029 1104 1070 agnosci-

93 1081 189 1111 mus,
213 1069 245 1102 id
270 1071 302 1105 in
327 1071 447 1104 tunicis
470 1073 658 1107 arteriarum
679 1073 814 1104 omnino
840 1084 1006 1114 negemus.
1035 1074 1103 1105 Ne-

92 1125 154 1156 que
179 1115 263 1147 enim
287 1113 387 1146 obstat
411 1115 498 1156 quod
521 1114 623 1148 media
657 1113 695 1147 fit
718 1115 895 1149 musculosa
916 1140 929 1157 ,
963 1128 996 1149 ac
1019 1116 1104 1158 jugi-

91 1165 138 1189 ter
161 1157 194 1189 in
229 1158 345 1190 alterna
372 1158 590 1192 contrafflone
611 1181 620 1197 ,
654 1161 687 1191 ἃ
711 1159 903 1192 relaxatione
931 1160 1068 1195 versetur
1094 1185 1103 1200 ,

91 1199 244 1243 quand0‚
269 1210 304 1234 ut
328 1200 425 1236 modo
448 1200 593 1234 dicebam
615 1225 636 1241 ,,
659 1203 766 1237 cordis
789 1202 885 1244 ipsius
908 1199 1032 1236 carnem
1048 1204 1105 1241 os-

91 1247 172 1276 seam
199 1243 318 1278 fastam
343 1243 419 1281 esse,
447 1244 582 1281 scimus.
608 1247 680 1278 Nec
705 1247 808 1280 officit
819 1246 1005 1283 cellulosum
1028 1260 1105 1280 con-

94 1296 241 1326 textum,
267 1290 388 1322 tunicis
412 1288 740 1330 illisinterpositum3
768 1290 1103 1333 siquidemsecundum

90 1341 237 1365 naturam
260 1331 344 1363 inter
367 1332 448 1372 ipsas
471 1333 671 1366 coaretatum
692 1357 700 1371 ‚
736 1334 876 1367 cellulofi
902 1333 1007 1369 forma
1040 1346 1102 1369 non

89 1385 242 1416 apparet,
267 1375 323 1409 nisi
350 1375 588 1415 distr-aetionis,
613 1385 668 1410 aut
694 1379 771 1411 aeris
796 1377 906 1419 injeeh·
918 1389 1003 1419 ope,
1026 1390 1102 1420 qua-

88 1429 120 1450 re
146 1418 218 1453 satis
243 1427 313 1452 tuta
337 1430 351 1450 a
375 1419 599 1461 compressione
623 1421 815 1455 transeuntia
834 1422 874 1453 >in
901 1423 1024 1455 tunicas
1048 1433 1101 1454 va-

89 1461 119 1494 sa
146 1473 210 1494 non
235 1461 358 1504 praestat
382 1487 394 1503 ,
429 1466 460 1496 &
483 1464 551 1496 sane
583 1464 776 1498 membranas
802 1465 877 1497 alibi
901 1489 908 1502 ‚
930 1465 1047 1508 quibus
1071 1477 1101 1498 e-

89 1504 225 1546 jusmodi
248 1516 440 1541 contextum
462 1505 560 1540 subest
584 1529 592 1542 ‚
628 1506 722 1541 osseas
755 1508 967 1542 nihilominus
1000 1508 1099 1542 sistas

87 1548 250 1586 videmus:
276 1561 459 1599 quanquam
484 1549 536 1582 hic
552 1560 634 1583 >non¹
650 1561 713 1585 tarn
737 1553 805 1586 vasa
845 1552 1020 1594 speetamus
1046 1562 1117 1591 tu-v

87 1593 174 1626 nicas
198 1603 336 1635 petentia
356 1617 366 1633 ,
393 1605 489 1635 quam
512 1593 644 1627 ultimos
669 1606 781 1629 eorum
797 1595 990 1629 ramusculos
1006 1620 1013 1632 ,
1042 1607 1096 1637 per

88 1647 194 1670 earum
218 1638 368 1670 intimam
392 1636 594 1669 substantiam
608 1636 763 1679 dispersos
779 1665 786 1672 .
814 1638 918 1672 Sed&
944 1639 1012 1674 vasa
1024 1651 1095 1683 quae

88 1682 278 1713 arteriarum
303 1681 425 1715 tunicas
450 1679 642 1719 adeunt,:in
667 1682 738 1724 ipso
759 1682 919 1718 cellulosO,
937 1694 1094 1716 contexto

86 1722 162 1757 elidi
188 1734 245 1764 per
264 1732 389 1757 aetatem
404 1747 413 1762 ,
438 1724 650 1756 &coalescere
667 1747 675 1762 ,
697 1724 844 1767 {penatis
868 1725 1095 1769 postinjeffio-

85 1777 157 1798 nem
181 1767 253 1803 inde
276 1764 415 1803 foetuum
436 1789 444 1803 ‚
477 1766 553 1800 hinc
574 1767 734 1802 seniorum
765 1771 889 1803 arteriis
910 1795 921 1811 ,
954 1773 987 1804 &
1019 1769 1095 1803 vasis

84 1820 293 1852 nti-arumque
325 1811 454 1843 collatis
490 1810 707 1846 Boerhaavius
738 1814 821 1854 (i)
853 1825 892 1846 ex
929 1812 1096 1854 Ruyschio

84 1853 242 1887 indicavit
266 1878 274 1890 ‚
308 1857 340 1888 δε
378 1854 489 1889 diserte
523 1854 657 1888 Illustris
701 1855 905 1891 confirmavit
950 1856 1096 1894 Hallerus

82 1899 98 1936 (
120 1897 139 1936 l<
160 1899 173 1936 )
193 1921 203 1930 .,
239 1897 311 1930 Nec
336 1909 410 1933 vero
435 1907 566 1940 propter
601 1899 784 1934 cellulosam
810 1902 999 1942 pulmonum
1026 1900 1097 1934 sub-

86 1940 259 1979 stantiam,
284 1940 399 1974 horum
426 1943 547 1975 arteriae
572 1942 609 1976 ab
631 1941 694 1976 hoc
715 1945 800 1977 vitio
818 1945 975 1977 immunes
1001 1943 1070 1978 sunt
1084 1968 1096 1985 ‚

83 1995 158 2017 cum
182 1984 366 2026 exemplum
393 1984 439 2026 (l
460 1989 473 2025 )
499 1985 613 2035 pros‘tet
640 2010 652 2027 ,
676 1989 708 2019 in
733 1999 800 2030 qno
823 1988 945 2021 arreriae
968 1988 1000 2020 in
1019 1987 1095 2029 pul·
1119 2025 1120 2028 Ἰ

84 2026 226 2062 mom-'bus
247 2051 259 2067 ‚
294 2038 461 2070 earumque
487 2039 566 2062 rame
597 2032 724 2071 penitus
739 2028 833 2073 fuere
866 2029 959 2074 offen.

82 2070 175 2104 Nam
196 2069 283 2113 quod
308 2082 393 2104 venae
416 2083 545 2114 quoque
577 2071 665 2107 osseae
689 2073 766 2107 fiant
788 2099 796 2114 ,
828 2076 860 2108 in
884 2085 1018 2117 quarum
1043 2085 1096 2117 pa-

83 2115 177 2147 rietes
202 2125 265 2147 non
288 2114 422 2148 incurrit
447 2114 607 2156 sanguinis
631 2118 769 2159 impetus
790 2142 802 2158 ‚
839 2127 874 2152 ut
898 2120 931 2155 in
958 2119 1094 2159 parietes

86 2158 293 2196 arteriarum,
315 2167 371 2191 aut
395 2157 482 2200 quod
504 2157 559 2192 haer
575 2170 638 2192 non
662 2160 783 2203 semper
815 2172 912 2203 prope
934 2171 990 2193 cor
1013 2162 1096 2193 inci-

85 2201 176 2244 piant
198 2199 268 2234 fieri
292 2200 380 2236 offeae
395 2224 402 2238 ‚
427 2201 480 2234 ubi
505 2212 522 2234 a
546 2201 694 2245 sanguine
717 2203 885 2245 compulso
910 2205 1012 2246 magis
1042 2214 1096 2235 ur-

84 2253 220 2288 gentum
243 2255 355 2286 nempe
378 2244 457 2277 illud
481 2245 592 2277 multo*
609 2247 709 2279 rarius
732 2247 896 2287 contingit
917 2264 925 2286 ς
949 2258 1006 2279 nec
1030 2247 1094 2278 mi-

86 2298 160 2322 rum
180 2287 245 2327 est,
266 2286 290 2320 fi
312 2287 354 2319 ob
377 2288 453 2320 alias
476 2287 581 2321 causas
605 2288 639 2321 id
664 2288 823 2322 interdum
846 2291 932 2323 venis
955 2289 1095 2325 accidat,

86 2330 176 2374 quod
199 2333 232 2363 &
262 2331 385 2363 caeteris
409 2331 598 2365 membranis
618 2356 630 2371 ,
661 2341 714 2366 aut
737 2331 760 2365 fi
793 2334 872 2365 certi
907 2334 1095 2366 arteriarum

87 2374 208 2408 maestus
230 2373 291 2408 five
325 2385 340 2406 a
365 2373 551 2416 primordiis
572 2375 678 2414 ‚live
702 2387 739 2409 ex
764 2376 917 2417 peculiari
943 2378 1017 2408 vitae
1040 2387 1095 2416 ge-

88 2429 184 2457 nere,
206 2420 239 2450 &
261 2416 420 2450 crebriore
444 2416 582 2459 quodam
607 2420 778 2460 corporis,
803 2427 856 2451 aut
882 2428 1008 2452 artuum
1032 2418 1096 2453 situ

87 2458 365 2504 magisidispofita
398 2460 567 2502 aliquando
592 2459 725 2494 habeant
760 2463 874 2494 intima
908 2462 1032 2496 vascula
1057 2463 1096 2496 ad

88 2503 349 2547 compressionem
372 2503 591 2545 excipiendam
615 2516 631 2536 a
655 2504 805 2546 sangnine
832 2506 962 2538 arterias
985 2517 1095 2539 omnes

85 2546 279 2581 distendente
307 2571 315 2578 .
351 2547 434 2583 Quae
458 2546 628 2588 dispositio
662 2560 735 2582 cum
769 2549 808 2582 ab
828 2559 905 2583 ortu
941 2549 1013 2591 ipso
1037 2548 1095 2582 esse

86 2601 179 2636 queat
202 2590 366 2632 in.parvis
387 2592 483 2623 etiam
508 2590 562 2624 hic
586 2591 653 2624 illic
679 2593 863 2625 arteriarum
887 2592 1057 2635 particulis
1082 2617 1094 2633 ,

87 2645 142 2669 aut
165 2635 199 2667 in
222 2635 359 2667 externis
382 2636 484 2677 magis
503 2657 516 2675 ,
537 2645 634 2677 quam
656 2636 688 2668 in
713 2637 847 2669 internis
871 2637 988 2670 tunicae
1014 2637 1093 2670 inti-

87 2691 145 2712 mae
171 2678 327 2716 lamelli53
351 2676 426 2712 hinc
450 2689 577 2722 quoque
601 2678 657 2712 esse
682 2679 807 2722 potest,
833 2689 869 2714 ut
892 2691 956 2712 non
982 2691 1093 2722 perpe-

85 2733 182 2757 tuum
205 2732 241 2754 os
265 2730 371 2764 pergat
393 2746 404 2762 ‚
435 2731 490 2755 aut
513 2722 638 2756 intimae
672 2725 789 2757 tunicae
813 2723 909 2757 facies
941 2725 1058 2756 intima
1082 2747 1092 2762 ‚

88 2766 235 2810 quamvis
259 2764 397 2799 incursui
422 2765 584 2809 sanguinis
608 2768 709 2809 magis
733 2766 898 2808 exposita,
921 2766 1001 2800 ossea
1027 2767 1094 2809 ipsa

89 2820 154 2843 non
178 2808 260 2848 fiat,
279 2819 355 2842 cum
376 2820 409 2841 ea
432 2807 487 2842 fiat
504 2836 511 2849 ‚
534 2821 631 2852 quam
655 2810 806 2845 obducit.

137 2863 185 2894 33.
211 2852 310 2893 Qod
335 2852 356 2884 si
381 2851 465 2885 forte
488 2852 633 2896 quaedam
656 2853 772 2888 horum
794 2878 806 2894 ‚
840 2866 910 2897 quae
935 2866 949 2886 a
974 2865 1022 2887 me
1047 2866 1094 2886 re-

90 2894 193 2939 posita
216 2895 285 2928 sunt
310 2896 409 2938 magis
429 2919 442 2936 ,
480 2906 516 2931 ut
539 2906 569 2929 te
593 2896 631 2930 ad
654 2898 787 2930 meliora
811 2896 989 2940 reponenda
1012 2899 1097 2930 exci-

90 2948 213 2978 tarem,
232 2949 329 2981 quam
352 2940 438 2982 quod
461 2939 536 2973 satis
559 2939 641 2973 mihi
665 2942 809 2984 placeant
833 2942 963 2979 omnia3
988 2944 1020 2975 δε
1045 2943 1091 2974 sa-

90 2994 130 3016 ne
154 2982 229 3016 alibi
253 2984 267 3021 <
290 2993 320 3016 m
341 2986 355 3022 )
377 2983 567 3026 perspicies,
591 2996 655 3018 non
677 2985 818 3019 multum
843 2984 1003 3027 plerisque
1026 2984 1088 3018 ho-

91 3037 161 3059 rum
185 3038 203 3059 a
224 3036 274 3058 me
297 3026 395 3060 tribui
416 3038 427 3065 3
464 3038 527 3060 non
550 3030 709 3062 continuo
743 3039 849 3062 tamen
882 3028 961 3061 illuc
995 3030 1088 3063 nobis

92 3070 319 3103 decurrendum
343 3068 474 3109 censeo,
499 3080 532 3104 ut
557 3073 685 3107 arterias
696 3071 853 3106 fateamur
877 3084 1038 3115 nunquam
1052 3074 1091 3106 ad

93 3124 164 3147 eum
197 3112 329 3147 modum
363 3114 396 3146 in
421 3112 534 3148 osseam
569 3124 714 3150 naturam
750 3117 900 3157 mutari,
933 3116 971 3148 ad
1002 3129 1098 3160 quem

92 3157 256 3194 tendines,
280 3157 388 3189 aliaeve
408 3158 551 3199 quaedam
576 3168 678 3200 partes
703 3170 885 3194 mutantur.
910 3159 1002 3196 Quid
1014 3162 1099 3195 enim

95 3198 117 3232 fi
142 3200 319 3243 aliquando
347 3200 394 3232 vel
419 3209 488 3233 tota
520 3201 636 3235 intima
661 3204 727 3245 ipsa
763 3207 871 3238 tunica
899 3228 908 3242 ,
937 3203 959 3237 fi
984 3207 1099 3237 arteria

93 3252 164 3276 tota
187 3245 221 3276 in
243 3255 311 3276 eam
345 3252 491 3276 naturam
514 3254 688 3279 mutaretur
715 3246 728 3280 Ρ
759 3249 945 3290 Falloppius
977 3251 990 3286 (
1010 3259 1029 3279 n
1051 3252 1064 3288 )
1089 3261 1099 3286 ς

96 3297 171 3320 nam
194 3289 226 3320 &
248 3296 365 3320 veteres
389 3287 439 3319 illi
462 3288 648 3322 Anatornici
674 3290 734 3324 hoc
750 3300 815 3324 non
839 3295 1027 3334 ignorarunt
1041 3292 1101 3323 ob-

95 3331 308 3365 servationum
341 3341 469 3373 genuss
506 3344 579 3366 cum
602 3333 683 3366 illud
717 3334 772 3367 diu
806 3335 1100 3368 anteuSeenonium

96 3372 322 3408 animadvertit
336 3399 344 3413 ,
368 3384 442 3407 aves
459 3373 595 3415 seniores
618 3375 728 3411 habere
740 3379 947 3420 musculorum
971 3377 1100 3411 chordas

95 3416 187 3460 offi‘as
206 3427 335 3459 propter
357 3417 489 3450 nimium
511 3418 598 3460 usum
621 3420 663 3452 (φ
686 3420 820 3456 laborem
841 3446 852 3462 ,
886 3430 920 3454 ar
943 3422 1099 3462 juniorum

96 3461 204 3494 avium
236 3460 367 3495 chordas
387 3460 496 3494 molles
531 3460 612 3504 effe3
646 3471 715 3496 tum
750 3465 864 3499 diserte
897 3465 1024 3498 testatus
1058 3463 1100 3498 est

98 3504 116 3544 (
133 3514 149 3536 o
170 3507 184 3543 )
202 3527 215 3544 ,
232 3504 268 3545 se
289 3501 396 3547 vidz'ffe
420 3505 451 3537 in
476 3506 608 3546 quadam
631 3506 739 3540 vetula
775 3520 877 3542 ornnes
901 3511 1035 3542 arterias
1053 3507 1098 3549 fi-

97 3545 208 3586 nistras
232 3546 324 3591 offeas
347 3547 401 3593 effi³
416 3544 525 3591 fassas
547 3573 553 3579 .
590 3550 740 3583 Coiterus
776 3562 883 3586 autem
913 3555 969 3596 (p
991 3555 1005 3590 )
1035 3552 1099 3586 hoc

1060 768 1112 801 se-,

2001 227 2088 278 173

1162 287 1286 328 insuper
1317 287 1354 321 de
1378 288 1548 331 Falloppio
1580 288 1730 332 scripsit,
1765 290 1850 323 Viros
1872 290 1932 334 fide
1964 291 2071 332 dignos
2100 288 2160 331 fibi

1161 331 1301 365 Bononiae
1324 331 1457 375 retulzffe
1473 355 1480 368 ‚
1498 331 1533 374 se
1549 331 1586 376 se
1607 333 1743 367 ‘Patavii
1766 334 1797 366 in
1820 344 1943 375 corpore
1957 357 1968 373 ,
1991 345 2008 366 a
2033 332 2160 372 Fallop-

1157 376 1212 416 pio
1234 373 1354 420 dlffeftfo
1377 397 1385 411 ‚
1421 375 1530 418 vidisse
1552 377 1701 410 arteriam
1724 385 1843 409 aonam
1866 399 1877 415 ‚
1905 375 1971 418 five
1994 385 2160 417 magnam,

1157 426 1257 452 totam
1280 414 1414 459 offeam.
1451 420 1548 452 Certe
1573 429 1676 452 autem
1711 418 1764 451 illa
1788 417 1924 461 ejusdcm
1955 418 2076 452 arteriae
2110 416 2162 450 de-

1159 460 1335 497 scendentis
1360 462 1471 502 portio
1495 471 1564 495 tota
1589 460 1668 496 ossea
1694 461 1814 502 fuerit,
1837 472 1966 503 oportet
1990 486 2001 502 ,
2026 473 2122 504 quam
2145 472 2160 492 e

1157 503 1345 537 nobilissimi
1371 505 1443 536 Viri
1468 505 1637 546 cadavere,
1659 517 1733 539 cum
1757 505 1881 538 duobus
1912 504 2088 539 cruralibus
2111 516 2161 538 ra-

1157 548 1216 580 mis
1234 546 1399 589 spithamae
1422 547 1612 589 longitudine
1633 551 1751 583 exemit
1774 548 1930 592 Harvejus
1953 552 1965 587 (
1988 559 2005 590 q
2029 552 2063 587 >5
2087 558 2160 579 nam

1157 588 1223 633 ejus
1247 591 1371 624 tunicas
1394 590 1426 623 in
1449 589 1605 625 calamum
1638 593 1680 626 Θ
1702 591 1845 627 tribulum
1876 590 1985 637 osseum
2018 591 2161 624 totaliter

1157 632 1319 677 conversas
1342 633 1447 672 dixit,
1471 644 1526 665 nec
1549 645 1657 675 certe,
1681 635 1702 668 fi
1727 636 1833 669 tunica
1858 636 1963 676 aliqua
1990 632 2160 674 superfuis-

1158 677 1223 715 set,
1247 687 1314 710 erat
1337 676 1403 721 ejus
1428 687 1616 718 argumento
1641 680 1750 718 locus,
1769 688 1825 720 per
1842 678 2037 722 soliditatem
2061 675 2126 719 offis
2148 699 2162 717 ‚

1149 717 1343 763 facultatem
1367 720 1542 764 pulsisicam
1567 721 1675 757 deduci
1697 733 1755 755 nm
1775 722 1869 763 potui
1895 732 1934 754 e.
1972 721 2107 753 Omitto
2131 731 2163 752 a-

1158 764 1215 796 lias
1239 763 1490 805 observationes,
1515 775 1588 797 cum
1611 766 1643 799 in
1668 765 1726 799 hac
1748 764 1903 805 Har-vejus
1926 773 2051 810 tantum
2073 762 2164 812 dixe-

1158 809 1224 847 rit,
1250 816 1406 849 quantum
1430 809 1503 842 satis
1528 808 1593 848 est,
1615 820 1653 840 ne
1676 818 1808 850 propter
1828 808 1893 852 ejus
1919 807 2079 841 silentium
2104 807 2164 839 all-

1158 860 1207 885 ter
1229 850 1388 893 conjicere
1406 876 1419 894 ‚
1454 851 1570 885 nedum
1594 852 1755 886 ostendere
1779 875 1791 893 ,
1825 862 1877 886 aut
1901 851 2044 884 evincere
2069 849 2164 883 facile

1158 893 1324 936 possimus.
1460 896 1516 929 Sed
1542 894 1691 929 haetenus
1716 895 1782 930 haec
1804 919 1816 935 ,
1846 907 1909 927 non
1934 903 1970 927 ut
2002 893 2165 928 dissentia-

1158 949 1250 977 mus,
1277 938 1326 973 sed
1351 948 1386 971 ut
1410 939 1566 981 tantisper
1590 938 1792 973 assensionem
1815 936 2021 971 cohibeamus
2042 960 2050 973 ‚
2085 936 2164 971 dum

1158 982 1643 1025 verumnobis*inquirentibus
1668 984 1696 1016 se
1721 983 1821 1024 magis
1846 981 1981 1024 prodat.
2006 982 2104 1014 Nunc
2124 979 2163 1014 ad

1156 1025 1310 1066 reliquam
1334 1025 1464 1061 dilatati
1488 1024 1613 1065 cordis,
1639 1030 1671 1061 δε
1696 1027 1824 1070 Magna:
1857 1028 1978 1061 arteriae
2004 1024 2164 1058 Observa-

1157 1077 1280 1100 tionem
1305 1070 1486 1107 veniamus.

1200 1121 1251 1153 34.
1279 1112 1467 1147 MULIER
1492 1125 1667 1153 annorum,
1690 1113 1923 1152 invidebatur,
1949 1114 2076 1147 circiter
2088 1124 2166 1155 qua-

1160 1153 1329 1195 draginta,
1354 1156 1578 1198 pinguiuscula
1598 1181 1609 1196 ,
1633 1169 1702 1199 quae
1727 1155 1895 1199 purgando
1919 1158 2016 1190 lintea
2040 1156 2166 1190 viehirn

1161 1209 1297 1240 quaerere
1320 1198 1523 1233 consueverat
1543 1225 1554 1241 ,
1579 1212 1653 1234 cum
1677 1202 1759 1233 intra
1795 1200 1975 1235 sexennium
1999 1199 2061 1233 hoc
2084 1200 2166 1232 ulti-

1161 1253 1252 1275 mum
1286 1252 1417 1285 propter
1441 1243 1578 1285 spirandi
1613 1244 1835 1277 difficultatem
1855 1267 1867 1283 ,
1898 1257 1968 1288 qnae
2003 1242 2167 1277 asthmatis

1156 1284 1332 1319 convulsivi
1356 1285 1490 1328 speciem
1515 1287 1676 1326 habebat,
1700 1288 1778 1330 saepe
1802 1289 1835 1319 in
1860 1288 2101 1321 Nosocomium
2112 1298 2166 1319 ve-

1156 1327 1269 1368 nisset,
1295 1340 1393 1372 neque
1418 1331 1525 1372 pulsus
1549 1343 1689 1376 unquam
1714 1332 1834 1373 percipi
1858 1333 1890 1364 in
1903 1330 1971 1374 ejus
1995 1332 2098 1365 carpis
2110 1342 2167 1373 po-

1157 1372 1311 1409 tuissent3
1335 1373 1446 1407 eodem
1473 1375 1607 1409 redierat
1641 1375 1685 1408 ob
1709 1375 1840 1408 eandem
1875 1376 1963 1409 illam
1988 1375 2168 1409 difficulta-

1157 1425 1240 1453 tem,
1267 1428 1341 1450 cum
1366 1418 1447 1452 intra
1473 1417 1539 1452 dies
1564 1418 1751 1462 quindecim
1776 1427 1903 1452 mortua
1928 1418 1970 1452 est
1992 1443 2005 1460 ‚
2029 1418 2127 1452 crassa
2156 1441 2166 1457 ‚

1157 1461 1189 1491 ἃς
1215 1461 1404 1502 purulenta,
1429 1472 1465 1496 ut
1489 1461 1666 1495 referebant
1691 1486 1702 1502 ,
1736 1461 1827 1503 sputa
1852 1462 1985 1496 reddens
2017 1471 2165 1495 extremo

1156 1512 1321 1544 tempore.
1452 1507 1709 1542 CADAVER,
1736 1506 1876 1539 Publicae
1901 1507 2079 1539 Anatornes
2090 1517 2168 1538 cau-

1156 1546 1185 1579 sa
1210 1548 1241 1578 in
1267 1546 1449 1582 Theatrum
1475 1550 1626 1589 illatum,
1650 1549 1773 1591 inspexi
1798 1574 1805 1581 .
1831 1546 2001 1591 Nusquam
2024 1573 2034 1589 ‚
2066 1560 2102 1581 ne
2128 1547 2167 1582 ad

1150 1590 1244 1632 pedes
1269 1591 1424 1633 quidem,
1452 1593 1614 1626 tumidum
1641 1617 1654 1633 ,
1689 1604 1789 1635 neque
1812 1594 1947 1625 omnino
1980 1593 2170 1626 imnroban-

1152 1633 1229 1667 dum
1254 1634 1440 1669 videbatur.
1468 1635 1527 1669 Sed
1551 1635 1701 1679 postridie
1717 1649 1731 1668 a
1751 1647 1855 1669 morte
1877 1638 2169 1678 cumintegumen-

1151 1685 1183 1709 ta
1208 1677 1390 1717 abdominis
1414 1679 1536 1714 sublata
1560 1678 1675 1713 essent.
1703 1679 1836 1714 musculi
1862 1681 1960 1713 virere
1975 1689 2167 1723 coeperunt,

1152 1722 1250 1753 tertio
1275 1731 1380 1754 autem
1406 1723 1456 1755 die
1481 1723 1587 1756 multo
1611 1725 1713 1766 magis
1738 1747 1747 1761 ‚
1772 1735 1826 1757 nec
1851 1721 1913 1757 fine
1937 1725 2106 1768 teterrimo
2130 1736 2169 1757 0-

1151 1764 1227 1797 clore
1249 1777 1258 1803 3
1293 1777 1473 1809 quanquam
1499 1769 1632 1801 Ventris
1657 1767 1773 1800 viscera
1789 1779 1865 1801 mox
1890 1769 2005 1802 reteet‘a
2027 1791 2034 1804 ‚
2067 1780 2168 1811 neque

1153 1808 1277 1847 livida,
1302 1820 1403 1853 neque
1428 1810 1571 1842 morbida
1596 1810 1763 1852 conspesta
1791 1811 1862 1846 sunt
1887 1837 1894 1844 .
1923 1813 2045 1845 Verum
2071 1813 2167 1854 paulo

1155 1851 1225 1894 post
1241 1864 1343 1894 quam
1368 1855 1587 1888 ventriculus.
1614 1866 1780 1897 omentum
1808 1854 1819 1895 ᾖ
1843 1856 2066 1890 mesenterium
2092 1878 2100 1892 ‚
2133 1857 2167 1888 δε

1152 1896 1215 1929 alia
1240 1896 1384 1938 quaedam
1409 1897 1523 1931 viscera
1549 1909 1695 1942 exempta
1720 1898 1844 1934 fuerant
1866 1922 1874 1936 ‚
1900 1900 1966 1933 haec
1990 1901 2099 1934 omnia
2125 1899 2168 1930 li-

1152 1951 1224 1971 vere
1241 1961 1256 1974 ‚v
1274 1942 1306 1972 ἅ-
1329 1938 1442 1973 foeterc
1466 1952 1634 1984 coeperunt
1650 1967 1660 1982 ,
1686 1953 1720 1977 ut
1747 1942 1896 1985 postridie
1910 1941 2057 1984 pancreas
2082 1944 2162 1975 viri-

1153 1983 1186 2015 di
1212 1982 1361 2029 obsoleto
1384 1985 1493 2017 colore
1516 1985 1673 2022 infestum
1694 2011 1707 2028 ,
1732 1987 1813 2021 nihil
1841 1988 1945 2020 minus
1969 1999 2065 2031 quam
2090 1998 2171 2029 pan·

1153 2037 1235 2059 creas
1260 2026 1316 2059 esse
1338 2027 1519 2062 videretur.
1546 2032 1669 2064 Interea
1693 2041 1797 2065 autem
1822 2042 1886 2065 non
1900 2031 2082 2066 Theatrum
2096 2043 2172 2065 mo-

1151 2071 1219 2109 do,
1244 2069 1294 2102 sed
1319 2080 1428 2104 totum
1467 2074 1700 2116 propemodum
1721 2074 1935 2119 Gymnafium
1954 2078 2129 2113 ‘vehemens
2155 2103 2166 2118 ,

1151 2115 1184 2145 &
1208 2114 1426 2148 intolerandus
1450 2115 1553 2156 foetor
1576 2120 1762 2161 impleverat
1787 2145 1800 2162 ‚
1834 2133 1906 2156 cum
1929 2132 2036 2157 tamen
2061 2123 2167 2166 gelida

1125 2184 1127 2187 .
1151 2154 1245 2195 esset,
1270 2169 1302 2189 ac
1327 2158 1435 2192 nivosa
1459 2162 1623 2204 tempestas
1648 2175 1701 2206 per
1724 2176 1776 2197 eos
1799 2166 1867 2198 dies
1892 2190 1904 2207 ,
1934 2169 1992 2210 qui
2020 2168 2167 2210 proxime

1153 2198 1379 2234 antecesserunt
1404 2205 1577 2239 maximam
1604 2206 1693 2240 illam
1717 2210 1784 2241 vim
1806 2208 1941 2251 frigoris
1963 2223 2035 2255 quae
2058 2211 2087 2245 se
2100 2213 2165 2246 IV.

1153 2242 1231 2276 Idus
1263 2245 1425 2279 Februarii
1461 2249 1505 2281 A.
1533 2259 1624 2292 1740.
1661 2262 1783 2284 exerere
1815 2253 1936 2296 incepit
1959 2279 1966 2285 .
2000 2254 2068 2288 Etsi
2102 2255 2166 2297 igi-

1152 2294 1206 2320 tur
1230 2297 1363 2329 propere
1388 2288 1613 2339 auferendum,
1638 2293 1897 2339 humandumque
1919 2297 2050 2331 cadaver
2075 2297 2163 2338 fuit3

1153 2340 1258 2379 tamen
1283 2340 1372 2380 antea
1399 2342 1619 2376 integumenta
1638 2337 1691 2373 ,ad
1717 2347 1888 2383 utrumque
1925 2353 2063 2384 carpum
2082 2343 2166 2375 inci-

1151 2372 1208 2413 di,
1231 2373 1342 2415 voltu,
1363 2373 1386 2407 fi
1408 2375 1494 2410 forte
1517 2382 1631 2413 arteria
1654 2393 1694 2414 eo
1716 2393 1781 2425 quo
1804 2382 1904 2417 solent
1927 2385 2053 2418 Medici
2088 2387 2165 2420 loco

1152 2427 1313 2467 qum-ere,
1337 2428 1390 2452 aut
1413 2422 1498 2454 nulla
1520 2422 1592 2456 esset
1616 2448 1625 2462 ,
1659 2435 1714 2460 aut
1737 2428 1878 2468 exigua,
1903 2438 1956 2462 aut
1982 2429 2090 2472 aliqua
2113 2441 2164 2463 ra-

1153 2468 1243 2509 tione
1268 2462 1439 2509 impedita.
1468 2465 1633 2501 thoracem
1648 2480 1752 2502 aurem
1778 2471 1815 2503 ad
1828 2473 2051 2512 inquirendam
2076 2484 2165 2507 mor-

1152 2504 1185 2535 bi
1211 2502 1312 2535 sedem
1335 2508 1481 2556 reserari.
1616 2512 1662 2545 Et
1696 2515 1810 2546 arteria
1833 2514 1965 2556 quidem
1988 2526 2161 2561 utrumque

1150 2546 1191 2580 ad
1215 2557 1346 2597 carpum
1370 2548 1434 2598 suit
1459 2550 1574 2595 sicuti,
1597 2557 1629 2589 δέ
1653 2557 1758 2598 qualis
1782 2557 1886 2591 solet.
2021 2560 2161 2595 Thorax

1148 2591 1398 2633 quoque'nilnl-
1418 2593 1531 2631 habuit
1564 2596 1652 2631 effufi
1678 2600 1822 2635 humoris
1848 2625 1856 2640 ‚
1896 2614 1996 2646 neque
2022 2615 2162 2639 annexos

1149 2634 1266 2683 pleurae
1292 2636 1482 2676 pulmones:
1506 2642 1561 2682 qui
1587 2642 1734 2684 turgidi,
1759 2645 1892 2688 quidem
1915 2656 2030 2687 erant,
2055 2652 2086 2681 &
2111 2660 2161 2682 re-

1150 2676 1225 2710 fert1
1250 2677 1382 2713 humore
1408 2680 1557 2724 spumoso
1579 2698 1590 2724 ‚-
1615 2695 1646 2718 at
1672 2688 1755 2721 nihil
1781 2700 1931 2731 praeterea
1953 2692 2040 2727 intus
2062 2715 2075 2733 ‚
2106 2705 2160 2726 ex-

1149 2729 1239 2771 trave
1271 2722 1358 2772 quod
1382 2725 1565 2774 morbidum
1598 2728 1671 2763 esset
1696 2755 1706 2772 ‚
1738 2731 1964 2767 ostenderunt.
2099 2736 2161 2771 Sed

1149 2774 1237 2797 intra
1261 2768 1473 2818 per—icardium
1498 2770 1629 2812 durius,
1654 2776 1686 2807 &
1709 2776 1830 2810 craffius
1851 2801 1862 2816 ‚
1887 2781 1919 2811 &
1943 2778 2029 2821 quasi
2051 2780 2158 2813 tendi-

1150 2819 1246 2842 neum
1266 2833 1277 2849 ,
1307 2822 1490 2860 *mvemmus
1513 2826 1568 2847 cor
1592 2828 1743 2858 magnum
1764 2845 1773 2851 .
1809 2820 1910 2860 Qod
1933 2833 2006 2857 cum
2028 2821 2160 2857 disseca-

1150 2863 1237 2892 rem,
1263 2855 1497 2896 animadverti,
1522 2871 1588 2892 eam
1612 2862 1868 2902 magnitudinem
1892 2887 1904 2903 ,
1939 2867 1972 2897 δε
1995 2867 2157 2901 ventricu-

1149 2896 1256 2929 lorum
1279 2901 1486 2939 capacitatem
1519 2913 1591 2936 cum
1614 2907 1841 2939 extenuatione
1874 2909 2031 2950 parietum
2055 2936 2064 2949 ,
2097 2911 2156 2954 qui

1148 2940 1305 2973 craffiores
1328 2953 1416 2975 erant
1440 2945 1572 2986 potius,
1595 2958 1657 2979 non
1681 2948 1737 2982 else
1760 2949 1987 2994 conjunfflm.
2013 2954 2157 2997 Polypo-

1143 2982 1183 3017 [τε
1206 2987 1425 3033 concretiones
1457 2987 1571 3022 albidae
1594 2991 1724 3033 quidem
1744 3016 1756 3033 ‚
1790 2996 1821 3027 &
1844 2995 1947 3029 crassae
1967 3018 1978 3033 ‚
2009 2996 2061 3031 sed
2091 3008 2157 3031 non
2193 2991 2199 2994 s

1144 3028 1407 3077 duriores-quam
1430 3032 1552 3079 crusia3
1579 3034 1612 3066 in
1638 3034 1764 3069 summo
1776 3039 1975 3073 concrescens
1996 3040 2156 3085 sanguinis

1151 3071 1271 3111 emissi,
1295 3083 1362 3104 imo
1386 3072 1478 3107 facile
1499 3075 1734 3119 discerpendae,
1758 3082 1792 3114 in
1816 3091 1953 3124 utroque
1965 3094 2054 3117 erant
2078 3096 2156 3118 ven-

1151 3116 1293 3154 triculo,
1319 3115 1369 3148 sed
1396 3119 1570 3159 praesertim
1595 3124 1626 3154 in
1649 3122 1783 3157 dextero
1808 3149 1820 3165 ,
1841 3126 1923 3160 unde
1948 3138 2009 3160 una
2032 3127 2155 3169 longis-

1152 3157 1228 3192 sima
1252 3171 1307 3201 per
1332 3165 1477 3196 arteriam
1502 3165 1723 3200 Pulmonarem
1750 3167 1778 3201 se
1800 3168 1828 3201 se
1839 3169 2042 3203 extendebat.
2070 3171 2155 3207 Qui-

1151 3202 1209 3236 bus
1244 3213 1360 3236 amotis
1380 3228 1393 3244 ‚
1425 3217 1499 3240 cum
1533 3211 1788 3245 ventriculorum
1821 3214 1971 3246 intimam
2008 3213 2152 3256 faciem,

1153 3247 1315 3286 valvulas,
1339 3250 1496 3283 auriculas
1518 3277 1525 3290 ,
1550 3256 1582 3285 ἅτ
1606 3265 1718 3295 magna
1742 3257 1810 3288 vasa
1833 3255 2023 3298 diligentius
2047 3258 2152 3298 perlu-

1152 3288 1300 3329 strarem3
1326 3294 1433 3339 omnia
1457 3295 1541 3327 intra
1565 3295 1709 3331 sanitatis
1733 3299 1864 3332 modum
1876 3300 2008 3341 inveni,
2030 3301 2052 3333 fi
2078 3300 2148 3335 haec

1152 3336 1320 3376 excipias.
1358 3336 1514 3383 Adjec‘tus
1539 3338 1665 3374 sinistrae
1697 3343 1845 3375 auriculae
1879 3344 1973 3376 Sinus
2008 3345 2148 3386 amplior

1153 3388 1243 3416 erat,
1266 3381 1297 3411 δε
1322 3380 1445 3412 interna
1471 3382 1631 3423 superficie
1656 3387 1755 3426 magis
1789 3397 1884 3427 quam
1910 3386 2009 3420 soleat
2027 3411 2039 3427 ‚
2071 3389 2149 3421 inae·

1152 3422 1261 3463 quali.
1289 3425 1449 3464 Aggems,
1475 3435 1511 3457 ut
1536 3426 1682 3460 Valsalva
1707 3431 1719 3466 (
1743 3439 1757 3460 r
1778 3432 1792 3468 )
1814 3430 1951 3472 appellat
1974 3454 1986 3471 ,
2009 3431 2150 3464 valvula-

1153 3475 1222 3498 rum
1257 3468 1384 3499 arteriae
1419 3468 1546 3510 Magnae
1570 3493 1582 3510 ,
1616 3470 1670 3503 hic
1702 3472 1770 3504 illic
1801 3472 1956 3507 crassiores
1976 3497 1988 3513 ,
2013 3473 2147 3508 duarum

1150 3509 1348 3549 praesertim3
1372 3508 1412 3553 sic
1436 3514 1467 3544 δε
1491 3513 1583 3546 unius
1606 3525 1712 3547 earum
1735 3527 1804 3558 quae
1828 3518 1952 3550 arteriae
1977 3516 2149 3551 Pulmona-

1149 3553 1177 3585 ri
1200 3552 1356 3594 praefeftae
1380 3555 1450 3587 sunt
1473 3580 1480 3587 .
1512 3558 1601 3590 Cum
1623 3558 1699 3591 illos
1722 3559 1891 3601 spectarem
1912 3585 1925 3602 ‚
1957 3558 2051 3594 facile
2084 3559 2150 3611 suit

2043 3615 2110 3639 ani—

93 3681 2161 3709 ·-——-———-——-.—.-—..-.-.-.—————-——-—-———·——--—.---

155 3758 171 3787 ζ
184 3766 203 3788 g
218 3758 232 3786 )
251 3759 313 3785 lbid.
376 3762 390 3790 (
405 3763 420 3785 b
437 3762 451 3791 D
468 3761 541 3791 Epist.
561 3762 666 3788 indicata
683 3772 706 3789 n.
728 3767 764 3789 18.

157 3790 300 3851 ὲΙΡῧΕΡὴ.
318 3794 351 3815 Ν.
369 3794 399 3816 C.
417 3796 476 3817 Dec.
493 3801 515 3816 2.
531 3796 559 3817 A.
578 3802 598 3823 3.
616 3795 675 3819 Obs.
696 3797 732 3824 38.

244 3821 302 3846 Obs.
320 3825 393 3848 Anat.
458 3827 468 3850 (
484 3831 498 3853 q
515 3824 527 3853 )
547 3826 648 3851 Εκεῐείι,
667 3828 739 3851 Anat.
759 3835 781 3857 3.
800 3829 828 3852 de
845 3828 907 3853 Circ.
926 3830 1014 3859 Sango.

826 3767 839 3794 (
855 3767 866 3790 i
883 3766 892 3795 )
909 3768 1013 3792 Praeleet.
1030 3768 1073 3792 cit.
1090 3769 1120 3792 ad
1138 3770 1159 3800 ᾗ.
1175 3777 1228 3801 47x·

795 3798 809 3826 (
825 3806 848 3820 m
865 3798 875 3827 )
892 3798 965 3826 Epist.
985 3807 1021 3827 27.
1040 3808 1062 3823 n.
1081 3806 1116 3822 ²1.
1133 3808 1171 3823 22.

1292 3771 1305 3798 ζ
1322 3770 1337 3794 k
1354 3770 1368 3798 3
1384 3769 1413 3794 ad
1429 3773 1526 3796 earund.
1545 3772 1566 3802 §.
1587 3775 1641 3801 467.
1659 3777 1710 3797 not.
1732 3781 1756 3799 ι.

1234 3802 1248 3830 (
1264 3810 1280 3824 n
1295 3803 1309 3830 )
1326 3806 1360 3826 De
1378 3801 1471 3828 Partib.
1490 3804 1597 3828 Similar.
1615 3811 1635 3827 c.
1658 3812 1693 3828 10.
1757 3805 1766 3836 (
1783 3814 1796 3829 ο
1811 3805 1825 3834 )
1844 3804 1905 3829 lbid.
1923 3812 1944 3830 c.
1965 3813 2001 3836 14.

1077 3829 1143 3861 (r)
1163 3832 1220 3858 Diffi
1238 3834 1307 3857 Anat
1334 3842 1354 3858 1.
1372 3841 1394 3857 n.
1413 3841 1448 3857 10.
