2498 4075
394 210 546 278 Epist.
585 215 747 265 Anat.
783 204 995 264 Medica
1032 208 1299 263 XXXVI.
1333 205 1451 261 Art.
1480 225 1553 272 19.
1576 223 1656 261 20.
1679 210 1732 263 δε
1753 226 1830 262 21.

80 304 199 336 corpus
222 293 408 329 universum
432 317 443 333 ‚
474 296 504 327 &
529 291 706 333 praesertim
741 293 774 325 in
799 301 905 335 partes
928 290 1091 325 infirmio-

80 349 128 372 res
150 337 352 378 nitentibus,
375 340 561 379 importune
585 335 811 369 recrudescunt
833 358 842 372 ‚
877 336 908 368 id
935 336 1023 378 quod
1058 334 1092 365 in

80 392 175 416 crure
199 381 399 415 nobiliffimae
422 384 454 413 in
480 380 593 421 primis
619 379 780 412 Matrona>
805 380 951 422 pluribus
983 378 1093 411 conti-

80 433 192 459 nenter
218 425 375 459 mensibus
397 421 564 462 accidisse,
589 423 817 456 meminimus.
952 422 1004 454 Ad
1031 422 1092 454 alia

79 468 184 511 igitur
215 467 312 510 hujus
334 469 399 501 loci
437 468 537 510 tnagis
562 467 692 507 propria
726 465 965 500 transeuntibus
988 464 1092 497 febres

80 522 260 545 occurrunt
284 513 467 548 diuturnae‚
492 520 565 553 quae
587 521 721 551 magnos
744 510 843 544 lienes
868 510 1057 551 relinquunt
1080 528 1090 544 ,

69 558 112 588 -δε
134 565 264 588 crurum
288 555 415 594 ulcera,
437 565 509 596 quae
534 563 667 593 magnos
691 553 790 587 lienes
812 553 1056 596 consequuntur
1080 575 1090 584 .

78 599 127 632 Et
150 610 225 632 cum
249 598 298 632 his
324 598 394 632 sane
419 597 525 631 ulcera
549 596 604 629 illa
627 596 802 638 conjuntffta
824 597 971 639 quaedam
995 596 1093 628 etiam

79 654 120 676 ex
143 642 258 675 nostris
281 641 319 674 ad
341 652 370 674 te
394 640 490 674 missis
515 641 650 673 Litteris
675 640 725 683 (e
749 644 759 678 >
783 639 1007 673 ostenderunt.
1033 637 1093 672 Sed

79 687 121 720 ab
143 684 368 727 antiquiffimis
392 684 489 727 usque
513 685 716 725 temporibus
740 683 826 716 idem
839 682 930 717 fuisse
953 681 1092 715 adnota-

79 740 153 765 tum
176 753 186 768 ‚
219 729 308 762 locus
330 727 425 761 docet
463 728 538 761 libri
563 728 606 760 II.
647 726 933 761 Prorrheticorum
967 724 1051 768 (f)
1078 737 1087 755 :

78 786 177 818 quem
201 782 276 805 cave
301 772 405 813 legas,
431 781 466 804 ut
492 771 544 805 hic
569 775 580 809 (
602 781 624 813 g
647 774 658 810 )
683 772 715 803 in
740 770 953 821 Sepulchreto
967 768 1089 811 produ-

80 821 151 851 etus
183 814 225 849 est
246 816 280 847 in
313 814 448 848 Scholio
473 815 510 848 ad
544 814 821 848 observationem
845 814 951 846 ΧΧΙΙιΧ
977 811 1090 854 quibus

72 860 197 904 -splener
218 869 345 900 magnos
378 857 565 891 habentibus
582 858 714 900 sanguis
733 857 914 899 prorumpit
936 880 945 894 ,
978 865 1032 890 nec
1055 864 1089 887 os

79 905 162 940 olet,
184 901 295 935 horum
319 901 403 937 tibiae
424 911 525 943 pram
539 901 643 934 ulcera
666 899 800 937 habeon
825 902 857 933 in
882 911 990 941 graeco
1003 899 1089 931 enim

78 944 284 988 autographo
310 944 463 984 scriptum
487 945 530 977 est
552 946 626 982 μέτε
646 945 847 984 σλμορ’ρ“οιγιάι
868 944 993 983 γίνονται
1017 964 1028 981 ,
1054 940 1089 974 id

77 990 123 1024 est
132 988 396 1031 nequesanguinis
410 988 586 1029 eruptiones
600 987 786 1027 contingunt
797 1009 809 1025 ,
833 994 867 1017 ut
879 982 1006 1016 fidelius
1035 985 1089 1018 alii

76 1041 308 1067 converterunt
335 1045 342 1063 .-
378 1032 489 1074 itaque
514 1032 551 1066 ad
575 1028 747 1061 foeminam
770 1028 863 1062 istam
886 1027 938 1060 cui
964 1027 1090 1070 sanguis

77 1089 135 1120 per
157 1086 285 1109 uterum
309 1085 374 1108 non
398 1075 608 1117 erumpebat,
633 1072 852 1106 acommodari
868 1070 1091 1113 quadantenus

76 1121 233 1154 sententia
256 1118 324 1152 haec
349 1120 471 1160 poterit
494 1143 502 1151 .
538 1120 576 1151 In
600 1116 818 1158 eandemque,
841 1125 876 1148 ut
904 1115 1057 1156 gracilem
1082 1136 1092 1152 ,

74 1167 110 1198 id
132 1174 265 1207 quoque
288 1163 478 1195 conveniret
499 1162 588 1204 quod
613 1161 648 1193 in
673 1161 788 1193 eodem
798 1159 931 1193 Scholio
955 1170 994 1191 ex
1018 1159 1093 1200 Spi-

75 1208 152 1251 gelii
176 1207 404 1239 observatione
427 1207 588 1239 continuo
612 1202 808 1246 subjicitur,
834 1201 1019 1236 macilentos
1036 1200 1094 1246 fa..

74 1251 170 1285 cilius
182 1273 194 1290 ,
216 1260 310 1291 quam
318 1249 449 1291 pingues
462 1271 472 1287 ,
497 1250 530 1283 in
547 1249 683 1284 tumidos
695 1247 791 1281 lienes
803 1247 937 1281 incidere
951 1270 958 1277 .

74 1293 178 1335 Qod
201 1304 279 1326 vero
302 1292 337 1327 hi
358 1302 503 1327 tumores
525 1293 694 1326 diuturnas
708 1290 813 1325 febres
832 1289 1094 1332 consequantur,

73 1350 139 1372 non
164 1349 226 1371 una
251 1336 289 1370 ad
315 1345 347 1369 te
368 1337 476 1371 nostra
499 1336 642 1370 ostendit
653 1335 799 1378 Epistola
823 1334 879 1377 (h
903 1337 937 1373 )„
961 1345 1019 1367 nec
1030 1344 1095 1366 una

73 1383 107 1415 in
145 1382 294 1415 Seetione
326 1379 387 1414 hac
420 1380 628 1422 Sepulchreti
664 1379 863 1412 Observatio
897 1377 1095 1417 (i)corn-

74 1425 230 1460 monstrat
246 1448 254 1456 .
277 1424 411 1465 Qibus
436 1423 514 1458 adde
539 1426 580 1458 fis
603 1422 783 1459 Christiani
798 1421 919 1456 Vateri
942 1420 1093 1460 (wob-

73 1470 289 1504 servationem
312 1470 346 1500 in
371 1467 522 1502 studioso
545 1469 604 1511 qui
626 1465 774 1500 febribus
788 1465 1092 1500 intermittentibus

69 1515 196 1549 diutius
218 1511 426 1546 confliotatus
446 1533 455 1548 ‚
487 1512 606 1545 lienem
629 1510 783 1545 exhibuit
807 1509 940 1543 anetum
965 1508 1004 1541 ad
1030 1506 1092 1540 hu-

70 1559 161 1592 mani
184 1557 303 1599 capitis
336 1554 598 1599 magnitudinem
620 1579 629 1594 ‚
662 1557 693 1586 &
715 1552 805 1596 quod
832 1551 1026 1587 adnotatum
1051 1550 1094 1584 est

71 1602 112 1635 ab
136 1600 284 1643 Egregie
306 1599 497 1634 Anatomes‘
512 1597 693 1633 Profeffore
718 1595 853 1630 Weiffio
880 1600 890 1635 (
913 1595 926 1629 l
948 1599 963 1636 )
985 1617 994 1633 ‚
1018 1605 1092 1637 quo-

68 1644 247 1687 tiescunque
268 1641 420 1676 cadavera
444 1641 577 1676 secando
598 1663 608 1678 ‚
634 1642 669 1674 in
694 1638 896 1684 praegrandes
919 1638 1019 1674 lienes
1042 1639 1092 1670 in-

69 1689 173 1725 cidit,
199 1686 265 1719 sere
287 1685 411 1727 semper
434 1682 627 1726 comperisse
648 1707 657 1723 ,
680 1694 735 1717 eos
759 1682 909 1717 homines
933 1679 1091 1716 laborasse

69 1729 249 1773 aliquando
280 1726 371 1762 febre
396 1730 546 1770 graviore
568 1751 580 1767 ,
613 1738 708 1770 eaque
740 1727 793 1762 vel
824 1727 1058 1761 into-mittente
1081 1751 1091 1766 ,

68 1774 120 1808 vel
136 1771 275 1816 synoche
296 1772 444 1806 continua
464 1783 475 1810 3
499 1782 535 1806 ut
558 1771 612 1806 hic
636 1772 833 1805 omittamus
854 1781 926 1812 quae
950 1771 989 1803 de
1013 1769 1092 1802 scir-

68 1818 137 1852 rhis
161 1840 170 1855 ,
205 1818 236 1849 &
259 1827 333 1857 quae
364 1814 404 1849 de
427 1814 581 1850 ‘infaretu
611 1816 705 1849 lienis
728 1813 799 1856 post
834 1815 1091 1848 intermittentes

68 1861 242 1895 chronicas
260 1858 387 1899 febres,
409 1861 440 1892 &
463 1869 657 1902 quartanam
682 1857 864 1901 praesertim
886 1882 895 1897 ‚
929 1870 971 1891 ex
994 1858 1089 1890 Viris

68 1906 123 1939 Cl.
148 1904 311 1945 Hoyero,
335 1905 367 1935 &-
392 1902 556 1937 Kramero
578 1903 659 1936 alias
683 1906 694 1941 (
718 1912 750 1934 m
773 1903 784 1940 )
811 1902 1089 1940 memoravimus,

68 1958 213 1994 quorum
245 1946 415 1981 observata
438 1947 570 1981 utinam
600 1958 639 1980 ne
663 1944 748 1988 apud
784 1956 842 1978 nos
865 1956 998 1988 quoque
1022 1956 1092 1979 cre-

68 1993 137 2026 bris
158 1990 320 2034 ejusmodi
343 1988 509 2027 febrium,
537 1989 589 2023 sed
614 1991 697 2022 male
719 1997 907 2022 curararum
928 2012 937 2027 ‚
963 1988 1087 2021 confir-

71 2043 238 2069 marentur
268 2034 424 2075 exemplis
498 2034 584 2074 Qae
616 2045 634 2066 a
667 2030 780 2074 priscis
814 2033 913 2065 etiam
949 2031 1091 2065 Medicis

67 2078 164 2113 fuisse
187 2076 408 2111 animadversa
431 2098 441 2113 ‚
475 2076 691 2119 Hippocratis
711 2098 722 2113 ‚
756 2076 807 2108 ve'l
831 2076 941 2118 potius
966 2074 1088 2116 Polybi

44 2156 46 2158 ,
68 2123 136 2157 haec
162 2121 258 2155 verba
282 2120 472 2155 testimonio
484 2119 557 2153 sunt
582 2124 592 2159 (
615 2130 635 2152 n
658 2123 691 2158 2:
715 2117 867 2154 Morbus,
892 2118 927 2151 id
950 2117 994 2150 est
1007 2119 1088 2159 sple-

67 2167 278 2205 nisttumom
296 2162 340 2205 fit
354 2189 362 2201 ‚
385 2173 457 2196 cum
481 2172 521 2196 ex
536 2160 708 2206 febribus,
734 2160 874 2194 &mala
899 2161 1084 2198 curatione,

66 2209 166 2249 bilis,
189 2216 245 2242 aut
264 2206 388 2249 pituita
413 2231 422 2246 ,
455 2213 513 2238 aut
535 2205 625 2239 ambo
647 2205 681 2238 in
697 2203 835 2245 splenem
859 2202 1058 2236 incubuerint
1081 2228 1089 2237 .

67 2255 197 2287 Laxum
219 2254 307 2285 enim
331 2261 387 2291 per
413 2252 443 2282 se
467 2248 594 2287 viscus,
616 2250 648 2279 &
671 2246 888 2285 cellulosum,
911 2249 943 2279 &
968 2258 1007 2279 ex
1021 2258 1089 2288 quo

68 2297 173 2331 lentus
197 2295 240 2328 est
262 2292 426 2334 sanguinis
448 2291 571 2325 reditus
583 2313 600 2337 ³.
619 2291 740 2332 quippe
762 2289 862 2333 hepar
886 2296 1089 2333 anteaquam

68 2351 185 2373 venam
201 2340 335 2370 'Cavam
360 2334 472 2370 subeat
494 2359 503 2374 ,
535 2335 705 2377 trajectum·
729 2356 738 2371 ‚
763 2334 905 2367 maxime
928 2343 1090 2376 opportu-

68 2395 149 2417 num
172 2382 215 2416 est
227 2380 434 2418 tumoribus,
462 2377 643 2420 praesertim
666 2375 862 2410 fidiuturno
887 2377 1008 2410 morbo
1018 2380 1089 2410 exi-

66 2428 140 2469 guis
164 2426 231 2468 ejus
255 2424 382 2457 viribus
406 2422 606 2460 infirmatis,
630 2420 783 2462 sanguine
797 2429 906 2454 autern
931 2421 1028 2453 inerti
1040 2420 1090 2455 fa-

69 2472 148 2509 ἂο,
169 2467 321 2513 quaedam
344 2468 380 2499 in
393 2466 456 2499 hoc
480 2465 589 2498 relicta
601 2462 665 2496 fint
687 2475 759 2505 quae
785 2472 839 2497 aut
862 2464 1007 2506 corrigi,
1034 2475 1090 2498 aut

68 2524 160 2547 extra
192 2522 310 2553 eorpus
333 2509 407 2552 ejici
441 2508 622 2542 debuissent
645 2532 653 2539 .
693 2508 840 2548 Segnitie
864 2509 951 2541 enim
979 2517 1089 2542 motus

67 2557 232 2598 sanguinis
255 2556 300 2587 ob
323 2553 379 2587 has
402 2550 509 2586 causas
532 2551 686 2590 adaucta,
709 2550 788 2583 dum
812 2552 862 2591 is,
886 2550 1089 2595 quafilimo-

67 2601 98 2635 sa
124 2611 208 2643 aqua
224 2602 324 2631 ‘extra
348 2597 478 2630 alveum
493 2616 503 2633 ,
525 2598 558 2629 in
584 2595 678 2628 lienis
700 2594 831 2628 cellulas
855 2596 991 2629 divertit
1014 2618 1023 2633 ,
1049 2597 1084 2628 in

66 2646 108 2678 iis
123 2667 133 2682 ,
159 2643 181 2677 fi
205 2643 286 2684 quid
309 2640 408 2675 habet
433 2641 623 2681 graviorum
638 2649 736 2680 quam
760 2648 873 2672 natura
885 2638 988 2677 ferat,
1012 2650 1085 2672 cor-

68 2687 279 2731 pusculorum
305 2709 315 2726 ,
347 2683 484 2724 deponit
508 2707 517 2722 ,
552 2681 658 2725 sicque
683 2682 825 2715 reditum
849 2681 910 2715 fibi
934 2694 972 2715 ex
995 2690 1086 2725 parte

69 2728 285 2768 obstruendo,
312 2728 414 2770 magis
426 2725 508 2769 ipsas
524 2752 533 2766 ‚
557 2726 724 2768 magisque
736 2725 910 2759 distendit.
935 2727 1085 2762 Quarum

69 2774 266 2809 distentione
290 2781 415 2814 quanto
440 2772 543 2812 magis
567 2779 658 2804 totus
682 2770 746 2801 lien
770 2769 987 2806 distenditur,
1011 2778 1085 2803 tan-

69 2829 107 2851 to
131 2816 295 2850 infirmior
318 2816 378 2852 fit,
404 2814 566 2856 magisque
577 2822 748 2856 propterea
772 2814 936 2847 obnoxius
960 2813 999 2845 iis
1011 2825 1084 2856 quae

68 2862 220 2901 deinceps
244 2858 410 2897 influunt,
434 2869 550 2901 magna
573 2869 612 2891 ex
637 2865 730 2898 parte
745 2857 943 2890 retinendis.
967 2858 1085 2899 Itaque

70 2903 302 2939 incredibilem
326 2901 498 2944 aliquando
532 2903 566 2933 in
592 2901 725 2933 modum
759 2901 912 2934 excrescit
934 2923 943 2938 ‚
972 2909 1007 2933 ut
1033 2901 1082 2934 vel

71 2950 154 2983 olim
175 2947 284 2979 AEtius
307 2945 435 2987 inguina
456 2945 634 2987 contingere
654 2945 687 2976 in
710 2944 927 2985 quibusdam,
951 2943 1083 2987 scripse-

73 2994 140 3029 rit,
165 2991 247 3024 ficut
270 2990 306 3023 in
329 2987 460 3021 scholio
483 2988 567 3030 leges
591 2989 689 3029 paulo
712 2996 786 3020 ante
807 2986 975 3029 designato
990 3013 999 3027 ,
1023 2987 1082 3020 nisi

72 3034 162 3079 quod
183 3044 258 3068 cum
283 3031 316 3065 id
340 3030 491 3073 scripsisse
524 3032 650 3065 dicatur
674 3029 728 3063 lib.
753 3041 785 3073 7.
809 3031 877 3073 ipse
903 3041 979 3064 vero
1003 3043 1084 3064 con-

72 3079 187 3113 trafihe
212 3088 252 3109 ex
275 3075 635 3110 VeteribusMedicinae
659 3074 760 3108 libros
772 3074 949 3108 confecerit
972 3076 1083 3108 omni-

73 3134 117 3156 no
141 3130 304 3163 quatuor‚
328 3118 469 3160 singulos
493 3120 525 3152 in
548 3127 724 3162 quaternos
748 3119 916 3151 Sermones
938 3117 1081 3158 divisos,

71 3166 154 3200 illud
178 3164 243 3197 tibi
268 3161 498 3205 inquirendum
521 3162 563 3197 est
585 3162 772 3196 Tetrabibl.
796 3163 940 3204 3 Serm.
968 3173 1080 3204 2.cap.

78 3214 127 3243 16.
167 3208 235 3242 Hic
270 3216 377 3241 autem
399 3228 412 3245 ,
444 3207 475 3238 &
498 3207 628 3248 gravior
653 3207 707 3239 ille
741 3207 775 3238 in
800 3206 1083 3240 Prorrheticorum

73 3254 231 3287 sententia
244 3261 354 3287 error,
379 3249 457 3283 dum
481 3250 576 3282 verba
589 3249 871 3283 Diemerbroeckii
893 3249 1087 3283 describun-

72 3308 148 3334 tur,
175 3306 231 3328 nec
256 3292 379 3328 laudati
403 3293 443 3326 ab
466 3305 504 3326 eo
527 3294 688 3327 Auctores
711 3293 951 3336 inspiciuntur,
974 3294 1008 3326 in
1032 3294 1088 3325 Se-

76 3338 285 3385 pulchretum
311 3336 474 3371 traductus
496 3336 541 3369 est
564 3361 571 3369 .
608 3337 777 3380 Interjeeit
800 3340 827 3370 is
860 3337 967 3380 postea
994 3341 1004 3376 (
1031 3347 1047 3368 o
1069 3339 1083 3375 )

75 3393 113 3418 ut
137 3385 277 3426 opinor,
302 3381 447 3423 exempla
471 3381 687 3414 maximorum
710 3381 831 3415 lienum
857 3402 867 3418 ‚
890 3382 923 3413 in
948 3392 986 3420 eo
1010 3381 1084 3414 sub-

76 3428 185 3461 fistens
207 3428 266 3470 qui
291 3424 450 3470 pendebat
475 3424 573 3457 libras
597 3426 718 3466 viginti
743 3434 807 3458 tres
827 3451 834 3457 .
862 3426 989 3458 Verum
1014 3425 1083 3458 Bo-

77 3471 146 3506 scus
169 3473 224 3514 (p
245 3469 327 3511 )‚*s1
351 3469 437 3502 reste
460 3467 592 3511 quidem
615 3468 882 3511 ipsumintelligo
898 3493 908 3510 ‚
933 3481 949 3502 a
972 3480 1090 3512 paren-

2007 209 2075 273 69

1142 297 1173 322 te
1197 287 1254 321 suo
1278 289 1447 322 inventum
1483 286 1647 329 scripserat
1669 311 1677 326 ,
1709 288 1767 329 qui
1787 284 1940 329 pendebat
1964 284 2062 322 libras
2084 284 2146 318 tri-

1138 332 1230 374 ginta
1263 333 1306 364 &¹
1329 340 1394 365 tres
1419 359 1427 366 .
1463 332 1554 364 Inter
1587 331 1780 364 recentiores
1813 338 1920 363 autem
1959 339 2057 370 quam
2082 329 2147 361 illae

1147 375 1240 415 sunt,
1265 375 1518 409 Observationes
1542 373 1599 407 etsi
1623 373 1731 416 legisse
1754 385 1818 407 non
1843 372 1980 405 memini
2004 373 2147 414 quaelie-

1145 419 1195 451 nis
1227 419 1351 459 pondus
1383 427 1600 461 proponerent
1635 419 1673 451 ad
1708 418 1790 451 illud
1824 415 2005 453 acceden53
2040 424 2148 447 tamen

1144 459 1229 495 haud
1253 462 1498 495 contemnendae
1534 461 1605 495 sunt
1640 473 1711 503 quae
1743 472 1782 493 ex
1805 461 1953 494 Henrico
1979 458 2054 491 Alb.
2082 457 2148 490 Ni-

1140 505 1226 539 colai
1250 506 1303 549 (q
1328 509 1338 544 )
1362 530 1371 546 ‚
1404 515 1559 548 anteaque
1582 516 1622 538 ex
1646 505 1808 538 Mauricio
1830 502 2036 537 Hoffmanno
2060 500 2148 542 (-r)

1140 548 1235 583 editae
1260 549 1392 583 fuerunt
1415 574 1423 582 .
1456 550 1523 581 Hic
1546 550 1634 581 enim
1658 547 1799 590 pondere
1832 547 1989 580 librarum
2011 544 2152 588 quinde-

1145 594 1236 633 cim,
1260 593 1315 626 ille
1338 603 1416 626 vero
1440 591 1555 626 selibra
1578 592 1705 634 insuper
1729 591 1914 633 graviorem
1938 590 2076 631 splenem
2099 589 2151 620 in-

1144 645 1321 674 venerunt,
1348 645 1485 676 uterque
1508 636 1578 672 ita,
1604 645 1639 668 ut
1661 634 1873 677 diaphragma
1896 634 1929 665 in
1955 632 2083 665 sinistro
2106 632 2151 665 la-

1143 691 1210 714 tere
1233 680 1271 713 ad
1295 679 1399 714 costas
1424 678 1601 721 superiores
1613 678 1844 720 compelleret,
1867 677 2030 709 Hemicus
2044 686 2153 709 autem

1143 733 1179 757 ut
1205 723 1298 757 simul
1323 723 1360 757 ad
1385 724 1551 766 regionem
1563 721 1664 764 usque
1689 722 1817 755 iliacam
1831 719 2068 762 propenderet.
2094 717 2154 751 Sed

1141 769 1175 800 in
1199 766 1322 800 infante
1345 766 1503 801 Preuffius
1525 765 1609 808 (s)
1634 778 1649 798 a
1675 764 1799 798 finistro
1822 761 2075 805 hypochondrio
2100 771 2155 804 per

1140 811 1328 845 universum
1362 808 1444 843 illud
1469 810 1552 843 latus
1587 808 1625 842 ad
1650 808 1769 850 pubem
1803 807 1900 850 usque
1925 804 2154 848 magnitudine

1135 854 1195 889 'sua
1218 854 1388 888 extensum
1421 852 1534 892 vidit3
1573 853 1622 885 vel
1647 852 1775 895 longius
1807 860 1916 883 autem
1940 849 2157 883 Vercellonus

1142 903 1152 938 (
1177 906 1189 931 t
1211 901 1226 937 >
1246 920 1255 935 ‚
1294 899 1332 931 ad
1357 899 1460 932 imum
1484 907 1599 938 nempe
1625 895 1784 929 abdomen
1809 894 1910 936 usque
1934 892 2123 936 protensum
2145 912 2158 929 ‚

1142 951 1178 974 ut
1201 952 1276 974 cum
1303 941 1438 974 ulterius
1461 939 1613 983 progredi
1639 950 1704 972 non
1732 937 1833 982 posset
1859 963 1869 979 ‚
1904 937 2026 971 sursum
2052 936 2082 970 se
2108 946 2159 969 re-

1143 985 1293 1025 flectere,
1315 988 1346 1019 ὃ(
1370 996 1452 1027 pone
1479 993 1624 1020 uterum,
1648 984 1681 1015 in
1706 982 1838 1017 massam
1862 992 1974 1024 pugno
1999 981 2157 1024 aequalem

1142 1029 1394 1062 terminaretur.
1419 1028 1499 1060 Non
1525 1040 1563 1060 eo
1585 1026 1716 1068 quidem
1728 1026 1756 1059 se
1781 1025 1975 1059 extendebat
1998 1035 2097 1067 quem
2110 1034 2159 1056 re.

1144 1073 1229 1115 perit
1248 1072 1305 1115 Jo.
1335 1070 1445 1104 David
1470 1069 1684 1103 Mauchartus
1720 1070 1810 1111 (u)
1844 1070 1880 1101 in
1903 1069 1979 1101 coni
2015 1068 2160 1101 formam

1145 1125 1331 1152 mutatum3
1356 1124 1494 1157 magnus
1516 1123 1586 1146 erat
1610 1123 1738 1149 tamen,
1763 1120 1801 1145 ut
1824 1112 1882 1154 qui
1906 1110 1971 1144 bafi
1985 1110 2162 1153 diaphrag-

1148 1160 1227 1193 mati
1253 1169 1374 1191 annexa
1400 1157 1600 1199 virilicaput
1626 1166 1690 1188 non
1709 1155 1869 1189 mediocre
1881 1154 2055 1196 aequabat:
2082 1164 2160 1195 pon-

1142 1204 1219 1238 dere
1241 1213 1372 1248 quoque
1397 1212 1462 1234 non
1486 1199 1656 1242 superabat
1683 1198 1932 1241 librasquatuor
1956 1209 2032 1230 cum
2056 1197 2162 1229 unciis

1146 1246 1313 1285 totidem3
1339 1245 1392 1279 sed
1415 1245 1449 1278 id
1472 1244 1666 1277 continebat
1679 1242 1769 1285 quod
1792 1241 2068 1276 Observationem
2079 1239 2162 1273 hanc

1146 1289 1477 1327 rariffimam'facit'‚
1514 1288 1672 1321 nimirum
1696 1295 1825 1320 tantum
1849 1296 1940 1327 aquae
1964 1285 2049 1318 intra
2072 1284 2162 1330 tuni-

1148 1346 1221 1370 cam
1245 1334 1408 1376 quandam
1440 1354 1449 1369 ‚
1484 1330 1649 1373 hydatidis
1672 1330 1774 1363 instar
1800 1353 1808 1368 ,
1831 1330 1971 1373 opinor,
1998 1340 2071 1371 quae
2094 1338 2163 1369 ejus

1150 1377 1282 1413 visceris
1315 1378 1474 1411 interiora
1498 1376 1609 1409 omnia
1638 1371 1822 1415 occupasset
1846 1397 1855 1411 ,
1887 1382 1923 1405 ut
1950 1372 2165 1405 Manchartus

1147 1422 1240 1458 lienis
1264 1421 1430 1464 hydropem
1456 1430 1572 1453 vocare
1611 1416 1698 1452 hunc
1725 1416 1876 1461 affetflzum
1901 1426 1967 1449 non
1990 1416 2165 1451 dubitave-

1149 1469 1218 1503 rit3
1244 1477 1336 1508 aquae
1361 1464 1451 1497 enim
1483 1472 1662 1505 eruperunt
1687 1461 1780 1494 librae
1811 1468 1979 1503 quatuor.
2110 1458 2165 1491 Sic

1146 1509 1363 1552 empyernatis
1385 1508 1535 1541 latiorem
1561 1503 1833 1547 significationem
1858 1504 2002 1545 ἷρεᾶειῃε
2026 1524 2035 1539 ,
2072 1510 2167 1542 pote-

1147 1556 1190 1588 ris
1216 1554 1310 1587 lienis
1334 1562 1504 1595 empyema
1529 1549 1634 1582 dicere
1658 1549 1697 1582 ab
1721 1548 1877 1580 Antonio
1899 1545 1939 1579 de
1953 1547 2047 1579 Haen
2072 1548 2083 1584 (
2106 1555 2129 1579 x
2150 1548 2166 1584 )

1146 1608 1334 1640 repertum,
1360 1594 1480 1630 eumid
1494 1593 1598 1626 viscus
1620 1592 1709 1634 quod
1723 1588 1987 1625 inflammatione
2012 1589 2065 1622 sua
2077 1588 2167 1630 pleu-

1147 1641 1283 1675 ritidem
1311 1649 1404 1673 antea
1430 1639 1607 1672 mentitum
1633 1634 1741 1669 fuerat
1764 1659 1774 1675 ,
1799 1643 1879 1677 pure
1901 1632 1971 1666 albo
1989 1655 2000 1671 ,
2036 1629 2129 1675 crasso
2152 1655 2166 1674 ,

1145 1684 1266 1727 copioso
1287 1683 1415 1725 plenum
1439 1679 1669 1723 deprehendit.

1153 1740 1157 1742 ·
1194 1740 1241 1769 19.
1267 1727 1371 1761 Nune
1405 1724 1594 1767 priusquam
1629 1735 1645 1755 a
1668 1722 1830 1756 Valsalvae
1865 1719 2166 1755 observationibus

1148 1772 1188 1807 ad
1212 1772 1288 1805 alias
1312 1769 1494 1803 transeam.
1521 1768 1599 1800 nolo
1621 1767 1784 1809 quandam
1818 1776 1856 1798 ex
1879 1764 1951 1808 ipso
1974 1764 2128 1797 omittere
2151 1787 2165 1804 ,

1144 1816 1230 1850 unde
1252 1815 1444 1856 intelligas,
1467 1823 1539 1854 quae
1564 1809 1730 1843 interdum
1754 1807 1876 1843 viscera
1903 1817 2066 1850 praeterea
2090 1819 2165 1850 quae

1143 1862 1179 1894 in
1215 1857 1476 1902 hypochondriis
1501 1855 1572 1887 sunt
1592 1877 1604 1893 ,
1637 1853 1752 1895 poffint
1776 1853 1825 1886 ibi
1854 1851 1997 1885 summas
2026 1873 2036 1889 ,
2067 1855 2168 1893 atque'

1144 1904 1225 1938 adeo
1251 1900 1416 1936 lethiferas
1441 1897 1600 1932 molestias
1623 1908 1755 1934 creare,
1780 1895 1957 1939 praesertim
1982 1895 2004 1928 si
2028 1894 2065 1928 ad
2090 1895 2168 1928 illo.

1145 1959 1238 1983 rum,
1262 1944 1479 1988 quantumvis
1502 1941 1585 1975 leves
1611 1941 1650 1974 ad
1675 1941 1836 1984 speciem,
1860 1938 2002 1973 laefiones
2026 1939 2166 1973 convul-

1145 1990 1192 2023 fio
1216 1988 1346 2022 accedat
1367 2010 1377 2026 ‚
1409 1997 1509 2031 quam
1531 1986 1564 2019 in
1590 1984 1833 2019 Observatione
1870 1982 1930 2017 hac
1957 1993 2022 2017 non
2046 1982 2165 2017 dubito

1145 2032 1319 2068 acceffisse.

1151 2088 1154 2090 ·
1190 2088 1240 2109 20.
1267 2075 1427 2110 VIRGO
1450 2074 1629 2116 corripitur
1653 2074 1781 2117 ingenti
1806 2073 1939 2108 vomitu
1954 2097 1963 2112 ‚
1986 2074 2017 2105 δι
2040 2070 2130 2105 febre
2153 2079 2165 2106 .’

1147 2121 1208 2154 Ille
1230 2119 1376 2156 sedatum
1401 2118 1469 2152 haec
1493 2127 1635 2152 remanet
1657 2144 1676 2157 ,Δ
1701 2117 1885 2152 Vehemens
1908 2116 1965 2150 sub
1988 2116 2100 2149 nothis
2123 2114 2164 2149 fi-

1145 2164 1250 2197 nistris
1273 2163 1367 2197 costis
1391 2162 1516 2196 accedit
1538 2162 1657 2201 dolor,
1680 2174 1695 2194 a
1719 2163 1884 2205 quointra
1909 2160 2166 2194 biduuminter-

1145 2207 1280 2241 ficitur.
1416 2205 1475 2239 IN
1509 2206 1717 2239 VENTRE
1751 2205 1857 2239 serum
1900 2203 2162 2246 limpidiffirnurn

1144 2253 1318 2285 inventum
1341 2249 1405 2283 est.
1431 2250 1666 2288 Ventriculus,
1690 2249 1882 2282 &intestina
1905 2249 1945 2281 ab
1968 2247 2097 2281 incluso
2112 2259 2163 2281 ae-

1145 2306 1179 2328 re
1203 2294 1295 2327 valde
1318 2293 1515 2336 turgebant.
1538 2294 1609 2327 Ren
1634 2301 1770 2334 uterque
1802 2292 1942 2326 naturali
1967 2292 2068 2334 triplo
2093 2302 2162 2325 ma-

1144 2337 1230 2380 jor:
1264 2337 1386 2371 sinister
1412 2345 1489 2370 vero
1522 2337 1606 2371 inter
1638 2337 1805 2379 propriam
1840 2337 2061 2369 membranam
2083 2361 2091 2374 ,
2128 2338 2162 2369 &

1142 2382 1221 2416 huic
1247 2380 1423 2424 subjeuam
1456 2379 1667 2414 substantiam
1690 2381 1859 2422 paululum
1893 2379 2023 2413 saniosae
2058 2388 2160 2413 mate-

1140 2428 1198 2458 riae
1231 2425 1450 2465 continebat,
1486 2425 1526 2457 ab
1548 2436 1584 2457 ea
1618 2423 1798 2465 praesertim
1822 2434 1911 2466 parte
1942 2435 2006 2466 qua
2042 2424 2159 2458 lienem

1142 2469 1325 2509 spe5tabat.
1461 2468 1501 2499 In
1525 2467 1690 2501 Thoracis
1712 2478 1794 2500 cavo
1818 2479 1908 2509 aquae
1941 2468 2123 2510 pauxillum
2147 2479 2160 2501 .-

1142 2512 1318 2546 Pulmones
1342 2511 1432 2551 sani,
1455 2509 1516 2542 nifi
1540 2509 1630 2552 quod
1654 2510 1756 2551 nigris
1781 2511 1914 2544 maculis
1930 2532 1939 2547 ‚
1963 2511 2011 2544 sed
2037 2512 2160 2555 paucis-

1142 2555 1231 2588 simis
1251 2579 1260 2595 ,
1299 2553 1585 2596 distinguebantur
1609 2578 1616 2584 .
1654 2554 1879 2590 Pericardium
1903 2564 1971 2588 erat
1995 2554 2063 2589 sero
2089 2557 2159 2599 ple-

1140 2610 1238 2632 num.
1266 2599 1296 2632 E
1318 2598 1425 2631 cordis
1450 2597 1642 2631 ventriculis
1666 2595 1805 2631 fluidior
1840 2598 1964 2640 sanguis
1989 2598 2120 2633 effluxit
2146 2614 2155 2632 :

1139 2652 1205 2676 erat
1229 2652 1338 2676 tamen
1362 2642 1397 2675 in
1420 2641 1556 2676 dextero
1579 2641 1747 2685 polyposae
1770 2643 1989 2677 concretionis
2020 2643 2157 2682 inchoaa,

1139 2694 1307 2720 mentum.

1184 2740 1235 2763 21.
1260 2729 1364 2763 Renis
1387 2728 1504 2763 sinistri
1529 2729 1620 2763 austa
1644 2729 1742 2763 moles
1766 2751 1776 2767 ‚
1809 2732 1840 2763 δε
1863 2732 1984 2766 vitium
2015 2743 2080 2766 non
2107 2732 2155 2767 se-

1141 2775 1204 2807 mel
1226 2774 1261 2806 in
1285 2772 1427 2815 ejusdem
1450 2774 1559 2807 lateris
1583 2772 1837 2815 hypochondrio
1861 2785 2027 2809 tumorem
2050 2798 2059 2812 ‚
2092 2776 2154 2810 do-
2204 2777 2206 2780 ⁴

1138 2818 1284 2851 loremve
1307 2818 1494 2852 excitarunt
1515 2840 1524 2848 .
1560 2818 1690 2851 Docent
1715 2816 1749 2849 id
1782 2817 1909 2859 aliquot
1943 2818 2086 2853 historiae
2118 2821 2154 2854 in

1138 2860 1343 2904 Sepulchreti
1380 2861 1434 2895 has
1458 2860 1536 2893 duas
1573 2860 1735 2893 Sefflones
1765 2860 1873 2894 relatae
1897 2886 1905 2901 ,
1937 2872 1973 2895 ut
1998 2864 2032 2896 in
2055 2864 2154 2898 XVI.

1136 2906 1197 2939 illa
1221 2916 1293 2946 quae
1316 2906 1344 2944 §.
1369 2915 1397 2937 2.
1422 2902 1598 2938 exhibetur
1632 2902 1882 2938 Observationis
1914 2907 2027 2939 XXII.
2053 2909 2084 2939 ἃ
2117 2908 2153 2940 in

1138 2948 1255 2982 XVII.
1283 2949 1431 2981 Sectione
1454 2947 1525 2980 duae
1549 2957 1621 2989 quae
1644 2951 1675 2981 §-
1697 2958 1728 2987 9.
1753 2947 1904 2990 leguntur
1932 2949 2153 2984 Observatio-

1138 2994 1188 3026 nis
1212 2992 1318 3024 XXX'.
1341 2991 1399 3024 ubi
1424 2991 1492 3025 haec
1518 2990 1565 3023 ait
1588 2990 1776 3024 Ballonius:
1800 3001 1859 3025 non
1881 2992 2048 3027 credebant
2066 3017 2075 3032 ,
2099 2996 2153 3028 do-

1135 3036 1231 3069 lorem
1254 3034 1309 3076 esse
1332 3033 1565 3077 nephriricum,·
1589 3033 1632 3066 (J
1654 3041 1759 3067 tamen
1783 3043 1871 3068 erat.
1895 3040 1952 3069 At
1968 3037 2053 3079 situs
2066 3037 2152 3071 d0l0.

1136 3081 1180 3112 ris
1200 3101 1212 3117 ,
1247 3080 1290 3111 &⁸
1320 3078 1426 3120 partis
1459 3076 1650 3120 decipiebat.
1786 3080 1821 3112 A
1846 3080 1969 3113 dextris
1993 3083 2091 3115 etiam
2116 3081 2150 3116 id

1134 3122 1220 3166 poffe
1245 3132 1479 3163 nonnunquam
1503 3122 1668 3160 accidere,
1691 3121 1965 3157 historiaindicat
1989 3136 2062 3166 quae
2083 3127 2151 3165 pri-

1136 3177 1191 3200 mo
1224 3165 1300 3198 loco
1335 3166 1533 3207 proponitur
1569 3166 1603 3198 in
1635 3164 1745 3200 eadem
1777 3166 2019 3201 Observatione
2042 3169 2147 3203 XXX.

1269 3208 1327 3241 Sed
1350 3219 1423 3250 quae
1446 3208 1561 3242 ultima
1584 3210 1619 3255 in
1643 3209 1702 3243 hac
1718 3211 1846 3251 -legitur
1860 3236 1869 3251 ,
1889 3211 1975 3244 idem
1989 3210 2073 3252 posse
2092 3211 2150 3246 fie-

1139 3254 1190 3293 ri,
1214 3250 1378 3292 ostendit,
1402 3263 1468 3285 non
1492 3264 1508 3286 a
1534 3253 1686 3294 subieritis
1711 3254 1810 3286 modo
1832 3278 1841 3293 ‚
1867 3263 1902 3288 ut
1927 3265 2015 3287 renes
2039 3255 2112 3288 sunt
2135 3279 2147 3295 ,

1143 3296 1197 3330 sed
1231 3309 1247 3329 a
1272 3296 1491 3337 superioribus
1522 3299 1619 3331 etiarn
1643 3298 1790 3339 partibus
1806 3320 1819 3337 ‚
1851 3306 1888 3330 ut
1913 3307 1991 3339 puta
2015 3309 2031 3331 a
2056 3298 2148 3341 septo

1140 3339 1335 3379 transverso,
1361 3340 1449 3382 puris
1472 3341 1568 3382 copia
1593 3349 1818 3384 praegravato‚
1842 3342 1874 3373 ὅ(
1895 3340 2045 3375 deorsum
2056 3354 2150 3375 com-

1137 3383 1252 3427 p'ulso,·
1276 3382 1316 3415 sic
1339 3385 1427 3415 enim
1450 3385 1560 3425 potius
1584 3395 1683 3427 quam
1707 3394 1762 3425 per
1786 3383 1975 3419 consensum
1987 3386 2149 3427 quendam

1139 3430 1169 3459 δι
1201 3426 1431 3468 cognationem
1464 3425 1631 3460 historiam
1663 3426 1755 3459 illam
1799 3428 2024 3470 explicandam
2056 3428 2116 3462 esse
2137 3454 2149 3471 ,

1139 3472 1303 3513 conjicio,
1326 3471 1600 3512 quemadmodum
1624 3471 1664 3504 ab
1686 3471 1800 3505 eodem
1823 3470 1914 3514 septo
1933 3493 1943 3510 ‚
1968 3474 2001 3506 vi
2024 3483 2114 3515 aquae
2137 3495 2152 3513 ,

2052 3524 2108 3550 aut

75 3600 2158 3619 -————-—-—-—--——-——-———-——=—-——-——————————-—-—dn———-—=-————n

958 3754 972 3783 (
987 3763 1000 3778 o
1017 3756 1024 3783 )
1043 3757 1116 3780 Anat.
1135 3756 1154 3779 1.
1171 3762 1194 3778 1.
1211 3760 1234 3776 c.
1253 3756 1290 3776 16.
1310 3752 1375 3777 Edit.
1394 3755 1479 3777 Patav.

136 3687 150 3716 (
165 3694 178 3722 q
192 3686 206 3714 )
221 3686 294 3716 Epist.
313 3695 336 3716 4.
357 3694 383 3710 n.
401 3694 441 3716 30.
459 3684 534 3713 Epist.
555 3693 591 3710 12.
609 3694 635 3710 n.
652 3695 675 3712 2.
737 3692 751 3720 (
766 3689 808 3720 f)
823 3699 847 3716 n.
864 3698 905 3721 42.
966 3691 981 3719 (
993 3699 1011 3721 g
1027 3691 1036 3718 l
1055 3694 1117 3719 Sest.
1136 3695 1171 3718 16.

138 3718 154 3746 (
167 3725 177 3740 ι
193 3717 207 3745 )
225 3725 260 3741 ιι.
274 3725 315 3752 Β.
333 3725 371 3745 17.
437 3716 451 3745 (
468 3714 485 3739 k
503 3718 509 3744 l
528 3718 589 3746 EPh·
607 3720 641 3741 N·
659 3722 688 3744 C.
706 3722 762 3745 Dee.
780 3729 801 3750 3.
818 3726 847 3746 A.
865 3731 886 3752 9.
904 3723 927 3746 Se
946 3728 981 3747 ιο.
998 3723 1057 3748 Obs.
1077 3728 1128 3755 163.

138 3749 152 3776 (
167 3755 190 3771 m
206 3748 218 3775 )
235 3749 310 3777 Epist.
328 3756 365 3773 20.
387 3756 414 3782 ¹¹².
432 3754 469 3777 5²·
531 3748 544 3776 (
560 3757 576 3771 n
594 3748 602 3779 l
618 3752 654 3773 De
672 3751 796 3776 Affeffion.
814 3761 840 3776 n.
857 3761 896 3778 ²1.

140 3779 154 3806 (
171 3786 185 3806 q
201 3778 214 3805 )
231 3781 369 3804 Commerc.
387 3781 473 3802 Litter.
491 3778 521 3801 Α.
542 3783 610 3808 ¹73²·
627 3781 706 3806 Hebd.
724 3790 760 3812 33.
780 3791 804 3806 n.
824 3784 856 3808 H.
875 3784 904 3808 ad
921 3794 944 3814 ς.

141 3808 210 3838 (s)
226 3811 333 3833 Earnnd.
351 3812 423 3844 <jent-
442 3816 464 3837 3·
483 3807 542 3832 Obs-
561 3817 598 3835 ιι.
662 3816 672 3838 (
689 3819 701 3836 t
718 3816 727 3842 )
745 3815 849 3839 Earund.
867 3817 940 3839 Cent.
958 3824 980 3845 7.
998 3817 1058 3842 obs.
1076 3825 1100 3846 9.

142 3841 156 3867 ί
171 3846 186 3862 x
201 3839 215 3868 )
230 3841 291 3869 apud
307 3843 420 3865 swieten
438 3842 578 3865 Comment-
595 3842 620 3866 in
636 3844 725 3869 Boetia.
744 3844 837 3874 Aptior.
855 3844 880 3876 §-
898 3848 952 3876 958.

1234 3686 1244 3717 (
1262 3690 1276 3713 b
1291 3689 1305 3717 )
1322 3689 1396 3716 Epist,
1415 3693 1452 3715 16.
1470 3698 1496 3714 n.
1511 3694 1535 3714 6.
1553 3688 1629 3717 Epist.
1648 3698 1686 3714 20.
1704 3697 1728 3713 n.
1747 3696 1769 3712 2.
1785 3696 1824 3718 3⁰·
1842 3694 1878 3717 51.
1896 3687 1972 3717 Epist.
1991 3695 2030 3718 31.·
2045 3695 2070 3713 n.
2088 3694 2112 3716 ²,

1191 3724 1202 3748 (
1218 3722 1228 3745 Ι
1243 3723 1254 3746 )
1275 3722 1399 3746 Cmrnerc.
1416 3722 1503 3746 Litter.
1521 3724 1551 3746 A.
1571 3727 1635 3748 ¹745·
1652 3721 1728 3745 Hebd.
1749 3728 1787 3749 ²4·
1805 3729 1830 3745 n.
1848 3722 1868 3744 Ι.
1886 3722 1916 3744 ad
1932 3729 1957 3749 7.
2155 3720 2158 3724 ’

1540 3755 1550 3778 (
1568 3758 1586 3780 p
1602 3752 1616 3779 )
1632 3755 1667 3777 De
1684 3753 1780 3778 Facult.
1798 3753 1874 3775 Anat.
1892 3753 1959 3777 Lest.
1976 3758 2002 3777 2.

1012 3786 1043 3813 (r
1060 3790 1067 3816 )
1084 3787 1146 3817 Eph.
1166 3787 1201 3809 N.
1219 3786 1248 3808 C.
1267 3786 1324 3807 Dec·
1342 3793 1364 3814 3.
1382 3786 1412 3809 A·
1431 3793 1453 3813 9-
1473 3785 1496 3808 ἃ
1513 3792 1549 3808 10·
1567 3783 1592 3806 1'11
1609 3785 1722 3816 Append.
1739 3792 1763 3810 n.
1783 3784 1803 3808 1.
1819 3783 1880 3807 obs.
1900 3792 1923 3813 5.

1161 3818 1175 3846 (
1190 3825 1207 3841 u
1222 3815 1239 3843 )
1252 3817 1358 3841 Earund.
1375 3818 1445 3841 cent.
1466 3823 1487 3844 9.
1505 3815 1565 3841 Obs.
1582 3822 1623 3844 ⁴¹-
