2498 4075
387 196 612 304 Epistola
648 238 811 291 Anat.
850 237 1071 292 Medica
1103 239 1167 294 V.
1202 239 1328 291 Art·
1366 257 1411 302 7.
1446 243 1492 294 8.
1525 256 1573 306 9.
1610 242 1664 294 ὅτ
1700 257 1777 292 ιο.

98 328 173 356 eum
187 341 197 358 ,
221 318 285 350 alio
306 322 457 360 praterea
478 316 671 352 ‘modo’curn
694 313 803 347 eodem
819 313 847 347 se
868 313 1100 358 conjungebat.

103 365 193 398 Nam
215 361 294 394 ossea
318 360 402 403 quasi
426 361 473 394 ala
495 361 646 401 utrinque
669 357 775 390 emiffa
798 379 808 394 ‚
830 363 921 401 quae,
946 357 1104 392 foramine

104 418 165 450 pro
188 406 292 439 nervis
307 404 443 442 relicto,
465 414 563 440 omne
575 400 806 444 propemodum
831 403 1033 436 intervallum
1043 403 1104 435 im-

101 450 208 494 plebat
231 471 242 487 ,
274 446 459 489 proceffibus
484 445 634 479 vertebrae
657 444 855 479 Transversis
877 469 890 485 ,
921 448 951 478 &
976 445 1106 479 summis

101 493 173 527 offis
196 491 282 525 Sacri
316 491 468 524 lateribus
490 486 714 531 interpositum
740 511 751 527 ,
787 486 837 521 his
860 487 1004 521 infimam
1039 488 1107 530 ejus

101 537 159 571 alae
183 546 305 579 partem
327 544 384 576 ,per
405 537 565 575 γίγγλυμον
590 532 673 564 arete
689 532 913 565 committebat
927 558 934 563 .
960 534 1039 566 Erat
1053 544 1110 567 au-

100 589 167 614 tem
190 592 225 613 os
251 580 380 611 Sacrum
404 576 499 618 paulo
524 575 649 608 brevius
664 598 673 614 ,
696 573 841 618 facieque
865 577 1023 609 anteriore
1045 579 1108 610 mi·-

99 635 158 657 nus
183 617 257 656 cava
279 645 288 660 ,
312 623 343 653 δι
365 620 451 652 inter
472 617 722 652 descendendum
741 642 754 658 ‚
785 617 936 652 nonnihil
958 619 1106 662 vergebat

96 666 321 702 dextrorsum.
345 664 506 696 Caeterum
530 686 541 702 ‚
573 661 596 696 fi
619 663 718 695 imam
742 662 830 695 illam
852 662 1026 696 vertebram
1048 675 1106 696 ex-

98 712 200 752 cipias
219 734 232 751 ,
264 706 347 740 nihil
370 707 403 738 in
435 706 583 739 vertebris
607 705 759 739 omnibus
791 716 808 738 a
832 707 938 749 capite
973 705 1010 739 ad
1034 718 1104 740 earn

99 754 197 797 usque
229 760 341 794 praeter
375 760 495 784 naturae
541 748 806 783 consuetudinem
836 749 1003 783 inventum
1036 749 1102 784 est.

231 795 288 828 Sed
314 793 352 827 ad
374 795 507 833 Caput,
533 791 624 835 cujus
649 792 844 835 potiffimum
859 793 948 827 causa
973 793 1103 827 haecin-

97 841 208 875 stituta
230 836 378 872 dissectio
401 836 466 877 est,
491 836 683 869 transeamus
707 860 714 867 .
741 838 830 870 Dum
853 838 997 870 cranium
1021 837 1103 871 seca-

97 886 192 919 batur
209 905 218 921 ,
241 881 343 915 serum
366 892 430 914 non
445 892 580 923 paucum
592 879 715 921 prodiit
731 904 739 911 .
767 879 859 913 Illius
884 879 1007 912 fornice
1030 880 1104 914 sub-

97 930 185 968 iato,
209 925 374 958 cerebrum
396 924 448 957 sua
473 924 506 956 in
531 922 598 956 sede
621 923 832 965 persecantes,
859 925 1000 966 primum
1032 925 1106 966 qui-

93 972 168 1005 dem
203 972 329 1004 Duram
364 968 546 1010 meningem
577 966 755 1001 craffiorem
787 966 1070 1001 animadvertimus
1094 991 1102 999 .

96 1017 156 1048 Per
180 1014 308 1046 alteram
332 1021 438 1045 autem
453 1012 634 1053 meningem
656 1010 727 1043 vasa
741 1012 849 1043 omnia
874 1011 1024 1053 sanguine
1041 1022 1105 1044 non

94 1059 180 1093 secus
212 1068 247 1090 ac
271 1055 293 1089 fi
318 1055 389 1089 usus
420 1053 511 1088 essem
533 1053 705 1097 injectione
727 1077 740 1094 ‚
774 1054 914 1088 multum
937 1054 1070 1088 distenta
1094 1078 1102 1087 .

95 1104 177 1136 Erat
199 1102 226 1134 is
250 1099 377 1141 sanguis
401 1099 505 1142 qualis
528 1099 562 1130 in
585 1106 658 1129 toto
681 1096 744 1130 hoc
767 1097 916 1131 cadavere
940 1107 1025 1139 ater,
1048 1109 1104 1131 nec

92 1145 185 1180 valde
208 1142 349 1178 fluidus.
383 1142 448 1177 Sub
470 1140 580 1175 eadem
612 1141 758 1183 meninge
781 1141 1038 1183 conspiciebatur
1069 1142 1103 1175 in

93 1189 213 1222 cerebri
239 1186 433 1220 anfractibus
457 1197 537 1229 aqua
561 1183 720 1226 pellucida
740 1207 750 1222 ‚
783 1184 964 1227 cujusmodi
989 1197 1103 1228 aquam

93 1245 172 1267 mox
195 1234 228 1264 in
241 1231 426 1264 ventriculis
439 1252 450 1269 ‚
473 1227 673 1262 Later-alibus
684 1229 851 1262 dumtaxat
864 1253 875 1269 ,
899 1231 1078 1263 invenimus
1089 1253 1102 1270 ,

91 1288 166 1310 cum
191 1274 337 1318 plexibus
359 1284 463 1307 tamen
486 1271 712 1306 Choroidibus
734 1273 868 1306 minime
880 1272 1101 1311 decoloribus‚

91 1320 235 1362 quamvis
258 1316 407 1351 vesiculas
432 1314 620 1349 habentibus
644 1326 723 1358 aqua
746 1316 912 1358 turgidas,
935 1320 967 1350 δε
991 1328 1029 1350 ex
1051 1315 1103 1351 his

91 1374 210 1403 unam,
233 1362 407 1395 minimum
431 1371 500 1393 uvae
525 1360 652 1392 acinum
663 1369 860 1402 aequantem.
886 1362 961 1393 Fuit
985 1359 1052 1393 haec
1064 1361 1098 1393 in

90 1405 189 1451 plexu
210 1404 334 1439 sinistro
361 1416 369 1437 :
393 1416 459 1446 quo
482 1401 605 1436 sublato
624 1426 638 1443 ,
671 1402 878 1436 animadverti
904 1403 1103 1438 Thalamum

90 1451 178 1484 nervi
201 1450 319 1491 Optici
344 1459 410 1481 non
433 1459 470 1480 eo
492 1458 558 1488 quo
583 1444 716 1486 dexter,
738 1447 879 1481 naturali
902 1445 959 1480 esse
971 1447 1103 1488 colore,

91 1494 142 1528 fed
168 1491 277 1527 fusco.
302 1493 399 1526 Tunc
423 1488 582 1525 assulatim
604 1489 767 1523 cerebrum
778 1489 957 1524 dissecando
968 1514 980 1531 ,
1003 1490 1099 1534 hujus

89 1536 222 1582 quidem
246 1535 404 1577 reliquam
426 1544 556 1579 omnem
580 1532 785 1567 substantiam
810 1535 911 1577 reperi
934 1546 1032 1578 quam
1058 1546 1098 1567 o-

89 1582 194 1624 ptime
216 1578 422 1612 constitutam
444 1589 454 1615 3
489 1576 538 1609 {ed
562 1587 633 1618 quae
657 1587 673 1608 a
696 1576 793 1610 latere
817 1587 951 1611 exter-no
975 1579 1009 1611 T
1011 1576 1099 1611 hala-

89 1625 159 1665 mi,
181 1634 275 1665 quem
299 1620 495 1657 memoravi,
519 1618 636 1652 finistri
659 1628 726 1652 erat
750 1619 920 1655 substantia
943 1621 1102 1655 medulla-

89 1670 156 1708 ris,
181 1678 215 1699 ea
239 1666 423 1708 permollis,
449 1666 481 1696 &
504 1661 591 1710 quafi
620 1663 763 1706 liquata,
798 1676 833 1698 ac
857 1664 1004 1708 permista
1027 1677 1102 1699 cum

88 1718 222 1745 cruento
244 1707 404 1751 quodam,
428 1705 478 1740 sed
502 1706 644 1740 obsoleti
665 1709 806 1746 coloris,
831 1707 966 1742 humore
991 1708 1103 1751 depre-

88 1754 183 1789 hensa
205 1752 266 1791 est,
291 1763 327 1787 ut
351 1751 434 1786 nihil
450 1775 457 1788 ‚
480 1749 538 1783 nifi
562 1751 666 1792 gravis
688 1752 770 1785 odor
792 1750 927 1792 deesset,
951 1761 986 1786 ut
1011 1753 1103 1796 plane

87 1796 243 1832 fracidam
265 1797 492 1840 pronunciares
516 1819 523 1825 .
561 1795 757 1837 Occupabat
782 1795 815 1828 id
851 1797 971 1830 vitium
1006 1797 1103 1839 paulo

87 1842 159 1885 plus
185 1841 271 1878 loci,
294 1850 393 1883 quam
416 1850 433 1872 a
460 1838 597 1870 maxima
610 1848 688 1871 nuce
711 1837 864 1881 iuglande
874 1842 1024 1882 occupari
1048 1850 1105 1882 po-

87 1883 220 1924 ruisset,
241 1893 371 1926 eratque
393 1882 485 1916 color
507 1880 564 1914 ille
586 1884 710 1914 cruenti
740 1883 886 1927 humoris
908 1884 941 1915 in
952 1881 1018 1925 ejus
1039 1894 1106 1916 rne-

87 1929 145 1963 dio
168 1926 368 1961 manifestior
390 1952 397 1958 .
433 1925 510 1959 Fuit
535 1933 640 1958 autem
664 1936 710 1959 res
734 1937 772 1959 eo
795 1925 925 1960 facilius
961 1926 1106 1961 animad-

86 1971 268 2010 vertenda„
282 1970 372 2014 quod
394 1981 469 2003 cum
491 1968 676 2009 cerebrum,
699 1980 736 2003 ut
759 1969 855 2011 dixi,
880 1969 958 2003 alibi
984 1970 1040 2004 suo
1050 1982 1107 2004 co-

87 2018 154 2050 lore
176 2013 248 2048 esset
262 2039 274 2056 ,
296 2025 351 2048 nec
371 2012 530 2047 'cerebello
553 2021 679 2047 tantum
702 2013 838 2053 durius,
862 2013 912 2048 sed
926 2014 1006 2046 mira
1029 2026 1107 2054 qua-

92 2059 167 2093 dam
190 2059 332 2103 ubique,
356 2060 388 2091 &
412 2057 590 2098 praesertim
614 2057 646 2089 in
671 2066 746 2092 toto
770 2056 902 2090 dextero
914 2057 1106 2100 hemisphae-

86 2105 137 2136 r'io
152 2129 161 2143 ,
186 2102 306 2137 duritie
330 2100 527 2144 praeditum3
551 2100 586 2132 in
610 2100 670 2133 illo
693 2111 781 2140 uno,
804 2112 898 2142 quem
922 2100 1106 2142 designavi,

86 2147 162 2180 ioco
186 2145 414 2180 subcruentum
435 2144 579 2177 colorem
602 2167 615 2184 ,
647 2148 679 2178 δε
704 2143 909 2178 substantiam
930 2142 1017 2187 quafi
1039 2143 1107 2177 dif-

90 2191 247 2225 fluentem
268 2189 404 2223 habebat
419 2212 427 2219 .

96 2252 97 2256 =
132 2244 164 2278 7.
190 2233 366 2275 Apostema
392 2231 438 2264 sui
460 2229 583 2272 generis
607 2233 621 2269 (
644 2229 709 2272 m)
732 2228 825 2263 fuisse
846 2230 911 2264 :hoc
934 2253 946 2270 ‚
976 2229 1072 2264 credo
1095 2252 1105 2268 ,

87 2275 401 2318 agnoscente'etiam
423 2274 592 2306 Avicenna
615 2276 628 2311 (
652 2282 671 2304 n
692 2276 706 2312 )
737 2273 945 2316 apoplexiam
969 2285 986 2307 a
1008 2273 1105 2315 reple-

89 2316 173 2353 tione
196 2318 402 2360 apostemante
417 2338 427 2352 ‚
454 2314 544 2358 cujus
566 2316 634 2349 vim
659 2317 692 2348 in
714 2317 877 2358 propofita
902 2318 1033 2351 muliere
1055 2314 1103 2350 ef-

60 2380 63 2381 ⁷
89 2362 160 2397 fusa
183 2374 287 2405 aqua,
311 2365 343 2395 ὃ(
365 2359 499 2394 distenta
524 2358 673 2401 sanguine
695 2358 766 2391 vasa
792 2360 946 2403 augebant
967 2385 974 2393 .
1008 2361 1105 2393 Acci-

88 2407 140 2440 dit
159 2413 265 2438 autem
287 2405 444 2447 apostema
467 2404 552 2435 circa
574 2412 643 2435 eam
668 2400 771 2435 sedem
790 2427 799 2442 ,
823 2405 857 2436 in
879 2415 941 2446 qua
965 2404 1106 2447 plerum-

87 2461 149 2494 que
171 2456 323 2492 magnas,
344 2459 414 2491 quae
437 2446 472 2478 in
496 2446 705 2487 apoplefficis
731 2457 904 2480 occurrunt
932 2470 941 2486 ‚
973 2449 1104 2489 organi-

89 2497 140 2527 cas
163 2504 261 2526 noxas
285 2490 447 2529 inveniri,
471 2489 547 2522 alias
571 2492 584 2528 (
608 2500 624 2521 ο
648 2492 658 2528 )
683 2489 920 2524 indicavimus:
941 2501 1041 2534 >quam
1064 2489 1104 2523 ad

87 2536 207 2576 sedem,
233 2539 265 2568 &
289 2546 328 2567 ex
350 2531 540 2576 apostemate
563 2531 694 2574 quidem
715 2555 724 2570 ,
752 2534 789 2566 ‘in
813 2535 901 2568 Viro
933 2541 1001 2568 erat
1024 2546 1104 2577 quo-

87 2592 149 2623 que
172 2581 205 2613 in
231 2580 335 2621 prima
357 2576 518 2610 Valsalvae
543 2574 673 2609 historia
696 2576 858 2620 descripto
880 2580 936 2620 (p
957 2582 971 2618 )
993 2603 1001 2610 .
1028 2579 1105 2621 Por-

68 2635 124 2657 tro
146 2625 179 2656 in
205 2622 335 2662 eadem,
363 2622 503 2667 itemque
526 2620 558 2651 in
584 2620 679 2667 alt-era
705 2623 718 2659 (
740 2632 758 2663 q
782 2626 792 2660 )
817 2645 828 2661 ,
851 2624 884 2655 &
907 2624 943 2655 in
967 2620 1027 2654 hac
1050 2632 1104 2663 pa-

88 2669 168 2700 riter
193 2666 323 2700 historia
346 2664 448 2697 nostra
460 2674 526 2706 ejus
549 2664 775 2697 confirmatam
786 2664 968 2699 doctrinam
992 2663 1103 2704 vides,

88 2721 171 2744 noxa
196 2712 229 2742 in
255 2721 292 2741 eo
313 2708 434 2742 cerebri
457 2706 685 2754 hemisphaetio
704 2709 837 2742 'inventa
869 2708 958 2752 quod
980 2707 1102 2742 resolu-

93 2764 130 2788 to
152 2755 300 2795 corporis
323 2753 412 2785 lateri
436 2752 621 2793 oppositum
642 2759 727 2784 erat.

134 2798 163 2830 8.
192 2796 409 2830 inflammatio
432 2802 536 2827 autem
559 2804 622 2837 qua
645 2794 758 2828 nostrae
770 2794 973 2838 apoplee'ticae
998 2796 1096 2831 vesica

88 2841 309 2878 laboraverat,
334 2842 452 2883 quippe
475 2847 564 2870 tanta
585 2839 686 2871 ‘urinae
709 2839 803 2881 copia
826 2839 959 2873 distenta
978 2863 990 2879 ,
1014 2840 1096 2874 facit

91 2895 129 2918 ut
153 2885 185 2916 in
211 2893 349 2917 mentem
371 2884 479 2915 veniat
504 2882 653 2923 ‘ingentis
677 2881 766 2915 illius
802 2882 1005 2916 collectionis
1030 2885 1096 2918 uri-

90 2938 161 2963 nae‚
184 2938 281 2968 quam
303 2928 336 2959 in
359 2925 538 2960 stabulario
559 2928 573 2963 (
596 2935 611 2957 r
633 2928 646 2964 )
668 2936 684 2957 a
708 2937 757 2958 me
790 2924 984 2968 descriptam
1005 2927 1063 2961 effe
1085 2951 1099 2968 ‚

94 2971 302 3009 memineris,
324 2981 380 3003 nec
404 2970 539 3003 minoris
559 2990 571 3008 ,
603 2977 698 3011 quam
722 2969 787 3001 tibi
810 2971 844 3002 in
869 2969 966 3003 vesica
990 2982 1065 3005 anus
1088 2995 1098 3011 ‚

91 3025 130 3047 ex
154 3014 322 3056 apoplexia
345 3015 461 3056 pariter
484 3020 646 3058 mortuae,
670 3012 735 3045 alio
759 3012 834 3045 loco
866 3012 949 3055 (s)
982 3014 1098 3048 descri-

90 3057 164 3090 bam
179 3074 194 3089 .*
212 3059 265 3090 'Ex
289 3055 341 3089 his
361 3063 453 3099 'atque
475 3057 546 3089 aliis
569 3054 726 3097 ejusmodi
748 3055 1040 3092 Obse-rvationi-bus
1051 3058 1099 3092 fa-

91 3101 153 3134 cile
175 3101 351 3142 intelligis,
376 3106 470 3142 quam
494 3098 588 3133 facile
608 3099 699 3140 poffit
710 3099 849 3133 accidere
864 3120 874 3137 ,
898 3109 935 3133 ut
956 3103 1011 3145 qui
1025 3114 1101 3145 apo-

92 3142 223 3187 'plectici
248 3143 343 3187 paulo
364 3143 487 3177 diutius
509 3145 613 3176 vitam
635 3143 768 3177 trahunt
782 3167 795 3183 ,
818 3144 859 3176 iis
871 3155 951 3178 nova
974 3144 1102 3188 insuper

98 3188 258 3222 malorum
283 3185 410 3219 acceffio
434 3185 489 3220 fiat
513 3186 551 3219 ab
572 3187 673 3219 urinae
695 3188 876 3220 retentione
899 3211 910 3227 ‚
934 3199 973 3221 eo
995 3191 1104 3222 minus

94 3230 309 3264 animadversa
323 3252 331 3268 ,
353 3227 441 3272 quod
461 3241 535 3263 cum
555 3240 657 3272 pauca
680 3232 735 3274 qui
759 3228 910 3274 possunt,
934 3231 985 3265 sed
1007 3244 1041 3265 ea
1065 3233 1106 3264 li-

93 3274 216 3317 quida,
238 3274 417 3318 deglutiant
437 3295 450 3313 ‚
479 3272 594 3307 lotium
617 3282 725 3307 autem
759 3274 839 3318 sirpe
863 3275 908 3308 ‘ob
930 3274 1106 3310 infirmatas

99 3316 289 3361 sphincteris
314 3317 395 3349 vires
416 3317 569 3359 guttatim
591 3316 778 3358 destillans,
800 3317 1077 3352 cubilehumefiaet
1087 3343 1100 3360 ,

95 3359 148 3395 his
169 3360 302 3395 indiciis
326 3358 528 3404 acquiescunt
551 3361 687 3395 ministri
713 3385 723 3400 ,
754 3367 789 3396 ut
815 3363 948 3396 minime
970 3362 1099 3396 credant

94 3403 134 3438 de
158 3412 277 3439 retenta
298 3406 390 3439 urina
412 3401 639 3449 fibi-Medicos
663 3404 721 3439 effe
746 3405 939 3439 monendos.
966 3407 1099 3440 Horum

95 3449 199 3491 igitur
220 3450 361 3491 partium
384 3448 445 3481 crit
468 3445 598 3489 jubere,
622 3450 722 3482 imam
744 3451 866 3483 ventris
880 3458 1001 3491 partem
1025 3449 1098 3483 sub..

95 3491 170 3525 inde
191 3492 393 3532 attrectari,
425 3497 462 3524 nt
493 3488 517 3522 fi
550 3497 657 3525 tumor
691 3491 844 3533 indicet,
878 3494 997 3527 lotium
1032 3505 1097 3527 non

96 3534 206 3578 reddi,
228 3536 290 3570 hoc
313 3544 378 3569 arte
417 3534 524 3577 aliqua
547 3555 558 3572 ,
591 3537 623 3568 δε
652 3534 676 3568 fi
699 3548 746 3570 res
769 3545 864 3579 cogat
886 3560 896 3575 ,
930 3536 1067 3571 immissa
1088 3560 1102 3578 ‚

1155 313 1244 360 quod
1267 315 1301 348 in
1324 313 1470 351 foeminis
1490 316 1685 351 facil-limum
1704 314 1746 349 est
1761 339 1775 356 ,
1798 324 1944 359 argentea
1956 312 2080 360 fistula,
2103 331 2170 355 ma.

1156 371 1200 394 nu
1224 360 1438 393 emoliantur.

1200 414 1231 443 9.
1257 402 1314 436 Sed
1337 401 1376 435 de
1399 404 1439 438 iis
1461 414 1588 448 quoque
1610 401 1755 442 duobus,
1778 414 1847 445 quae
1872 403 1916 436 ob
1926 404 2094 439 raritatem
2116 407 2167 439 in-

1159 446 1289 489 terjeci,
1314 457 1330 478 a
1354 457 1404 479 me
1437 447 1560 490 aliquid
1583 445 1710 480 fortasse
1733 446 1935 491 expectabis.
1960 449 2080 482 Dicam
2103 450 2167 491 igi-

1160 499 1213 522 tur
1235 501 1306 532 quse
1329 488 1374 521 ibi
1398 492 1554 533 continuo
1574 514 1586 531 ,
1620 499 1654 523 ut
1679 487 1793 522 solitus
1816 489 1883 521 ium
1907 510 1919 529 ,
1949 491 1990 524 iis
2013 494 2069 535 qui
2095 493 2167 526 ade.

1159 541 1248 566 rant.
1273 532 1413 567 indicavi
1426 534 1436 574 f.
1460 533 1560 569 Quod
1587 533 1624 567 ad
1646 532 1712 567 duo
1734 533 1849 566 attinet
1860 531 2042 575 foramina,
2065 537 2098 569 in
2122 536 2168 570 se.

1161 585 1220 618 pto
1243 575 1440 611 Transverso
1462 577 1638 617 adnotata,
1661 588 1714 619 per
1737 586 1876 619 quorum
1896 576 2033 611 alterum
2056 591 2115 614 una
2127 591 2167 614 ex

1156 619 1312 663 hepaticis
1335 621 1423 654 venis
1446 619 1599 663 trajecta,
1623 621 1654 653 in
1679 619 1810 653 thorace
1828 617 1959 666 demum
1981 632 2089 655 venam
2101 624 2167 656 Ca-

1156 675 1228 696 vam
1251 664 1383 703 adibat3
1407 675 1515 697 rarum
1538 663 1571 697 id
1593 662 1722 707 quidem
1745 663 1821 699 ess'e3
1846 662 1897 696 secl
1922 664 2028 697 multo
2043 666 2167 707 rai-ius,

1154 707 1241 750 quod
1264 718 1314 742 ter
1336 710 1419 740 intra
1442 705 1521 741 duos
1547 707 1664 740 menses
1686 709 1728 740 A.
1756 706 1847 750 1728.
1872 706 1905 739 id
1936 706 2040 749 ipsum
2063 708 2166 742 osten-

1155 750 1267 784 dissem
1285 777 1294 791 ,
1329 751 1480 784 videlicet
1505 751 1553 784 bis
1577 753 1610 783 in
1635 748 1782 784 Theatro
1814 749 1916 783 mense
1952 752 2128 785 Februario
2151 776 2164 792 ,

1155 793 1248 827 semel
1272 796 1305 828 in
1329 795 1537 828 Nosocomio
1558 793 1662 827 mense
1686 795 1837 836 proximo
1851 818 1858 825 .
1884 795 2008 826 Verum
2027 806 2095 827 ‘non
2109 795 2166 828 -b-i-

1155 849 1194 870 na
1219 847 1367 874 tantum,
1392 847 1426 873 ut
1448 838 1482 871 in
1506 838 1611 871 tribus
1635 837 1702 870 illis
1725 837 1947 875 cadaveribus,
1974 836 2026 871 sed
2045 842 2076 871 δε
2100 848 2168 872 ter-

1155 892 1193 913 na
1217 893 1266 914 me
1292 881 1407 919 semel,
1431 882 1611 925 iterumque
1633 883 1647 920 (
1669 884 1685 899 ’κ
1707 885 1721 921 )
1746 880 2039 923 indiaphragrmte
2064 881 2166 916 vidis-

1156 924 1184 957 se
1207 924 1366 958 foramina
1390 925 1430 958 fic
1454 936 1491 959 ut
1517 927 1693 958 maximum
1717 936 1828 958 venam
1839 926 1984 964 Cavam,
2005 924 2073 959 duo
2099 928 2163 960 mi-

1157 979 1236 1000 nora
1259 968 1398 1002 totidem
1422 967 1583 1012 hepaticas
1619 979 1712 1001 venas
1744 967 1995 1002 transmitterent
2019 993 2028 1008 ,
2069 969 2166 1003 semel

1156 1012 1311 1045 Bononiae
1334 1013 1376 1045 A.
1403 1022 1496 1054 1700.
1521 1014 1553 1045 in
1577 1024 1615 1044 eo
1648 1011 1738 1054 septo
1763 1011 1954 1046 Transverso
1973 1034 1982 1049 ‚
2016 1012 2107 1055 quod
2130 1014 2167 1046 in

1158 1053 1288 1088 Publica
1311 1056 1493 1096 Anatome,
1511 1054 1700 1089 conse-cante
1724 1065 1773 1087 me
1803 1066 1878 1088 cum
1903 1054 2050 1088 Valsalva
2070 1079 2082 1096 ,
2116 1055 2172 1090 de-

1156 1098 1367 1132 monstratum
1391 1098 1463 1138 est,
1496 1098 1585 1140 cujus
1608 1109 1667 1140 ego
1700 1098 1780 1139 septi
1805 1098 1913 1131 rudem
1935 1120 1948 1138 ‚
1981 1106 2048 1130 mea
2074 1110 2171 1135 manu

1154 1141 1369 1186 descriptam,
1391 1142 1627 1184 imagunculam
1652 1140 1755 1174 adhuc
1779 1140 1869 1174 servo
1888 1164 1901 1181 ‚
1932 1142 2051 1174 iterum
2076 1144 2171 1177 Pata-

1155 1189 1200 1220 vii
1222 1196 1295 1220 ante
1319 1188 1361 1219 A.
1390 1189 1482 1228 1726.
1506 1196 1604 1228 quam
1635 1195 1731 1218 unam
1763 1184 2018 1219 observationem
2038 1208 2052 1225 ,
2084 1187 2170 1219 anti..

1153 1232 1278 1275 quioris
1301 1230 1412 1269 illius,
1436 1238 1471 1263 ut
1496 1229 1554 1266 fit,
1578 1228 1700 1262 oblitus
1721 1251 1733 1268 ,
1757 1228 1790 1262 in
1818 1228 1964 1270 Epistola
1986 1229 2014 1270 J.
2040 1229 2171 1262 Anato-

1154 1277 1235 1308 mica
1256 1277 1272 1314 <
1295 1282 1310 1308 t
1332 1277 1342 1312 )
1367 1274 1619 1306 commemoravi
1646 1283 1657 1310 ς
1692 1283 1787 1315 quem
1812 1272 1919 1306 locum
1942 1271 2083 1314 designat
2101 1274 2168 1306 So—

1154 1319 1214 1352 lers
1238 1319 1271 1350 in
1296 1318 1408 1360 primis
1434 1316 1618 1359 Doctusque
1650 1315 1863 1362 Anatomicus
1893 1316 2048 1350 Albertus
2085 1317 2170 1350 Hal-

1154 1363 1237 1397 letus
1258 1364 1272 1401 <
1295 1372 1314 1394 u
1336 1365 1372 1401 )‚
1395 1371 1470 1393 curn
1494 1362 1597 1393 rarius
1621 1357 1683 1393 hoc
1705 1358 1761 1403 effe
1783 1359 1865 1401 quod
1887 1371 1950 1403 ego
1974 1359 2166 1403 observavi,

1154 1405 1327 1439 confirmat
1342 1430 1349 1436 .

1199 1460 1247 1482 10.
1275 1450 1324 1482 De
1347 1447 1517 1483 costarum
1540 1456 1646 1481 autem
1668 1456 1824 1485 numero,
1847 1453 1884 1479 ut
1909 1444 2001 1478 semel
2014 1445 2165 1481 undecim

1150 1496 1165 1533 (
1187 1503 1209 1526 x
1230 1497 1267 1533 ),
1289 1492 1336 1524 ita
1360 1492 1452 1525 semel
1465 1490 1619 1524 tredecim
1644 1490 1725 1524 mihi
1738 1488 1818 1521 visas
1838 1487 1922 1528 effe,
1946 1489 2167 1533 non-saepius,

1149 1535 1224 1578 ajo,
1248 1538 1280 1568 &
1302 1546 1371 1568 vera
1396 1536 1557 1570 Galenurn
1579 1537 1592 1574 (
1609 1546 1632 1576 y
1655 1539 1669 1574 )
1692 1530 1864 1574 scripsisse,
1887 1531 2029 1574 agnosco
2049 1554 2060 1570 ,
2091 1544 2168 1568 cum

1147 1579 1209 1613 haec
1232 1581 1279 1613 ita
1302 1589 1373 1612 rara
1395 1578 1451 1623 esse
1467 1604 1474 1618 ‚
1497 1577 1612 1612 docuit
1626 1601 1634 1614 ‚
1658 1584 1696 1610 ut
1719 1577 1805 1609 inter
1826 1574 1914 1610 mille
1926 1575 1985 1610 vix
2006 1586 2104 1611 unum
2115 1584 2167 1610 ta..

1151 1624 1177 1656 li
1199 1621 1349 1659 costarum
1371 1632 1497 1656 numero
1520 1622 1685 1655 invenias:
1713 1619 1852 1662 priorem
1865 1627 1971 1653 tamen
1994 1631 2167 1656 numerum

1153 1666 1304 1699 rariorem
1329 1665 1431 1699 altero
1454 1663 1511 1698 esse
1532 1688 1545 1706 ,
1578 1673 1650 1698 ante
1673 1673 1783 1697 omnes
1816 1662 1978 1696 indicavit
1999 1688 2007 1697 .
2044 1663 2104 1698 Sed
2129 1663 2169 1698 de

1152 1709 1258 1742 altero
1281 1720 1439 1748 numere,
1463 1708 1497 1742 id
1521 1707 1582 1746 est,
1607 1718 1644 1742 ut
1669 1707 1729 1740 sint
1741 1705 1922 1748 tredecim,
1945 1705 2169 1751 Archangelus

1152 1753 1284 1796 quidem
1310 1751 1573 1786 Piccolhominus
1596 1755 1609 1791 (
1631 1764 1655 1796 z
1676 1755 1690 1792 )
1717 1760 1826 1783 verum
1850 1749 1991 1783 credidit
2015 1750 2049 1784 id
2073 1751 2167 1795 quod

1154 1796 1224 1839 ipse
1246 1797 1292 1828 ait
1317 1817 1331 1836 ‚
1363 1807 1482 1830 omnem
1513 1796 1742 1838 antiquitatem
1774 1791 1980 1838 observaviffe
1996 1816 2006 1833 ‚
2034 1795 2063 1837 fi
2086 1795 2169 1835 colite

1154 1839 1331 1874 naturalem
1354 1850 1515 1874 numerum
1539 1840 1706 1876 excedant,
1730 1847 1824 1871 unam
1835 1845 1988 1877 tantum,
2010 1838 2112 1871 altero
2137 1839 2171 1872 in

1154 1882 1273 1923 latere,
1294 1894 1353 1918 non
1375 1884 1452 1917 duas
1468 1906 1480 1923 ,
1495 1881 1648 1926 supereffe
1671 1906 1678 1914 .
1703 1883 1749 1915 Et
1773 1880 1844 1913 sane
1867 1891 1967 1914 etiam
1988 1882 2172 1916 Columbus

1155 1929 1170 1966 (
1192 1938 1210 1959 a
1233 1930 1247 1966 )
1279 1938 1373 1961 unam
1395 1934 1522 1960 tantum
1556 1925 1701 1965 costulam
1724 1934 1840 1968 praeter
1874 1926 1993 1968 viginti
2029 1932 2174 1969 quatuor

1155 1972 1339 2011 invenerat,
1362 1980 1398 2004 ut
1422 1981 1455 2002 ea
1479 1981 1550 2013 quae
1576 1968 1732 2016 subiecit,
1754 1967 1956 2010 significant,
1983 1971 2016 2002 δε
2039 1978 2110 2013 quae
2134 1969 2173 2004 ad

1156 2025 1246 2046 oram
1262 2013 1333 2048 sunt
1344 2013 1495 2048 adnotata
1509 2038 1518 2053 ,
1540 2013 2015 2051 conh1·mant.Veruntamen3
2039 2021 2075 2046 ut
2087 2014 2173 2048 Bau⁴

1156 2055 1273 2090 hinum
1298 2060 1312 2096 (
1331 2057 1353 2090 b
1376 2061 1389 2098 >
1413 2058 1588 2096 omittam,
1612 2067 1706 2100 quem
1720 2056 1963 2090 Picolhominus
1988 2055 2095 2099 legisse
2107 2069 2174 2091 non

1157 2110 1306 2143 poterat,
1330 2110 1430 2134 ternas
1452 2101 1547 2134 denas
1570 2102 1604 2133 in
1627 2099 1758 2142 lingulis
1784 2099 1938 2134 lateribus
1957 2100 2057 2134 costas
2081 2102 2120 2134 ab
2144 2101 2175 2135 se

1157 2154 1297 2185 repertas
1320 2152 1548 2178 memorantem
1570 2143 1610 2177 fic
1626 2167 1635 2182 ‚
1661 2153 1696 2177 ut
1721 2155 1738 2178 a
1761 2143 1892 2177 sinistris
1916 2145 1994 2178 06ὲο
2012 2142 2108 2178 essent
2127 2145 2173 2178 le-

1156 2188 1281 2229 gitimae
1297 2214 1305 2227 ,
1331 2201 1347 2222 a
1369 2189 1490 2222 dextris
1516 2188 1568 2229 [ἐκ
1591 2187 1729 2230 spuriae3
1752 2194 1787 2221 at
1810 2187 2009 2222 Columbus-n
2032 2188 2136 2231 ipsum
2159 2211 2170 2229 ,

1157 2230 1234 2263 scire
1258 2240 1405 2274 poterat,
1436 2231 1545 2265 vidiss-'e
1580 2230 1683 2273 postea
1706 2234 1720 2270 (
1742 2242 1758 2263 c
1775 2231 1792 2271 )
1816 2232 1915 2264 etiam
1937 2232 2033 2272 costas
2065 2233 2171 2276 vigim

1155 2273 1258 2316 tifix:
1282 2277 1314 2307 &
1336 2276 1542 2318 Falloppium
1574 2277 1589 2313 <
1611 2274 1631 2306 d
1650 2277 1665 2313 )
1697 2275 1730 2308 in
1752 2273 1870 2308 duobus
1892 2273 2097 2309 cadaveribus
2120 2276 2172 2310 in.

1158 2317 1272 2351 veniffe
1297 2321 1446 2363 utrinque
1470 2318 1508 2352 ad
1522 2317 1676 2351 tredecim
1699 2317 1867 2352 ada-utrum
1878 2328 2039 2352 numerum
2061 2320 2170 2354 adua-

1155 2359 1214 2393 bus
1236 2361 1358 2400 costulis
1383 2364 1430 2396 ita
1450 2363 1563 2404 parvis
1577 2386 1585 2401 ‚
1608 2369 1646 2395 ut
1669 2362 1846 2394 rudimenta
1869 2361 2017 2403 costarum
2037 2365 2171 2406 potius,

1154 2414 1249 2445 quam
1271 2405 1364 2439 costae
1387 2405 1588 2439 viderentur.
1611 2406 1699 2438 Cum
1720 2403 1771 2438 his
1785 2405 2002 2447 Falloppianis
2025 2416 2093 2439 mea
2105 2420 2171 2442 ma.

1155 2448 1242 2480 xime
1264 2450 1415 2482 convenit
1439 2448 1642 2488 observatio,
1664 2457 1700 2481 ut
1723 2449 1757 2481 in
1781 2458 1819 2480 eo
1840 2450 1960 2491 pariter
1970 2449 2059 2492 quod
2083 2451 2170 2496 adje-

1155 2491 1223 2528 cit,
1247 2492 1538 2525 coarticulationem
1560 2492 1651 2526 illam
1665 2513 1675 2529 ,
1699 2502 1763 2534 quae
1775 2492 1807 2525 in
1830 2492 2169 2536 reltwtstinihuss

1154 2535 1188 2566 in
1213 2534 1390 2568 duodecima
1414 2534 1556 2568 thoracis
1577 2535 1722 2569 vertebra
1746 2533 1801 2578 effe
1817 2534 1900 2577 solet
1919 2557 1929 2574 ‚
1953 2536 1985 2570 in
2009 2538 2052 2570 iis
2073 2541 2166 2574 cada..

1153 2576 1282 2611 veribus
1304 2577 1386 2611 nihil
1407 2576 1540 2622 variasse
1564 2604 1571 2610 .
1598 2578 1698 2621 Qod
1720 2588 1826 2612 autem
1849 2578 1937 2613 dixit
1958 2603 1971 2620 ,
2004 2581 2167 2624 tresdecim

1154 2622 1189 2653 in
1213 2623 1253 2655 iis
1277 2620 1306 2653 se
1329 2620 1468 2665 reperiffe
1492 2622 1634 2656 thoracis
1656 2622 1818 2656 vertebras
1840 2634 1851 2661 3
1881 2632 1994 2657 verum
2016 2625 2049 2658 in
2081 2625 2166 2661 lum-

1154 2662 1204 2698 bis
1228 2676 1238 2703 5
1262 2662 1297 2697 id
1320 2664 1408 2707 quod
1430 2666 1612 2700 Columbus
1635 2690 1645 2706 ,
1677 2668 1710 2699 &
1736 2665 1903 2700 Bauhinus
1935 2669 2130 2704 reticuerunt
2155 2684 2169 2711 ς

1153 2716 1287 2750 quatuor
1310 2715 1458 2750 tantum,
1481 2709 1515 2743 id
1538 2721 1614 2743 vero
1637 2719 1792 2753 quatenus
1816 2712 1921 2744 ameis
1945 2710 2100 2755 discrepet
2110 2715 2169 2749 ob-

1153 2751 1410 2791 servationibus,
1436 2754 1584 2795 praeclare
1610 2752 1786 2795 intelligis.
1812 2752 1882 2787 Etfi
1907 2754 1992 2788 enirn
2015 2757 2168 2798 quaedarn

1153 2794 1226 2828 sunt
1249 2795 1333 2829 unde
1356 2794 1507 2839 suspicari
1531 2797 1642 2839 postis,
1669 2797 1836 2840 quinffam
1858 2809 1874 2831 a
1898 2805 1949 2831 me
1970 2798 2166 2844 descriptam

1152 2838 1328 2873 vertebram
1350 2839 1388 2874 ad
1411 2852 1447 2873 os
1470 2841 1599 2875 Sacrum
1622 2838 1787 2873 attinuisse
1807 2852 1818 2879 3
1853 2850 1992 2875 attamen
2014 2842 2037 2876 fi
2062 2846 2166 2888 plera-

1150 2893 1212 2924 que
1235 2882 1401 2923 attendas,
1425 2893 1478 2917 aut
1501 2885 1610 2926 potius
1632 2882 1655 2916 s1
1679 2881 1748 2916 baec
1781 2895 1853 2927 quae
1876 2884 2036 2920 servamus
2053 2913 2062 2928 ,
2100 2890 2165 2924 offa

1149 2926 1199 2959 vel
1223 2925 1311 2960 aliud
1335 2937 1427 2969 agens
1450 2925 1606 2969 aspicias,·
1628 2927 1741 2970 procul
1765 2926 1868 2961 dubio
1891 2930 1999 2971 primo
2021 2930 2093 2975 ipso
2117 2933 2165 2968 as.

1147 2970 1240 3011 pediu
1263 2970 1452 3012 cognosces,
1477 2969 1535 3004 effe
1558 2972 1648 3005 illam
1659 2972 1766 3014 potius
1785 2972 1871 3005 inter
1892 2972 2077 3009 lumborum
2099 2989 2168 3012 vera

1153 3012 1253 3046 tebras
1276 3013 1586 3048 connumerandam.
1611 3016 1684 3049 Nec
1706 3026 1781 3049 vero
1803 3017 1838 3049 in
1859 3016 2081 3053 observatione
2105 3020 2165 3055 hae

1154 3055 1356 3090 describenda
1377 3057 1474 3100 paulo
1498 3057 1599 3092 fusior
1621 3057 1671 3093 fui
1684 3081 1698 3099 ,
1721 3058 1806 3101 quod
1829 3060 2012 3102 ignorarem
2032 3084 2043 3100 ‚
2080 3075 2163 3106 quot

1152 3100 1341 3134 Anatomici
1365 3100 1435 3143 post
1457 3101 1533 3135 illos
1554 3113 1635 3145 quos
1648 3103 1835 3142 nominavi,
1858 3102 1975 3137 fimilia
1997 3105 2161 3148 viderint5

1153 3143 1206 3177 sed
1227 3144 1315 3186 quod
1338 3145 1457 3191 nolui,
1478 3154 1509 3178 te
1532 3147 1566 3179 in
1590 3145 1648 3179 hac
1672 3145 1806 3189 legenda
1822 3170 1836 3188 ,
1865 3159 1936 3190 quae
1959 3147 2100 3192 plerique
2122 3164 2164 3185 o-

1155 3187 1331 3224 miserunt,
1356 3186 1528 3222 desiderare
1553 3214 1559 3221 .
1585 3189 1683 3224 Nosti
1706 3192 1791 3224 enim
1815 3216 1823 3230 ,
1857 3199 1991 3233 propter
2012 3191 2159 3230 omissam

1157 3232 1352 3265 mentionem
1375 3231 1456 3265 sedis
1477 3233 1512 3265 in
1535 3244 1597 3276 qua
1619 3234 1750 3268 decimae
1783 3235 1886 3267 tertiae
1910 3233 2003 3268 costae
2033 3235 2163 3273 fuissent

1157 3278 1316 3313 inventae,
1340 3274 1564 3321 Hunauldium
1596 3279 1612 3317 (
1633 3288 1648 3311 e
1670 3282 1685 3317 )
1721 3276 1835 3312 harum
1859 3278 2020 3320 originem
2042 3279 2083 3315 fic
2105 3294 2162 3316 ex..

1150 3317 1333 3362 plicandam
1356 3318 1516 3362 suscepisse
1530 3345 1538 3359 ‚
1571 3330 1608 3354 ut
1630 3320 1697 3364 ejus
1720 3321 1898 3362 explicatio
1919 3330 1997 3356 tunc
2029 3325 2160 3367 quidem

1151 3363 1263 3397 habeat
1287 3363 1395 3395 locum
1417 3385 1430 3402 ,
1463 3374 1538 3397 cum
1561 3363 1609 3397 ibi
1633 3365 1704 3398 sunt
1728 3363 1785 3397 ubi
1816 3363 1881 3407 ipse
1901 3365 1986 3399 vidit
2007 3392 2015 3406 ,
2049 3379 2163 3411 nempe

1151 3406 1243 3448 supra
1264 3405 1340 3439 duas
1361 3404 1460 3439 costas
1483 3406 1664 3450 supremas;
1688 3407 1745 3455 ubi
1769 3408 1875 3442 autern
1898 3420 1958 3450 ego
1980 3409 2158 3452 deprehen-

1150 3450 1208 3489 di,
1232 3450 1386 3483 nimirum
1409 3448 1493 3483 infra
1516 3450 1594 3487 duas
1617 3450 1763 3491 infimas,
1786 3463 1850 3486 non
1875 3451 2006 3487 habeat.
2031 3454 2104 3489 Nec
2128 3466 2162 3491 te

1151 3493 1238 3535 fugit
1261 3492 1463 3536 quorundam
1487 3493 1648 3537 suspicio,
1669 3506 1745 3528 cum
1766 3495 1828 3530 hoc
1841 3496 1914 3529 loco
1934 3499 2161 3542 reperiuntur,

1153 3537 1236 3571 nihil
1270 3536 1420 3571 videlicet
1440 3537 1498 3572 esse
1528 3538 1616 3573 aliud
1632 3562 1645 3579 ‚
1674 3550 1771 3582 quarn
1805 3538 2014 3573 Transversos
2046 3545 2161 3585 primae

2017 3596 2121 3621 verte-

230 3728 244 3757 )
261 3727 321 3753 vid.
338 3727 413 3758 Epist.
432 3736 454 3757 9.
471 3735 494 3751 n.
512 3730 551 3752 16.
570 3727 592 3751 tc
609 3727 671 3758 seqq.
688 3729 737 3759 usq.
753 3730 782 3754 ad
797 3737 838 3756 ιο.

265 3774 273 3782 .
290 3767 314 3787 4.
377 3760 392 3788 (
407 3769 419 3782 r
433 3759 447 3788 )
463 3758 538 3788 Epist.
556 3768 580 3789 4.
599 3767 623 3782 n.
642 3766 680 3788 19.

270 3788 277 3813 i
297 3794 342 3814 ert.
359 3789 388 3813 de
403 3788 486 3814 Musc.
502 3789 604 3818 Diaphr.
623 3789 653 3813 ad
671 3789 693 3819 §.
709 3798 733 3819 7.
750 3790 803 3815 litt.
820 3799 832 3816 c

220 3837 221 3840 η
249 3822 265 3844 1.
284 3821 308 3844 8.
329 3820 405 3844 Ana-t.
425 3820 534 3845 riaeieet.
551 3821 573 3844 8.
637 3821 650 3848 (
667 3827 683 3844 22
698 3820 712 3849 )
729 3822 765 3844 De
780 3823 816 3845 Re
832 3823 905 3848 Anat.
924 3823 941 3846 l·
961 3829 981 3847 1.
999 3830 1019 3846 c.
1039 3829 1075 3851 19.

246 3851 326 3874 Mem.
343 3850 373 3875 de
389 3850 494 3875 l’Acad.
513 3853 543 3875 R.
560 3851 601 3876 des
618 3852 656 3876 sc.
676 3852 705 3875 A.
723 3858 792 3881 1741·

741 3760 809 3790 (s)
825 3761 898 3790 Epist.
916 3765 953 3791 5⁶·
971 3769 995 3785 n.
1015 3769 1050 3785 η.

154 3731 171 3879 flfflflfl

186 3858 198 3874 α
188 3828 207 3848 Α
185 3799 201 3814 t
186 3768 200 3789 nn
186 3737 214 3753 ξ

215 3759 233 3881 »νυν

247 3767 269 3813 ΟΒ

280 3789 301 3813 :q

900 3731 915 3761 (
929 3739 946 3754 n
960 3730 975 3761 )
991 3732 1084 3755 Canon.
1101 3733 1120 3755 1.

1008 3792 1011 3794 -
1114 3761 1126 3791 (
1141 3761 1155 3775 *
1171 3762 1178 3792 )
1199 3761 1252 3786 vid.
1271 3762 1294 3785 δι
1309 3761 1382 3790 Epist.
1399 3767 1439 3788 60.
1456 3771 1480 3788 n.
1497 3768 1521 3789 6.

891 3793 906 3822 (
922 3800 937 3815 x
952 3791 966 3820 )
984 3792 1038 3815 Vid.
1055 3791 1152 3817 Advers.
1171 3794 1245 3816 Anat.
1262 3800 1285 3816 2.
1302 3793 1386 3817 Anim.
1406 3802 1444 3824 32.
1462 3794 1488 3819 in
1505 3795 1546 3819 fin.

1482 3732 1493 3763 (
1509 3742 1522 3758 ο
1538 3738 1548 3761 >
1564 3734 1637 3762 Epist.
1648 3743 1677 3764 3·
1695 3742 1720 3760 n.
1739 3737 1775 3761 18.
1838 3735 1881 3767 (p
1898 3737 1906 3768 )
1924 3736 2009 3770 supra,
2026 3748 2050 3766 n.
2067 3749 2090 3766 ι.

1584 3765 1598 3793 ζ
1614 3771 1625 3788 2
1642 3765 1655 3793 )
1670 3774 1694 3790 n.
1710 3769 1747 3790 26.

1610 3796 1653 3826 (y
1668 3796 1682 3824 )
1698 3798 1735 3822 De
1750 3798 1825 3822 Anat.
1842 3798 1943 3823 namin.
1959 3802 1978 3824 1.
1995 3802 2017 3825 e.
2033 3808 2055 3826 c.
2076 3808 2100 3825 ι.

1547 3824 1705 3857 (θὶῑιις.
1767 3828 2008 3859 (Α)ΟΜ“.Αηειῐ,

1138 3738 1159 3760 3.
1177 3733 1204 3756 F.
1225 3739 1242 3756 1.
1261 3737 1291 3755 tr.
1309 3740 1329 3760 ς.
1345 3737 1365 3754 c.
1386 3739 1420 3756 ιι.

1134 3823 1148 3851 ζ
1163 3822 1177 3848 b
1192 3823 1206 3851 )
1224 3825 1341 3849 Anatom.
1357 3824 1373 3849 Ι.
1389 3831 1411 3849 2.
1427 3832 1448 3850 c.
1463 3827 1486 3850 ὃ.
