2498 4075
450 138 565 200 v158

395 215 460 255 ‘que
483 214 689 250 Lochnerum
712 216 734 258 (
746 225 770 259 ζ
789 217 804 255 )
823 220 834 258 ;
869 217 1023 263 hujusque
1054 223 1211 256 Amicum
1245 221 1388 257 Godofr.

397 257 613 292 Thomasium
644 262 658 297 (
680 270 698 291 a
721 261 734 296 )
758 284 766 293 .
797 261 846 294 At
867 265 953 296 enim
976 287 986 304 ,
1017 263 1125 306 inquis
1148 286 1159 302 ,
1193 265 1316 308 aliquos
1350 265 1387 299 hi

392 303 559 342 excipiunt
591 301 630 334 de
664 311 715 335 tot
736 325 750 342 ,
789 305 846 344 qui
876 317 933 349 per
972 306 1136 341 urethram
1167 308 1322 342 dicuntur
1354 320 1388 342 e-

393 342 473 377 miffi
498 366 508 382 ,
545 345 706 394 vermibus
730 370 739 379 .
785 347 856 381 Nec
886 360 946 390 ego
976 361 1086 384 omnes
1118 350 1282 393 praefraere
1315 362 1386 393 per-

390 396 475 429 nego
497 411 506 422 .
549 387 702 430 Aliquem
734 387 904 424 dumtaxat
939 394 1072 435 expeflo
1105 396 1163 436 qui
1199 394 1261 428 suis
1293 393 1387 427 lucu-

387 428 581 464 lentioribus
613 431 765 474 exemplis
787 435 956 470 nonnullas
985 437 1019 469 in
1041 436 1159 478 quibus
1192 439 1297 471 minus
1319 436 1386 470 hae-

386 482 444 521 reo
469 493 478 508 ‚
507 472 757 508 Observationes
787 476 959 511 confirmet
982 504 991 511 .
1025 480 1111 522 Quae
1143 479 1166 513 fi
1201 481 1263 514 tibi
1297 480 1384 513 forte

385 515 537 564 videntur
561 526 647 550 extra
671 528 800 551 omnem
823 520 1063 555 dubitationem
1089 524 1201 565 pofitae
1225 535 1235 561 3
1259 535 1312 566 per
1335 533 1387 556 me

384 569 523 600 accipias
546 582 556 598 ,
588 560 664 594 licet
688 584 697 600 ‚
720 560 898 597 dummodo
930 563 1058 599 fatearis
1079 586 1090 603 ,
1123 567 1249 600 crebras
1273 566 1351 600 adeo
1374 587 1386 604 ,

383 602 413 633 ἃ
439 603 673 644 propemodum
696 603 879 640 innumeras
901 608 972 641 illas
994 620 1064 652 quae
1088 608 1214 642 traditae
1237 608 1383 646 fuerant,

382 655 466 678 nunc
492 644 531 695 ad
554 657 640 680 raras
661 669 673 686 ,
705 648 885 691 paucasque
908 651 1010 685 redire
1034 676 1041 682 .
1078 651 1181 694 quue
1212 664 1252 686 eo
1284 653 1385 694 magis

380 688 546 729 apparebit
569 714 579 729 ,
611 689 634 723 fi
657 701 729 732 quae
752 701 807 734 per
829 702 997 728 anatomen
1021 696 1210 729 examinatae
1233 696 1305 730 sunt
1327 695 1384 729 ha-

377 732 489 765 stenus
512 754 524 771 ‚
559 731 699 775 spefflire
733 736 930 770 voluerimus
955 762 963 769 .
996 737 1091 781 Quid
1115 740 1215 782 magis
1247 739 1382 773 lumbri-

380 786 456 825 cum
488 773 646 809 referebat
669 798 681 815 ,
723 789 820 820 quarn
854 792 870 813 a
903 781 958 814 Cl.
988 781 1144 816 Kellnero
1189 781 1281 822 (h)
1323 782 1381 815 de-

379 817 515 867 scriptus
537 840 548 856 ,
579 830 618 852 ex
651 819 781 866 urethra
815 823 885 864 post
917 824 1127 859 atrociffimos
1162 826 1379 859 urinariarum

376 870 517 910 partium
548 862 675 895 dolores
708 864 864 906 ejestus?
906 866 1062 901 Instituto
1105 877 1213 902 autem
1254 879 1380 904 accura-

377 905 457 937 tiori
503 906 679 945 examine,
724 907 770 940 nil
811 908 898 942 aliud
940 908 998 944 esse
1034 936 1044 951 ,
1086 922 1184 955 quam
1226 922 1376 946 cruorem

374 947 584 989 coagulatum
608 971 618 987 ,
654 951 685 982 &
717 952 806 984 tenui
839 950 927 995 quafi
959 956 1070 988 tunica
1101 955 1246 989 cinssum
1270 980 1280 995 ‚
1310 955 1376 998 ipse

374 990 587 1031 deprehendit
611 991 645 1025 id
677 993 765 1035 quod
789 1005 847 1036 pro
871 996 1032 1032 lumbrico
1054 997 1202 1032 habitum
1238 997 1342 1032 fuerat
1367 1023 1376 1031 .

373 1033 435 1068 Sed
458 1036 488 1068 &
511 1035 535 1067 ii
557 1046 698 1077 quorum
721 1036 801 1071 bene
825 1039 945 1073 multos
969 1052 1025 1083 per
1047 1041 1178 1075 eandem
1203 1043 1289 1075 viam
1312 1042 1380 1075 red.

374 1077 472 1127 debat
504 1077 571 1111 Vir
603 1079 810 1123 ampliffimus
832 1104 842 1120 ‚
886 1092 1000 1118 teretes
1031 1085 1262 1119 intestinorum
1294 1087 1378 1119 lum-⁴

350 1121 481 1154 ‘bricos
503 1143 517 1160 ,
551 1121 630 1155 ficut
670 1125 780 1158 exaesa
813 1126 983 1160 Thomafii
1015 1127 1100 1171 (c)
1134 1128 1308 1172 descriptio
1340 1141 1378 1162 0-

370 1164 523 1214 >stendit)
552 1165 641 1214 plene
669 1166 819 1210 planeque
854 1168 1029 1212 referebant
1053 1194 1063 1210 ,
1099 1181 1134 1204 ut
1157 1182 1261 1204 rumor
1294 1171 1377 1213 inso-

371 1207 504 1257 {zm-rec
529 1208 611 1241 datio
634 1211 730 1246 citius
747 1221 804 1253 per
826 1211 931 1245 urbem
953 1211 1196 1257 diffunderetur.
1222 1215 1376 1251 Quorum

368 1261 404 1283 in
429 1260 560 1299 mortuo
584 1252 677 1285 nidus
700 1264 775 1286 cum
799 1252 918 1288 frustra
941 1256 974 1288 in
1009 1257 1136 1293 caeteris
1160 1258 1262 1291 urinae
1284 1257 1377 1292 causa

367 1305 486 1328 creatis
509 1295 657 1341 partibus
677 1294 754 1329 esset
777 1298 990 1340 perquifitus;
1013 1298 1145 1333 demum
1167 1312 1207 1334 ex
1229 1304 1314 1336 renis
1338 1302 1377 1335 si-

370 1338 484 1375 nistri,
509 1338 641 1381 ejusque
665 1341 799 1374 ureteris
831 1341 1064 1377 constitutione
1086 1344 1290 1378 intellecwm
1308 1345 1374 1385 est,

365 1380 460 1431 haud·
487 1381 586 1430 aliud·
609 1379 700 1431 fuisse
723 1408 732 1422 ‚
760 1382 858 1425 quam
884 1382 1046 1419 faeculenti
1066 1410 1077 1425 ‚
1101 1386 1279 1430 viscidique
1303 1389 1372 1422 san-

366 1426 497 1467 guinis,
520 1425 642 1474 ἑτι-11119
667 1427 825 1461 meatibus
848 1439 917 1461 eam
941 1431 974 1463 in
988 1429 1129 1465 formam
1151 1432 1276 1470 coacti,
1301 1433 1371 1466 ina-

364 1470 717 1516 nimesssoncretrones
732 1493 740 1502 .
874 1472 964 1506 Cum
987 1474 1055 1507 veri
1079 1482 1186 1509 autem
1216 1475 1369 1510 lumbrici

363 1524 404 1545 ex
426 1512 527 1546 vesica
551 1513 765 1554 prodierunt3
790 1523 938 1549 anatome
962 1516 1152 1559 Alghisium
1174 1518 1308 1559 docuit,
1331 1529 1369 1553 ut

362 1556 456 1597 supra
479 1559 492 1594 (
516 1555 536 1587 d
556 1559 571 1594 )
593 1554 735 1590 diximus
746 1579 761 1596 „
777 1557 955 1601 docuitque
978 1561 1159 1596 indicatum
1182 1562 1371 1597 aVallisne-

363 1601 415 1632 rio
440 1599 599 1640 alterum,
623 1611 737 1641 nempe
760 1601 813 1634 Cl.
829 1601 1050 1638 Reinholdum
1062 1606 1262 1649 Wagnerum
1285 1607 1365 1650 (e),

362 1654 419 1686 per
450 1654 531 1686 quas
553 1643 620 1676 vias
651 1643 729 1677 illuc
755 1655 795 1677 ex
817 1645 974 1680 intestinis
1006 1649 1238 1690 pervenissent.

361 1686 420 1720 Sed
443 1686 508 1729 jam
533 1698 549 1720 a
571 1685 670 1720 dubia
692 1710 705 1726 ,
734 1697 788 1721 aut
811 1697 896 1722 certe
928 1701 1056 1732 perrara
1079 1692 1218 1734 dysuriae
1241 1693 1334 1729 causa
1356 1716 1368 1734 ,

362 1731 523 1764 nimirum
558 1729 720 1764 vermibus
743 1732 860 1772 genitis
891 1732 926 1765 in
951 1735 1104 1769 urinariis
1134 1738 1263 1779 organis
1288 1762 1299 1778 ,
1331 1739 1370 1772 ad

362 1773 587 1813 manifestam,
610 1773 901 1817 creberrimamque
925 1777 1119 1812 transeamus
1141 1802 1151 1818 ,
1186 1779 1306 1814 scilicet
1331 1781 1370 1816 ad

359 1818 502 1861 lapidem
527 1816 663 1851 veficae:
698 1829 884 1861 quanquam
907 1819 948 1854 de
979 1820 1103 1855 duabus
1136 1834 1214 1866 quas
1240 1849 1250 1864 ‚
1283 1823 1370 1859 haud

361 1863 500 1904 amplius
523 1885 534 1900 ,
566 1862 600 1894 in
624 1861 789 1895 Valsalvae
811 1861 936 1897 schedis
954 1864 1135 1899 invenimus
1157 1888 1167 1904 ‚
1190 1879 1229 1901 eo
1252 1869 1369 1901 morbo

356 1904 806 1941 affe&0rumdissefflonibus
825 1917 900 1940 eum
913 1907 1046 1942 alteram
1063 1934 1073 1950 ,
1096 1910 1217 1953 quippe
1240 1912 1278 1944 ad
1291 1922 1370 1953 apo-

357 1950 501 1994 plexiam
535 1949 639 1991 magis
670 1948 867 1990 spe&antem
888 1973 902 1990 ‚
934 1952 1011 1984 alias
1034 1950 1119 1996 (f)
1150 1952 1369 1996 perscripseri-

358 2004 463 2034 mus,;
493 2004 555 2027 una
587 2001 716 2027 tanturn
750 1992 885 2034 superest
908 2016 917 2031 ,
950 1994 1044 2029 simul
1080 1995 1118 2030 ad
1160 1998 1270 2032 veficae
1302 1998 1370 2031 cal-

357 2039 451 2072 culos
484 2038 620 2071 attinens
643 2059 658 2077 ‚
693 2034 787 2071 fimul
819 2037 859 2073 ad
889 2036 1055 2076 infelicem
1087 2051 1200 2077 eorum
1231 2040 1369 2076 excisio-

359 2091 454 2116 nem.

403 2126 433 2160 8.
456 2125 481 2159 P
511 2123 545 2159 U
568 2125 598 2158 E
620 2124 653 2158 R
686 2125 842 2160 novennis
866 2136 904 2161 ex
937 2126 1062 2161 calculo
1086 2127 1195 2162 vesicae
1229 2129 1297 2172 jam
1320 2129 1368 2163 se-

358 2170 517 2205 xennium
558 2169 727 2202 laborabat
752 2195 760 2202 .
795 2172 852 2204 Per
882 2171 1051 2204 intervalla
1086 2173 1228 2206 multum
1271 2181 1367 2207 vexa-

357 2215 454 2249 batur
476 2236 487 2245 .-
533 2211 675 2246 Urinam
707 2214 823 2247 crebro
865 2225 980 2256 praeter
1021 2216 1224 2250 voluntatem
1257 2216 1369 2251 redde-

358 2260 413 2293 bat
439 2279 448 2294 ‚
490 2267 565 2291 curn
600 2256 772 2291 filamentis
813 2257 1005 2300 quibusdam
1029 2282 1038 2297 ,
1086 2262 1227 2294 naturali
1261 2270 1368 2294 tamen

357 2302 466 2337 colore
492 2325 502 2340 ,
535 2298 591 2332 nisi
616 2299 746 2342 quando
781 2312 797 2333 a
831 2302 937 2335 nimio
979 2301 1144 2337 interdum
1187 2314 1281 2338 motu
1313 2303 1368 2337 fie-

359 2348 415 2381 bat
438 2344 684 2387 sanguinolenta
708 2367 716 2376 .
751 2342 905 2378 Calculus
929 2346 1036 2388 digito
1059 2369 1069 2384 ‚
1106 2357 1161 2389 per
1185 2359 1280 2381 anum
1304 2349 1368 2381 im-

359 2387 456 2424 misso
478 2412 488 2428 ,
520 2386 619 2420 modo
647 2387 771 2429 percipi
802 2397 928 2430 poterat
952 2415 961 2430 ‚
996 2390 1095 2422 modo
1129 2402 1194 2424 non
1219 2400 1365 2435 poterat.

330 2434 470 2474 .Qem
502 2429 715 2463 Lithotomus
758 2440 832 2463 cum
875 2432 1106 2466 extrahendum
1152 2433 1332 2476 suscepisset
1354 2457 1364 2472 ‚

360 2476 536 2520 postquam
578 2473 635 2506 diu
682 2484 817 2516 puerum
863 2476 994 2507 vexavit
1026 2500 1036 2515 ,
1078 2486 1192 2516 magna
1229 2478 1260 2509 vi
1295 2488 1367 2518 par-

359 2530 437 2553 vum
472 2515 611 2561 lapidem
644 2516 757 2551 eduxit
782 2541 791 2550 .
827 2516 917 2551 Cum
951 2529 1027 2551 vero
1063 2519 1157 2553 inesse
1192 2520 1329 2554 alterum
1354 2541 1365 2557 ‚

358 2559 529 2598 senfiffet3
564 2561 669 2594 rursus
712 2571 845 2602 puerum
878 2560 956 2594 adeo
989 2561 1082 2595 torsit
1106 2585 1115 2600 ,
1149 2573 1187 2598 ut
1230 2564 1264 2596 in
1300 2564 1367 2596 illis

359 2605 558 2642 cruciatibus
581 2601 730 2637 suffocari
754 2602 785 2636 se
806 2626 815 2641 ‚
850 2603 970 2638 diceret
996 2618 1003 2638 :
1037 2609 1167 2639 tandem
1193 2606 1286 2640 fraffi
1321 2607 1367 2641 la-

359 2651 446 2694 pidis
470 2649 654 2691 portionem
685 2650 828 2680 extraxit
851 2673 858 2679 .
893 2649 960 2681 Vix
993 2646 1082 2682 horae
1105 2650 1278 2683 dimidium
1302 2651 1366 2683 ela-

359 2693 451 2738 psum
474 2700 543 2725 erat
568 2713 577 2729 ,
612 2701 687 2723 cum
710 2701 840 2724 vomere
873 2702 951 2733 puer
982 2693 1084 2735 coepit
1106 2715 1119 2733 ,
1151 2693 1266 2727 assidue
1288 2705 1368 2736 que-

360 2748 432 2771 rens
463 2736 502 2770 de
544 2735 671 2777 ingenti
702 2732 814 2767 dolore
860 2735 894 2767 in
925 2736 1045 2768 ventris
1082 2745 1172 2778 parte
1218 2735 1330 2770 infima
1355 2762 1363 2770 .

361 2781 427 2814 His
460 2777 583 2814 acceffit
608 2778 790 2811 abdominis
822 2775 900 2810 levis
924 2787 1035 2812 tumor
1059 2801 1068 2816 ‚
1100 2777 1262 2822 febrisque
1291 2791 1365 2813 cum

362 2835 479 2866 magna
501 2821 553 2856 fiti
579 2844 589 2859 ,
624 2822 730 2862 aliqua
763 2819 904 2862 spirandi
938 2821 1130 2857 difficultate
1152 2846 1166 2863 ,
1199 2825 1230 2856 &
1265 2824 1367 2857 totius

358 2867 505 2909 corporis
539 2863 713 2907 jactatione
738 2889 746 2897 .
781 2866 896 2907 Itaque
928 2866 1014 2899 obiit
1048 2877 1110 2900 una
1150 2869 1182 2900 &
1215 2865 1367 2908 vigesima

359 2909 433 2952 post
466 2909 595 2943 edudms
637 2906 778 2941 calculos
810 2909 920 2942 exaesa
962 2908 1041 2942 hora
1065 2935 1074 2943 .
1205 2909 1238 2943 V
1262 2910 1291 2942 E
1315 2910 1369 2943 N-

358 2953 395 2988 T
420 2954 451 2985 R
477 2953 506 2985 E
551 2960 663 2992 aperto
694 2974 704 2991 ,
748 2950 849 2985 vesica
894 2963 968 2986 cum
1013 2952 1230 2996 circumjeffis
1273 2964 1367 2986 mem.

357 2996 468 3030 branis
512 2994 712 3027 inflammata
756 2993 945 3037 deprehensa
991 2996 1033 3029 est
1057 3019 1067 3034 ‚
1109 2998 1141 3030 δι
1184 2998 1268 3032 circa
1298 3008 1367 3030 cer-

359 3040 466 3073 vicem
515 3038 554 3071 ab
608 3037 769 3070 anteriore
814 3048 902 3079 parte
945 3039 1116 3074 dilacerata
1149 3065 1159 3074 .
1214 3041 1253 3073 In
1298 3040 1365 3083 ejus

358 3093 442 3118 cavo
485 3079 661 3115 dimidium
705 3079 834 3114 secundi
879 3082 994 3124 lapidis
1041 3084 1190 3117 relietum
1236 3092 1319 3118 erat.

399 3139 431 3168 9.
464 3124 653 3159 Lithotomi
687 3133 744 3156 aut
780 3125 942 3167 imperitia
965 3148 977 3166 ‚
1016 3137 1068 3161 aut
1101 3128 1264 3161 temeritas
1307 3138 1363 3161 ex-

356 3169 461 3204 cusari
494 3168 548 3202 hic
579 3165 727 3210 profesto
758 3178 823 3200 non
847 3170 980 3210 potest.
1016 3170 1133 3213 Neque
1164 3170 1227 3205 hoc
1248 3182 1288 3204 eo
1310 3170 1361 3204 di·

354 3225 396 3248 co
418 3236 428 3253 ,
457 3212 545 3253 quod
577 3211 685 3254 digito
718 3211 752 3243 in
786 3221 882 3244 anum
914 3211 1046 3250 demisso
1072 3236 1081 3251 ,
1114 3215 1253 3248 calculos
1287 3225 1360 3247 mo-

354 3257 400 3292 do
424 3257 581 3298 percipere
606 3253 706 3295 posset
729 3278 739 3294 ‚
771 3253 871 3287 modo
894 3266 958 3289 non
991 3256 1092 3298 posset
1117 3271 1126 3288 r
1160 3269 1224 3301 qua
1260 3257 1299 3292 de
1322 3269 1357 3291 re

352 3310 435 3333 mox
464 3298 552 3341 (g)
587 3297 767 3331 videbimus
792 3320 801 3330 .
844 3298 904 3331 Sed
935 3311 972 3332 eo
1004 3299 1078 3333 dico
1100 3323 1112 3340 ‚
1156 3300 1245 3344 quod
1289 3312 1355 3334 non

356 3343 432 3377 satis
465 3343 551 3375 viam
582 3339 778 3374 extrahendo
809 3341 933 3376 calculo
975 3342 1164 3385 patefecerit
1191 3370 1201 3386 ‚
1234 3344 1352 3378 necesse

355 3386 432 3426 est‘,
464 3386 620 3426 quoniam
653 3395 765 3427 magna
797 3385 830 3417 vi
864 3395 999 3428 parvum
1031 3387 1171 3430 lapidem
1204 3387 1315 3421 eduxit
1341 3401 1349 3421 :

350 3429 563 3473 quamobrem
596 3435 670 3461 cum
703 3428 846 3470 pernicie
877 3429 912 3461 id
955 3429 1074 3464 accidit
1115 3430 1202 3474 quod
1238 3431 1350 3465 Celsus

351 3475 373 3516 (
389 3471 444 3512 h«)
466 3472 594 3507 monuit
617 3490 628 3509 ,
661 3480 698 3504 ut
721 3470 860 3504 calculus
890 3472 953 3505 iter
973 3495 986 3513 ‚
1009 3484 1079 3508 cum
1101 3475 1138 3509 νὶ
1156 3474 1314 3518 promitur
1337 3500 1349 3515 ‚

996 145 998 148 ’
1026 141 1182 197 Liber
1215 147 1296 197 ΙΙΙ.
1330 144 1415 198 De
1448 144 1656 199 Morbis
1689 148 1906 201 Ventris

1430 220 1558 266 faciat,
1580 223 1637 267 nzfi
1659 225 1815 266 accipiat,
1839 224 1943 268 sicque
1957 223 2014 259 etsi
2037 225 2071 259 in
2095 225 2199 268 pueris
2217 225 2342 263 facilius
2365 229 2442 271 par:

1437 278 1483 300 tes
1507 266 1693 300 dilatationi
1725 267 1842 300 cedunt
1863 290 1874 307 ‚
1907 279 1979 311 quae
2002 280 2064 303 una
2096 280 2134 301 ex
2154 269 2254 303 causis
2277 270 2319 305 est
2341 295 2352 312 ‚
2383 281 2444 305 cur

1437 309 1566 344 felicior
1606 310 1795 353 plerumque
1827 312 1860 343 in
1904 310 1978 353 ipsis
2009 311 2048 344 sit
2093 311 2316 350 lithotomia3
2362 314 2442 349 huic

1435 363 1544 387 tamen
1567 354 1667 387 vesica
1691 354 1735 387 est
1757 355 1841 387 circa
1866 355 2024 388 cervicem
2046 355 2218 389 dilacerata
2243 380 2251 388 .
2284 357 2361 390 Huc
2384 358 2442 391 ad-

1435 397 1473 430 de
1505 397 1709 430 vexationem
1743 406 1810 429 tarn
1842 397 2030 432 diuturnam
2054 423 2064 438 ,
2096 401 2126 431 &
2150 407 2297 437 tantam,
2319 401 2351 432 δε
2372 401 2443 434 cal-

1436 440 1502 474 culi
1526 442 1653 473 alterius
1675 463 1688 480 ‚
1718 451 1813 482 quem
1837 452 1990 483 magnum
2013 439 2105 475 fuisse
2127 462 2138 478 ,
2169 453 2234 475 non
2266 443 2402 483 legimus
2425 463 2439 480 ,

1435 481 1675 516 diffractionem
1699 505 1709 520 ‚
1743 484 1875 516 minime
1898 506 1908 521 ,
1941 483 1963 517 fi
1987 485 2038 517 via
2064 483 2139 517 satis
2162 483 2317 527 patefaeta
2339 485 2438 524 estet,

1436 524 1565 559 fortasse
1595 526 1795 560 necessariam
1818 548 1829 565 ,
1867 525 1931 560 fine
1963 527 2141 561 neceffitate
2176 535 2284 561 autem
2316 527 2440 571 semper

1436 569 1622 611 fugiendam
1647 592 1656 607 ‚
1688 581 1733 615 ne⁴
1759 579 1814 604 aut
1847 570 1975 612 forceps
2007 572 2222 613 interceptam
2244 594 2257 612 ,
2291 580 2346 604 aut
2368 572 2439 606 dis—

1436 612 1573 646 silientia
1596 614 1839 655 circumjectam
1862 614 2050 647 interiorem
2077 614 2183 647 vesicae
2215 615 2359 648 tunicam
2383 615 2439 648 lae-

1435 656 1513 689 dant
1535 679 1548 696 ,
1578 665 1633 690 aut
1664 656 1743 689 dum
1778 657 1876 698 longa
1908 656 2136 700 perquisitione
2163 657 2380 700 indagantur,
2404 661 2438 691 &

1435 698 1689 741 protrahuntur,
1714 699 1852 733 laedendi
1874 699 2071 734 occasionem
2104 699 2236 734 afferant
2261 726 2269 740 ,
2304 708 2359 734 aut
2380 700 2440 734 de-

1435 743 1531 785 nique
1565 742 1690 785 nequod
1734 742 1878 785 ipsorum
1908 742 1995 776 forte
2035 746 2123 778 intus
2161 744 2311 778 relifflum
2335 766 2347 783 ,
2379 755 2438 777 no-

1434 797 1477 818 vo
1498 786 1623 819 calculo
1646 786 1778 819 initium
1812 785 1950 829 praebeat
1974 811 1983 819 .
2013 786 2114 827 Quod
2137 786 2159 820 fi
2191 787 2370 821 istiusmodi
2393 787 2438 819 li-

1430 828 1585 863 thotomo
1610 851 1620 866 ‚
1651 829 1780 871 ejusque
1813 829 1972 863 similibus
2004 829 2216 864 interdixisset
2248 831 2437 873 Hippocra-

1430 882 1498 912 tes,
1524 885 1562 907 ne
1585 871 1704 905 calculo
1738 872 1913 906 laborantes
1938 871 2079 914 fiecarent
2102 885 2112 912 3
2150 885 2214 907 non
2240 872 2314 908 esset
2353 874 2434 908 adeo

1428 925 1558 949 vexatus
1582 914 1635 948 hic
1659 914 1725 958 ejus
1747 916 1837 949 locus
1859 927 1897 949 ex
1918 916 2029 949 libello
2053 919 2109 959 qui
2132 916 2360 959 Jusjurandum
2382 920 2435 951 in-

1429 958 1602 993 scribitur.
1627 958 1687 992 Ille
1711 970 1789 992 vero
1813 958 1846 993 id
1870 958 1930 992 suis
1955 959 2127 1002 prohibuit
2145 961 2341 1002 Discipulis‚
2365 962 2435 994 im-

1429 1005 1552 1045 peravit
1580 1014 1617 1035 ue
1637 1025 1647 1039 ,
1682 1011 1717 1035 ut
1739 1002 1822 1035 viris
1853 1001 2015 1045 chirurgiae
2037 1004 2187 1044 operariis
2217 1004 2284 1045 ejus
2306 1005 2352 1037 rei
2375 1003 2434 1047 fa-

1429 1046 1538 1079 ciendae
1575 1056 1660 1078 ocum
1682 1045 1794 1078 darent
1816 1056 1826 1083 3
1865 1056 1941 1078 num
1964 1045 2052 1087 quod
2064 1045 2275 1087 Chirurgiatn
2298 1046 2434 1081 dedece-

1428 1100 1463 1122 re
1487 1088 1656 1122 Medicum
1678 1088 1842 1122 censeret?
1865 1087 1953 1131 quafi
1976 1087 2042 1130 ipse
2065 1100 2131 1122 non
2154 1089 2229 1123 esset
2253 1089 2431 1131 plurimum

1428 1134 1462 1165 in
1486 1144 1519 1165 ea
1546 1132 1716 1166 exercenda
1738 1131 1897 1168 versatus}
1922 1143 1960 1165 an
1984 1142 2022 1164 ne
2046 1132 2179 1165 illorum
2203 1135 2259 1175 qui
2272 1136 2363 1167 unice
2387 1135 2435 1167 es-

1427 1174 1498 1208 sent
1521 1177 1554 1208 in
1580 1176 1775 1218 singularum
1798 1176 1940 1216 partium
1965 1175 2085 1209 morbis
2110 1177 2258 1209 curandis
2276 1178 2434 1211 exercita-

1429 1220 1457 1252 ti
1480 1243 1489 1259 ,
1522 1219 1754 1252 obtrectationi
1777 1227 1952 1261 exponeret
1976 1217 2071 1252 suos?
2095 1219 2277 1258 crederem,
2301 1222 2326 1254 si
2349 1232 2431 1263 prae-

1428 1272 1476 1296 ter
1499 1262 1587 1296 hunc
1611 1273 1709 1295 unum
1733 1284 1744 1300 ‚
1776 1263 1809 1294 in
1832 1262 1903 1295 aliis
1926 1273 2056 1305 quoque
2088 1271 2252 1296 certarum
2288 1274 2432 1306 quarun-

1427 1305 1501 1339 dam
1537 1307 1679 1348 partium
1705 1305 1828 1339 morbis
1860 1305 1944 1337 idem
1979 1304 2163 1340 faciendum
2197 1305 2395 1349 praecepisset
2420 1330 2432 1339 .

1425 1350 1497 1383 Cur
1518 1350 1621 1392 igitur
1643 1349 1724 1383 hauc
1747 1359 1843 1382 unam
1868 1349 2069 1382 curationem
2093 1352 2216 1392 excepit
2242 1354 2252 1382 ἓ
2277 1351 2361 1384 Illuc
2384 1351 2435 1384 in-

1424 1394 1523 1426 clinat
1548 1393 1695 1433 animus,
1717 1402 1754 1427 ut
1777 1403 1852 1425 cum
1875 1393 1914 1424 iis
1946 1393 2054 1434 potius
2077 1391 2232 1426 faciamus
2254 1395 2313 1436 qui
2336 1405 2432 1428 exce-

1421 1446 1512 1479 ptam
1535 1436 1692 1476 credunt,
1715 1446 1751 1470 ut
1775 1434 1958 1477 graviffimo
1981 1436 2068 1468 inter
2090 1446 2219 1469 caeteras
2251 1439 2323 1470 illas
2347 1438 2433 1479 peri-

1420 1481 1497 1514 culo
1518 1481 1694 1513 obnoxiam
1718 1491 1756 1513 eo
1779 1489 1924 1520 tempore
1948 1478 2126 1520 praesertim
2160 1492 2227 1523 quo
2270 1480 2431 1520 necdum,

1421 1533 1457 1557 ut
1480 1522 1562 1561 hoc,
1586 1533 1638 1557 tot
1661 1524 1787 1557 monita
1802 1544 1811 1560 ,
1835 1526 1865 1555 δι
1888 1524 2119 1564 praeceptiones
2141 1545 2150 1561 ‚
2184 1526 2215 1556 δε
2237 1524 2431 1557 instrumen-

1422 1576 1475 1605 ta,
1502 1565 1712 1607 accesserant,
1734 1577 1789 1609 per
1812 1576 1883 1608 quae
1895 1565 1934 1599 ad
1958 1564 2186 1607 perfeffionem
2199 1568 2348 1609 proxime
2374 1566 2431 1601 ad-

1421 1611 1608 1645 duceretur.
1634 1610 1695 1645 Sed
1719 1610 1757 1643 ad
1780 1610 1996 1644 lithotomum
2020 1609 2112 1644 illum
2135 1610 2173 1644 de
2193 1621 2259 1653 quo
2282 1620 2431 1654 coeptum

1421 1665 1491 1688 erat
1513 1654 1580 1688 dici
1599 1679 1608 1695 ‚
1636 1654 1819 1688 redeamus.
2422 1679 2425 1681 .

1469 1708 1516 1731 10.
1542 1698 1644 1741 Quod
1668 1699 1693 1730 is
1717 1721 1726 1737 ,
1762 1697 1869 1739 digito
1893 1697 1926 1729 in
1949 1695 2097 1740 podicem
2121 1695 2261 1731 immisso
2283 1720 2295 1736 ‚
2329 1697 2428 1731 modo

1422 1743 1562 1778 calculos
1597 1741 1726 1775 sentiret
1749 1763 1759 1778 ,
1809 1740 1906 1773 modo
1940 1751 2003 1773 nou
2036 1739 2169 1774 sentiret
2204 1762 2214 1779 ,
2258 1741 2430 1783 multiplex

1422 1786 1482 1821 esse
1522 1784 1588 1828 ejus
1621 1786 1664 1818 rei
1709 1782 1801 1818 causa
1843 1783 1948 1825 potest
1973 1796 1981 1815 ε
2026 1794 2082 1816 nec
2125 1786 2230 1817 minus
2274 1786 2385 1826 peritis
2417 1806 2431 1822 ‚

1421 1841 1520 1873 quam
1553 1828 1712 1870 imperitis
1745 1825 2005 1869 exploratoribus
2039 1826 2072 1860 id
2106 1826 2322 1868 saepenumero
2346 1829 2431 1861 acci-

1420 1875 1471 1909 dit
1494 1897 1503 1905 .
1537 1871 1745 1905 Peritislimus
1768 1871 1794 1904 is
1824 1879 1910 1902 certe
1933 1879 2000 1903 erat
2023 1895 2032 1909 ,
2066 1873 2095 1903 δι
2127 1871 2172 1904 est
2209 1871 2272 1904 Vir
2295 1870 2350 1903 Cl.
2371 1871 2431 1915 Jo.

1420 1916 1587 1951 Antonius
1619 1914 1738 1948 Gallus
1773 1913 1921 1946 Medicus
1944 1934 1954 1950 ,
1987 1916 2018 1946 &
2048 1914 2232 1956 Chirurgus
2257 1915 2289 1947 in
2314 1915 2430 1956 primis

1422 1959 1569 1994 laudatus
1593 1980 1602 1995 ,
1645 1959 1702 2000 qui
1735 1958 1825 1990 aunis
1860 1956 2077 1998 superioribus
2111 1957 2256 1990 Bononia
2292 1957 2429 1991 accersi-

1421 2014 1473 2037 tus
1507 2001 1692 2036 faventiam
1726 1996 1830 2034 fuerat
1864 1997 1976 2033 eode'm
2013 2010 2159 2042 tempore
2191 2011 2257 2042 quo
2289 2012 2350 2042 ego
2384 2013 2427 2035 ex

1421 2058 1491 2080 mea
1511 2067 1520 2083 ,
1554 2045 1611 2079 ubi
1642 2042 1727 2078 forre
1757 2054 1836 2077 tunc
1866 2054 1954 2076 eram
1979 2063 1990 2080 ‚
2031 2042 2142 2076 Patria
2177 2044 2215 2077 ad
2251 2055 2315 2077 non
2350 2046 2427 2077 vul-

1421 2100 1529 2133 garem
1563 2089 1684 2121 Virum
1708 2111 1717 2126 ‚
1752 2085 1909 2130 plerisque
1940 2096 2050 2119 eorum
2084 2085 2247 2128 fignorurn
2273 2085 2425 2122 affetffflm

1418 2145 1491 2177 quae
1525 2130 1635 2166 veficae
1667 2130 1805 2175 lapidem
1838 2130 2040 2164 comitantur
2063 2152 2074 2161 .
2118 2130 2238 2172 Digito
2269 2131 2323 2164 ille
2365 2134 2430 2164 im·-

1421 2175 1515 2211 misso
1538 2200 1548 2216 ,
1579 2175 1737 2208 calculum
1770 2184 1868 2217 quem
1900 2182 1992 2207 antea
2024 2184 2204 2216 perceperat
2227 2195 2237 2212 ‚
2270 2186 2309 2207 eo
2345 2184 2431 2208 tern-

1422 2232 1500 2264 pore
1531 2218 1686 2261 nusquam
1729 2220 1838 2261 potuit
1872 2218 2018 2250 invenire
2049 2242 2057 2251 .
2104 2217 2175 2250 Nec
2209 2225 2317 2251 tamen
2350 2229 2429 2260 pro-

1423 2274 1529 2306 pterea
1562 2263 1687 2296 nullum
1721 2260 1779 2295 esse
1802 2283 1812 2298 ‚
1853 2258 2066 2295 conclusimus
2091 2282 2102 2299 ,
2139 2271 2212 2294 cum
2245 2260 2334 2303 signa
2369 2262 2428 2296 illa

1422 2307 1599 2351 perstarent
1623 2330 1632 2339 .
1679 2306 1751 2338 Imo
1784 2317 1822 2339 ne
1854 2304 1960 2347 postea
2008 2304 2140 2347 quidem
2163 2327 2176 2345 ‚
2216 2315 2291 2338 cum
2335 2305 2430 2338 vide-

1426 2360 1536 2383 rentur
1579 2348 1738 2383 evanuisse
1762 2372 1770 2380 .
1815 2349 1868 2381 Ab
1901 2359 1986 2389 aegro
2019 2349 2107 2381 enim
2131 2370 2140 2385 ‚
2187 2347 2289 2382 mense
2331 2349 2430 2381 circi-

1425 2403 1474 2427 ter
1508 2392 1613 2434 elapso
1646 2392 1685 2425 ab
1725 2403 1764 2425 eo
1795 2391 1845 2425 die
1870 2413 1883 2431 ‚
1914 2392 2033 2424 certior
2069 2390 2171 2424 faetus
2203 2391 2272 2424 sum
2298 2417 2307 2432 ‚
2351 2403 2429 2425 cum

1421 2437 1565 2478 podagra
1588 2458 1597 2473 ,
1633 2436 1686 2469 cui
1717 2436 1798 2469 olim
1831 2433 1939 2469 suisset
1971 2434 2133 2468 obnoxius
2158 2458 2168 2475 ,
2199 2435 2274 2468 dein
2309 2446 2384 2468 vero
2409 2447 2427 2468 a

1420 2481 1520 2522 longo
1562 2489 1707 2521 tempore
1741 2478 1878 2521 amplius
1923 2490 1987 2511 non
2018 2487 2083 2511 erat
2115 2501 2127 2517 ,
2170 2487 2247 2511 tunc
2283 2478 2341 2511 sibi
2377 2490 2426 2511 re-

1419 2533 1516 2566 pente
1548 2521 1687 2555 rediisset
1713 2545 1725 2562 ‚
1756 2523 1866 2555 omnia
1899 2521 1992 2555 simul
2023 2520 2132 2554 abiisse
2165 2519 2272 2554 veficae
2295 2524 2425 2555 incom-

1421 2564 1515 2599 moda
1536 2588 1548 2604 ‚
1581 2567 1690 2608 itaque
1723 2576 1788 2598 non
1820 2564 1971 2598 dubitare
1993 2587 2002 2602 ‚
2037 2565 2117 2606 quin
2149 2575 2208 2605 ego
2241 2566 2275 2597 in
2300 2564 2386 2599 suam
2411 2588 2424 2604 ‚

1420 2611 1470 2643 uti
1502 2609 1636 2650 optabat
1658 2631 1671 2649 ,
1702 2607 1887 2641 sententiam
1921 2608 2086 2640 transirem
2108 2628 2120 2646 ,
2166 2617 2229 2640 non
2265 2620 2280 2640 a
2317 2608 2421 2642 calcu.

1419 2652 1452 2686 lo
1474 2674 1484 2690 ‚
1517 2652 1569 2686 sed
1601 2653 1640 2686 ab
1674 2651 1839 2685 arthritica
1863 2674 1873 2691 ,
1903 2650 2035 2684 veficam
2070 2652 2218 2684 irritante
2239 2673 2253 2691 ‚
2287 2652 2425 2686 materia

1420 2694 1514 2730 fuisse
1559 2707 1594 2729 ea
1628 2694 1667 2728 de
1710 2695 1830 2738 quibus
1857 2718 1866 2734 ‚
1905 2705 1979 2728 cum
2013 2691 2146 2727 adessem
2168 2716 2177 2731 ,
2213 2693 2310 2736 usque
2344 2695 2424 2730 adeo

1418 2739 1606 2781 conquestus
1640 2737 1744 2771 fuerat
1769 2762 1775 2770 .
1815 2738 1887 2779 Ego
1918 2749 1993 2771 vero
2032 2737 2215 2771 constanter
2237 2738 2421 2780 respondi,

1418 2782 1691 2825 quemadmodum
1727 2793 1765 2815 ex
1796 2781 1861 2814 illis
1892 2780 1930 2815 de
1965 2781 2084 2823 quibus
2116 2790 2208 2814 antea
2246 2792 2424 2825 conquerffi

1419 2826 1514 2860 batur
1540 2849 1548 2862 ,
1583 2837 1647 2859 non
1692 2826 1977 2867 pronunciaveram
2003 2849 2012 2863 ,
2058 2825 2184 2858 calculo
2214 2824 2319 2867 ipsum
2360 2838 2422 2869 pro

1419 2880 1510 2904 certo
1533 2870 1677 2903 laborare
1700 2891 1712 2908 ,
1745 2871 1821 2911 quia
1844 2867 2038 2902 catheterem
2072 2866 2155 2901 unde
2176 2868 2347 2903 indubium
2380 2881 2421 2904 ex

1421 2913 1530 2947 sonitu
1558 2912 1683 2955 signum
1715 2911 1845 2946 fortasse
1876 2909 2031 2945 extitisset
2055 2936 2065 2951 ‚
2104 2913 2273 2946 admittere
2306 2913 2421 2947 nolue-

1419 2966 1501 2994 rat;
1537 2956 1578 2990 sic
1601 2967 1703 2998 neque
1736 2966 1774 2989 ex
1808 2955 1938 2988 illorum
1972 2954 2194 2989 obscuratione
2217 2980 2227 2996 ,
2261 2968 2333 2998 quae
2367 2957 2419 2990 lo-

1419 3001 1470 3033 tio
1512 2998 1641 3034 fortasse
1674 2999 1720 3032 ob
1763 2999 1925 3033 irritantes
1959 2998 2133 3041 particulas
2165 3021 2177 3039 ,
2219 2999 2295 3032 alibi
2337 3009 2418 3034 tunc

1418 3042 1615 3078 subfistentes
1639 3065 1648 3082 ‚
1683 3042 1789 3075 minus
1821 3043 1886 3075 acri
1918 3041 2004 3074 faeto
2033 3042 2223 3082 deberetur,
2247 3041 2330 3085 posse
2365 3055 2417 3078 me

1415 3098 1475 3129 pro
1509 3097 1597 3121 certo
1630 3097 1744 3128 negare
1771 3107 1780 3123 ‚
1809 3085 1968 3119 calculum
2003 3084 2097 3118 inesse
2121 3108 2131 3124 ,
2176 3097 2215 3119 ne
2248 3085 2270 3119 fi
2305 3086 2417 3121 cathe-

1415 3140 1481 3163 tere
1513 3129 1645 3173 quidem
1689 3128 1823 3162 admisso
1858 3129 1961 3163 nullus
2006 3129 2222 3171 perciperetur
2254 3128 2377 3164 sonitus
2403 3156 2415 3165 .

1412 3173 1529 3216 Neque
1553 3175 1640 3208 enirn
1672 3173 1884 3215 ingnorabam
1906 3195 1918 3212 ,
1951 3172 2076 3214 aliquos
2101 3194 2110 3210 ‚
2151 3184 2200 3206 me
2234 3173 2376 3207 adstante
2398 3196 2414 3214 ,

1409 3216 1607 3251 lithotomos
1630 3240 1642 3257 ,
1680 3218 1748 3250 imo
1778 3215 2010 3250 Cheseldenum
2043 3214 2147 3257 ipsum
2170 3220 2184 3256 (
2205 3216 2218 3249 i
2238 3220 2252 3255 )
2276 3217 2325 3250 vel
2359 3227 2412 3250 ter

1407 3258 1548 3295 immisso
1570 3259 1730 3294 cathetere
1752 3260 1892 3303 lapidem
1918 3284 1926 3299 ‚
1960 3260 2017 3301 qui
2040 3268 2147 3293 tamen
2169 3261 2273 3293 inerat
2296 3285 2305 3300 ,
2339 3268 2413 3303 per·-v

1407 3305 1512 3346 cipere
1547 3315 1611 3337 non
1635 3301 1772 3346 potuisse
1797 3327 1803 3334 .
1836 3304 1879 3336 Et
1911 3313 2020 3336 revera
2044 3301 2126 3335 mihi
2161 3304 2327 3337 Patavium
2358 3314 2409 3337 re-

1404 3347 1506 3389 gresso
1531 3369 1541 3384 ‚
1572 3349 1706 3380 nomine
1739 3347 1818 3388 aegri
1853 3345 2072 3388 significatum
2094 3346 2160 3386 est,
2183 3357 2257 3380 cum
2283 3347 2408 3382 reversa.

1400 3392 1509 3433 priora
1533 3390 1738 3424 incommoda
1763 3389 1841 3424 ferre
1865 3390 2003 3431 amplius
2026 3392 2195 3432 nequiret,
2219 3389 2278 3423 fibi
2301 3390 2406 3425 calcu-

1401 3434 1490 3470 lum,
1513 3433 1673 3467 cathetere
1697 3443 1883 3476 perceptum
1898 3457 1905 3469 ,
1930 3432 2068 3467 feliciter
2080 3432 2289 3471 excidendum
2302 3432 2404 3467 curas*

1401 3477 1430 3511 se
1443 3503 1451 3510 .
1474 3479 1551 3511 Sane
1575 3480 1673 3511 etiam
1686 3477 1987 3520 Experientiffimus
1999 3477 2060 3509 Vir
2074 3475 2255 3511 Morandus
2268 3476 2402 3525 (leshoc

2280 3528 2357 3553 attr-

411 3674 420 3703 ῐ
438 3683 455 3704 z
470 3676 484 3704 )
498 3677 556 3701 obs.
574 3686 612 3707 99.
628 3679 672 3704 eit.
735 3677 747 3707 (
762 3688 778 3704 a
794 3680 805 3710 )
820 3679 878 3705 ΟΜ,
897 3686 948 3705 ιοο,
967 3680 1012 3710 seq.
1076 3682 1091 3710 (
1106 3680 1119 3705 b
1134 3680 1148 3711 )
1165 3681 1217 3716 Αξὶ».
1234 3683 1267 3706 N.
1285 3682 1313 3706 C.
1330 3681 1402 3707 Tom.
1422 3690 1445 3710 ς.
1461 3684 1519 3709 obs.
1541 3692 1581 3714 75.
1646 3685 1660 3714 (
1673 3693 1685 3709 c
1700 3686 1713 3713 )
1729 3686 1786 3710 Obs.
1804 3686 1846 3711 cit.
1864 3694 1917 3711 100.
1978 3688 1993 3716 ζ
2007 3687 2023 3710 d
2038 3687 2051 3716 )
2067 3694 2090 3710 n.
2108 3689 2132 3711 6.

414 3707 428 3733 (
442 3715 452 3741 ξ
468 3707 480 3732 )
497 3708 555 3741 th.
575 3711 606 3731 N.
624 3711 651 3733 C.
669 3712 742 3734 Cent.
761 3719 780 3734 ι.
797 3713 818 3735 δι
834 3719 858 3734 z.
875 3711 934 3746 ΟΜ.
951 3715 1003 3739 170.
1065 3713 1074 3739 s
1089 3711 1130 3743 f)
1148 3713 1220 3742 Epist.
1237 3722 1260 3742 ⁴·
1277 3720 1300 3737 n.
1318 3720 1342 3736 2.
1428 3721 1448 3744 g
1464 3716 1474 3746 )
1488 3723 1513 3740 n.
1531 3723 1571 3741 ιο.
1636 3714 1672 3747 (h
1689 3716 1697 3747 )
1715 3718 1750 3742 De
1766 3717 1857 3743 Medic.
1874 3719 1891 3742 l.
1908 3725 1932 3747 7.
1947 3724 1972 3743 c.
1988 3722 2027 3743 26.
2044 3719 2069 3743 S.
2086 3724 2110 3741 2.

409 3735 424 3765 ζ
438 3744 448 3760 a
461 3735 477 3766 )
492 3737 547 3763 Vid-
560 3739 680 3765 Morand.
698 3742 779 3767 Mem.
795 3742 824 3767 de
840 3740 858 3766 1⁵
872 3741 952 3767 Aearl⁸>
962 3743 995 3768 R.
1010 3742 1052 3768 des
1066 3743 1105 3771 Sc.
1123 3744 1156 3769 A.
1171 3750 1240 3774 1740·
1302 3744 1318 3773 (
1327 3742 1344 3768 k
1361 3742 1372 3773 )
1389 3743 1452 3770 ibid.
