2498 4075
393 138 466 186 40

330 223 872 324 EPISTOLA
924 253 2047 323 ANATOMICO-MEDICA
2093 207 2400 326 xxxm-

830 390 1033 464 Agitur
1067 390 1131 445 de
1166 392 1317 450 Redi
1353 391 1588 447 Intestini
1621 389 1897 460 Prolapsu‚

480 572 509 602 ῑη
534 567 745 613 Sepulchreto
771 566 973 600 Anatomico
997 567 1103 600 Seffio
1125 569 1193 603 est3
1218 567 1270 605 sed
1295 581 1334 602 ne

477 614 548 647 ullae
572 611 704 655 quidem
739 608 876 651 usquam
906 620 1019 643 extant
1040 633 1053 650 ‚
1075 620 1232 653 quantum
1265 611 1332 654 ipse

323 660 359 692 in
386 658 550 701 praesentia
576 654 706 688 memini
731 654 922 689 anatomicae
947 652 1222 691 Observationes.
1246 656 1336 699 Qui-

324 703 418 740 bus,
457 709 610 742 tanquam
646 697 748 732 firmis
780 694 1001 734 fundamentis
1034 708 1110 731 cum
1145 699 1244 736 inniti
1285 699 1337 736 so-

322 746 388 781 leat
425 742 585 789 quidquid
620 741 716 775 solidi
757 740 843 778 circa
879 740 1108 783 plerorumque
1142 743 1338 780 morborum

321 791 465 828 internas
500 786 645 829 origines
679 809 690 825 ‚
733 784 767 818 δέ
808 784 1014 820 ,continentes
1058 784 1166 819 causas
1205 786 1337 824 Medici

321 832 597 868 ratiocinantur3
632 837 801 873 propterea
833 825 920 866 haud
965 829 1085 864 mirum
1117 827 1159 862 est
1185 855 1195 871 ‚
1224 829 1266 864 de
1298 842 1337 863 eo

323 875 442 911 morbo
476 873 612 910 necdum
648 870 801 914 prodiisse
823 894 838 913 ,
870 880 926 905 aut
959 881 1042 909 certe
1076 883 1162 906 meas
1196 873 1236 909 ad
1269 884 1336 907 ma-

319 930 380 958 nus
406 915 581 961 pervenisse
609 915 801 952 Trac‘tatum
825 937 839 955 ,
873 914 1002 958 qualem
1028 915 1067 949 de
1093 917 1261 953 nonnullis
1283 918 1334 950 vel

320 961 502 998 rarioribus
524 983 537 1000 ,
568 957 786 992 levioribusve
818 959 910 992 vitiis
943 958 1098 994 habemus
1121 983 1134 1000 ,
1166 961 1223 1002 qui
1258 959 1334 997 satis

318 1006 477 1044 videlicet
502 1004 675 1047 praelucere
699 1023 710 1039 ‚
741 1004 772 1034 &
805 1003 952 1036 minuere
984 1003 1128 1037 laborem
1156 1004 1248 1046 poffit
1284 1003 1335 1038 his

319 1050 442 1094 quibus
474 1047 567 1090 super
590 1047 651 1080 illo
685 1044 838 1089 prolapsu
872 1047 970 1080 verba
1003 1048 1066 1081 fint
1090 1059 1155 1080 non
1181 1056 1300 1083 temere
1324 1072 1334 1087 ‚

316 1091 571 1134 inconsultoque
603 1089 750 1124 facienda
774 1115 782 1123 .
828 1090 909 1128 Quo
945 1101 1002 1123 nos
1034 1091 1197 1123 Trafiatu
1230 1101 1334 1124 carere

318 1136 487 1179 nunquam
512 1135 616 1177 magis
639 1133 805 1171 intellexi,
831 1145 930 1176 quam
942 1144 1016 1167 cum
1040 1133 1122 1167 illud
1144 1145 1160 1166 a
1184 1145 1234 1166 me
1246 1135 1340 1167 Con-

316 1179 425 1217 'filium
449 1179 625 1222 quaefitum
650 1176 715 1216 est,
740 1176 833 1219 cujus
857 1177 1043 1220 exemplum
1066 1177 1128 1210 tibi
1153 1200 1166 1217 ,
1188 1175 1256 1219 jam
1278 1178 1337 1212 diu

317 1224 464 1269 petenti,
489 1233 565 1255 cum
589 1219 639 1254 his
665 1221 796 1254 Litteris
820 1232 870 1257 me
894 1219 965 1258 sum
991 1220 1159 1263 pollicitus
1183 1221 1242 1258 esse
1258 1221 1336 1254 mis-

317 1269 452 1307 surum.
477 1267 583 1299 Mitto
608 1273 716 1298 autem
741 1265 838 1306 quale
862 1273 934 1297 tum
960 1263 1057 1302 fudi,
1084 1263 1143 1297 nisi
1166 1264 1255 1306 quod
1279 1264 1334 1303 hic

319 1312 387 1346 tibi
411 1311 512 1344 latine
538 1306 688 1346 reddidi.
715 1307 801 1346 Quae
826 1319 904 1341 vero
928 1307 970 1341 fic
987 1333 994 1347 ‚
1020 1317 1057 1341 ut
1081 1308 1251 1347 Consilia,
1277 1318 1332 1342 aut

314 1356 423 1396 statim
447 1354 534 1392 fere,
559 1360 615 1385 aut
639 1352 726 1384 intra
742 1362 919 1394 perpaucos
941 1350 1010 1384 dies
1034 1351 1073 1384 ab
1083 1353 1332 1392 AEgrotantium

317 1400 447 1436 Amicis
471 1396 624 1439 flagitata
649 1417 658 1432 ‚
685 1407 700 1428 a
725 1407 775 1427 me
799 1394 932 1437 quidem
956 1394 1141 1429 funduntur
1166 1418 1176 1433 ,
1208 1396 1332 1428 nullam

314 1445 383 1484 {cio
406 1441 523 1482 habere
547 1440 687 1482 gratiam
711 1436 819 1484 poffe3
845 1438 902 1472 nifi
926 1439 1103 1472 celeritatis
1126 1463 1134 1471 .
1160 1439 1334 1477 Quamob-

314 1487 384 1522 rem
407 1485 529 1520 nemini
553 1491 771 1526 praeterquam
794 1482 834 1515 iis
858 1493 917 1524 pro
931 1482 1051 1525 quibus
1075 1482 1171 1522 sunt,
1196 1483 1332 1521 illorum

315 1532 445 1574 copiam
469 1527 579 1567 facio:
606 1525 645 1559 ab
669 1525 773 1568 iisque
796 1527 937 1559 exierint
962 1525 1080 1559 necesse
1114 1525 1180 1567 est,
1204 1538 1278 1569 quae
1301 1537 1333 1561 te

319 1575 429 1614 legisse
454 1573 595 1615 plurima
621 1568 735 1602 scribis
759 1568 1144 1605 meorumConsiliorum
1168 1572 1341 1612 exempla,-

317 1621 383 1659 nifi
407 1616 493 1651 forte
517 1612 667 1657 quaedam
682 1638 690 1648 ,
715 1612 796 1645 ficut
819 1612 985 1646 interdum
1010 1612 1156 1646 accidisse
1170 1614 1316 1656 perspexi
1331 1637 1341 1652 ‚

322 1662 407 1700 mihi
432 1669 553 1698 temere
578 1668 594 1689 a
632 1655 893 1693 describentibus
916 1654 1080 1697 supposita
1106 1655 1199 1690 sunt.
1225 1659 1342 1695 Quan-

318 1717 418 1752 quam
442 1712 550 1738 autem
575 1711 678 1743 neque
703 1699 766 1732 hoc
790 1697 863 1731 satis
889 1700 1027 1740 probem
1051 1699 1140 1741 quod
1164 1698 1217 1732 hic
1243 1700 1343 1733 habe-

318 1753 390 1789 bis,
414 1749 482 1781 imo
507 1743 595 1778 aliud
620 1743 754 1785 aliquod
777 1742 935 1776 libentius
947 1741 1072 1776 fuissem
1087 1739 1259 1781 miffuruss
1283 1742 1347 1777 hoc

320 1804 451 1832 tamen,
477 1788 499 1824 fi
525 1799 591 1822 non
615 1787 770 1822 inservire
795 1788 945 1829 poterit,
971 1795 1009 1819 ut
1032 1796 1105 1828 quae
1129 1785 1275 1820 Consilia
1299 1799 1348 1820 re-

319 1850 396 1875 vera
419 1835 481 1871 fint
508 1845 524 1867 a
547 1843 598 1865 me
621 1828 822 1865 internoscas
846 1853 856 1868 ,
893 1829 1053 1862 indicabit
1077 1828 1192 1861 saltem
1225 1830 1346 1871 pleras-

318 1894 383 1927 que
407 1891 444 1913 ex
469 1879 509 1910 iis
534 1876 628 1909 rebus
653 1885 732 1917 quas
758 1874 796 1907 de
818 1872 882 1907 hoc
906 1873 1025 1906 morbo
1050 1871 1168 1905 vellem
1194 1872 1234 1904 ab
1250 1875 1344 1906 Ana·

319 1925 455 1964 comicis
478 1920 570 1956 fuisse
594 1919 764 1968 quaesitas.
789 1918 953 1963 Scriptum
978 1925 1048 1950 erat
1072 1916 1178 1963 igitur
1201 1916 1236 1949 in
1258 1914 1343 1953 hanc

323 1968 537 2010 sententiam.

371 2025 399 2048 2.
427 2011 568 2047 Utinam
590 2014 753 2050 ,quantum
776 2004 910 2039 evidens
931 2003 1067 2041 morbus
1089 2002 1131 2037 est
1155 2027 1164 2043 ‚
1195 2006 1227 2038 ἃ
1250 2002 1345 2039 causa

320 2070 395 2104 quae
430 2054 584 2089 morbum
619 2051 708 2084 auxit
732 2047 889 2082 Generofi
915 2070 924 2085 ‚
957 2050 988 2081 δι
1021 2046 1208 2080 Doffiffimi
1233 2047 1310 2079 Viri
1336 2068 1346 2084 ,

324 2110 459 2140 tantum
484 2096 567 2135 mihi
591 2104 677 2129 notae
701 2093 796 2126 eslent
820 2094 954 2125 internae
968 2090 1091 2126 causae,
1116 2090 1262 2132 aquibus
1276 2091 1343 2123 ini-

325 2150 376 2185 tio
399 2144 457 2178 ille
479 2141 524 2176 est
548 2138 652 2174 faetus
676 2159 686 2174 ‚
720 2138 752 2170 δε
778 2148 794 2170 a
818 2135 941 2178 quibus
964 2133 1068 2167 adhuc
1092 2132 1238 2168 servatur
1262 2155 1272 2171 ‚
1309 2135 1343 2166 δε

324 2189 417 2236 quod
440 2186 548 2220 multo
572 2183 644 2225 plus
668 2181 819 2219 interest,
843 2189 917 2221 quae
941 2180 1044 2221 magis
1071 2176 1213 2210 efficaces
1236 2177 1341 2210 ratio-

321 2246 378 2273 nes
401 2231 462 2266 sint
486 2226 630 2272 ejusdem
653 2225 733 2258 bene
756 2222 889 2257 curandi
904 2246 911 2253 .
1047 2221 1187 2254 Morbus
1211 2220 1344 2263 quidem

323 2273 497 2319 Prolapsus
521 2269 673 2306 estReffi
696 2268 861 2303 intestini:
883 2264 990 2299 Causa
1015 2274 1125 2298 autem
1148 2276 1211 2307 qua
1236 2265 1346 2298 anetus

325 2322 388 2360 est,
413 2317 510 2355 nimii
534 2326 569 2349 ac
592 2312 743 2347 diuturni
766 2308 917 2354 egerendi
941 2318 1077 2343 conatus
1101 2335 1108 2341 .
1133 2308 1191 2341 Sed
1214 2319 1283 2350 quo
1306 2308 1347 2341 ab

324 2365 377 2400 his
401 2361 501 2397 modo
526 2359 636 2393 au&us
660 2354 760 2388 fuerit
787 2378 795 2392 ‚
830 2353 937 2391 unde,
961 2355 993 2384 &
1015 2351 1106 2393 quod
1128 2352 1264 2384 initium
1287 2351 1347 2387 ha-

327 2395 435 2445 ssuesit
484 2406 515 2439 βε
538 2400 656 2442 quibus
681 2411 697 2431 a
721 2395 823 2432 cautis
847 2394 951 2428 adhuc
975 2393 1141 2431 servetur,
1166 2392 1230 2427 sive
1257 2419 1266 2433 ,
1303 2404 1341 2427 ut

329 2431 515 2495 loquurstur
540 2434 663 2478 Medicr'i
688 2440 895 2474 contineatur
922 2449 933 2476 ς
967 2436 1036 2470 haec
1059 2447 1139 2469 vero
1171 2438 1282 2469 omnia
1307 2440 1341 2471 in

331 2505 429 2531 tanto
452 2488 631 2536 praesertim
654 2494 841 2525 temporum
864 2504 874 2520 ,
904 2483 936 2516 δι
958 2481 1110 2518 locorum
1134 2480 1309 2514 intervallo
1330 2507 1340 2524 ,

330 2538 412 2575 mihi
437 2533 597 2575 subjicere
620 2530 663 2564 est
687 2527 920 2562 difficillimum
945 2545 955 2562 ‚
991 2522 1073 2557 scire
1099 2533 1205 2557 antem
1231 2535 1347 2566 prope-

327 2582 467 2620 modum
490 2574 685 2620 impoffibile
705 2595 713 2604 .
747 2569 850 2605 Quod
885 2568 983 2614 siquis
1008 2567 1162 2617 effetoui
1199 2566 1346 2610 sympto-

331 2636 417 2663 mata
465 2625 494 2656 &
519 2619 613 2654 crises
636 2616 804 2650 observare
836 2611 989 2655 potuisset
1013 2612 1189 2653 pertinacis
1224 2612 1313 2645 illius
1333 2637 1344 2653 ,

331 2651 539 2707 moleslaeque
563 2660 663 2701 febris
687 2684 695 2699 ,
728 2659 781 2691 cui
816 2655 958 2690 succeffit
992 2655 1126 2692 initium
1151 2656 1258 2688 morbi
1282 2655 1345 2690 hu-

333 2715 400 2749 ·us.
426 2714 456 2745 ἃ
483 2720 558 2743 tunc
574 2733 583 2747 ‚
608 2709 639 2739 δε
664 2714 738 2737 cum
762 2699 867 2744 postea
890 2699 1001 2734 anetus
1024 2698 1066 2731 est
1090 2720 1098 2735 ‚
1122 2700 1153 2731 δε
1174 2696 1237 2731 hoc
1260 2710 1344 2741 quo-

329 2727 565 2802 ³que'tempore
590 2750 762 2790 diligenter
786 2742 968 2787 perspicere
987 2767 996 2782 ,
1018 2741 1116 2791 quale
1138 2740 1178 2774 fit
1192 2740 1347 2790 superius,

331 2805 364 2836 &
387 2799 519 2833 inferius
545 2802 726 2829 extremum
751 2788 825 2822 tubi
849 2787 1042 2829 prodeuntis
1065 2809 1073 2823 ‚
1098 2788 1130 2818 δε
1153 2797 1225 2828 quae
1249 2785 1346 2828 hujus

330 2847 371 2880 fit
396 2839 583 2884 confiflentia
602 2851 611 2874 3
634 2834 781 2869 illiforte
794 2832 900 2864 minus
913 2828 1046 2867 difficile
1068 2826 1143 2865 effet
1157 2840 1343 2866 verasrnor.

327 2890 365 2926 bi
388 2884 496 2920 causas
519 2880 703 2923 conjicere.
732 2921 735 2924 Ι

380 2941 409 2974 3.
436 2928 522 2964 Hae3
545 2925 568 2958 s1
592 2924 644 2956 vel
668 2919 902 2961 conjunfiarum
925 2916 1096 2951 dumtaxat
1108 2926 1207 2960 genus
1221 2917 1343 2959 {perste-

332 2985 409 3013 ων,
436 2970 546 3006 multae
571 2967 630 3002 effe
652 2965 780 3007 possunt
797 2988 805 3003 ,
831 2963 1038 3003 multumque
1060 2962 1145 2995 inter
1170 2959 1200 2993 se
1221 2961 1345 2997 discre-

328 3026 464 3063 pantes.
489 3011 729 3047 Eruditiffimus
751 3007 846 3040 Civis
869 3016 956 3039 meus
978 3005 1205 3047 Hieronymus
1218 3006 1349 3039 Mercu-

332 3062 422 3098 rialis
448 3057 533 3103 (a),
559 3059 589 3090 δι
613 3051 804 3087 Ambrosius
829 3050 952 3082 Paraeus
977 3047 1041 3092 (b)
1066 3060 1164 3082 unam
1188 3051 1349 3091 praecipue

335 3104 476 3140 2ffefunt
491 3126 499 3141 ‚
522 3100 680 3134 nimirum
705 3094 895 3137 sphin&eris
920 3094 971 3126 ani
998 3094 1257 3132 relaxationem,
1278 3104 1351 3135 quae

335 3147 526 3183 intestinum
551 3143 641 3178 exire
665 3140 765 3174 finat.
792 3136 850 3170 Sed
875 3148 978 3178 neque
1005 3136 1128 3171 medica
1153 3137 1352 3179 experientia

335 3196 479 3238 patitur,
504 3196 540 3222 ut
562 3186 657 3220 facile
671 3181 842 3221 assentiar,
864 3182 983 3224 quippe
1008 3192 1041 3213 ea
1065 3180 1217 3218 edoffiffls,
1240 3191 1279 3213 ne
1299 3191 1353 3213 ve-

335 3248 381 3273 :ae
404 3232 538 3278 quidem
564 3228 754 3273 sphinfieris
777 3226 865 3259 illius
890 3224 1024 3267 paralysi
1051 3223 1157 3258 statim
1182 3223 1347 3258 succedere

338 3281 476 3315 solitum
499 3274 558 3311 esse
585 3272 726 3310 intestini
752 3271 877 3303 exitum
894 3293 901 3306 ,
924 3266 974 3301 sed
986 3278 1130 3309 tempore
1152 3268 1348 3302 demumin-

338 3321 520 3365 terpofito:
547 3319 625 3353 &in
639 3315 748 3350 nostro
760 3312 935 3362 praesertjm
950 3322 1036 3353 aegro
1050 3312 1200 3353 intelligo
1212 3335 1225 3351 ,
1248 3323 1347 3353 quam

339 3365 487 3399 robustus
511 3361 616 3395 adhuc
641 3362 668 3393 is
693 3357 854 3391 musculus
876 3361 939 3394 ht,
963 3366 1061 3397 utque
1085 3355 1141 3387 alii
1163 3356 1271 3392 omni.
1300 3364 1349 3388 et-

333 3410 401 3443 iam
423 3407 569 3440 violento
584 3430 592 3444 ,
616 3401 732 3437 resistat
757 3402 882 3434 motui.
903 3398 1044 3441 Joannes
1069 3406 1178 3434 autem
1189 3397 1348 3433 Riolanus

335 3454 414 3495 (ζμ
438 3457 602 3493 parentem
625 3446 722 3484 dic03
746 3444 786 3479 ad
810 3443 1001 3487 sphincleris
1023 3442 1259 3478 relaxationem
1282 3442 1346 3477 Le-

322 526 493 639 DE
526 522 678 565 Prolapsu
712 520 809 556 Redi
843 521 990 559 Intellini
1022 534 1087 557 non
1119 522 1221 561 modo
1245 526 1335 560 nulla

1383 530 1536 557 vatorum
1557 534 1688 567 quoque
1710 523 1765 559 ani
1789 524 2020 561 relaxationem
2051 523 2232 567 adjungit,-
2254 523 2404 565 hancque

1385 577 1457 609 pars
1481 577 1596 608 magna
1620 568 1829 601 Medicorum
1853 568 2019 610 agnoscit.
2045 570 2117 611 Ego
2131 579 2207 602 vero
2220 566 2297 601 fitne
2310 564 2404 604 haec,

1383 613 1417 648 ,δι
1440 609 1481 642 ab
1505 611 1603 644 initio
1625 610 1726 647 fuerit
1751 613 1784 644 in
1808 609 1871 645 hoc
1891 612 1987 654 casu,
2009 623 2113 655 neque
2135 611 2284 645 audafier
2306 619 2407 650 nega-

1385 666 1420 689 re
1445 654 1545 686 velim
1574 677 1582 691 ,
1617 666 1720 698 neque
1744 667 1805 696 pro
1829 665 1920 688 certo
1953 656 2108 691 affirmare
2141 653 2256 696 poffim
2280 678 2288 685 .
2322 652 2401 687 Hoc

1388 705 1518 732 tantum
1543 698 1618 743 ajo,
1642 699 1664 732 sl
1689 698 1774 733 forte
1797 699 1898 732 etiam
1921 697 1960 732 fit
1984 724 1994 740 ,
2025 710 2114 734 certe
2139 699 2279 739 amplius
2303 695 2405 730 solam

1388 751 1455 774 non
1480 740 1539 774 effe
1564 767 1571 774 .
1607 743 1658 775 Ex
1682 744 1848 777 Anatome
1870 743 1959 776 enim
1983 743 2049 777 scio
2072 768 2081 783 ‚
2105 741 2251 775 intestini
2278 747 2404 782 partem

1388 795 1461 826 quae
1486 793 1574 817 extra
1600 785 1748 827 podicem
1773 785 1888 820 restare
1912 786 2004 827 poffit
2028 787 2072 820 ob
2093 785 2176 821 hanc
2188 794 2317 819 tantum
2328 794 2407 816 cau-

1387 827 1451 865 sam
1476 829 1564 871 quod
1577 828 1618 866 ab
1639 830 1678 862 iis
1690 829 1843 862 musculis
1866 840 1930 862 non
1942 831 2123 869 relevetur,
2148 829 2208 864 esse
2231 827 2405 864 infimam,

1384 873 1418 905 ,δε
1440 883 1619 914 paucorum
1643 872 1827 914 digitorum
1850 886 1861 910 5
1895 883 1960 908 non
1985 884 2055 907 eam
2087 885 2162 916 quae
2197 872 2289 915 supra
2321 869 2406 906 hanc

1386 914 1430 948 ‚est
1457 940 1465 953 ‚
1499 918 1529 949 δε
1553 917 1631 949 οᾶο
1654 926 1710 950 aut
1733 915 1844 950 decem
1869 917 2004 949 circiter
2027 917 2152 959 digitos
2176 917 2275 957 longa
2298 937 2307 952 2
2333 915 2407 947 imo

1386 958 1567 999 sexdecim,
1593 969 1648 994 aut
1670 961 1815 1002 viginti,
1839 959 1860 991 {i
1886 958 2074 1003 duplicata,
2097 969 2134 993 ut
2156 959 2199 995 est
2223 958 2253 994 se
2275 967 2405 993 extror-

1385 1000 1455 1039 sum
1479 1003 1674 1038 invertendo
1686 1028 1694 1041 ,
1720 1004 1881 1046 ipeffiletur
1893 1028 1900 1036 .

1429 1056 1461 1088 4.
1488 1048 1579 1080 Alias
1603 1049 1706 1089 igitur
1732 1047 1838 1080 causas
1863 1046 1917 1081 hic
1941 1048 2088 1089 cogitare
2113 1043 2232 1080 necesse
2255 1044 2301 1079 est
2324 1067 2334 1082 ‚
2364 1046 2406 1079 il·-

1385 1089 1514 1132 lamque
1537 1092 1624 1123 inter
1646 1100 1777 1126 ,caeteras
1800 1102 1871 1134 quae
1897 1090 1936 1123 ab
1960 1092 2074 1124 Doeto
2087 1091 2220 1125 Medico
2231 1088 2407 1123 consulen-

1391 1142 1423 1167 te
1448 1135 1647 1175 attingitur,
1672 1134 1705 1167 id
1726 1134 1770 1168 est
1794 1134 1935 1167 intestini
1960 1134 2173 1168 divulsionem
2199 1131 2408 1174 amesoc01o,

1391 1186 1447 1210 aut
1473 1176 1572 1223 aliam
1596 1179 1739 1220 aliquam
1761 1177 1889 1211 causam
1913 1190 1985 1220 quae
2006 1178 2120 1211 eodem
2145 1176 2253 1211 redeat
2269 1200 2277 1215 ‚
2300 1180 2332 1211 δε
2356 1175 2406 1211 fa-

1388 1220 1487 1253 cilior
1510 1221 1570 1261 sit,
1597 1230 1632 1254 ut
1657 1231 1736 1262 puta
1759 1222 1992 1255 relaxationem
2008 1244 2017 1260 ,
2042 1220 2155 1255 sensim
2179 1220 2297 1254 fadarn
2321 1243 2333 1260 ,
2357 1220 2408 1254 ul-

1387 1265 1477 1296 timae
1501 1263 1568 1306 ejus
1594 1265 1746 1298 mesocoli
1771 1265 1899 1307 partis,
1923 1276 1995 1307 quae
2019 1264 2143 1297 vinculi
2168 1263 2242 1297 loco
2266 1264 2310 1300 est
2335 1272 2409 1297 tum

1385 1307 1514 1348 Re&o‚
1537 1317 1609 1341 turn
1632 1310 1786 1350 proximo
1809 1308 1859 1343 illi
1883 1310 1917 1340 in
1941 1319 2040 1350 quem
2064 1307 2128 1342 lroc
2162 1305 2278 1342 definit
2302 1329 2311 1345 ‚
2344 1304 2410 1340 fle-

1385 1351 1516 1391 xuoso,
1540 1353 1571 1387 ὅ(
1595 1353 1713 1384 mobili
1739 1353 1857 1386 tra6lui
1881 1351 2030 1384 intestini
2054 1352 2135 1385 Coli
2151 1349 2171 1384 Γ
2184 1351 2266 1383 Νοη
2293 1362 2344 1383 me
2355 1349 2409 1385 fu-

1385 1397 1437 1437 git
1453 1420 1460 1430 ,
1486 1395 1709 1430 recentissimis
1733 1395 1926 1438 quibusdam
1949 1394 2130 1429 Medicinae
2155 1393 2326 1436 Magistris
2349 1405 2411 1428 ve-

1386 1440 1413 1471 ri
1437 1437 1541 1471 simile
1565 1449 1629 1471 non
1656 1439 1783 1478 videri,
1809 1449 1918 1472 totum
1941 1438 2085 1472 intestini
2108 1449 2226 1480 corpus
2251 1437 2410 1480 prodire,

1385 1481 1604 1525 spectantibus
1627 1481 1722 1525 hujus
1733 1483 1940 1517 vinculorum
1954 1482 2205 1519 firmitudinem,
2217 1482 2411 1524 Metumque

1389 1537 1509 1560 nexum
1534 1537 1608 1560 cum
1635 1529 1718 1559 uteri
1745 1528 1863 1569 vagina
1888 1527 1921 1557 in
1937 1524 2106 1566 foeminis,
2129 1536 2206 1560 cum
2230 1522 2340 1558 veficae
2353 1537 2411 1559 au·-

1389 1579 1456 1603 tem
1479 1570 1587 1608 collo,
1611 1572 1642 1602 δε
1667 1570 1784 1604 vicinis
1808 1570 1955 1612 partibus
1980 1571 2013 1602 in
2038 1571 2119 1603 viris
2142 1593 2151 1608 ‚
2189 1571 2220 1601 δι
2245 1567 2411 1602 Observa-

1394 1615 1520 1646 tionem
1545 1621 1697 1655 praeterea
1722 1625 1820 1656 quam
1846 1624 1886 1646 ex
1908 1614 2076 1655 Cowpero
2102 1613 2156 1656 (d
2179 1615 2190 1650 )
2215 1610 2410 1653 proferunt,

1394 1656 1561 1693 hominis,
1587 1656 1645 1697 qui
1671 1657 1740 1698 post
1762 1657 1955 1690 diuturnum
1980 1659 2031 1689 ani
2057 1655 2243 1698 prolapsum
2260 1680 2268 1696 ‚
2293 1654 2412 1698 hujus.

1399 1711 1461 1741 que
1484 1699 1618 1732 tandem
1641 1710 1679 1735 ex
1701 1699 1803 1733 nimia
1827 1701 2082 1741 intemperantia
2106 1698 2313 1741 sphacelum‚
2335 1711 2413 1734 curn

1401 1741 1680 1785 propendentium
1702 1752 1935 1784 corruptarum
1960 1744 2107 1785 partium
2142 1741 2412 1785 exstirpationem

1401 1783 1616 1823 sustinuisset,
1639 1797 1705 1819 non
1730 1786 1830 1823 modo
1854 1786 2025 1830 pristinam
2049 1786 2252 1827 recuperavit
2286 1786 2415 1820 valetu-

1399 1830 1511 1863 dinem
1528 1853 1535 1867 ‚
1559 1828 1611 1862 sed
1634 1830 1734 1863 etiarn
1759 1830 1799 1863 ab
1824 1831 1877 1863 ani
1903 1828 2054 1872 prolapsu
2080 1829 2240 1863 immunis
2273 1831 2415 1864 omnino

1397 1874 1502 1905 vixit.
1528 1872 1675 1906 Credunt
1701 1874 1813 1914 itaque
1838 1871 1922 1915 ipfi‚
1945 1875 1977 1907 &
2001 1874 2053 1907 Cl.
2076 1871 2260 1917 Junckerus
2295 1877 2305 1913 (
2330 1885 2345 1908 e
2366 1876 2381 1913 )
2402 1897 2418 1916 ι

1394 1926 1461 1951 non
1484 1925 1594 1949 totum
1619 1915 1763 1949 intestini
1788 1927 1904 1959 corpus
1931 1941 1940 1953 ,
1975 1915 2027 1951 sed
2050 1917 2215 1949 internam
2239 1916 2414 1951 dumtaxat

1395 1960 1545 1992 tunicam
1568 1960 1773 1998 relaxatam,
1799 1962 1831 1994 &
1855 1957 1989 1993 crassam
2014 1951 2132 1994 fictam
2158 1960 2187 1993 se
2208 1958 2236 1994 se
2270 1961 2415 1995 inverte-

1398 2012 1452 2041 re,
1478 2011 1575 2044 atque
1600 2003 1710 2036 exire:
1734 2003 1853 2045 quibus
1876 2003 1958 2038 illud
1981 2002 2111 2041 favere,
2135 2013 2201 2037 non
2211 2006 2414 2046 negaverim,

1398 2045 1487 2086 quod
1513 2045 1551 2078 ad
1577 2045 1715 2079 eundem
1741 2046 1828 2082 hunc
1852 2047 1988 2082 modum
2013 2047 2157 2083 accidere
2181 2047 2214 2079 in
2239 2049 2323 2081 uteri
2344 2073 2352 2087 ‚
2378 2048 2416 2084 id

1397 2088 1443 2122 est
1469 2091 1503 2121 in
1528 2090 1653 2130 vaginae
1687 2087 1971 2131 frequentioribus
2010 2090 2211 2133 prolapfibus
2233 2092 2379 2127 creditur
2403 2117 2416 2133 ‚

1394 2142 1478 2174 quos
1503 2133 1600 2165 multi
1624 2144 1700 2166 cum
1725 2134 1804 2166 raris
1831 2135 1944 2178 utique
1968 2135 2067 2177 ipfius
2091 2135 2177 2168 uteri
2213 2135 2416 2178 prolapsibus

1395 2176 1479 2209 male
1501 2175 1729 2210 confundunt.
1754 2178 1883 2211 Verum
1906 2178 1963 2213 etfi
1987 2189 2089 2221 neque
2113 2177 2148 2211 id
2172 2189 2222 2211 me
2246 2182 2416 2222 praeterit,

1398 2229 1456 2254 nec
1479 2229 1638 2262 quantum
1662 2220 1860 2256 membranae
1885 2222 2000 2264 poffint
2026 2222 2174 2260 relaxatae
2189 2243 2198 2258 ‚
2221 2224 2254 2256 &
2277 2221 2417 2258 humore

1398 2263 1537 2296 imbutae
1561 2263 1727 2305 longiores
1751 2264 1847 2305 fieri,
1870 2267 1903 2298 δε
1928 2265 2110 2303 craffiores3
2135 2274 2243 2299 tamen
2268 2277 2343 2300 cum
2366 2278 2419 2302 re-

1398 2306 1472 2348 lego
1496 2307 1586 2350 quod
1610 2307 1639 2339 se
1664 2309 1697 2340 in
1711 2308 1908 2349 quibusdam
1921 2308 2053 2349 vidisse,
2080 2308 2197 2342 scribit
2212 2332 2222 2348 ‚
2246 2310 2417 2346 Fabricius

1397 2350 1514 2399 noster
1530 2349 1570 2385 ab
1584 2352 1843 2393 Aquapendente
1867 2349 1972 2396 (f),
1995 2355 2048 2387 ani
2073 2352 2229 2387 videlicet
2248 2355 2422 2396 prociden-

1397 2400 1478 2429 tzam
1502 2400 1549 2426 zta
1573 2393 1718 2435 longam,
1742 2403 1779 2431 ut
1802 2394 1904 2429 cubiti
1929 2395 2106 2438 mensuram
2129 2406 2265 2438 aequaret
2289 2420 2298 2435 ‚
2321 2406 2416 2440 atque

1394 2436 1442 2471 ita
1465 2434 1607 2479 craffam,
1618 2444 1655 2469 ut
1666 2436 1773 2471 ambos
1785 2439 1909 2472 cubitos
1913 2439 2010 2483 fimul
2016 2438 2141 2481 juneios
2155 2440 2416 2484 metiretu7·(qui

1393 2480 1483 2512 locus
1506 2479 1669 2515 exciderat
1693 2479 1780 2515 forte
1800 2482 1968 2526 Junckero
1993 2488 2044 2525 (g
2064 2485 2099 2522 )‚
2123 2494 2197 2516 cum
2223 2495 2238 2515 a
2263 2484 2416 2519 Muralto

1394 2523 1416 2571 (Ἴ
1433 2522 1455 2556 h
1479 2525 1490 2561 )
1515 2529 1732 2557 memoratum
1749 2549 1759 2565 ‚
1783 2526 1850 2567 pari
1878 2526 2086 2568 longitudine
2110 2526 2297 2569 prolapsum
2313 2527 2413 2571 fidem

1386 2567 1459 2614 sere
1475 2565 1628 2609 superare
1653 2591 1662 2607 ,
1693 2568 1817 2601 censuit
1840 2571 1854 2608 )
1879 2581 1954 2604 cum
1978 2570 2083 2611 igitur
2105 2570 2182 2603 talia
2205 2570 2315 2613 relego
2338 2594 2347 2609 ,
2375 2583 2416 2605 eo

1396 2609 1479 2644 mihi
1503 2612 1537 2643 in
1548 2611 1645 2644 certis
1669 2611 1862 2652 quibusdam
1877 2612 1999 2647 cafibus
2022 2612 2178 2648 inclinare
2201 2613 2331 2649 videtur
2345 2617 2415 2649 ani-

1396 2665 1490 2691 mus,
1513 2663 1550 2688 ut
1573 2654 1701 2688 credam
1734 2667 1809 2689 cum
1834 2656 1921 2689 Viro
1945 2657 1997 2689 Cl.
2024 2656 2206 2699 Polycarpo
2230 2657 2414 2693 Schachero

1397 2702 1411 2738 ί
1434 2698 1446 2731 ι’
1468 2700 1478 2737 )
1503 2720 1513 2735 ,
1548 2709 1651 2740 neque
1673 2700 1778 2742 prima
1802 2700 1880 2738 illa,
1906 2711 2008 2742 neque
2032 2698 2169 2734 secunda
2202 2700 2263 2735 hac
2288 2703 2415 2737 ratione

1397 2753 1467 2777 rem
1492 2742 1638 2777 accidere
1661 2763 1671 2779 ‚
1696 2742 1747 2778 sed
1772 2744 1871 2780 tertia
1896 2745 2007 2785 potius
2030 2754 2104 2786 quae
2128 2744 2169 2776 ab
2193 2744 2265 2785 ipso
2289 2757 2415 2790 propo-

1397 2786 1454 2822 fita
1477 2785 1541 2819 est.
1569 2786 1698 2820 Scilicet
1722 2788 1863 2821 immota
1888 2786 2002 2820 infima
2016 2787 2271 2824 Reffiintellini
2297 2799 2413 2832 parte,

1397 2840 1497 2872 quam
1520 2827 1614 2864 firme
1639 2829 1718 2864 adeo
1741 2841 1816 2865 curn
1839 2831 1956 2863 vicinis
1980 2841 2157 2865 connexam
2182 2832 2415 2872 diximus‚su-

1394 2875 1556 2915 periorem
1579 2872 1638 2909 hac
1663 2883 1788 2917 partem
1811 2875 1968 2916 reliquam
1993 2876 2080 2907 intra
2105 2887 2174 2908 eam
2200 2888 2274 2910 cum
2309 2888 2414 2912 recre-

1393 2918 1515 2954 mentis
1538 2916 1688 2959 prolabi,
1712 2919 1935 2959 inversamque
1948 2927 2038 2951 extra
2062 2929 2159 2952 anum
2183 2922 2332 2963 prodire.
2358 2922 2415 2954 Sa-

1397 2962 1441 2994 tis
1464 2961 1551 2994 enim
1574 2961 1618 2995 est
1642 2960 1827 2995 mesocolon
1852 2961 1900 2996 ibi
1926 2963 2085 3002 relaxari,
2109 2963 2165 2996 ubi
2181 2966 2319 2999 Redum
2332 2975 2414 2999 con-

1399 3006 1505 3044 tinet3
1530 3014 1608 3045 aut,
1630 3004 1833 3050 fiprolapsus
1856 3006 1987 3047 longior
1999 3005 2060 3042 fit,
2083 3006 2132 3039 ibi
2156 3018 2329 3049 praeterea,
2352 3009 2412 3042 ubi

1401 3048 1440 3082 ad
1465 3050 1650 3090 proximum
1674 3050 1769 3091 illum
1796 3050 1935 3090 pertinet
1961 3049 2118 3083 mobilem
2141 3075 2150 3089 ,
2175 3053 2206 3084 &
2231 3051 2412 3087 flexuosum

1402 3094 1481 3126 Coli
1505 3093 1673 3132 traRum,
1695 3094 1755 3135 qui
1780 3092 1873 3126 ficuti
1901 3093 1973 3125 aliis
1995 3092 2128 3136 longior
2150 3096 2313 3137 contigit,
2338 3097 2410 3130 aliis

1402 3137 1537 3170 brevior
1560 3158 1570 3174 ,
1606 3146 1642 3170 ut
1666 3137 1699 3169 in
1725 3137 1928 3171 Adversariis
1953 3137 2019 3169 ΙΙΙ.
2045 3137 2098 3179 (lq
2119 3139 2130 3179 )
2154 3137 2297 3174 diximus
2319 3151 2330 3179 3
2364 3141 2411 3174 ita

1404 3181 1474 3222 plus
1497 3178 1645 3213 minusve
1669 3180 1798 3214 extendi
1822 3202 1832 3217 ‚
1864 3183 1894 3214 &
1917 3180 2102 3214 descendere
2126 3182 2230 3224 potest
2250 3206 2261 3221 ,
2286 3187 2318 3217 δε
2341 3184 2410 3217 Re-

1400 3225 1490 3257 etum
1516 3223 1642 3265 prolabi
1666 3223 1765 3257 finere
1790 3250 1796 3256 .
1823 3224 1924 3261 Quod
1946 3223 1968 3258 fi
1994 3235 2031 3257 ne
2056 3224 2310 3261 additamentum
2333 3227 2409 3268 qui-

1397 3267 1469 3302 dem
1493 3266 1556 3303 hoc
1580 3278 1685 3304 meum
1710 3267 1783 3301 satis
1806 3267 1906 3306 esset3
1931 3276 2001 3302 tum
2027 3279 2105 3301 vero
2127 3269 2165 3302 de
2191 3270 2254 3303 alio
2278 3269 2407 3311 insuper

1397 3313 1599 3354 cogitarem,
1624 3320 1661 3344 ut
1684 3309 1706 3344 st
1733 3321 1849 3354 praeter
1873 3312 1944 3345 illas
1967 3321 2031 3346 tres
2054 3313 2230 3353 superiores
2252 3337 2264 3354 ‚
2286 3322 2404 3356 quarta

1399 3358 1541 3398 proponi
1566 3354 1665 3397 poss'et
1689 3357 1775 3388 ratio
1800 3381 1807 3393 ,
1840 3354 2013 3390 secundum
2046 3367 2145 3398 quam
2177 3359 2208 3389 δι
2243 3357 2276 3391 id
2312 3355 2403 3391 fieret·

1399 3397 1490 3440 quod
1515 3399 1615 3432 modo
1638 3400 1672 3431 in
1694 3401 1791 3432 tertia
1815 3398 1956 3433 diximus
1979 3423 1992 3440 ‚
2022 3401 2059 3431 Κδέ
2093 3410 2243 3442 praeterea
2275 3401 2401 3436 interna.

1397 3443 1532 3482 tunica,
1556 3452 1592 3477 ut
1615 3442 1649 3476 in
1673 3441 1807 3478 secunda
1830 3442 1954 3477 diffitum
1978 3443 2042 3483 est,
2067 3443 2232 3483 relaxata,
2253 3445 2401 3478 &invera-

2327 3486 2358 3523 sa

808 3579 2402 3596 m———w———w——w———v—-q—-q

459 3657 472 3685 )
490 3659 526 3681 ne
541 3658 625 3683 Morb⁵
642 3659 710 3682 Puer.
727 3656 746 3680 1.
762 3662 786 3680 1.
801 3662 823 3679 c.
842 3661 879 3679 10.

462 3719 469 3750 )
487 3718 547 3748 Eph.
567 3721 600 3743 N.
616 3720 647 3744 C.
665 3720 723 3743 Dec.
741 3724 763 3742 2.
780 3719 810 3743 A.
824 3722 847 3742 x.
862 3715 903 3742 Ob
1010 3724 1036 3741 m
1055 3716 1134 3741 Schol.

397 3659 412 3687 (
428 3666 443 3681 a
943 3654 958 3683 (
971 3654 985 3681 b
1002 3654 1010 3686 )
1028 3655 1104 3684 oper.
1121 3652 1232 3682 Chirutg.
1248 3653 1264 3687 l.
1282 3662 1305 3684 7.
1323 3661 1343 3678 c.
1362 3655 1400 3680 18.

395 3688 464 3752 (lez)
484 3690 554 3711 Anat.
573 3688 601 3712 of
613 3688 680 3712 hum.
697 3691 751 3711 ἀοι.
766 3687 800 3711 Τ.
819 3693 855 3715 39.
874 3686 1037 3747 F.s·7.u3.('e
1053 3689 1064 3712 )
1080 3684 1169 3714 consp.
1187 3684 1278 3708 Medic.
1295 3684 1358 3709 Tab.
1379 3691 1430 3709 110.

1200 3715 1239 3748 εἰ
1253 3714 1267 3744 )
1284 3715 1348 3747 Disp.
1365 3716 1395 3743 de
1409 3715 1494 3742 Motb.
1541 3715 1588 3742 situ
1603 3715 1680 3743 intest.
1695 3723 1718 3749 ι).
1734 3724 1758 3744 n.
1775 3724 1795 3743 c·
1813 3724 1833 3745 a.
1851 3716 1877 3748 §·
1896 3725 1919 3751 3·

1546 3653 1626 3713 gdeth.
1643 3654 1712 3679 Med.
1730 3655 1791 3680 Sest.
1810 3663 1831 3685 3.
1846 3655 1889 3681 ubi
1905 3655 1933 3680 de
1950 3655 2018 3681 neofi
2030 3671 2037 3679 .

1464 3653 1473 3684 (
1490 3653 1537 3714 2}
1580 3687 1615 3709 De
1632 3686 1699 3710 Chir.
1719 3687 1795 3715 oper.
1812 3694 1832 3711 c.
1849 3687 1879 3711 de
1897 3687 1944 3712 Ani
1960 3686 2059 3713 Proeid.
2118 3687 2132 3716 ζ
2145 3686 2190 3718 g)
2210 3687 2272 3714 Tab.
2291 3687 2333 3716 cit.

1513 3722 1527 3742 a
1979 3719 1995 3749 ς
2009 3716 2026 3743 k
2041 3718 2055 3748 )
2070 3718 2183 3751 Animad.
2200 3721 2224 3744 6.
