2498 4075
403 208 554 275 Epist.
589 206 750 262 Anat.
783 208 997 261 Medica
1032 206 1420 262 XLV111.Art.
1442 224 1515 272 55.
1538 210 1683 271 56&
1705 228 1781 275 57.

63 291 186 328 queat:
210 286 268 321 Sed
291 286 387 321 nimis
409 288 511 321 multa
533 283 631 319 'essent
654 289 688 319 in
712 286 852 329 physicis
874 296 944 329 quae
968 297 984 320 a
1007 298 1060 321 me

62 331 172 372 negari
205 331 357 365 deberent
381 353 389 367 ,
423 331 443 363 si
468 338 638 373 propterea
663 329 804 372 neganda
829 327 925 363 essent
948 351 959 367 ‚
981 332 1058 373 quia

62 375 195 408 modum
230 386 297 416 quo
320 373 404 408 siunt
425 396 433 410 ‚
454 384 533 407 -non
559 371 721 415 assequor.
747 374 846 407 Certe
870 382 976 406 autem
1000 379 1057 409 ue'c

61 425 118 455 tu,
143 416 165 451 si
188 429 324 454 verum.·
346 426 382 451 ut
404 416 502 456 soles,
524 415 619 449 fateri
643 416 722 450 velis
742 439 751 454 ‚
786 417 858 450 satis
881 415 960 450 illud
982 415 1059 451 asse-

60 462 193 502 queris,
217 459 275 504 qui
298 459 417 495 fassum
442 459 478 493 fit
500 483 508 496 ‚
535 468 570 492 ut
595 459 663 502 post
682 468 785 494 certas
807 458 876 493 istas
899 461 1059 502 imagina-

61 506 167 538 tiones
199 504 329 538 morbus
354 503 465 546 praesto
497 502 595 537 fuerit
618 504 676 545 qui
700 503 817 538 foetum
849 502 935 536 haud
965 504 1059 537 aliter

59 546 292 582 deformaverit
316 557 350 581 ac
374 546 493 581 ferebat
518 546 710 587 imaginatio
725 572 735 586 ‚
758 549 804 580 ita
827 547 874 581 uti
898 547 994 581 bacca
1017 547 1059 580 il..

59 591 91 624 la
114 593 195 624 mori
214 617 221 628 .
245 602 337 625 eruca
359 590 436 627 illa,
458 589 621 623 labrorum
645 588 708 623 illae
720 589 833 624 fiffurae
848 615 855 626 .
878 588 1057 632 digitorum

57 635 114 668 illa
138 634 304 670 mutilatio
328 657 341 674 ‚
373 636 404 667 &
427 634 584 675 unguium
606 631 736 665 insolita
761 633 935 667 collocatio
953 655 965 673 ,
987 645 1058 668 cra-

57 679 106 712 nii
129 679 162 710 &
183 679 309 711 cerebri
332 675 472 710 defectus
495 676 569 712 ille,
593 676 699 718 Spinae
722 675 802 712 illud
826 678 943 709 vitium
965 698 976 716 ‚
1008 678 1058 710 in-

57 722 207 755 curvatio
229 722 284 755 illa
306 744 316 758 ‚
348 720 435 761 iique
459 729 600 753 tumores
633 730 698 752 non
719 720 819 752 modo
841 718 981 761 perfecte
1004 719 1057 755 sua

58 765 159 806 figura
180 786 190 801 ‚
212 763 394 806 caeterisque
417 763 659 795 conditionibus
682 764 908 804 imaginationi
934 763 1058 804 respon-

57 809 185 845 derint,
210 819 322 840 verum
347 808 446 839 etiam
470 806 502 839 in
526 804 597 848 ipso
621 804 683 838 nasi
708 806 843 848 globulo
864 828 874 843 ‚
898 807 930 838 in
955 808 1058 841 cervi-

57 864 117 890 ce,
139 851 173 883 in
199 851 346 885 dextera,
371 851 404 881 in
428 849 545 889 labris,
569 851 602 881 in
625 850 754 890 capite¹¹‚
777 851 809 882 in
834 849 954 883 lumbis
979 871 988 887 ‚
1022 851 1057 883 in

58 894 210 930 attubus„
235 895 268 927 in
292 891 494 935 posteriore,
517 895 550 926 &
573 893 733 925 anteriore
755 894 901 933 corporis
925 892 1005 927 facie
1017 893 1055 926 fic

58 939 247 972 extiterint,
272 946 308 969 ut
332 934 496 978 psaegres‘sa
519 934 701 978 requirebat
724 936 921 977 imaginatio
940 961 947 969 .
970 934 1056 970 Casu

58 981 126 1016 haec
161 979 241 1015 facta
266 978 393 1014 fortasse
425 979 509 1012 dices
533 1003 541 1012 .
577 979 632 1011 Me
658 990 735 1012 vero
758 977 851 1013 facile
875 978 937 1012 tibi
960 977 1057 1012 assen-

58 1026 195 1058 tientem
228 1023 360 1058 habebis
384 1022 438 1055 ubi
472 1032 558 1055 certa
583 1022 777 1063 imaginatio
801 1033 864 1054 nm
898 1020 1058 1065 praecesse-

58 1070 127 1106 rit,
150 1077 251 1110 neque
274 1066 348 1102 huic
373 1067 480 1100 exacte
503 1065 581 1100 ade-0
603 1068 634 1099 δι
658 1067 759 1099 forma
774 1087 782 1102 ‚
805 1068 834 1099 δέ
857 1065 1059 1099 conditioni-

59 1113 118 1145 bus
141 1111 266 1145 caeteris
283 1133 291 1146 ‚
314 1112 345 1145 ὃ(
370 1110 446 1143 loco
472 1120 518 1142 res
541 1108 604 1150 ipsa
630 1108 827 1150 responderit
842 1134 849 1141 .
875 1108 934 1142 Sed
959 1108 1013 1142 ubi
1028 1110 1059 1142 &

58 1156 114 1188 illa
140 1154 357 1198 praecesserit,
380 1156 409 1186 δι
435 1163 480 1185 res
503 1152 551 1186 illi
577 1154 638 1189 iic,
665 1153 714 1185 uti
737 1151 878 1185 diximus
894 1178 903 1189 .
929 1151 1060 1193 respon-

57 1199 154 1236 deat5
178 1208 217 1231 ne
239 1207 276 1230 tu
299 1199 428 1239 quidem
453 1218 461 1233 ,
496 1193 518 1227 si
541 1196 652 1229 omnia
676 1195 847 1236 diligenter
882 1194 1059 1238 perpende-

57 1244 126 1281 ris„
150 1242 183 1273 in
207 1239 293 1275 casus
317 1241 519 1273 accusatione
543 1240 815 1281 omvmpoteris
839 1238 1059 1280 acquiescere,

58 1283 234 1331 praesertim
259 1284 281 1317 si
306 1284 486 1326 exemplum
511 1292 575 1315 non
600 1294 718 1317 unum,
745 1282 998 1324 sedcomplura,
1022 1291 1058 1315 ut

60 1330 153 1366 sunt,
179 1327 390 1370 specimen„
415 1338 519 1369 neque
540 1326 627 1360 enirn
649 1325 757 1360 casum
781 1324 874 1359 facile
897 1329 1005 1360 credes
1026 1326 1060 1358 in

58 1375 100 1407 iis
122 1373 296 1409 omnibus,
318 1369 411 1410 ta'm,
433 1379 468 1404 ut
491 1370 538 1402 ita
562 1372 669 1403 dicam
693 1392 702 1407 ,
726 1371 930 1411 ingenio‘um
952 1393 964 1409 ‚
988 1380 1062 1402 exa-

53 1417 215 1457 ·&umque
249 1416 450 1449 imitatorem
474 1413 530 1447 esle
554 1411 691 1454 potuisse
716 1438 724 1446 .
759 1412 850 1451 Qud
873 1423 951 1454 ergo
984 1412 1025 1446 est
1051 1415 1061 1444 ?

58 1458 158 1498 Quod
184 1459 221 1492 ad
245 1470 294 1492 me
309 1459 449 1493 attinet,
472 1457 651 1497 ininultis,
673 1459 704 1491 δε
728 1456 865 1495 sivelis,
891 1459 923 1487 in
949 1467 1065 1499 quarn-

59 1503 210 1547 plurimis
242 1502 349 1535 casum
382 1499 574 1534 accusavero
598 1512 608 1538 3
643 1510 673 1533 at
697 1500 730 1532 in
754 1498 947 1541 quibusdam
973 1499 1060 1533 aliud

60 1545 194 1589 aliquod
217 1547 326 1588 potius
348 1543 437 1587 quod
448 1555 497 1578 me
520 1543 621 1577 fatear
636 1554 699 1581 non
724 1543 908 1584 intelligere
922 1567 929 1575 .

61 1591 160 1624 Nunc
185 1599 219 1623 ut
243 1589 280 1625 ad
305 1588 422 1621 fcetum
447 1587 573 1620 redeam
596 1598 692 1628 quesn
716 1585 1067 1628 noviffimedescripsi;

59 1644 199 1667 mortem
222 1633 271 1666 illi
296 1632 406 1665 attulit
432 1640 486 1664 aut
511 1630 667 1671 impedita
681 1640 735 1671 per
758 1627 942 1664 funiculum
963 1629 1067 1670 ipsum

59 1676 284 1711 umbilicalem
305 1697 317 1713 ,
339 1676 461 1717 quippe
481 1674 567 1707 cruri
593 1675 710 1707 arctius
735 1671 925 1706 adstrictum
952 1697 960 1710 ,
994 1673 1075 1706 san--

57 1722 166 1762 guinis
189 1718 378 1757 circumitio
401 1740 411 1755 ,
447 1727 499 1751 aut
527 1716 635 1759 aliqua
659 1738 672 1758 a
693 1717 891 1749 exteriorum
919 1715 1030 1750 similis
1055 1739 1063 1753 ‚

58 1762 185 1805 peffima
207 1764 403 1796 interiorum
423 1758 665 1795 conformatio,
689 1770 762 1802 quae
786 1762 817 1792 δε
831 1761 989 1794 crescendi
1006 1785 1014 1799 ‚
1034 1764 1065 1793 δι

59 1805 206 1848 agitandi
240 1805 268 1838 se
291 1803 482 1838 facultatem
516 1802 608 1839 facile
633 1802 766 1837 abstulit
791 1826 798 1833 .
834 1803 1067 1838 Intestinorum

58 1859 166 1883 autem
191 1847 302 1883 effusio
326 1870 335 1885 ‚
368 1846 458 1890 cujus
488 1848 583 1890 culpa
607 1856 847 1889 nonnunquam
880 1848 915 1880 in
939 1845 1032 1881 rudes
1057 1869 1066 1884 ,

57 1892 280 1934 violentasque
303 1890 535 1927 obstetricum,
560 1889 698 1936 infantes
721 1888 931 1924 educentium
958 1919 963 1925 ,
988 1902 1068 1924 con-

57 1937 293 1975 trectationes,
318 1932 549 1976 preffionesque
571 1933 717 1980 comesta
741 1931 802 1970 est,
826 1934 880 1967 hic
903 1943 988 1967 certe
1011 1935 1069 1967 ubi

57 1979 144 2013 nihil
167 1979 284 2014 harum
307 1976 366 2011 effe
391 1986 541 2019 potuerat
562 1999 573 2015 ‚
607 1977 666 2018 ipsi
690 1974 790 2010 foetus
813 1976 980 2010 abdomini
1007 1979 1068 2009 tri-

45 2022 184 2057 -buenda
209 2030 277 2057 erat
301 2030 355 2055 aut
379 2031 546 2063 nunquam
563 2044 572 2060 ,
592 2028 648 2053 aut
673 2030 737 2052 non
763 2019 836 2053 satis
858 2020 1010 2054 occluso.
1035 2021 1067 2054 A

59 2065 252 2109 primordiis
275 2065 362 2100 enim
386 2089 395 2104 ‚
428 2073 464 2098 ut
489 2064 638 2099 Harveus
671 2066 681 2103 (
706 2061 753 2102 l)
780 2064 813 2096 in
849 2063 1069 2105 perfectorum

56 2120 189 2153 quoque
221 2132 232 2150 ,
275 2117 313 2142 ut
369 2116 486 2141 vocant
520 2129 529 2144 ‚
576 2105 768 2140 animalium
802 2107 1034 2148 embryonibus
1056 2131 1064 2145 ,

56 2155 89 2185 &
113 2164 172 2187 nos
196 2161 282 2186 certe
303 2152 338 2184 in
363 2151 489 2186 caninis
511 2150 675 2188 vidimus,
698 2157 846 2190 apertum
869 2152 934 2184 est.
962 2151 1068 2183 Postea

56 2205 167 2231 autem
202 2194 261 2229 nifi
295 2195 508 2236 peritonaeum
533 2215 543 2231 ,
576 2192 748 2232 musculi,
780 2195 811 2226 &
844 2194 1069 2236 integumenta.

56 2239 244 2274 communia
267 2237 396 2280 prorsus
421 2262 431 2280 ‚
454 2241 483 2271 ὃς
507 2236 648 2272 firmiter
671 2236 843 2271 occludant
865 2248 879 2276 ;
916 2236 1064 2280 proferfto

56 2292 113 2319 aut
137 2291 283 2323 apertum
308 2290 436 2317 maneat
460 2304 469 2318 ,
504 2280 777 2323 quemadmodum
804 2281 908 2322 plures
930 2303 943 2320 ‚
977 2284 1007 2314 &
1030 2283 1066 2315 in

55 2325 108 2361 his
130 2327 231 2364 olim,'
256 2337 314 2360 nec
336 2325 451 2362 semel,
477 2325 593 2359 Boscus
618 2326 681 2369 (m
702 2327 718 2364 )
741 2325 872 2369 (quem
898 2335 962 2357 non
998 2337 1069 2359 me-

55 2372 139 2407 mini
163 2372 205 2404 in‘
222 2368 406 2411 hujusmodi
431 2368 712 2403 Observationum
745 2369 995 2403 collectionibus
1020 2371 1066 2403 vi-

54 2414 131 2448 disse
167 2413 368 2456 laudatum)
402 2411 641 2449 offenderunt;
673 2414 786 2446 autin
817 2411 1013 2454 marsupium
1048 2426 1064 2448 a

54 2457 206 2490 vals-xiva
228 2462 242 2497 (
264 2467 283 2489 n
305 2460 320 2497 )
342 2468 496 2499 quoque,
512 2456 701 2491 &Baronio
723 2458 737 2495 (
759 2467 775 2488 ο
799 2459 809 2494 )
833 2456 1064 2498 conspectum,

54 2501 203 2540 laxetur,
226 2503 257 2534 δι
283 2500 304 2533 fi
330 2500 548 2535 tenuiffimum
572 2499 610 2532 fit
630 2521 641 2537 ,
663 2497 758 2532 facile
780 2498 1001 2541 disrumpatur
1026 2501 1065 2533 ab

53 2545 126 2587 ipso
149 2544 311 2578 viscerum
337 2544 499 2585 pondere,
523 2542 642 2577 necesse
666 2543 727 2580 est-
754 2542 843 2576 Cum
855 2545 943 2576 enim
967 2554 983 2575 a
1008 2555 1065 2586 pe-

52 2591 193 2624 ritonaeo
214 2587 385 2622 dumtaxat
409 2586 564 2626 efficitur,
587 2586 666 2619 adeo
677 2596 773 2619 tenue
796 2585 860 2624 est,
884 2595 921 2620 ut
945 2587 993 2620 vel
1009 2598 1063 2629 pe·

54 2631 247 2665 ris'talticum
271 2631 500 2665 intestinorum
535 2638 662 2667 motum
684 2627 838 2670 transpici
862 2628 942 2663 sinat
967 2652 976 2666 ‚
1012 2632 1062 2664 uti

53 2673 240 2717 Ruyschius
264 2675 355 2717 (p)
378 2673 516 2708 tradidit
538 2696 546 2710 ,
571 2675 628 2716 qui
654 2682 716 2706 tres
740 2672 777 2706 ad
802 2672 957 2714 ejusmodi
982 2675 1062 2707 vitia

55 2721 230 2751 attinentes
251 2716 349 2752 habet
374 2716 629 2752 Observationes
651 2719 665 2756 (
686 2727 705 2758 q
729 2718 740 2755 )
763 2741 772 2750 .
797 2718 887 2758 Qas
909 2715 932 2749 si
957 2726 1062 2750 atten-

54 2770 87 2795 te
110 2760 197 2802 legas
212 2785 219 2798 ‚
241 2762 273 2792 δε
294 2764 382 2794 inter
405 2760 457 2802 se,
481 2764 598 2794 &cum
620 2760 662 2792 iis
674 2757 838 2797 conferas.
867 2771 958 2802 quae,
986 2760 1063 2793 Bid-

54 2805 111 2838 loo
136 2802 330 2844 respondens
351 2805 366 2847 (
386 2807 457 2844 r),
481 2802 588 2846 postea
614 2801 736 2844 scripsit
751 2829 760 2843 ,
786 2804 841 2837 ubi
865 2814 913 2836 eas
938 2803 1062 2837 Obser-

55 2849 206 2882 vationes
229 2856 317 2879 raras
341 2846 400 2881 effe
415 2869 428 2886 ,
449 2847 618 2882 contendit
643 2859 654 2883 3
676 2844 806 2879 fortasse
828 2847 958 2889 optabis
982 2868 992 2884 ,
1024 2859 1065 2881 ne

54 2892 146 2933 prius
168 2888 233 2923 sine
254 2888 392 2931 quadam
414 2890 639 2934 repugnanti-2
672 2889 776 2931 specie
799 2889 962 2924 multoties
985 2914 996 2931 ‚
1029 2894 1061 2924 &

45 2933 163 2977 saepius
185 2932 273 2967 hunc
306 2931 458 2968 affectum
479 2947 495 2967 a
518 2934 549 2968 se
570 2932 678 2976 visum
711 2931 840 2967 dixisset
854 2957 863 2966 .
995 2934 1062 2968 Ve-

52 2989 127 3014 rum
150 2987 192 3010 ne
212 2974 419 3019 quascunque
440 2978 532 3021 supra
555 2976 620 3020 ipse
643 2975 783 3017 produxi
807 2975 1063 3011 monstrosorum

53 3019 199 3055 foetuum
221 3018 474 3064 Observationes
496 3046 505 3061 ‚
538 3031 590 3054 eas
611 3030 725 3053 omnes
748 3018 785 3053 ad
809 3020 950 3062 partium
974 3019 1060 3054 defe-

52 3066 143 3099 &um
167 3064 326 3101 attinere,
348 3061 436 3097 dicas
459 3075 469 3102 ;
494 3063 665 3097 nonnullas
689 3062 801 3096 addam
813 3075 886 3106 quae
908 3065 958 3098 vel
984 3075 1062 3099 curn

54 3109 198 3152 partium
221 3104 349 3140 defertu
373 3130 383 3145 ,
416 3107 466 3140 vel
489 3107 554 3141 sine
575 3106 674 3141 ullius
695 3104 822 3139 defectu
848 3107 975 3141 auCtum
1001 3119 1058 3143 nu*

55 3162 180 3187 merum
202 3148 407 3191 quarundam
430 3149 585 3184 exhibent
608 3175 617 3181 .
642 3150 753 3188 Quam
776 3148 862 3184 misit
884 3150 923 3184 ad
948 3161 998 3184 me
1022 3164 1060 3185 o-

54 3196 114 3228 lim
137 3191 421 3234 Consultiffimus‚
441 3205 514 3228 cum
539 3195 659 3226 viveret
684 3216 693 3230 ‚
732 3193 878 3227 Medicus
903 3194 1060 3229 Sebastia-

55 3249 116 3272 nus
137 3236 379 3272 Trombellius‚
401 3246 516 3279 praeter
537 3238 568 3270 id
591 3237 630 3271 de
653 3248 721 3278 quo
743 3237 841 3270 modo
852 3236 1056 3277 dicebamus,

54 3281 243 3316 abdominis
266 3280 386 3312 vitium
410 3302 418 3316 ,
450 3291 599 3320 magnam
619 3280 755 3315 infantis
777 3281 910 3314 alterius
934 3292 1057 3324 partem

55 3326 151 3360 alteri
176 3335 247 3358 tum
269 3325 408 3357 exterius
433 3322 579 3358 adnatam
600 3347 613 3364 ,
636 3334 708 3362 tum
731 3325 866 3359 interius
890 3324 1059 3360 admistam

54 3368 257 3407 describens,
277 3366 342 3400 huc
363 3366 562 3401 libentiffime
586 3365 752 3403 afferrem,
774 3367 831 3401 nisi
857 3368 1057 3403 Vallisnerio

54 3413 163 3447 nostro
186 3408 338 3445 dedissem
361 3432 371 3447 ‚
407 3422 423 3443 a
447 3422 513 3451 quo
535 3413 569 3443 in
594 3412 681 3444 calce
703 3412 860 3446 elaborati
878 3411 924 3444 -de
945 3412 1056 3446 (Gene-

54 3456 182 3494 rjatione
203 3453 397 3490 Voluminis
418 3453 473 3497 (s
488 3457 504 3494 )
522 3455 612 3488 edita
634 3455 678 3489 est
701 3480 709 3488 .
734 3454 899 3489 Proferam
923 3455 1059 3491 alteram

1951 227 2049 277 ²47

1108 298 1171 330 qua
1195 290 1493 334 utrumquealiqua
1517 302 1557 325 ex
1579 298 1669 335 parte
1692 291 1810 324 vitium
1833 285 1997 324 Mediavia
2021 299 2112 323 meus

1108 331 1342 365 animadvertit
1356 357 1363 365 .
1650 370 1652 373 ¹
1744 354 1746 357 -

1152 384 1200 417 55>
1229 374 1402 408 INFANS
1435 377 1563 411 Patavii
1586 385 1679 410 natus
1712 375 1755 410 est
1778 374 1836 410 sub
1870 375 2004 408 initium
2024 375 2112 419 Julii

1107 419 1153 453 A.
1182 420 1275 460 1736.
1298 430 1335 452 ex
1356 430 1390 452 ea
1414 430 1545 461 parente
1579 432 1652 462 quae
1676 418 1765 454 sanos
1789 419 1866 454 alios
1887 441 1900 458 ‚
1933 418 2109 462 vitalesque

1106 462 1139 494 δι
1162 470 1253 494 antea
1277 461 1437 500 ediderat,
1462 465 1577 507 &post
1598 463 1720 498 edidit.
1745 464 1833 497 Huic
1847 460 1966 496 infanti
1988 472 2111 502 unum,

1107 502 1131 537 si
1155 504 1332 547 aspiceres,
1353 514 1419 540 erat
1443 508 1565 541 vitium
1587 529 1597 545 ‚
1621 516 1754 546 tumor,
1778 516 1922 547 pugnum
1946 515 2076 548 aequans
2100 526 2112 542 ,

1107 549 1142 581 in
1166 559 1201 582 ea
1225 549 1408 583 abdominis
1434 549 1566 591 regione
1588 561 1661 592 quae
1685 562 1701 583 a
1724 549 1847 585 dextris
1871 549 2019 583 umbilici
2042 571 2054 588 ‚
2077 549 2110 581 &

1108 592 1241 635 paululo
1263 591 1353 634 supra
1376 591 1481 633 ipsum
1505 592 1549 626 est
1571 618 1578 626 .
1603 592 1722 627 Nudus
1743 602 1809 627 erat
1832 603 1940 626 tumor
1965 604 1980 626 a
2003 600 2076 625 cute
2097 614 2108 631 ‚

1108 645 1181 675 quae
1203 636 1410 669 circumcirca
1435 636 1468 668 in
1491 636 1630 670 limbum
1654 637 1774 670 elevata
1808 636 2030 677 prominulam
2053 634 2111 667 de-

1107 677 1251 716 sinebat3
1277 678 1395 713 Boscus
1420 684 1430 720 (
1454 686 1468 712 t
1491 682 1502 717 )
1525 683 1582 721 qui
1607 679 1675 714 haec
1699 681 1738 713 ab
1761 679 1865 714 ulcere
1889 677 1958 720 fieri
1983 681 2014 710 in
2040 679 2115 710 ani-

1108 732 1195 756 mum
1218 722 1410 762 induxerat,
1434 722 1617 757 cicatricem
1642 722 1780 757 vocasset
1803 746 1812 760 ‚
1836 720 2112 764 quemadmodum

1108 775 1221 798 vocare
1254 774 1291 800 tu
1324 778 1456 808 quoque
1490 766 1612 808 poteris
1642 766 1697 800 ubi
1729 765 1913 799 abdominis
1946 764 2070 798 hiatum
2095 775 2114 797 a.

1108 808 1264 841 violentia
1298 809 1406 852 aliqua
1429 807 1552 842 facturn
1588 819 1686 850 ponas
1710 832 1720 847 ,
1755 811 1786 844 δι
1810 818 1915 849 partes
1937 811 1971 841 in
1995 807 2114 850 quibus

1107 851 1215 885 hiatus
1239 850 1341 886 fadus
1363 851 1407 886 est
1435 877 1444 890 ‚
1466 851 1546 886 hinc
1569 855 1602 885 δε
1625 852 1700 886 hinc
1724 853 1759 885 in
1784 851 1813 885 se
1837 852 1989 886 retractas
2014 875 2023 889 ‚
2056 860 2114 884 nec

1108 893 1206 929 ferme
1230 896 1325 928 aliter
1349 907 1384 929 ac
1407 896 1462 928 Cl.
1488 895 1644 930 Preuffius
1667 901 1678 936 (
1702 906 1723 928 u
1743 899 1758 936 )
1784 919 1792 934 ‚
1823 905 1891 927 rem
1915 894 2079 937 explicare
2102 917 2113 925 .

1110 939 1281 979 Inaequalis
1304 948 1522 979 eractumor,
1545 942 1576 971 &
1599 941 1746 982 tangenti
1770 938 1882 972 cedens
1903 949 1913 976 3
1946 947 1981 972 ut
2006 938 2045 970 ab
2066 937 2119 969 in.

1109 981 1232 1014 testinis
1266 982 1366 1017 faetus
1399 982 1561 1016 videretur
1585 1006 1593 1014 .
1633 981 1743 1015 Infans
1767 983 1908 1024 primum
1941 991 2043 1022 neque
2076 990 2116 1013 ex

1110 1025 1182 1057 alvo
1205 1024 1383 1067 quidquam
1413 1025 1565 1059 reddebat
1585 1049 1594 1065 ,
1617 1036 1720 1069 neque
1745 1035 1919 1058 mammam
1946 1024 2079 1066 sugebat
2108 1047 2117 1056 .

1113 1067 1194 1101 Mox
1217 1069 1322 1109 coepit
1345 1078 1519 1110 utrumque
1543 1068 1669 1102 facere.
1692 1069 1752 1103 Sed
1776 1068 1894 1102 viridia
1918 1066 2118 1109 dejiciebat,

1109 1110 1193 1146 unde
1217 1111 1315 1144 lintea
1338 1110 1566 1146 inficiebantur
1592 1113 1723 1146 maculis
1756 1112 1828 1155 quae
1852 1114 1907 1145 vix
1938 1122 1973 1144 ac
1998 1122 2038 1143 ne
2061 1110 2119 1143 vix

1108 1154 1239 1198 quidem
1264 1155 1327 1189 elui
1353 1154 1497 1197 possent.
1520 1156 1654 1189 Tumor
1677 1167 1754 1192 vero
1770 1156 1826 1197 qui
1850 1154 1916 1197 jam
1941 1162 2033 1187 antea
2049 1159 2119 1187 erat

1110 1197 1307 1236 sublividus,
1335 1198 1404 1232 fieri
1430 1201 1549 1233 interea
1572 1194 1707 1233 lividior
1722 1217 1732 1236 ,
1756 1201 1786 1231 &
1811 1198 1950 1239 denique
1974 1206 2122 1239 gangrae-

1110 1253 1150 1275 na
1175 1242 1294 1283 corripi
1319 1243 1443 1287 incepit
1466 1267 1474 1275 .
1500 1241 1701 1276 Abscedente
1721 1266 1732 1281 ‚
1754 1252 1829 1276 cum
1853 1241 1991 1276 tumoris
2016 1239 2121 1282 super-

1112 1284 1207 1321 ficie,
1230 1283 1306 1318 huic
1330 1285 1470 1323 subiecta
1496 1286 1672 1320 Reftotum
1685 1284 1906 1319 musculorum
1928 1294 2019 1327 parte
2034 1306 2046 1324 ,
2069 1284 2122 1315 in-

1112 1326 1182 1363 fans
1204 1330 1310 1361 vivere
1332 1327 1427 1361 desiit
1448 1329 1584 1372 quindiu
1617 1332 1648 1363 &
1670 1329 1836 1371 trigesimo
1861 1328 1903 1362 ab
1933 1338 2012 1362 ortu
2036 1326 2088 1361 die
2114 1349 2125 1358 -

1245 1370 1461 1406 VENTRIS
1482 1371 1631 1407 dissectio
1651 1373 1792 1406 ostendit
1815 1372 1937 1412 duplex
1969 1371 2046 1406 huic
2070 1371 2123 1402 in-

1116 1414 1200 1450 fanti
1227 1412 1317 1448 fuisse
1340 1415 1450 1456 jecur,
1474 1416 1613 1450 alterum
1636 1417 1670 1449 in
1697 1414 1765 1450 sede
1787 1415 1940 1450 consueta
1955 1440 1963 1455 ‚
1987 1424 2126 1457 parvum

1118 1460 1249 1501 potius,
1271 1460 1422 1500 quamvis
1453 1460 1486 1492 in
1513 1460 1694 1502 praelongos
1724 1460 1819 1494 lobos
1841 1458 1981 1497 divisum
2006 1473 2015 1496 ς
2048 1457 2132 1505 alte-

1115 1513 1187 1535 rum
1213 1501 1341 1542 majus,
1366 1501 1418 1537 sed
1441 1501 1585 1536 informe
1609 1526 1618 1540 ‚
1643 1502 1732 1545 quod
1757 1512 1812 1544 per
1835 1501 1967 1537 crassam
1990 1503 2130 1542 interje-

1114 1547 1199 1580 etam
1226 1546 1447 1579 membranam
1470 1556 1545 1580 cum
1567 1547 1625 1579 illo
1645 1546 1877 1588 conjun&um,
1900 1556 2020 1579 trunco
2040 1555 2129 1577 venae

1117 1598 1286 1631 portarum
1311 1597 1470 1623 annexum
1492 1612 1502 1626 ‚
1537 1590 1571 1622 in
1594 1590 1718 1622 Cavam
1742 1599 1849 1623 autem
1874 1587 1941 1622 suas
1963 1600 2059 1622 venas
2080 1590 2132 1620 in·
2164 1630 2167 1631 ⁷

1117 1632 1166 1667 fra
1190 1632 1270 1666 illud
1296 1633 1432 1666 alterum
1455 1632 1545 1675 jecut
1569 1634 1774 1672 immittens,
1796 1644 1834 1666 eo
1859 1632 1887 1666 se
1909 1632 2131 1668 extendebat,

1115 1687 1150 1711 ut
1175 1675 1338 1709 adhaerens
1360 1675 1419 1709 sibi
1443 1679 1678 1716 peritonaeum‚
1702 1675 1906 1718 adjectosque
1930 1675 2006 1709 huic
2026 1675 2137 1708 tendi-

1116 1731 1171 1755 nes
1192 1719 1370 1753 extrorsum
1396 1729 1524 1761 urgeret
1549 1742 1559 1757 ,
1584 1729 1812 1762 tumoremque
1836 1719 1979 1753 efficeret
2000 1719 2039 1752 de
2062 1729 2136 1762 quo

1117 1765 1239 1798 dictum
1264 1763 1308 1796 est
1331 1763 1433 1806 „Qui
1462 1765 1608 1805 tangenti
1631 1763 1703 1797 ideo
1728 1761 1860 1797 cedebat
1884 1784 1893 1800 ‚
1925 1762 2014 1805 quod
2040 1763 2135 1796 cede-

1117 1817 1187 1841 rent
1212 1806 1365 1839 intestina
1389 1807 1510 1848 quibus
1532 1806 1595 1839 hoc
1619 1806 1709 1849 jecut
1733 1817 1799 1840 erat
1822 1818 1862 1840 ex
1884 1816 1974 1847 parte
1998 1805 2140 1848 imposi-

1117 1860 1208 1885 tum.
1235 1849 1294 1882 Sed
1317 1849 1533 1887 curriduolex
1558 1849 1632 1883 esset
1657 1850 1765 1889 jecur,
1792 1850 1868 1884 bilis
1894 1848 2033 1884 vesicula
2056 1849 2135 1882 nus-2

1118 1904 1218 1937 quarn
1240 1894 1388 1933 apnaruit
1413 1917 1420 1924 .
1445 1894 1610 1926 Caeterum
1633 1894 1763 1928 Tenuia
1787 1893 1936 1927 intestina
1955 1903 2057 1927 ‚erant
2082 1892 2134 1926 seu

1119 1937 1261 1972 cundum
1284 1945 1432 1970 naturam
1453 1936 1650 1977 constituta,
1674 1938 1786 1970 Colou
1810 1936 2018 1971 arfflffimum
2034 1963 2041 1970 .

1164 1981 1213 2022 56.
1238 1980 1476 2018 Credeinusne,
1504 1989 1540 2012 ut
1564 1979 1631 2014 duo
1654 1991 1889 2023 nonnunquam
1913 1991 1978 2014 uno
2003 1985 2035 2016 in
2056 1994 2140 2016 cor-

1119 2034 1197 2064 pore
1222 2022 1321 2066 lienes
1342 2024 1580 2060 inveniuntur3
1605 2026 1672 2057 imo
1697 2023 1783 2058 haud
1805 2026 1850 2058 ita
1861 2035 1955 2062 raro3
1980 2034 2030 2059 ter
2043 2028 2132 2064 enim

1118 2065 1151 2099 id
1174 2064 1232 2108 ipsi
1258 2066 1397 2100 vidimus
1420 2069 1434 2106 (
1456 2077 1478 2100 x
1499 2070 1537 2106 );
1561 2068 1609 2100 ita
1632 2067 1709 2101 huic
1733 2068 1788 2101 uni
1813 2068 1931 2102 infanti
1955 2067 2023 2103 duo
2046 2069 2132 2114 jeci-

1118 2120 1197 2143 nora
1223 2108 1313 2143 fuisse
1337 2111 1437 2143 data?
1462 2121 1499 2144 an
1524 2110 1617 2152 jecur
1637 2110 1741 2153 majus
1766 2137 1772 2146 ,
1796 2114 1828 2145 ὅ(
1849 2110 2029 2147 extrorsum
2054 2126 2134 2157 pro-

1118 2156 1241 2188 minens
1266 2174 1275 2190 ,
1312 2153 1351 2187 ad
1374 2152 1493 2187 foetum
1518 2153 1651 2188 alterum
1673 2154 1827 2197 spectasse
1849 2179 1858 2194 ,
1891 2154 1986 2198 cujus
2007 2167 2130 2192 caeterae

1117 2206 1227 2237 partes.
1246 2197 1279 2229 in
1305 2206 1397 2231 utero
1422 2196 1607 2239 periissent?
1632 2196 1672 2231 sic
1696 2199 1782 2234 enim
1805 2200 1839 2233 in
1865 2200 2065 2243 bicorporeo
2088 2203 2133 2235 il-

1116 2240 1149 2272 lo
1173 2238 1258 2274 foetu
1282 2252 1376 2285 quem
1391 2242 1636 2277 Zambeccarius
1660 2241 1823 2284 secuerat,
1845 2244 2061 2279 Vallisnerius
2074 2258 2135 2280 auo

1116 2293 1181 2319 tem
1206 2288 1258 2332 (y
1281 2288 1296 2326 )
1319 2288 1464 2327 protulit
1487 2310 1495 2322 ,
1519 2288 1688 2321 amborum
1713 2299 1888 2327 corporum
1910 2288 2054 2331 jecinora
2078 2292 2134 2323 irr-

1117 2338 1165 2362 ter
1190 2329 1219 2363 se
1242 2331 1353 2371 inusta
1380 2342 1434 2371 per
1459 2330 1683 2373 interpositam
1706 2331 1839 2366 crassam
1864 2332 1955 2375 quafi
1970 2333 2132 2368 membra-

1118 2384 1194 2412 nam
1218 2373 1369 2407 videntur
1391 2378 1404 2413 (
1428 2385 1452 2416 z
1473 2378 1506 2414 ).
1534 2374 1597 2408 Sed
1617 2375 1731 2408 casune
1754 2375 1876 2409 fat‘Ptum
1900 2376 2091 2417 putabimus
2117 2400 2128 2414 ,

1116 2425 1152 2449 ut
1175 2416 1327 2458 jecinoris
1350 2428 1418 2450 non
1439 2417 1484 2451 sui
1510 2429 1600 2451 venat
1621 2420 1654 2451 in
1678 2418 1803 2452 eosdem
1815 2420 1980 2461 pervenire
2003 2421 2129 2461 possent

1116 2470 1257 2494 truncos·
1281 2460 1319 2493 ad
1342 2472 1423 2501 quos
1457 2473 1495 2495 ex
1519 2462 1658 2503 proptio
1688 2461 1783 2505 liujus
1815 2462 1952 2497 infantis
1985 2462 2130 2505 jecinore

1115 2514 1206 2536 venae
1229 2505 1434 2544 pertinebant
1460 2509 1475 2536 ?·
1508 2506 1681 2539 Nimirum
1706 2504 1773 2539 liaec
1797 2505 1972 2541 difficultas
1995 2519 2069 2550 quae
2091 2511 2128 2543 in

1116 2547 1298 2594 bicorporei
1323 2547 1413 2581 illius
1431 2546 1528 2583 scetus
1549 2548 1708 2592 plerisque
1730 2549 1905 2585 visceribus
1927 2552 2035 2585 multo
2059 2564 2132 2586 ma-

1116 2601 1170 2633 jor
1191 2589 1234 2624 est
1259 2613 1265 2626 ,
1291 2589 1331 2623 ad·
1351 2602 1404 2624 eas·
1425 2593 1542 2625 attinet
1569 2604 1641 2634 quae
1663 2594 1786 2626 recenti
1806 2592 1848 2626 de
1866 2595 1996 2637 origine
2020 2596 2129 2629 Mon-

1118 2632 1257 2667 strorum
1281 2635 1507 2668 controversiae
1529 2636 1659 2670 causam
1680 2637 1888 2679 praebuerunt
1914 2663 1924 2670 .
1948 2639 2067 2681 Neque
2092 2641 2128 2673 in

1115 2677 1216 2726 vitula
1242 2677 1372 2711 deerant
1394 2690 1490 2721 quarn
1517 2680 1558 2712 A.
1588 2689 1680 2721 1745.
1705 2681 1837 2714 ineunte
1857 2676 1986 2715 Martio
2009 2681 2128 2724 perhu-

1114 2730 1261 2754 maniter.
1283 2721 1322 2754 ad
1348 2734 1402 2756 me·
1432 2721 1522 2756 misit
1541 2723 1609 2756 Vir
1632 2723 1864 2758 Ornatissimus
1883 2725 1944 2769 Jo.
1971 2726 2127 2759 Domini-

1113 2775 1168 2801 cus
1194 2765 1388 2799 Lavarinius
1404 2765 1441 2808 J,
1463 2767 1515 2799 C..‘
1529 2766 1725 2800 Veronensis
1740 2792 1750 2801 .
1775 2768 1813 2800 In
1836 2779 1899 2811 qua
1925 2770 2031 2802 multo
2056 2770 2128 2811 plu.

1114 2820 1147 2840 ra
1175 2833 1183 2847 ,
1218 2811 1250 2841 &
1271 2820 1345 2848 quae
1368 2808 1406 2841 ad
1430 2819 1463 2842 te
1484 2809 1699 2853 scriberentur
1723 2811 1874 2851 digniora
1897 2810 2029 2845 fortasse
2052 2815 2126 2847 ani-

1113 2849 1377 2891 madvertissem-‘,
1398 2851 1455 2885 nisi
1481 2852 1647 2894 postquam
1671 2863 1799 2886 mortua
1821 2854 1912 2889 edita
1936 2854 2004 2895 est,
2028 2866 2126 2899 atque

1112 2903 1149 2927 ut
1172 2894 1296 2928 diutius
1318 2895 1450 2928 duraret
1468 2918 1480 2935 ‚
1504 2905 1613 2929 ventre
1636 2900 1837 2938 apertos-¹&
1860 2897 2035 2933 visceribus
2058 2901 2131 2942 ple-¹

1110 2936 1215 2980 risque
1238 2949 1276 2970 ex
1299 2937 1376 2980 ipso
1394 2938 1565 2977 detractis,
1589 2947 1661 2973 tum
1683 2940 1930 2984 diaphragmate
1952 2940 2065 2980 scisso,
2090 2947 2122 2977 &

1111 2981 1291 3024 pei-icardio
1315 2980 1439 3015 recluso
1460 3007 1468 3022 ‚
1500 2982 1577 3015 dum
1601 2994 1618 3016 e
1658 2986 1826 3019 montibus
1850 2987 2020 3020 Veronam·
2051 2989 2122 3028 pri-

1110 3036 1221 3060 mum,
1245 3024 1319 3058 inde
1343 3034 1451 3058 autem
1475 3027 1642 3060 Patavium
1667 3029 1816 3062 translata
1839 3029 1884 3063 est
1906 3054 1914 3067 ,
1939 3029 2016 3071 ipso
2034 3038 2124 3066 tem-

1111 3069 1199 3110 poris
1222 3069 1397 3101 intervallo
1421 3070 1533 3103 minus>
1550 3068 1756 3111 dissectioni‚
1781 3074 2120 3116 accurataequeobser-

1111 3112 1236 3145 vasioni
1259 3111 1374 3145 idonea
1399 3110 1480 3145 faeta
1504 3111 1581 3146 effet
1597 3137 1606 3146 .
1632 3115 1736 3150 Pauca
1760 3124 1865 3149 tamen
1888 3138 1901 3154 2
1922 3128 1994 3158 quae
2018 3117 2130 3151 acino».

1110 3164 1179 3188 tare
1202 3155 1316 3198 potui,
1344 3155 1406 3189 huc
1431 3155 1628 3191 adscribam„
2027 3196 2030 3199 ³

1157 3208 1207 3240 57.
1234 3198 1387 3232 BICEPS
1399 3200 1524 3236 vitula,
1545 3199 1640 3243 cujus
1661 3210 1763 3245 neque
1774 3204 1897 3244 capita,
1922 3212 2025 3246 neque
2048 3204 2119 3237 col-

1109 3242 1161 3278 la,
1184 3240 1204 3274 fi
1230 3243 1315 3274 inter
1338 3241 1369 3275 se
1388 3243 1567 3283 consertes,
1591 3255 1648 3277 nec
1660 3256 1776 3288 corpus
1799 3246 1957 3290 reliquum
1974 3272 1982 3286 ‚
2007 3246 2118 3282 sicum
2150 3281 2153 3284 ,

1110 3285 1182 3317 aliis
1215 3285 1328 3318 vitulis
1353 3287 1463 3327 partui
1494 3288 1632 3323 maturis
1655 3299 1856 3331 comparares
1878 3313 1895 3329 ‚,
1917 3288 2116 3325 discriminis

1109 3327 1174 3368 fere
1197 3327 1375 3370 quidquam
1397 3351 1409 3368 ,
1441 3330 1585 3364 exterius·
1605 3330 1738 3372 quidem
1764 3330 1901 3374 speetata
1928 3354 1937 3369 ,
1970 3332 2114 3367 ostende-

1108 3373 1211 3411 bant,
1236 3370 1390 3410 Thorace
1402 3382 1514 3415 aperto
1526 3395 1542 3413 ,.
1561 3374 1814 3417 perlustratoque
1827 3397 1841 3412 2⁴
1860 3375 1928 3409 haec
1939 3375 2087 3412 exhibuit
2104 3402 2113 3410 .‚

1239 3414 1385 3447 SPINAE
1408 3436 1416 3450 ‚
1449 3425 1483 3450 ut
1506 3428 1546 3449 ex
1577 3417 1700 3451 duabus
1722 3420 1903 3452 cervicibus
1927 3419 2080 3459 profectae
2102 3442 2116 3458 2

1108 3457 1151 3492 sic
1173 3457 1208 3490 in
1231 3457 1364 3492 thorace
1385 3457 1458 3493 duae
1480 3459 1539 3494 esse
1564 3461 1745 3502 pergebant
1764 3486 1774 3502 ,
1805 3462 1978 3495 intervallo
2002 3465 2115 3506 aliquo

1948 3505 2072 3548 disjun-

62 3603 2099 3624 ,mm—*m

165 3687 180 3717 )
194 3689 231 3712 De
246 3687 359 3711 Gener-at.
375 3686 484 3711 Animal.
499 3688 584 3713 Exere.
600 3690 639 3718 69.

173 3718 187 3746 )
200 3719 266 3744 Cent
292 3717 350 3741 Obs.
368 3719 438 3741 Anat.
455 3717 523 3742 cuir.
538 3727 579 3748 73.

164 3750 212 3778 )P.
232 3757 254 3783 Ξ.
272 3755 295 3772 c.
316 3756 337 3777 ς.
355 3747 377 3771 ἃ
394 3747 454 3772 Τὼ.
474 3756 497 3782 3.
513 3757 537 3778 4.
556 3749 579 3773 sc
596 3757 621 3778 ς.

176 3782 183 3805 >
199 3779 269 3807 Epist.
287 3786 322 3807 372
340 3786 366 3812 n.
383 3785 425 3808 30,·
439 3778 514 3807 Epist.
531 3780 568 3809 38.
584 3787 609 3804 n.
627 3788 668 3811 345
682 3781 706 3805 ἃ
722 3781 794 3812 Epist.
810 3786 851 3813 64.
865 3791 889 3808 n,
907 3792 929 3807 ι.

174 3809 184 3837 )
200 3809 264 3833 Tab.
283 3816 318 3833 ιο.
335 3810 386 3842 Fra.
403 3816 425 3838 3.
441 3811 502 3838 &4-

132 3687 158 3777 *iv-1..

640 3719 651 3748 ί
667 3726 684 3749 q
701 3721 709 3750 )
725 3721 784 3745 [bid.
803 3722 863 3747 Obs.
879 3730 917 3753 7¹·
932 3725 955 3747 8:
969 3731 1008 3752 7²-

679 3751 693 3779 (
710 3757 720 3774 ἒ
738 3751 752 3779 )
768 3753 832 3777 Let'b
850 3761 870 3778 ι.
887 3754 961 3782 paulo
975 3759 1033 3778 ante
1048 3753 1090 3778 cit.

111 3688 127 3839 ν-ΛΑΑΑ

139 3816 157 3837 Ν
142 3786 158 3801 ²3

701 3690 717 3719 (
731 3698 755 3713 m
771 3690 784 3718 )
801 3693 837 3715 De
852 3692 949 3720 Facultt
964 3694 1038 3717 Anat.
1056 3694 1122 3718 Lea:
1141 3701 1161 3719 1.
1177 3695 1203 3720 in
1218 3695 1280 3720 fine.

1071 3724 1077 3749 s
1095 3733 1106 3748 r
1120 3725 1135 3753 )
1153 3726 1262 3756 Respons.
1279 3726 1310 3750 ad
1325 3726 1388 3750 Bidl.
1408 3728 1503 3752 Vindic.

991 3783 1097 3816 (tim

1343 3694 1517 3727 sn)supra‚
1533 3700 1612 3726 mag*-
1675 3697 1854 3732 (ιν)ιῑ,,’ς1ῑ.,ι

1152 3756 1166 3785 (
1182 3765 1197 3780 u
1218 3757 1225 3783 )
1240 3757 1265 3780 in
1283 3757 1390 3785 append.
1409 3757 1475 3786 supra
1492 3760 1520 3782 ad
1539 3766 1561 3783 n.
1582 3767 1619 3788 54.
1635 3760 1676 3784 cit„

1114 3793 1134 3815 ς.
1152 3786 1181 3811 nd
1198 3795 1224 3811 n.
1242 3796 1278 3819 54.
1295 3788 1339 3812 cit.
1354 3787 1377 3812 8t
1392 3788 1453 3813 Tab.
1471 3797 1494 3817 7·-
1511 3791 1533 3814 ἃ
1548 3789 1611 3819 seqq.
1649 3803 1652 3805 Δ
