2498 4075
428 144 522 214 328
654 143 812 199 Liber
846 140 939 199 JV.
975 144 1059 198 De
1095 144 1304 199 Morbis
1338 134 1688 215 Chirurgicis‚
1720 148 1776 200 &
1811 145 2207 209 Universalibus

358 219 555 269 'quibusdam
578 222 666 266 quafi
691 223 867 265 apoplexiae
881 222 1050 265 generibus
1063 223 1229 266 postquam
1254 227 1288 258 in
1299 224 1360 259 ho-

359 281 432 303 rum
457 269 568 310 aliquo
591 265 750 308 profluere
774 265 959 308 sanguinem
994 265 1076 299 vidit
1100 277 1165 300 non
1189 279 1206 300 e
1228 271 1360 309 cranio,

362 312 414 347 sed
436 324 476 345 ex
499 311 718 343 vertebrarum
742 309 845 342 tubo.
869 308 1060 350 compressa
1082 311 1168 343 enim
1190 322 1224 344 ea
1245 319 1358 354 parte,

361 356 441 390 unde
463 354 552 387 nervi
573 353 717 385 oriuntur
735 351 872 392 plurimi
884 374 894 389 ,
918 352 973 395 qui
994 352 1084 385 nervi
1093 354 1300 394 Intercoflalis
1311 365 1360 387 ra-

357 400 421 433 mis
441 395 578 440 praebent
599 394 748 436 originem
762 415 771 429 ‚
791 396 931 434 partium
953 395 1136 428 interiorum
1159 405 1278 430 motum
1299 394 1362 440 ces-

347 440 458 486 ssaffiffi
479 437 695 472 existimavit.
717 436 852 469 Ceffaffe
876 446 983 470 autem
1006 438 1039 470 in
1064 438 1173 474 nostro
1194 440 1264 474 casu
1288 450 1361 474 tan.

328 484 348 508 ’κ
358 494 396 518 to
419 482 545 517 facilius
561 505 570 520 ,
595 481 803 522 putaverim,
825 489 950 521 quanto
963 482 1064 523 magis
1074 481 1305 526 sanguis(quae
1317 484 1362 517 al-

357 537 427 561 tera
451 536 528 558 meae
551 522 745 567 conjefiurae
769 523 859 556 causa
883 523 947 562 est)
972 526 1238 566 promoventibus
1262 526 1365 569 ipsum

360 569 492 613 organis
512 568 674 600 resistebat
697 578 731 599 ea
755 565 890 599 crassitie
913 592 922 606 ‚
956 567 1020 601 sive
1053 578 1087 601 ea
1118 580 1212 611 aequo
1244 571 1364 603 minori

353 613 518 648 fluiditate
540 611 585 644 ob
607 621 704 652 quam
730 609 808 643 adeo
832 619 1000 644 concretus
1024 612 1056 643 in
1072 613 1220 652 arteriis,
1245 615 1366 648 multo-

356 656 541 701 quefetiam
564 656 665 696 magis
689 655 773 687 circa
798 654 974 693 praecordia
998 664 1138 697 repertus
1161 655 1225 689 est.

404 700 454 733 28.
481 699 534 732 Ad
560 699 702 731 Artuum
726 696 854 731 tandem
878 697 964 730 lesus
989 699 1105 732 attinet
1130 698 1287 733 Valsalvae
1312 700 1362 733 in-

358 743 494 787 sequens
517 741 715 774 Observatio
737 755 744 773 :
769 751 841 783 quae
865 739 957 774 simul
981 743 1096 784 quanti
1122 742 1186 775 fint
1210 742 1362 776 faciendae

360 795 580 822 extremorum
603 784 744 817 laesiones
764 782 925 821 ostendit,
950 784 1043 818 simul
1067 797 1083 818 a
1108 783 1249 820 faucium
1284 798 1364 820 con-

361 829 508 863 vulsione
530 828 680 861 instantes
710 835 785 860 toto
806 837 944 868 corpore
975 827 1106 861 lethales
1136 830 1364 864 convulsiones

360 874 439 915 saepe
461 872 495 904 in
521 871 711 904 vulneribus
734 869 893 909 indicari,
916 870 1113 905 confirmat.
1355 888 1357 891 ⁴
1381 884 1385 886 ⁷

404 926 455 957 29.
479 914 605 948 VIRO
628 924 783 947 annorum
805 914 942 955 triginta
966 916 1111 957 quinque
1132 916 1364 958 praegrandilaa

358 961 434 1004 pide
458 967 636 992 extremum
661 955 839 1000 percussum
862 957 908 990 est
933 958 1020 999 pedis
1035 957 1175 991 sinistri:
1200 961 1274 993 Pars
1284 970 1360 994 con-

358 1004 455 1042 tusa,
478 1003 536 1035 nisi
561 1005 770 1043 tangeretur,
793 1010 858 1033 non
881 1000 1012 1035 dolebat
1032 1026 1041 1035 .
1075 1002 1105 1034 E
1125 1001 1232 1036 medio
1255 1012 1362 1037 autem

357 1047 521 1090 praecipue
544 1043 644 1086 digiti
669 1044 817 1087 pollicis,
841 1043 896 1076 ubi
922 1044 1085 1086 tangendo
1108 1045 1277 1080 vehemens
1300 1046 1364 1080 do-

357 1092 410 1124 lor
431 1088 654 1127 excitabatur,
675 1088 802 1121 nullam
827 1089 1030 1130 purulentam
1053 1089 1223 1122 emittebat
1261 1098 1364 1123 mate-

360 1135 464 1171 riam,
488 1144 547 1167 nec
571 1131 639 1165 ullo
664 1132 780 1174 paeto,
804 1131 956 1165 laceratas
980 1132 1148 1166 tendinum
1160 1133 1256 1166 fibras
1281 1133 1364 1174 sepa-

358 1179 452 1212 rabat
466 1201 473 1208 .
497 1177 612 1209 Homo
634 1175 671 1208 in
690 1174 842 1207 omnibus
865 1173 893 1208 se
918 1174 999 1208 bene
1023 1174 1182 1213 habebat,
1205 1176 1301 1218 idque
1315 1175 1362 1210 fa.

356 1222 512 1258 tebatur,
536 1222 566 1252 δι
589 1219 642 1253 sua
668 1218 778 1251 munia
802 1218 950 1251 alacriter
972 1218 1107 1251 obibat.
1134 1220 1260 1252 Verum
1275 1219 1363 1252 sexto

359 1265 412 1299 die
437 1275 476 1298 ex
498 1260 685 1304 improviso
707 1260 840 1294 censivis
861 1260 1052 1299 doloribus,
1077 1260 1211 1304 diraque
1229 1262 1267 1296 ad
1290 1262 1362 1296 fau-

355 1319 411 1342 ces
433 1305 640 1341 convulfione
674 1303 884 1346 prehenditur
900 1328 907 1336 .
933 1305 1085 1347 Sequitur
1118 1304 1224 1347 postea
1249 1308 1362 1347 ingens

354 1361 436 1386 toto
455 1360 591 1392 corpore
613 1346 820 1382 convulsivus
842 1356 972 1387 motus,
996 1350 1027 1381 &
1050 1347 1140 1382 hunc
1162 1359 1248 1382 mors
1271 1350 1362 1383 ofia-

353 1407 402 1429 νο
422 1394 496 1429 die.
629 1391 808 1424 CAPITE
831 1388 989 1433 dissecto,
1014 1390 1098 1424 nihil
1123 1401 1241 1433 praeter
1265 1401 1362 1426 natu-

352 1450 425 1473 ram
447 1435 724 1479 deprehenditur-3
748 1433 770 1467 fi
797 1434 963 1476 paululum
988 1434 1097 1468 serosae
1110 1436 1252 1470 materiae
1274 1436 1361 1470 exci-

352 1484 426 1526 pias
449 1480 625 1524 stagnantis
647 1479 681 1511 in
703 1477 829 1512 cerebri
854 1479 1058 1513 ventriculis.

399 1536 452 1569 30.
478 1525 578 1558 Nunc
601 1523 730 1564 aliquot
754 1520 874 1555 nostras
897 1522 1082 1555 Vulnerum
1104 1546 1115 1562 ,
1149 1530 1205 1556 aut
1229 1522 1359 1558 Ietuum

358 1568 531 1605 earundem
554 1578 626 1610 quae
650 1565 801 1599 haetenus
823 1565 919 1599 distae
943 1564 1040 1605 sunt,
1065 1566 1214 1600 Partium
1237 1566 1359 1601 Obser-

354 1615 524 1651 vationes,
548 1610 659 1644 eodem
685 1607 811 1643 servato
834 1607 973 1647 ordine,
997 1607 1230 1651 subjiciamus.

401 1667 453 1701 3¹-
476 1656 562 1688 VIR
587 1655 628 1687 ab
650 1652 777 1686 inflifto
801 1653 835 1685 in
860 1651 1109 1694 hypogastrium
1121 1655 1250 1699 vulnere
1263 1654 1299 1688 ad
1313 1655 1361 1690 la-

355 1712 408 1737 tus
429 1701 598 1734 dexterum
615 1698 725 1730 Lineae
738 1695 831 1728 Albae
845 1717 856 1734 ,
882 1696 1118 1730 vomitionibus
1127 1698 1335 1732 coniliftatus
1350 1725 1359 1739 ,

354 1742 557 1782 humilibus,
580 1738 784 1781 infirmisque
806 1737 947 1779 pulsibus
971 1762 980 1778 ‚
1003 1743 1060 1771 ne'c
1082 1738 1147 1774 fine
1168 1740 1361 1783 quibusdam

355 1786 555 1825 convulsivis
579 1783 748 1822 motibus,
773 1782 862 1815 nulla
883 1791 990 1815 tamen
1013 1782 1115 1816 animi
1147 1783 1327 1818 defefflone
1349 1807 1360 1823 ,

355 1834 443 1868 obiit
467 1831 559 1863 intra
580 1827 666 1862 diem
689 1826 824 1860 tertium
846 1826 880 1858 in
905 1824 1189 1860 hoc‘Nosocomio
1212 1838 1286 1861 ante
1308 1839 1364 1861 ex-

355 1886 501 1914 tremum
523 1871 748 1906 Novembrem
773 1870 815 1902 A.
843 1879 939 1912 1742.
1074 1870 1364 1909 ABDOMINE,

357 1919 450 1966 quod
473 1915 639 1952 tumidum
665 1924 729 1948 non
752 1922 840 1953 erat,
863 1912 999 1947 didueto
1022 1935 1033 1951 ‚
1070 1913 1257 1955 sanguinem
1281 1912 1364 1948 effu-

355 1967 427 2001 {um
451 1969 661 1997 concretum,
686 1958 789 1991 neum
815 1966 922 1990 autem
946 1956 1136 1991 intestinum
1159 1967 1224 2000 qua
1236 1958 1362 1992 vulneri

356 2005 592 2052 respondebat,
619 2001 910 2035 transverberatum
934 1999 1152 2035 offendimus.

405 2062 456 2097 32.
482 2046 547 2083 Etsi
573 2048 608 2081 in
630 2045 760 2089 iudicio·
777 2043 816 2078 de
839 2044 1034 2085 vulnerum,
1056 2044 1214 2078 intestinis
1233 2044 1361 2078 velTe-

358 2097 480 2133 mribus
503 2090 709 2126 insuetorum
720 2115 732 2132 ‚
754 2087 936 2123 lethalitate
949 2098 1062 2122 cautus
1074 2085 1275 2131 prudensque
1290 2088 1362 2121 Me-

358 2143 451 2176 dicus
474 2136 637 2179 negligere
661 2133 716 2167 illa
739 2143 803 2166 non
825 2131 937 2165 debeat
960 2144 1032 2175 quae
1054 2132 1171 2171 doffte,
1194 2133 1224 2163 ὃ(
1238 2130 1363 2173 sapien-

361 2197 413 2220 ter
438 2182 530 2224 supet
555 2187 746 2220 argumento
768 2174 831 2209 hoc
854 2173 977 2216 scripfit
998 2175 1200 2209 Abrahamus
1223 2175 1364 2209 Vaterus

361 2233 379 2270 (
397 2228 417 2262 b
439 2230 474 2266 ),·
495 2234 602 2258 tamen
627 2223 723 2255 nimis
747 2230 855 2253 verum
879 2218 937 2252 esse
961 2219 1149 2262 plerumque
1183 2219 1365 2260 experimur

358 2272 447 2316 quod
472 2267 541 2312 post
563 2267 801 2307 Hippocratem
827 2266 885 2301 (c)
911 2262 1044 2296 tradidit
1069 2260 1253 2303 Celsus(d)
1271 2284 1279 2299 ‚
1296 2261 1366 2304 ser-

366 2316 439 2349 vari
462 2323 519 2346 non
539 2309 620 2356 poffe
644 2309 696 2342 cui
717 2315 774 2341 aut
781 2307 949 2349 jejunum,
972 2314 1029 2339 aut
1052 2307 1176 2339 tenuius
1187 2304 1367 2344 intestinum

364 2358 566 2392 vulneratum
582 2353 648 2396 fit.
673 2352 749 2385 Huc
760 2350 923 2384 Fabricius
947 2349 1053 2383 noster
1077 2349 1117 2383 ab
1129 2349 1365 2391 Aquapenden-

362 2413 395 2436 te
421 2406 430 2440 (
453 2412 468 2434 e
490 2403 504 2440 )
526 2398 592 2433 haec
615 2394 739 2429 addidit
765 2404 773 2425 t
801 2392 845 2436 fic
866 2392 1048 2427 vulneratos
1072 2390 1234 2435 obfi’rvairi
1255 2391 1366 2426 habere

354 2445 467 2492 pulsus
483 2442 645 2477 admodum
658 2438 755 2472 exiles
766 2461 774 2476 ‚
798 2433 1106 2479 &frequentiffimos
1120 2461 1129 2475 ,
1152 2437 1289 2478 morique
1298 2436 1365 2475 pri-

356 2501 412 2525 ·mo
434 2495 490 2521 aut
512 2485 610 2519 altero
632 2482 700 2521 die3
723 2481 800 2513 unde
816 2479 844 2522 fi
867 2479 947 2512 tales
969 2479 1116 2512 videritis
1130 2477 1264 2521 pulsus,
1281 2478 1364 2521 sem-

355 2543 415 2578 per
437 2529 579 2564 dubitate
602 2526 637 2559 de
659 2523 802 2558 tenuibus
824 2521 978 2561 intestinis
1008 2522 1184 2555 vulneratis
1208 2547 1217 2556 .
1250 2522 1366 2558 Quan-

360 2587 434 2611 tum
459 2573 539 2607 mihi
563 2572 596 2603 in
620 2568 760 2612 quodam
783 2564 951 2599 observare
975 2566 1119 2606 contigit
1139 2587 1148 2603 ,
1173 2566 1226 2599 cui
1250 2567 1365 2599 vulnus

360 2623 397 2656 in
422 2615 601 2653 umbilicali
624 2612 756 2655 regione
779 2609 967 2651 impositum
990 2608 1044 2642 sua
1068 2609 1173 2650 ipsum
1196 2608 1364 2652 sede-leju-

362 2674 442 2700 num
465 2659 651 2694 intestinum
675 2655 853 2689 sauciatum
877 2651 954 2690 esse,
979 2652 1166 2690 indicabat3
1191 2663 1301 2685 verum
1325 2652 1364 2686 de

362 2705 529 2753 pulsibus,
552 2705 584 2736 &
608 2709 719 2733 verum
742 2701 823 2732 item
846 2696 885 2730 de
897 2697 1012 2730 mortis
1033 2695 1084 2729 die
1108 2695 1361 2729 Fabriciusscri-

358 2750 445 2796 psit:
469 2755 653 2791 quanquam
676 2754 749 2777 curn
774 2741 873 2775 secare
897 2750 962 2773 non
975 2739 1360 2777 licuerit5tribuendum-

362 2791 403 2831 n'e
427 2792 459 2825 id
484 2788 557 2825 esset
580 2786 722 2821 intestini
753 2785 841 2818 illius
873 2783 1042 2817 dumtaxat
1066 2806 1079 2823 ‚
1110 2794 1148 2816 an
1180 2782 1360 2816 mesentcrii

366 2847 516 2881 quoque,
540 2836 571 2867 δι
596 2830 744 2865 vasorum
769 2828 919 2866 vulneri,
942 2826 1025 2860 unde
1039 2826 1167 2869 sanguis
1177 2825 1361 2868 effluxisset,

366 2893 427 2926 pro
450 2888 542 2913 certo
565 2875 641 2910 scire
663 2885 728 2907 non
753 2872 865 2915 potui.
890 2871 1018 2913 Nempe
1030 2869 1361 2904 dissefflonibusstan-

368 2926 449 2959 dum
472 2922 513 2955 est
531 2943 540 2952 .
577 2919 639 2953 Hae
663 2926 770 2951 autem
796 2924 832 2948 ut
855 2926 927 2957 quae
951 2914 1091 2948 sauciata
1114 2914 1262 2947 intestina
1295 2912 1364 2947 fue-

366 2970 459 3006 rint,
482 2975 540 3007 pro
559 2971 647 2996 certo
672 2958 866 2994 ostendunt,
890 2957 931 2991 sic
956 2955 1079 2990 faciunt
1097 2979 1106 2994 ‚
1144 2966 1180 2991 ut
1205 2957 1305 2990 alium
1329 2959 1363 2990 in

366 3012 439 3046 aliis
456 3031 466 3047 ,
490 3018 591 3048 neque
614 3006 662 3039 ita
686 3015 778 3042 raro,
802 3002 878 3034 vitae
901 3001 975 3034 inde
990 3001 1165 3034 terminum
1188 2999 1301 3039 fuisse,
1316 3001 1365 3033 ni-

353 3056 485 3091 -mirum
508 3061 567 3093 pro
590 3049 676 3081 varia
699 3055 875 3088 corporum
885 3043 1113 3086 dispositione,
1139 3043 1296 3087 variisque
1309 3044 1365 3077 ad-

366 3097 513 3142 iunetis,
534 3092 776 3133 intelligamus,
799 3088 830 3120 Si
853 3089 887 3121 in
911 3088 971 3122 hac
995 3089 1061 3121 ΙΙΙ.
1080 3087 1286 3130 -Sepulchreti
1310 3089 1363 3120 Se-

360 3142 474 3175 &ione
497 3136 769 3170 Observationem
803 3132 974 3174 perlegeris
998 3132 1102 3164 XXV.
1137 3131 1277 3173 exempla
1302 3130 1364 3165 huc

357 3182 544 3227 espeftantia
568 3174 1030 3222 pleraquecompleC-tentem3
1057 3174 1205 3215 videbis,
1228 3175 1288 3210 Ilei
1311 3176 1362 3208 in-

364 3227 473 3261 testini
499 3225 629 3257 vulnera
655 3220 754 3255 niodo
776 3220 861 3251 intra
887 3219 980 3252 horas
1003 3218 1231 3260 duodeviginti
1255 3214 1311 3260 (f
1327 3221 1360 3256 )‚

365 3269 467 3306 modo
490 3270 574 3301 intra
599 3267 664 3299 dies
695 3274 757 3297 tres
789 3268 842 3304 (g
861 3265 874 3301 )
896 3284 906 3299 ‚
953 3263 1050 3296 modo
1093 3263 1177 3295 intra
1221 3271 1363 3305 quatuor

365 3317 383 3357 (
404 3313 422 3346 h
446 3316 455 3351 )
480 3320 619 3346 mortem
645 3306 811 3346 attulisle,·
832 3306 910 3338 Coli
934 3316 1009 3338 vero
1034 3305 1110 3338 alias
1134 3307 1219 3339 intra
1233 3306 1361 3339 diesto-

361 3356 502 3396 tidem(
524 3357 534 3388 ι’
559 3358 590 3392 ),
614 3353 689 3385 alias
711 3353 797 3384 intra
821 3347 914 3382 horas
936 3358 1077 3390 quatuor
1099 3350 1186 3389 003
1210 3351 1277 3382 imo
1291 3351 1361 3381 cui-

359 3402 436 3436 dam
461 3397 609 3432 intestina
634 3405 704 3429 tum
727 3393 859 3432 Crassa,
883 3402 953 3425 tum
977 3392 1106 3425 Tenuia
1138 3393 1249 3427 multis
1283 3390 1356 3424 vul-

362 3443 494 3478 neribus
516 3437 660 3474 confossa
676 3462 686 3477 ‚
710 3438 812 3470 vitam
837 3434 994 3469 abstulisse
1017 3435 1069 3468 die
1099 3438 1217 3477 quinto
1240 3440 1254 3476 <
1277 3435 1289 3468 l
1309 3438 1323 3474 )
1346 3457 1354 3465 .

357 3488 437 3522 Huc
461 3485 538 3520 adde
562 3495 600 3517 ex
622 3483 762 3525 Hoyero
785 3479 864 3522 (m)
888 3477 1041 3513 Duodeni
1065 3477 1208 3513 intestini
1243 3479 1357 3513 vulnus

1411 223 1464 257 die
1487 233 1623 266 quart03
1647 234 1687 256 ex
1710 223 1843 258 Bohnio
1866 226 1931 267 (n)
1952 222 2061 266 Jejuni
2084 227 2192 267 paucis
2216 225 2284 266 post
2307 223 2411 264 horis;

1413 279 1452 301 ex
1475 268 1586 301 eodem
1609 269 1698 306 (o),
1720 279 1759 300 ex
1782 267 1987 302 Usenbenzio
2010 267 2063 310 (p
2084 271 2118 307 ),
2144 279 2182 301 ex
2195 268 2410 312 Hallero(q)

1413 311 1473 344 Ilei
1496 312 1613 345 octavo
1635 309 1708 350 die,
1731 321 1851 353 quarto
1872 313 1924 346 die
1939 336 1948 350 ,
1973 313 2081 351 primo
2103 310 2156 344 die
2179 309 2270 345 fuisse
2305 313 2412 346 letha—-

1412 354 1461 388 le.
1488 354 1575 388 Mihi
1600 363 1675 400 vero
1698 364 1736 386 ex
1759 353 1896 396 ejusdem
1919 352 2067 387 intestini
2077 355 2206 388 vulnere
2228 354 2310 389 haud
2324 355 2411 389 aliud

1413 409 1449 431 ae
1472 398 1506 432 in
1531 398 1697 439 proposito
1723 396 1809 430 Viro
1832 407 1961 440 tenipus
1984 396 2177 438 mortisjam
2189 407 2280 431 antea
2302 401 2411 432 contio

1412 450 1503 483 gerat
1528 441 1701 478 adnotare,
1726 450 1761 472 ut
1785 452 1823 474 ex
1845 442 1991 483 proxima
2014 440 2187 483 cognosces
2211 440 2366 475 historia.
2457 445 2459 448 ’

1457 495 1510 527 33.
1535 483 1623 516 VIR
1648 483 1728 515 alter
1752 492 1899 517 mortuus
1922 483 2045 517 ibidem
2070 493 2139 517 erat
2160 483 2334 519 convulsus
2357 485 2410 518 die

1415 539 1452 561 ex
1475 539 1543 570 quo
1565 526 1681 560 vulnus
1703 528 1789 560 circa
1812 527 1911 560 imam
1928 527 2123 570 Epicolicam
2147 529 2311 568 regionem
2335 528 2413 561 dex-

1414 580 1514 604 teram
1538 571 1645 605 cultro
1679 578 1842 613 acceperat
1864 571 1959 612 paulo
1994 579 2071 616 ante,
2099 570 2197 604 finem
2221 571 2412 606 Decembris

1415 615 1457 647 A.
1485 618 1579 656 1726.
1715 613 1992 647 CADAVERIS
2015 612 2110 655 hujus
2133 612 2285 658 quasdam
2296 624 2413 657 partes,

1415 660 1447 690 δι
1472 658 1666 692 nominatim
1690 668 1797 697 renes,
1820 667 1960 699 quorum
1983 658 2062 690 alter
2086 656 2171 690 binis
2193 659 2360 692 instrufflus
2381 669 2414 691 e-

1414 710 1464 734 rat
1489 702 1689 740 ureteribus,
1711 710 1786 733 toto
1808 700 1944 738 itinere,
1968 701 2099 743 ipsoque
2122 701 2206 734 intra
2229 701 2361 734 vesicam
2373 701 2413 740 fi-

1415 755 1457 777 ne
1479 743 1610 782 divisis,
1635 755 1710 778 curn
1734 743 1923 785 diligentius
1945 745 2183 780 examinarem;
2206 755 2278 786 quae
2292 744 2329 777 ad
2340 744 2411 778 vul-

1416 798 1476 820 nus
1500 789 1703 825 attinebant,
1727 787 1878 821 adnotare
1903 797 1967 819 non
1991 787 2119 828 neglexi
2142 812 2150 819 .
2180 787 2414 821 Mesenterium

1413 830 1637 872 li‘audprocul
1660 843 1676 863 a
1701 830 1764 863 fine
1779 831 1838 863 Ilei
1861 830 2003 863 intestini
2028 829 2190 873 pertusum
2202 827 2412 869 fuerat,nul-

1413 874 1447 910 lo
1468 874 1600 916 quidem
1624 874 1700 907 laeso
1723 872 1881 915 ejusmodi
1905 873 1974 906 vase
1986 874 2068 906 unde
2078 873 2238 915 sanguinis
2259 876 2353 917 copia
2366 873 2414 908 ef-

1413 916 1511 951 fundi
1535 916 1714 959 potuisset,·
1736 927 1771 950 ut
1795 928 1896 959 neque
1919 916 2014 950 effusa
2026 926 2116 955 erat,
2142 916 2293 959 peculiari
2306 927 2414 951 atten-

1413 963 1503 995 tione
1525 961 1642 1003 digna.
1669 960 1726 994 Sed
1752 963 1782 992 ἃ
1806 959 1886 993 illud
1909 960 2097 993 intestinum
2122 959 2299 994 sauciatum
2322 970 2410 994 erat.

1461 1016 1512 1047 34.
1537 1004 1614 1038 Hoc
1637 1003 1779 1037 intestini
1803 1002 1918 1036 vulnus
1941 1003 2070 1037 obstitit
2093 1015 2161 1045 quo
2185 1005 2290 1038 minus
2314 1017 2352 1038 eo
2375 1006 2411 1037 in

1414 1048 1509 1088 viro,
1532 1048 1566 1080 in
1589 1059 1657 1090 quo
1682 1047 1841 1089 sanguinis
1864 1045 1974 1080 effusio
1999 1058 2048 1079 me
2071 1047 2208 1081 dubium
2232 1046 2336 1081 facere
2348 1058 2413 1081 non

1416 1099 1545 1135 poterat
1572 1111 1583 1127 ,
1615 1090 1866 1123 Observationes
1889 1090 2113 1123 confirmarem
2138 1091 2294 1125 Friderici
2320 1093 2418 1134 Ruya-

1416 1134 1516 1168 schii.
1540 1134 1611 1177 Qui
1637 1134 1801 1176 postquam
1824 1135 1857 1166 in
1882 1132 2056 1167 Thesauris
2068 1135 2413 1174 Anatomicis(r)ad-

1416 1187 1583 1212 monuerat
1597 1203 1606 1217 ,
1629 1187 1684 1218 per
1705 1175 1918 1218 mesenterium
1940 1187 2051 1211 nervos
2071 1175 2209 1219 vzfibiles
2220 1178 2342 1217 exzstere
2357 1178 2415 1220 sa-

1415 1222 1460 1255 tis
1484 1219 1678 1262 numerosos,
1702 1218 1813 1261 quibus
1835 1219 1911 1261 laefis
1929 1220 2077 1262 graviora
2096 1221 2309 1261 producuntur
2323 1220 2414 1262 [rm-

1412 1272 1578 1306 ptomata,
1600 1262 1773 1305 doloresque
1795 1263 1964 1303 immanes,
1987 1263 2172 1297 asseveravit
2197 1265 2230 1296 in
2254 1263 2414 1297 Adversa-

1414 1308 1471 1341 riis
1493 1306 1553 1350 (s)
1569 1328 1577 1342 s
1601 1305 1815 1350 saepenurnero
1839 1305 1868 1338 se
1893 1306 2005 1341 vidisse
2029 1305 2175 1340 homines
2200 1307 2268 1349 post
2279 1307 2412 1341 affiduos

1414 1350 1635 1384 intolerabiles
1669 1350 1789 1383 ventris
1811 1351 1970 1384 cruciatus
1993 1351 2078 1383 intra
2102 1351 2182 1384 duos
2218 1350 2321 1385 tresve
2344 1350 2411 1384 dies

1414 1402 1583 1433 mortuos,
1605 1404 1746 1436 quorum
1770 1393 1888 1427 nullam
1913 1403 2026 1435 praeter
2048 1394 2153 1436 ipsu-tn
2187 1393 2412 1428 mesenterinm

1415 1436 1551 1479 alicujus
1575 1437 1731 1470 momenti
1755 1445 1880 1479 partem
1904 1437 2034 1471 vulnere
2060 1438 2166 1471 laesam
2186 1459 2197 1475 ‚
2223 1449 2256 1471 re
2280 1449 2412 1472 accura-

1412 1480 1528 1514 tiffime
1550 1480 1755 1519 examinata,
1780 1481 1889 1523 potuit
1912 1481 2084 1518 invenire3
2108 1478 2413 1515 tametfi‘mesente-

1411 1525 1453 1557 rii
1478 1524 1608 1558 vulnera
1631 1522 1763 1556 lethalia
1788 1534 1853 1557 non
1878 1525 2169 1566 pronunciaverint
2183 1525 2340 1559 Austores
2351 1525 2410 1567 qui

1410 1567 1504 1609 :super
1527 1567 1576 1601 his
1598 1566 1637 1601 ad
1659 1567 1691 1600 id
1705 1576 1829 1609 tempus
1854 1566 2065 1608 scripserant.
2089 1568 2225 1610 Propius
2247 1569 2414 1612 aliquanto

1412 1611 1451 1644 ad
1476 1611 1638 1646 Ruvschii
1663 1610 1918 1645 Observationes
1941 1610 2065 1644 accedit
2087 1623 2158 1654 quae
2182 1612 2223 1645 ab
2259 1612 2409 1655 spestatae

1403 1653 1489 1689 ,fidei
1511 1653 1680 1696 Chirurgo
1705 1653 1763 1687 sub
1783 1655 1916 1689 initium
1938 1655 1978 1687 A.
1995 1664 2089 1697 1724.
2112 1656 2221 1697 paucis
2245 1656 2415 1698 postquam

1413 1698 1480 1740 ipse
1502 1696 1677 1736 habuerat,
1699 1697 1811 1730 diebus
1832 1699 1870 1731 ad
1892 1697 1977 1731 hunc
2001 1697 2134 1743 modum
2159 1708 2284 1732 narrata
2306 1699 2371 1732 est.

1461 1750 1514 1783 35.
1538 1740 1855 1774 ALIENIGENAE
1879 1741 1988 1778 Viro,
2009 1752 2075 1782 Jam
2098 1741 2154 1774 diu
2178 1739 2231 1774 hic
2254 1745 2413 1782 moranti,

1414 1782 1618 1829 proindeque
1641 1783 1793 1817 omnibus
1817 1792 1897 1816 noto
1917 1807 1929 1823 ,
1962 1784 2077 1817 vulnus
2112 1782 2277 1818 inflifium
2310 1785 2415 1821 fuerat

1416 1838 1511 1862 acuto
1525 1852 1533 1866 ,
1556 1828 1716 1870 ancipiti,
1740 1826 1868 1861 &tenui
1884 1825 1994 1867 ferro,
2015 1827 2151 1869 oblique
2174 1840 2190 1860 a
2214 1826 2346 1862 sinistris
2359 1830 2414 1863 ab·

1415 1873 1532 1906 domen
1557 1870 1616 1904 sub
1640 1871 1715 1913 ipsis
1737 1870 1832 1903 costis
1849 1869 2057 1917 perforante.
2083 1870 2264 1913 Angustia,
2286 1873 2416 1906 &obli-

1414 1917 1522 1959 quitas
1546 1914 1689 1947 vulneris
1712 1922 1803 1946 erant
1827 1911 2009 1954 ejusmodi,
2031 1923 2068 1948 ut
2092 1925 2157 1947 non
2181 1914 2281 1948 modo
2293 1927 2331 1949 ex
2344 1917 2416 1950 vul-

1413 1969 1488 1992 nere
1512 1958 1593 1991 nihil
1617 1958 1734 1993 exire'·,
1767 1956 1817 1990 sed
1842 1967 1880 1989 ne
1904 1955 2067 1997 specillum
2092 1957 2225 1999 quidem
2258 1958 2323 1993 ulla
2345 1958 2416 2002 ejus

1413 2001 1597 2043 Chirurgi,
1621 2009 1674 2034 aut
1699 2000 1843 2033 Mafierii
1866 2000 1964 2042 ipsius
1987 2000 2156 2042 diligentia
2179 2000 2309 2035 admitti
2332 2002 2415 2036 fine-

1413 2055 1486 2080 rent
1511 2046 1544 2077 in
1569 2045 1691 2078 ventris
1717 2053 1857 2079 cavum;
1883 2054 1949 2085 quo
1975 2054 2081 2077 tamen
2107 2043 2228 2078 ferrum
2254 2047 2417 2087 pervenis.

1413 2089 1466 2124 se,
1489 2087 1557 2121 haec
1581 2087 1785 2121 indicabant.
1811 2087 1868 2120 Ab
1891 2096 2021 2128 accepto
2045 2087 2173 2121 vulnere
2183 2088 2222 2121 ad
2245 2090 2417 2130 quinfium

1414 2133 1514 2175 usque
1537 2131 1649 2171 diem,
1672 2142 1740 2173 quo
1763 2129 1905 2173 pulsibus
1927 2130 2150 2164 deficientibus
2180 2132 2267 2165 obiit
2291 2144 2302 2171 5
2337 2132 2417 2168 sem-

1417 2187 1490 2218 per,
1518 2173 1540 2208 si
1564 2174 1777 2208 intervallum
1801 2174 1940 2216 excipias
1963 2172 2115 2208 horarum
2129 2176 2293 2219 quinque,
2315 2176 2414 2220 idque

1418 2218 1538 2256 semel,
1564 2220 1691 2252 vomitu
1716 2217 1829 2260 rejecit
1854 2217 2032 2259 assumpta,
2054 2220 2086 2251 &
2111 2218 2211 2251 bilem
2232 2243 2241 2251 .
2278 2220 2415 2255 Ventris

1417 2263 1586 2297 doloribus
1608 2262 1840 2304 torquebatur.
1864 2260 1987 2303 Alvus,
2011 2260 2070 2294 nisi
2095 2262 2286 2303 clysteribus
2298 2261 2414 2303 soluta,

1417 2318 1582 2349 nunquam
1607 2305 1745 2340 reddidit
1770 2305 1968 2349 quidquam.
1994 2306 2126 2347 Sanguis
2149 2315 2256 2339 autem
2289 2306 2344 2350 etsi
2367 2317 2416 2342 ter

1417 2349 1521 2385 fuerat
1545 2350 1725 2390 detractus,
1750 2360 1853 2391 neque
1875 2349 1909 2381 in
1934 2347 1983 2381 his
2006 2360 2077 2391 quae
2102 2349 2168 2391 post
2180 2349 2414 2391 clysteres,aut

1417 2405 1492 2428 cum
1518 2393 1580 2426 illis
1602 2405 1673 2437 quae
1697 2403 1752 2435 per
1775 2393 1934 2426 vomit-um
1958 2393 2112 2429 exibant,
2135 2403 2328 2434 apparuerat
2352 2406 2414 2429 un-

1416 2449 1540 2480 quamz
1563 2436 1728 2469 novissime
1751 2445 1857 2469 tamen
1882 2444 1955 2469 ante
1977 2444 2119 2469 mortem
2143 2447 2181 2469 ex
2203 2448 2259 2470 ore
2286 2462 2295 2477 ‚
2319 2446 2352 2470 at
2375 2438 2413 2472 si-

1415 2482 1483 2514 mul
1507 2492 1523 2513 e
1546 2481 1695 2519 naribus,
1718 2479 1859 2522 prodiit.
1990 2479 2248 2513 ABDOMINE
2269 2480 2413 2523 miseeto,

1416 2522 1476 2557 sub
1498 2523 1678 2562 intestinis,
1702 2534 1773 2557 aere
1805 2522 1964 2566 turgidis,
1988 2533 2052 2556 non
2077 2524 2218 2557 multum
2252 2523 2413 2566 sanguinis

1417 2566 1505 2601 effusi
1530 2566 1736 2610 compedium
1747 2565 1812 2602 est,
1834 2568 1932 2608 idque
1947 2565 1984 2599 ad
2009 2566 2310 2601 ventrisinferiora.
2325 2569 2412 2602 Vul-

1416 2622 1474 2645 nus
1498 2620 1605 2645 autem
1628 2610 1737 2644 colon
1768 2608 1959 2643 intestinum
1990 2619 2132 2651 quatuor
2163 2611 2293 2644 circiter
2325 2610 2411 2647 infra

1415 2655 1531 2688 lienem
1553 2654 1666 2697 digitis
1688 2653 1844 2687 inciderat
1868 2653 2020 2694 quidem.
2043 2651 2095 2686 sed
2120 2653 2284 2695 superficie
2298 2663 2411 2690 tenus.

1412 2698 1491 2732 Inde
1516 2709 1610 2735 vero,
1633 2697 1722 2731 nullo
1737 2697 1808 2729 alio
1832 2697 1906 2730 laeso
1925 2694 2102 2736 intestino,
2127 2696 2164 2730 ad
2187 2696 2412 2734 mesenterium

1412 2749 1615 2786 pervenerat.
1641 2739 1741 2778 Quod
1765 2749 1933 2782 propterea
1956 2750 2020 2773 non
2045 2739 2143 2774 modo
2167 2739 2333 2784 saucium,
2357 2743 2410 2779 sed

1412 2786 1619 2820 &tumidum
1642 2786 1812 2817 inventum
1835 2783 1894 2817 est.

1456 2834 1510 2873 36.
1536 2828 1603 2862 Etsi
1617 2837 1730 2873 praeter
1742 2827 1965 2860 mesenterium
1980 2852 1989 2868 ,
2013 2825 2109 2862 facies
2129 2840 2259 2872 quoque
2269 2829 2411 2863 exterior

1414 2874 1562 2907 intestini
1584 2871 1638 2905 hic
1661 2881 1727 2904 erat
1752 2869 1876 2907 saucia;
1901 2868 1995 2904 facile
2007 2874 2310 2915 tamenintelliges‚
2325 2872 2408 2906 hanc

1415 2919 1547 2960 propius
1571 2914 1703 2949 abfuisse
1736 2915 1777 2948 ab
1798 2913 1960 2956 Ruyschii
1986 2914 2279 2950 Observationibus
2304 2937 2315 2954 ,
2347 2916 2410 2949 nisi

1414 2959 1502 3003 quod
1526 2959 1622 3002 paulo
1645 2959 1770 2992 diutius
1794 2958 1860 2991 vita
1884 2958 2035 3000 produeta
2060 2958 2122 2999 est,
2146 2960 2202 2993 ubi
2224 2971 2299 2994 cum
2322 2959 2410 2993 Boe-

1415 3004 1531 3037 rliavio
1555 3005 1619 3042 (t)
1642 3001 1906 3035 animadverteris
1921 3023 1931 3038 ‚
1955 3000 2166 3040 intestinorum
2198 3014 2326 3046 quoque
2350 3000 2410 3044 su-

1410 3045 1569 3089 perficiem
1592 3046 1773 3080 exteriorem
1796 3042 1982 3086 veriffimum
2005 3043 2217 3086 mesenterium
2239 3046 2311 3090 eJJe.
2334 3048 2409 3078 Cte-

1414 3099 1518 3126 terum
1543 3101 1617 3123 cum
1643 3100 1658 3122 a
1681 3089 1821 3122 sauciato
1845 3085 2032 3124 mesenterio
2046 3099 2131 3122 mors
2143 3089 2282 3127 accidit,
2305 3100 2408 3132 neque

1415 3133 1510 3174 hujus
1533 3132 1659 3167 causam
1683 3133 1716 3165 in
1739 3130 1914 3172 majuscula
1937 3132 2096 3174 quaepiam
2120 3133 2207 3167 illius
2230 3132 2329 3168 incisa
2353 3144 2409 3166 va-

1416 3179 1469 3215 sa,
1494 3187 1529 3210 ut
1553 3178 1586 3209 in
1610 3177 1692 3209 Cive
1715 3173 1879 3217 oppidano
1901 3185 1995 3217 quern
2020 3174 2163 3209 Bohnius
2187 3178 2262 3218 (u).
2284 3175 2407 3218 secuit,

1411 3219 1559 3256 conferre
1570 3220 1646 3253 licet
1659 3230 1670 3257 3
1683 3220 1716 3251 in
1728 3217 1936 3263 compunstos
1948 3218 2015 3260 ejus
2027 3229 2140 3252 nervos
2151 3231 2224 3253 cum
2236 3219 2408 3261 Ruyschio

1412 3263 1556 3300 conferre
1570 3264 1691 3305 poteris
1703 3284 1712 3299 ,
1726 3259 1917 3301 majusculos
1931 3270 2037 3294 tamen
2050 3264 2080 3294 δε
2091 3262 2195 3303 ipsos:
2212 3264 2234 3297 fi
2247 3264 2332 3296 enim
2345 3265 2407 3296 mi..

1413 3310 1577 3342 nimorum
1588 3316 1716 3349 quoque
1727 3305 1937 3346 compunfflo
1948 3303 2074 3338 lethalis
2087 3305 2159 3339 esset
2171 3318 2185 3345 5-
2206 3307 2312 3346 nulla,
2333 3309 2405 3349 opi·

1413 3363 1473 3385 nor
1484 3374 1492 3389 ‚
1518 3359 1640 3384 extaret
1652 3348 1730 3383 felix
1741 3370 1753 3387 ,
1775 3347 1964 3390 brevisque,
1978 3350 2008 3381 &
2022 3347 2084 3381 sine
2095 3350 2246 3390 gravibus
2259 3350 2403 3392 sympto-

1407 3396 1546 3429 maribus
1558 3391 1806 3426 transverberati
1819 3391 1938 3424 ventris
1961 3392 2106 3431 curatio,
2128 3403 2225 3434 quam
2250 3396 2279 3426 &
2303 3393 2403 3426 nobis

1408 3438 1506 3470 visam
1519 3447 1611 3469 antea
1623 3437 1671 3478 (x)
1683 3434 1910 3476 scripsimus,&
1923 3435 2078 3472 alii,inter
2089 3435 2401 3477 quosWaldschmie-

1407 3481 1478 3515 dius
1492 3484 1539 3520 (γ)
1550 3481 1709 3514 viderunt.
1725 3478 1783 3512 Sed
1796 3489 1853 3512 nos
1867 3477 1948 3516 ense3
1959 3478 2168 3512 Manchartus
2181 3482 2231 3521 (z)
2242 3491 2316 3513 vero
2327 3489 2402 3511 cum

2283 3532 2356 3555 ven·
2399 3540 2401 3542 v

358 3581 2396 3604 W—ffl———Q-——ss—

502 3635 569 3664 Disp.
588 3634 658 3658 inser.
677 3633 810 3658 Vulnerurn
827 3631 851 3656 in
871 3629 954 3655 rntest.
972 3630 1119 3655 Lethalitas.

503 3664 657 3689 Pentateuch.
677 3665 692 3688 1.
710 3671 731 3686 2.
747 3672 768 3688 c.
786 3671 821 3693 34.
839 3663 865 3686 in
881 3662 925 3686 sin.
989 3661 1049 3691 (f)
1068 3661 1092 3691 §-
1110 3668 1131 3689 9.

513 3696 565 3720 ACt.
584 3698 616 3719 N.
635 3697 663 3719 C.
680 3695 756 3719 Tom.
773 3701 796 3724 3.
814 3691 874 3717 Ohs.
893 3693 932 3717 [Β.
948 3721 953 3726 ,

507 3725 570 3756 Disp.
589 3727 663 3749 Anat.
680 3725 798 3750 collet'iar.
816 3725 890 3748 Tom-
906 3731 930 3751 7.
948 3729 972 3746 in
989 3720 1030 3744 fin.

511 3758 546 3781 De
564 3758 676 3780 Renunc.
696 3755 770 3781 Vuln.
787 3756 811 3780 S.
828 3762 850 3780 ².
867 3761 890 3780 c.
909 3761 932 3783 4·
994 3752 1007 3781 (
1023 3760 1038 3777 x
1053 3751 1065 3781 2
1081 3760 1108 3777 nr
1120 3760 1143 3782 7.

448 3735 463 3781 εὴ
444 3705 466 3719 3
444 3676 455 3690 θ
445 3636 458 3660 Q*

476 3637 496 3784 0⁰0⁹*

1181 3629 1218 3659 (t
1232 3629 1246 3657 )
1263 3629 1284 3653 S.
1301 3631 1325 3652 6.
1343 3629 1404 3659 Aph.
1423 3630 1462 3654 18.

1193 3662 1207 3689 (
1219 3668 1238 3690 ε
1254 3659 1267 3687 )
1288 3658 1312 3688 §-
1333 3667 1367 3688 ις·

992 3692 1006 3719 ί
1021 3700 1036 3715 n
1053 3692 1065 3720 )
1082 3694 1117 3716 De
1136 3693 1243 3715 Renunc.
1262 3690 1336 3714 Vuln.
1354 3692 1375 3713 S.
1394 3698 1414 3713 2.
1432 3698 1454 3714 c.
1469 3699 1494 3718 4.

1094 3723 1108 3751 (
1125 3730 1136 3745 r
1153 3723 1165 3750 )
1182 3723 1201 3746 1.
1219 3720 1301 3749 Repos.
1321 3729 1340 3749 3.
1358 3729 1385 3745 n.
1405 3729 1439 3750 ις.
1457 3725 1509 3744 not.
1527 3727 1546 3744 1.

1204 3751 1247 3781 (y
1263 3751 1276 3780 )
1295 3750 1358 3781 ἱρὴ.
1375 3753 1408 3776 N.
1429 3753 1459 3777 C.
1474 3752 1547 3777 Cent.
1567 3758 1588 3780 9·
1606 3749 1663 3776 ΟΜ.
1681 3759 1721 3781 70.

1523 3629 1537 3658 (
1553 3628 1568 3652 d
1584 3628 1598 3657 )
1614 3630 1648 3653 De
1665 3628 1758 3654 Medic.
1775 3630 1794 3652 1.
1812 3637 1833 3659 ς.
1851 3636 1871 3653 c.
1887 3632 1926 3652 26.
1945 3629 1968 3653 S.
1985 3635 2006 3652 ι,

1428 3659 1597 3690 (h)§.14.
1660 3660 1821 3692 (i)>§.13.
1885 3657 2038 3689 (k)§6.
2099 3659 2261 3689 (l)§.12.

1556 3688 1625 3719 (v)
1642 3689 1704 3713 lbid.
1762 3690 1803 3720 sp
1823 3691 1831 3718 )
1848 3689 1910 3718 Epi-¹.
1928 3691 1963 3714 N.
1980 3690 2010 3713 C.
2027 3690 2100 3713 Cent.
2117 3697 2143 3718 9.
2160 3688 2219 3713 Obs.
2235 3690 2277 3721 ᾄο.

1611 3720 1625 3747 (
1637 3719 1679 3749 s)
1696 3722 1752 3745 Dec.
1770 3728 1793 3744 2.
1810 3727 1833 3744 c.
1850 3728 1872 3748 4.
1933 3719 1947 3748 (
1964 3726 1974 3741 t
1990 3720 2005 3749 )
2023 3720 2125 3744 Praelet't.
2142 3719 2171 3742 ad
2192 3717 2268 3743 lnstlt.
2286 3716 2308 3747 §.
2324 3717 2382 3744 816.

1780 3751 1795 3780 ζ
1812 3758 1829 3779 z
1843 3749 1859 3780 )
1875 3750 1982 3776 Ειτυηᾰ.
2000 3751 2072 3776 cent.
2089 3759 2110 3780 5·
2125 3747 2185 3774 ΟΜ.
2206 3754 2244 3778 33.
