<?xml version="1.0" encoding="UTF-8"?>
<!DOCTYPE html PUBLIC "-//W3C//DTD XHTML 1.0 Transitional//EN"
    "http://www.w3.org/TR/xhtml1/DTD/xhtml1-transitional.dtd">
<html xmlns="http://www.w3.org/1999/xhtml" xml:lang="en" lang="en">
 <head>
  <title>
</title>
<meta http-equiv="Content-Type" content="text/html;charset=utf-8" />
  <meta name='ocr-system' content='tesseract 3.04.00' />
  <meta name='ocr-capabilities' content='ocr_page ocr_carea ocr_par ocr_line ocrx_word'/>
</head>
<body>
  <div class='ocr_page' id='page_1' title='image "./desedibusetcausi00morg_0550.png"; bbox 0 0 2498 4075; ppageno 0'>
   <div class='ocr_carea' id='block_1_1' title="bbox 471 149 566 198">
    <p class='ocr_par' dir='ltr' id='par_1_1' title="bbox 471 149 566 198">
     <span class='ocr_line' id='line_1_1' title="bbox 471 149 566 198; baseline -0.032 -4"><span class='ocrx_word' id='word_1_1' title='bbox 471 149 566 198; x_wconf 69' lang='lat'>152</span> 
     </span>
    </p>
   </div>
   <div class='ocr_carea' id='block_1_2' title="bbox 377 216 1419 3386">
    <p class='ocr_par' dir='ltr' id='par_1_2' title="bbox 392 216 1405 954">
     <span class='ocr_line' id='line_1_2' title="bbox 397 216 1403 263; baseline 0.002 -10"><span class='ocrx_word' id='word_1_2' title='bbox 397 216 569 254; x_wconf 50' lang='lat' dir='ltr'>‘docebunt</span> <span class='ocrx_word' id='word_1_3' title='bbox 591 226 673 263; x_wconf 77' lang='lat' dir='ltr'>quos</span> <span class='ocrx_word' id='word_1_4' title='bbox 696 217 844 253; x_wconf 78' lang='lat' dir='ltr'>maximae</span> <span class='ocrx_word' id='word_1_5' title='bbox 868 217 1069 254; x_wconf 83' lang='lat' dir='ltr'>distentionis</span> <span class='ocrx_word' id='word_1_6' title='bbox 1093 220 1199 256; x_wconf 83' lang='lat' dir='ltr'>veficae</span> <span class='ocrx_word' id='word_1_7' title='bbox 1222 223 1310 256; x_wconf 88' lang='lat' dir='ltr'>testes</span> <span class='ocrx_word' id='word_1_8' title='bbox 1322 222 1403 255; x_wconf 88' lang='lat' dir='ltr'>citat</span> 
     </span>
     <span class='ocr_line' id='line_1_3' title="bbox 405 261 1404 307; baseline 0.002 -11"><span class='ocrx_word' id='word_1_9' title='bbox 405 263 570 298; x_wconf 73' lang='lat' dir='ltr'>Henricus</span> <span class='ocrx_word' id='word_1_10' title='bbox 596 261 794 295; x_wconf 84' lang='lat' dir='ltr'>Meibomius</span> <span class='ocrx_word' id='word_1_11' title='bbox 821 267 831 301; x_wconf 89' lang='lat'>(</span> <span class='ocrx_word' id='word_1_12' title='bbox 853 274 870 295; x_wconf 91' lang='lat' dir='ltr'><em>o</em></span> <span class='ocrx_word' id='word_1_13' title='bbox 891 266 927 301; x_wconf 75' lang='lat'>&gt;²</span> <span class='ocrx_word' id='word_1_14' title='bbox 953 263 1008 304; x_wconf 80' lang='lat' dir='ltr'>qui</span> <span class='ocrx_word' id='word_1_15' title='bbox 1033 273 1142 298; x_wconf 85' lang='lat' dir='ltr'>tamen</span> <span class='ocrx_word' id='word_1_16' title='bbox 1175 265 1278 300; x_wconf 89' lang='lat' dir='ltr'>nescio</span> <span class='ocrx_word' id='word_1_17' title='bbox 1322 277 1404 307; x_wconf 87' lang='lat' dir='ltr'>quo-</span> 
     </span>
     <span class='ocr_line' id='line_1_4' title="bbox 404 305 1404 349; baseline 0.001 -9"><span class='ocrx_word' id='word_1_18' title='bbox 404 307 504 340; x_wconf 85' lang='lat' dir='ltr'>modo</span> <span class='ocrx_word' id='word_1_19' title='bbox 527 316 621 339; x_wconf 89' lang='lat' dir='ltr'>unam</span> <span class='ocrx_word' id='word_1_20' title='bbox 645 305 783 338; x_wconf 88' lang='lat' dir='ltr'>Hildani</span> <span class='ocrx_word' id='word_1_21' title='bbox 806 305 1080 341; x_wconf 86' lang='lat' dir='ltr'>Observationem</span> <span class='ocrx_word' id='word_1_22' title='bbox 1105 319 1162 349; x_wconf 94' lang='lat' dir='ltr'>pro</span> <span class='ocrx_word' id='word_1_23' title='bbox 1186 309 1307 342; x_wconf 89' lang='lat' dir='ltr'>duabus</span> <span class='ocrx_word' id='word_1_24' title='bbox 1330 319 1404 349; x_wconf 52' lang='lat' dir='ltr'>pro&gt;—</span> 
     </span>
     <span class='ocr_line' id='line_1_5' title="bbox 403 348 1404 391; baseline 0 -8"><span class='ocrx_word' id='word_1_25' title='bbox 403 351 524 383; x_wconf 84' lang='lat' dir='ltr'>ducat.</span> <span class='ocrx_word' id='word_1_26' title='bbox 550 348 696 382; x_wconf 84' lang='lat' dir='ltr'>Eandem</span> <span class='ocrx_word' id='word_1_27' title='bbox 718 349 807 381; x_wconf 90' lang='lat' dir='ltr'>enim</span> <span class='ocrx_word' id='word_1_28' title='bbox 830 360 925 391; x_wconf 88' lang='lat' dir='ltr'>quam</span> <span class='ocrx_word' id='word_1_29' title='bbox 950 348 1047 390; x_wconf 90' lang='lat' dir='ltr'>presse</span> <span class='ocrx_word' id='word_1_30' title='bbox 1069 351 1156 385; x_wconf 86' lang='lat' dir='ltr'>libro</span> <span class='ocrx_word' id='word_1_31' title='bbox 1178 351 1216 385; x_wconf 91' lang='lat' dir='ltr'>de</span> <span class='ocrx_word' id='word_1_32' title='bbox 1247 350 1404 384; x_wconf 69' lang='lat' dir='ltr'>Dithoto-</span> 
     </span>
     <span class='ocr_line' id='line_1_6' title="bbox 401 390 1400 434; baseline 0 -9"><span class='ocrx_word' id='word_1_33' title='bbox 401 394 467 426; x_wconf 77' lang='lat' dir='ltr'>mia</span> <span class='ocrx_word' id='word_1_34' title='bbox 487 402 557 431; x_wconf 85' lang='lat' dir='ltr'>cap.</span> <span class='ocrx_word' id='word_1_35' title='bbox 585 402 614 431; x_wconf 88' lang='lat'>5.</span> <span class='ocrx_word' id='word_1_36' title='bbox 640 392 854 428; x_wconf 83' lang='lat' dir='ltr'>memoravit,</span> <span class='ocrx_word' id='word_1_37' title='bbox 879 390 977 425; x_wconf 86' lang='lat' dir='ltr'>fufius</span> <span class='ocrx_word' id='word_1_38' title='bbox 998 394 1155 427; x_wconf 87' lang='lat' dir='ltr'>Centuria</span> <span class='ocrx_word' id='word_1_39' title='bbox 1178 394 1226 428; x_wconf 95' lang='lat' dir='ltr'>II.</span> <span class='ocrx_word' id='word_1_40' title='bbox 1252 394 1333 427; x_wconf 91' lang='lat' dir='ltr'>Obs.</span> <span class='ocrx_word' id='word_1_41' title='bbox 1347 397 1400 434; x_wconf 83' lang='lat'>65.</span> 
     </span>
     <span class='ocr_line' id='line_1_7' title="bbox 401 433 1404 476; baseline 0 -8"><span class='ocrx_word' id='word_1_42' title='bbox 401 433 566 475; x_wconf 76' lang='lat' dir='ltr'>descripsit</span> <span class='ocrx_word' id='word_1_43' title='bbox 590 434 754 468; x_wconf 86' lang='lat' dir='ltr'>Hildanus</span> <span class='ocrx_word' id='word_1_44' title='bbox 771 459 781 473; x_wconf 91' lang='lat'>‚</span> <span class='ocrx_word' id='word_1_45' title='bbox 805 434 920 476; x_wconf 84' lang='lat' dir='ltr'>ibique</span> <span class='ocrx_word' id='word_1_46' title='bbox 943 435 1030 468; x_wconf 91' lang='lat' dir='ltr'>ulcus</span> <span class='ocrx_word' id='word_1_47' title='bbox 1053 447 1069 468; x_wconf 85' lang='lat' dir='ltr'>e</span> <span class='ocrx_word' id='word_1_48' title='bbox 1091 436 1202 471; x_wconf 80' lang='lat' dir='ltr'>vesicae</span> <span class='ocrx_word' id='word_1_49' title='bbox 1246 448 1326 471; x_wconf 90' lang='lat' dir='ltr'>cavo</span> <span class='ocrx_word' id='word_1_50' title='bbox 1371 438 1404 469; x_wconf 89' lang='lat' dir='ltr'>in</span> 
     </span>
     <span class='ocr_line' id='line_1_8' title="bbox 402 476 1405 519; baseline 0.003 -8"><span class='ocrx_word' id='word_1_51' title='bbox 402 479 545 511; x_wconf 59' lang='lat' dir='ltr'>Renum</span> <span class='ocrx_word' id='word_1_52' title='bbox 570 477 672 519; x_wconf 88' lang='lat' dir='ltr'>usque</span> <span class='ocrx_word' id='word_1_53' title='bbox 695 476 882 511; x_wconf 85' lang='lat' dir='ltr'>intestinum</span> <span class='ocrx_word' id='word_1_54' title='bbox 906 477 1073 519; x_wconf 84' lang='lat' dir='ltr'>pertinens</span> <span class='ocrx_word' id='word_1_55' title='bbox 1095 480 1129 512; x_wconf 90' lang='lat' dir='ltr'>in</span> <span class='ocrx_word' id='word_1_56' title='bbox 1174 490 1308 514; x_wconf 88' lang='lat' dir='ltr'>mortuo</span> <span class='ocrx_word' id='word_1_57' title='bbox 1352 479 1405 514; x_wconf 85' lang='lat' dir='ltr'>de-</span> 
     </span>
     <span class='ocr_line' id='line_1_9' title="bbox 398 519 1403 563; baseline 0.002 -9"><span class='ocrx_word' id='word_1_58' title='bbox 398 531 489 554; x_wconf 88' lang='lat' dir='ltr'>mum</span> <span class='ocrx_word' id='word_1_59' title='bbox 512 519 572 553; x_wconf 88' lang='lat' dir='ltr'>illo</span> <span class='ocrx_word' id='word_1_60' title='bbox 596 521 675 554; x_wconf 85' lang='lat' dir='ltr'>Sene</span> <span class='ocrx_word' id='word_1_61' title='bbox 698 520 738 552; x_wconf 90' lang='lat' dir='ltr'>ab</span> <span class='ocrx_word' id='word_1_62' title='bbox 763 520 793 552; x_wconf 88' lang='lat' dir='ltr'>se</span> <span class='ocrx_word' id='word_1_63' title='bbox 817 529 979 560; x_wconf 87' lang='lat' dir='ltr'>repertum</span> <span class='ocrx_word' id='word_1_64' title='bbox 1005 523 1161 563; x_wconf 79' lang='lat' dir='ltr'>proponit</span> <span class='ocrx_word' id='word_1_65' title='bbox 1176 547 1184 555; x_wconf 91' lang='lat'>.</span> <span class='ocrx_word' id='word_1_66' title='bbox 1209 524 1322 557; x_wconf 90' lang='lat' dir='ltr'>Multo</span> <span class='ocrx_word' id='word_1_67' title='bbox 1346 534 1403 556; x_wconf 87' lang='lat' dir='ltr'>au·-</span> 
     </span>
     <span class='ocr_line' id='line_1_10' title="bbox 392 563 1401 609; baseline 0 -11"><span class='ocrx_word' id='word_1_68' title='bbox 392 573 461 598; x_wconf 79' lang='lat' dir='ltr'>tem</span> <span class='ocrx_word' id='word_1_69' title='bbox 484 563 595 605; x_wconf 71' lang='lat' dir='ltr'>saepius</span> <span class='ocrx_word' id='word_1_70' title='bbox 617 563 913 597; x_wconf 81' lang='lat' dir='ltr'>inflammationem</span> <span class='ocrx_word' id='word_1_71' title='bbox 936 563 970 597; x_wconf 89' lang='lat' dir='ltr'>id</span> <span class='ocrx_word' id='word_1_72' title='bbox 996 565 1140 607; x_wconf 87' lang='lat' dir='ltr'>sequitur</span> <span class='ocrx_word' id='word_1_73' title='bbox 1163 566 1251 609; x_wconf 86' lang='lat' dir='ltr'>quod</span> <span class='ocrx_word' id='word_1_74' title='bbox 1284 565 1324 599; x_wconf 87' lang='lat' dir='ltr'>ab</span> <span class='ocrx_word' id='word_1_75' title='bbox 1356 566 1401 598; x_wconf 89' lang='lat' dir='ltr'>al-</span> 
     </span>
     <span class='ocr_line' id='line_1_11' title="bbox 399 606 1400 643; baseline 0.003 -4"><span class='ocrx_word' id='word_1_76' title='bbox 399 616 472 640; x_wconf 77' lang='lat' dir='ltr'>tero</span> <span class='ocrx_word' id='word_1_77' title='bbox 517 618 556 640; x_wconf 85' lang='lat' dir='ltr'>ex</span> <span class='ocrx_word' id='word_1_78' title='bbox 588 607 697 639; x_wconf 90' lang='lat' dir='ltr'>citatis</span> <span class='ocrx_word' id='word_1_79' title='bbox 720 619 736 639; x_wconf 88' lang='lat' dir='ltr'>a</span> <span class='ocrx_word' id='word_1_80' title='bbox 761 606 948 640; x_wconf 78' lang='lat' dir='ltr'>Meibomio</span> <span class='ocrx_word' id='word_1_81' title='bbox 996 608 1197 643; x_wconf 65' lang='lat' dir='ltr'>Aut&#39;storibus</span> <span class='ocrx_word' id='word_1_82' title='bbox 1242 609 1400 642; x_wconf 85' lang='lat' dir='ltr'>Panarolo</span> 
     </span>
     <span class='ocr_line' id='line_1_12' title="bbox 398 649 1396 693; baseline 0.003 -11"><span class='ocrx_word' id='word_1_83' title='bbox 398 649 489 691; x_wconf 87' lang='lat' dir='ltr'>(p)</span> <span class='ocrx_word' id='word_1_84' title='bbox 513 659 562 683; x_wconf 89' lang='lat' dir='ltr'>ter</span> <span class='ocrx_word' id='word_1_85' title='bbox 583 649 789 683; x_wconf 82' lang='lat' dir='ltr'>observatum</span> <span class='ocrx_word' id='word_1_86' title='bbox 815 650 985 690; x_wconf 83' lang='lat' dir='ltr'>invenies,</span> <span class='ocrx_word' id='word_1_87' title='bbox 1009 662 1180 693; x_wconf 80' lang='lat' dir='ltr'>gangraena</span> <span class='ocrx_word' id='word_1_88' title='bbox 1213 653 1364 685; x_wconf 87' lang='lat' dir='ltr'>videlicet</span> <span class='ocrx_word' id='word_1_89' title='bbox 1386 675 1396 690; x_wconf 92' lang='lat'>,</span> 
     </span>
     <span class='ocr_line' id='line_1_13' title="bbox 400 690 1400 768; baseline 0.003 -42"><span class='ocrx_word' id='word_1_90' title='bbox 400 693 437 726; x_wconf 77' lang='lat' dir='ltr'>in</span> <span class='ocrx_word' id='word_1_91' title='bbox 462 690 616 726; x_wconf 79' lang='lat' dir='ltr'>lethalem</span> <span class='ocrx_word' id='word_1_92' title='bbox 642 692 824 768; x_wconf 50' lang='lat' dir='ltr'>‘sjphacelum</span> <span class='ocrx_word' id='word_1_93' title='bbox 850 691 1022 726; x_wconf 89' lang='lat' dir='ltr'>transiens.</span> <span class='ocrx_word' id='word_1_94' title='bbox 1049 695 1122 736; x_wconf 86' lang='lat' dir='ltr'>Ego</span> <span class='ocrx_word' id='word_1_95' title='bbox 1134 695 1400 738; x_wconf 85' lang='lat' dir='ltr'>postinflamma-</span> 
     </span>
     <span class='ocr_line' id='line_1_14' title="bbox 401 733 1405 782; baseline 0.003 -13"><span class='ocrx_word' id='word_1_96' title='bbox 401 738 526 769; x_wconf 83' lang='lat' dir='ltr'>tionem</span> <span class='ocrx_word' id='word_1_97' title='bbox 550 746 622 778; x_wconf 85' lang='lat' dir='ltr'>quae</span> <span class='ocrx_word' id='word_1_98' title='bbox 666 736 767 769; x_wconf 87' lang='lat' dir='ltr'>iutius</span> <span class='ocrx_word' id='word_1_99' title='bbox 789 733 961 769; x_wconf 81' lang='lat' dir='ltr'>distentam</span> <span class='ocrx_word' id='word_1_100' title='bbox 997 737 1134 771; x_wconf 82' lang='lat' dir='ltr'>vefi&#39;cam</span> <span class='ocrx_word' id='word_1_101' title='bbox 1177 740 1372 782; x_wconf 88' lang='lat' dir='ltr'>corripuerit</span> <span class='ocrx_word' id='word_1_102' title='bbox 1395 763 1405 780; x_wconf 86' lang='lat'>,</span> 
     </span>
     <span class='ocr_line' id='line_1_15' title="bbox 398 779 1403 821; baseline 0.006 -10"><span class='ocrx_word' id='word_1_103' title='bbox 398 789 569 821; x_wconf 74' lang='lat' dir='ltr'>nunquam</span> <span class='ocrx_word' id='word_1_104' title='bbox 615 789 822 821; x_wconf 85' lang='lat' dir='ltr'>gangraenam</span> <span class='ocrx_word' id='word_1_105' title='bbox 869 779 1059 821; x_wconf 85' lang='lat' dir='ltr'>ampliorem</span> <span class='ocrx_word' id='word_1_106' title='bbox 1103 780 1213 815; x_wconf 82' lang='lat' dir='ltr'>vidisse</span> <span class='ocrx_word' id='word_1_107' title='bbox 1238 784 1372 817; x_wconf 90' lang='lat' dir='ltr'>memini</span> <span class='ocrx_word' id='word_1_108' title='bbox 1393 805 1403 820; x_wconf 89' lang='lat'><em>‚</em></span> 
     </span>
     <span class='ocr_line' id='line_1_16' title="bbox 398 820 1404 867; baseline 0.003 -12"><span class='ocrx_word' id='word_1_109' title='bbox 398 832 498 864; x_wconf 84' lang='lat' dir='ltr'>quam</span> <span class='ocrx_word' id='word_1_110' title='bbox 523 823 556 854; x_wconf 94' lang='lat' dir='ltr'>in</span> <span class='ocrx_word' id='word_1_111' title='bbox 583 820 711 864; x_wconf 85' lang='lat' dir='ltr'>agrestis</span> <span class='ocrx_word' id='word_1_112' title='bbox 735 822 814 854; x_wconf 88' lang='lat' dir='ltr'>Viri</span> <span class='ocrx_word' id='word_1_113' title='bbox 837 831 973 862; x_wconf 83' lang='lat' dir='ltr'>corpore</span> <span class='ocrx_word' id='word_1_114' title='bbox 994 823 1082 866; x_wconf 90' lang='lat' dir='ltr'>quod</span> <span class='ocrx_word' id='word_1_115' title='bbox 1106 825 1347 867; x_wconf 83' lang='lat' dir='ltr'>inexploratum</span> <span class='ocrx_word' id='word_1_116' title='bbox 1370 827 1404 859; x_wconf 88' lang='lat' dir='ltr'>in</span> 
     </span>
     <span class='ocr_line' id='line_1_17' title="bbox 401 865 1404 914; baseline 0.003 -15"><span class='ocrx_word' id='word_1_117' title='bbox 401 865 590 899; x_wconf 84' lang='lat' dir='ltr'>Theatrum</span> <span class='ocrx_word' id='word_1_118' title='bbox 633 865 868 898; x_wconf 87' lang='lat' dir='ltr'>Anatomicum</span> <span class='ocrx_word' id='word_1_119' title='bbox 893 865 1095 901; x_wconf 86' lang='lat' dir='ltr'>Bononiense</span> <span class='ocrx_word' id='word_1_120' title='bbox 1117 876 1234 903; x_wconf 88' lang='lat' dir='ltr'>temere</span> <span class='ocrx_word' id='word_1_121' title='bbox 1257 869 1404 914; x_wconf 84' lang='lat' dir='ltr'>imperiti</span> 
     </span>
     <span class='ocr_line' id='line_1_18' title="bbox 401 906 1209 954; baseline 0.004 -14"><span class='ocrx_word' id='word_1_122' title='bbox 401 906 533 951; x_wconf 81' lang='lat' dir='ltr'>juvenes</span> <span class='ocrx_word' id='word_1_123' title='bbox 557 908 801 950; x_wconf 83' lang='lat' dir='ltr'>importandum</span> <span class='ocrx_word' id='word_1_124' title='bbox 826 919 1018 944; x_wconf 83' lang='lat' dir='ltr'>curaverant</span> <span class='ocrx_word' id='word_1_125' title='bbox 1042 911 1084 944; x_wconf 85' lang='lat' dir='ltr'>A.</span> <span class='ocrx_word' id='word_1_126' title='bbox 1112 914 1209 954; x_wconf 89' lang='lat'><em>1706.</em></span> 
     </span>
    </p>

    <p class='ocr_par' dir='ltr' id='par_1_3' title="bbox 390 951 1407 1506">
     <span class='ocr_line' id='line_1_19' title="bbox 443 951 1404 994; baseline 0.007 -11"><span class='ocrx_word' id='word_1_127' title='bbox 443 961 493 984; x_wconf 85' lang='lat'>10.</span> <span class='ocrx_word' id='word_1_128' title='bbox 518 952 577 990; x_wconf 87' lang='lat' dir='ltr'>IS,</span> <span class='ocrx_word' id='word_1_129' title='bbox 603 955 638 983; x_wconf 83' lang='lat' dir='ltr'>ut</span> <span class='ocrx_word' id='word_1_130' title='bbox 663 951 767 993; x_wconf 88' lang='lat' dir='ltr'>postea</span> <span class='ocrx_word' id='word_1_131' title='bbox 792 961 995 993; x_wconf 86' lang='lat' dir='ltr'>compertum</span> <span class='ocrx_word' id='word_1_132' title='bbox 1017 954 1082 992; x_wconf 75' lang='lat' dir='ltr'>est,</span> <span class='ocrx_word' id='word_1_133' title='bbox 1107 966 1242 994; x_wconf 88' lang='lat' dir='ltr'>renum,</span> <span class='ocrx_word' id='word_1_134' title='bbox 1266 956 1374 990; x_wconf 82' lang='lat' dir='ltr'>vesicae</span> <span class='ocrx_word' id='word_1_135' title='bbox 1394 977 1404 993; x_wconf 88' lang='lat'><em>‚</em></span> 
     </span>
     <span class='ocr_line' id='line_1_20' title="bbox 397 994 1407 1040; baseline 0.004 -12"><span class='ocrx_word' id='word_1_136' title='bbox 397 994 454 1028; x_wconf 84' lang='lat' dir='ltr'>:ilci</span> <span class='ocrx_word' id='word_1_137' title='bbox 478 994 621 1027; x_wconf 79' lang='lat' dir='ltr'>intestini</span> <span class='ocrx_word' id='word_1_138' title='bbox 646 996 737 1028; x_wconf 87' lang='lat' dir='ltr'>vitiis</span> <span class='ocrx_word' id='word_1_139' title='bbox 758 994 942 1033; x_wconf 88' lang='lat' dir='ltr'>obnoxius,</span> <span class='ocrx_word' id='word_1_140' title='bbox 968 996 1097 1039; x_wconf 80' lang='lat' dir='ltr'>aliquot</span> <span class='ocrx_word' id='word_1_141' title='bbox 1120 998 1184 1040; x_wconf 84' lang='lat' dir='ltr'>jam</span> <span class='ocrx_word' id='word_1_142' title='bbox 1228 999 1297 1033; x_wconf 87' lang='lat' dir='ltr'>dies</span> <span class='ocrx_word' id='word_1_143' title='bbox 1341 999 1407 1032; x_wconf 88' lang='lat' dir='ltr'>uri-</span> 
     </span>
     <span class='ocr_line' id='line_1_21' title="bbox 392 1037 1405 1085; baseline 0.005 -14"><span class='ocrx_word' id='word_1_144' title='bbox 392 1048 469 1072; x_wconf 84' lang='lat' dir='ltr'>nam</span> <span class='ocrx_word' id='word_1_145' title='bbox 515 1037 645 1085; x_wconf 73' lang='lat' dir='ltr'>reddere</span> <span class='ocrx_word' id='word_1_146' title='bbox 691 1049 757 1072; x_wconf 89' lang='lat' dir='ltr'>non</span> <span class='ocrx_word' id='word_1_147' title='bbox 783 1046 953 1080; x_wconf 88' lang='lat' dir='ltr'>potuerat.</span> <span class='ocrx_word' id='word_1_148' title='bbox 980 1041 1096 1082; x_wconf 88' lang='lat' dir='ltr'>Itaque</span> <span class='ocrx_word' id='word_1_149' title='bbox 1120 1042 1275 1081; x_wconf 88' lang='lat' dir='ltr'>tumido,</span> <span class='ocrx_word' id='word_1_150' title='bbox 1298 1045 1329 1075; x_wconf 91' lang='lat'><strong>&amp;</strong></span> <span class='ocrx_word' id='word_1_151' title='bbox 1354 1044 1405 1075; x_wconf 90' lang='lat' dir='ltr'>ni-</span> 
     </span>
     <span class='ocr_line' id='line_1_22' title="bbox 398 1080 1405 1124; baseline 0.006 -11"><span class='ocrx_word' id='word_1_152' title='bbox 398 1080 564 1123; x_wconf 79' lang='lat' dir='ltr'>grescente</span> <span class='ocrx_word' id='word_1_153' title='bbox 587 1092 653 1124; x_wconf 77' lang='lat' dir='ltr'>1am</span> <span class='ocrx_word' id='word_1_154' title='bbox 676 1081 849 1115; x_wconf 81' lang='lat' dir='ltr'>abdomine</span> <span class='ocrx_word' id='word_1_155' title='bbox 874 1092 1020 1117; x_wconf 87' lang='lat' dir='ltr'>mortuus</span> <span class='ocrx_word' id='word_1_156' title='bbox 1064 1093 1151 1118; x_wconf 88' lang='lat' dir='ltr'>erat.</span> <span class='ocrx_word' id='word_1_157' title='bbox 1270 1086 1405 1118; x_wconf 86' lang='lat' dir='ltr'><strong>&#39;VEN-</strong></span> 
     </span>
     <span class='ocr_line' id='line_1_23' title="bbox 397 1124 1403 1168; baseline 0.004 -10"><span class='ocrx_word' id='word_1_158' title='bbox 397 1125 507 1158; x_wconf 82' lang='lat' dir='ltr'>TRIS</span> <span class='ocrx_word' id='word_1_159' title='bbox 531 1124 686 1164; x_wconf 85' lang='lat' dir='ltr'>inferiora</span> <span class='ocrx_word' id='word_1_160' title='bbox 710 1125 885 1168; x_wconf 83' lang='lat' dir='ltr'>praesertim</span> <span class='ocrx_word' id='word_1_161' title='bbox 913 1125 1052 1164; x_wconf 86' lang='lat' dir='ltr'>viscera,</span> <span class='ocrx_word' id='word_1_162' title='bbox 1074 1129 1105 1160; x_wconf 88' lang='lat'>&amp;</span> <span class='ocrx_word' id='word_1_163' title='bbox 1129 1130 1163 1161; x_wconf 89' lang='lat' dir='ltr'>in</span> <span class='ocrx_word' id='word_1_164' title='bbox 1186 1126 1236 1162; x_wconf 87' lang='lat' dir='ltr'>his</span> <span class='ocrx_word' id='word_1_165' title='bbox 1269 1128 1368 1162; x_wconf 87' lang='lat' dir='ltr'>vesica</span> <span class='ocrx_word' id='word_1_166' title='bbox 1393 1151 1403 1167; x_wconf 92' lang='lat'><em>‚</em></span> 
     </span>
     <span class='ocr_line' id='line_1_24' title="bbox 395 1167 1404 1213; baseline 0.003 -11"><span class='ocrx_word' id='word_1_167' title='bbox 395 1167 626 1209; x_wconf 85' lang='lat' dir='ltr'>nigricabant‚</span> <span class='ocrx_word' id='word_1_168' title='bbox 650 1178 686 1202; x_wconf 91' lang='lat' dir='ltr'>ut</span> <span class='ocrx_word' id='word_1_169' title='bbox 711 1168 851 1202; x_wconf 85' lang='lat' dir='ltr'>scrotum</span> <span class='ocrx_word' id='word_1_170' title='bbox 875 1179 1030 1212; x_wconf 89' lang='lat' dir='ltr'>quoque,</span> <span class='ocrx_word' id='word_1_171' title='bbox 1054 1172 1085 1202; x_wconf 78' lang='grc' dir='ltr'>δε</span> <span class='ocrx_word' id='word_1_172' title='bbox 1120 1170 1182 1204; x_wconf 91' lang='lat' dir='ltr'>hoc</span> <span class='ocrx_word' id='word_1_173' title='bbox 1229 1173 1404 1213; x_wconf 88' lang='lat' dir='ltr'>intercepta</span> 
     </span>
     <span class='ocr_line' id='line_1_25' title="bbox 394 1210 1405 1256; baseline 0.004 -12"><span class='ocrx_word' id='word_1_174' title='bbox 394 1210 539 1244; x_wconf 79' lang='lat' dir='ltr'>intestini</span> <span class='ocrx_word' id='word_1_175' title='bbox 563 1210 652 1253; x_wconf 91' lang='lat' dir='ltr'>quod</span> <span class='ocrx_word' id='word_1_176' title='bbox 675 1212 769 1250; x_wconf 88' lang='lat' dir='ltr'>dixi,</span> <span class='ocrx_word' id='word_1_177' title='bbox 794 1213 926 1252; x_wconf 87' lang='lat' dir='ltr'>portio,</span> <span class='ocrx_word' id='word_1_178' title='bbox 951 1213 1119 1255; x_wconf 84' lang='lat' dir='ltr'>nigredine</span> <span class='ocrx_word' id='word_1_179' title='bbox 1144 1216 1176 1245; x_wconf 92' lang='lat' dir='ltr'>in</span> <span class='ocrx_word' id='word_1_180' title='bbox 1202 1223 1306 1256; x_wconf 87' lang='lat' dir='ltr'>partes</span> <span class='ocrx_word' id='word_1_181' title='bbox 1334 1227 1405 1248; x_wconf 79' lang='lat' dir='ltr'>non</span> 
     </span>
     <span class='ocr_line' id='line_1_26' title="bbox 392 1253 1405 1300; baseline 0.006 -14"><span class='ocrx_word' id='word_1_182' title='bbox 392 1253 492 1287; x_wconf 89' lang='lat' dir='ltr'>modo</span> <span class='ocrx_word' id='word_1_183' title='bbox 516 1265 627 1288; x_wconf 91' lang='lat' dir='ltr'>omnes</span> <span class='ocrx_word' id='word_1_184' title='bbox 651 1257 838 1296; x_wconf 74' lang='lat' dir='ltr'>proximas,</span> <span class='ocrx_word' id='word_1_185' title='bbox 866 1253 919 1288; x_wconf 91' lang='lat' dir='ltr'>sed</span> <span class='ocrx_word' id='word_1_186' title='bbox 944 1256 981 1289; x_wconf 86' lang='lat' dir='ltr'>ad</span> <span class='ocrx_word' id='word_1_187' title='bbox 1009 1255 1112 1290; x_wconf 88' lang='lat' dir='ltr'>media</span> <span class='ocrx_word' id='word_1_188' title='bbox 1137 1255 1236 1300; x_wconf 88' lang='lat' dir='ltr'>usque</span> <span class='ocrx_word' id='word_1_189' title='bbox 1281 1257 1405 1292; x_wconf 85' lang='lat' dir='ltr'>femora</span> 
     </span>
     <span class='ocr_line' id='line_1_27' title="bbox 393 1297 1404 1344; baseline 0.003 -14"><span class='ocrx_word' id='word_1_190' title='bbox 393 1297 425 1332; x_wconf 88' lang='lat' dir='ltr'>se</span> <span class='ocrx_word' id='word_1_191' title='bbox 470 1297 662 1331; x_wconf 84' lang='lat' dir='ltr'>extendente</span> <span class='ocrx_word' id='word_1_192' title='bbox 684 1311 693 1335; x_wconf 83' lang='lat'>;</span> <span class='ocrx_word' id='word_1_193' title='bbox 739 1307 775 1332; x_wconf 89' lang='lat' dir='ltr'>ut</span> <span class='ocrx_word' id='word_1_194' title='bbox 807 1300 877 1330; x_wconf 88' lang='lat' dir='ltr'>cito</span> <span class='ocrx_word' id='word_1_195' title='bbox 900 1298 1034 1332; x_wconf 84' lang='lat' dir='ltr'>cadaver</span> <span class='ocrx_word' id='word_1_196' title='bbox 1057 1311 1138 1342; x_wconf 84' lang='lat' dir='ltr'>pene</span> <span class='ocrx_word' id='word_1_197' title='bbox 1161 1309 1269 1334; x_wconf 83' lang='lat' dir='ltr'>totum</span> <span class='ocrx_word' id='word_1_198' title='bbox 1293 1303 1404 1344; x_wconf 88' lang='lat' dir='ltr'>aspor-</span> 
     </span>
     <span class='ocr_line' id='line_1_28' title="bbox 393 1339 1403 1386; baseline 0.006 -13"><span class='ocrx_word' id='word_1_199' title='bbox 393 1340 530 1374; x_wconf 86' lang='lat' dir='ltr'>tandum</span> <span class='ocrx_word' id='word_1_200' title='bbox 574 1340 672 1374; x_wconf 89' lang='lat' dir='ltr'>fuerit</span> <span class='ocrx_word' id='word_1_201' title='bbox 707 1365 715 1380; x_wconf 92' lang='lat'>‚</span> <span class='ocrx_word' id='word_1_202' title='bbox 760 1351 799 1374; x_wconf 90' lang='lat' dir='ltr'>ne</span> <span class='ocrx_word' id='word_1_203' title='bbox 844 1339 955 1374; x_wconf 86' lang='lat' dir='ltr'>odoris</span> <span class='ocrx_word' id='word_1_204' title='bbox 1000 1345 1142 1385; x_wconf 80' lang='lat' dir='ltr'>gravitas</span> <span class='ocrx_word' id='word_1_205' title='bbox 1186 1344 1403 1386; x_wconf 85' lang='lat' dir='ltr'>Gymnasium</span> 
     </span>
     <span class='ocr_line' id='line_1_29' title="bbox 391 1383 1404 1427; baseline 0.003 -10"><span class='ocrx_word' id='word_1_206' title='bbox 391 1383 537 1417; x_wconf 84' lang='lat' dir='ltr'>inficeret</span> <span class='ocrx_word' id='word_1_207' title='bbox 564 1408 572 1415; x_wconf 95' lang='lat'>.</span> <span class='ocrx_word' id='word_1_208' title='bbox 608 1385 680 1418; x_wconf 87' lang='lat' dir='ltr'>Vix</span> <span class='ocrx_word' id='word_1_209' title='bbox 703 1385 768 1427; x_wconf 88' lang='lat' dir='ltr'>ipse</span> <span class='ocrx_word' id='word_1_210' title='bbox 798 1385 951 1418; x_wconf 84' lang='lat' dir='ltr'>nonnulla</span> <span class='ocrx_word' id='word_1_211' title='bbox 977 1386 1091 1420; x_wconf 88' lang='lat' dir='ltr'>cursim</span> <span class='ocrx_word' id='word_1_212' title='bbox 1116 1387 1151 1421; x_wconf 90' lang='lat' dir='ltr'>in</span> <span class='ocrx_word' id='word_1_213' title='bbox 1173 1388 1300 1427; x_wconf 75' lang='lat' dir='ltr'>renibus</span> <span class='ocrx_word' id='word_1_214' title='bbox 1334 1389 1404 1422; x_wconf 89' lang='lat' dir='ltr'>ani-</span> 
     </span>
     <span class='ocr_line' id='line_1_30' title="bbox 390 1427 1402 1472; baseline 0.006 -11"><span class='ocrx_word' id='word_1_215' title='bbox 390 1427 553 1461; x_wconf 76' lang='lat' dir='ltr'>madverti</span> <span class='ocrx_word' id='word_1_216' title='bbox 578 1452 585 1466; x_wconf 90' lang='lat'><strong>‚</strong></span> <span class='ocrx_word' id='word_1_217' title='bbox 621 1439 693 1470; x_wconf 88' lang='lat' dir='ltr'>quae</span> <span class='ocrx_word' id='word_1_218' title='bbox 723 1439 800 1462; x_wconf 88' lang='lat' dir='ltr'>cum</span> <span class='ocrx_word' id='word_1_219' title='bbox 835 1427 900 1461; x_wconf 89' lang='lat' dir='ltr'>alio</span> <span class='ocrx_word' id='word_1_220' title='bbox 932 1428 1005 1463; x_wconf 78' lang='lat' dir='ltr'>loco</span> <span class='ocrx_word' id='word_1_221' title='bbox 1037 1431 1129 1472; x_wconf 84' lang='lat' dir='ltr'>(q)</span> <span class='ocrx_word' id='word_1_222' title='bbox 1176 1427 1368 1467; x_wconf 70' lang='lat' dir='ltr'>tradiderim</span> <span class='ocrx_word' id='word_1_223' title='bbox 1392 1455 1402 1471; x_wconf 90' lang='lat'>,</span> 
     </span>
     <span class='ocr_line' id='line_1_31' title="bbox 391 1471 713 1506; baseline -0.009 0"><span class='ocrx_word' id='word_1_224' title='bbox 391 1482 462 1506; x_wconf 84' lang='lat' dir='ltr'>non</span> <span class='ocrx_word' id='word_1_225' title='bbox 486 1471 538 1503; x_wconf 90' lang='lat' dir='ltr'>hic</span> <span class='ocrx_word' id='word_1_226' title='bbox 564 1472 690 1505; x_wconf 86' lang='lat' dir='ltr'>iterabo</span> <span class='ocrx_word' id='word_1_227' title='bbox 705 1495 713 1503; x_wconf 94' lang='lat'>.</span> 
     </span>
    </p>

    <p class='ocr_par' dir='ltr' id='par_1_4' title="bbox 377 1514 1419 3386">
     <span class='ocr_line' id='line_1_32' title="bbox 439 1514 1404 1560; baseline 0.007 -13"><span class='ocrx_word' id='word_1_228' title='bbox 439 1525 487 1548; x_wconf 87' lang='lat'>11.</span> <span class='ocrx_word' id='word_1_229' title='bbox 513 1514 572 1547; x_wconf 86' lang='lat' dir='ltr'>Ilei</span> <span class='ocrx_word' id='word_1_230' title='bbox 597 1516 797 1558; x_wconf 82' lang='lat' dir='ltr'>interceptio</span> <span class='ocrx_word' id='word_1_231' title='bbox 822 1515 923 1549; x_wconf 77' lang='lat' dir='ltr'>urinae</span> <span class='ocrx_word' id='word_1_232' title='bbox 951 1516 1218 1560; x_wconf 78' lang='lat' dir='ltr'>suppressionem,</span> <span class='ocrx_word' id='word_1_233' title='bbox 1251 1530 1291 1554; x_wconf 89' lang='lat' dir='ltr'>an</span> <span class='ocrx_word' id='word_1_234' title='bbox 1334 1519 1404 1554; x_wconf 87' lang='lat' dir='ltr'>haec</span> 
     </span>
     <span class='ocr_line' id='line_1_33' title="bbox 395 1558 1402 1602; baseline 0.003 -9"><span class='ocrx_word' id='word_1_235' title='bbox 395 1559 459 1593; x_wconf 87' lang='lat' dir='ltr'>Ilei</span> <span class='ocrx_word' id='word_1_236' title='bbox 484 1559 761 1601; x_wconf 88' lang='lat' dir='ltr'>interceptionem</span> <span class='ocrx_word' id='word_1_237' title='bbox 784 1558 996 1602; x_wconf 63' lang='lat' dir='ltr'>precesserit,</span> <span class='ocrx_word' id='word_1_238' title='bbox 1022 1571 1081 1602; x_wconf 89' lang='lat' dir='ltr'>pro</span> <span class='ocrx_word' id='word_1_239' title='bbox 1104 1571 1195 1595; x_wconf 90' lang='lat' dir='ltr'>certo</span> <span class='ocrx_word' id='word_1_240' title='bbox 1217 1561 1315 1601; x_wconf 88' lang='lat' dir='ltr'>scire,</span> <span class='ocrx_word' id='word_1_241' title='bbox 1337 1574 1402 1596; x_wconf 90' lang='lat' dir='ltr'>non</span> 
     </span>
     <span class='ocr_line' id='line_1_34' title="bbox 392 1601 1405 1646; baseline 0.003 -10"><span class='ocrx_word' id='word_1_242' title='bbox 392 1602 489 1645; x_wconf 84' lang='lat' dir='ltr'>potui</span> <span class='ocrx_word' id='word_1_243' title='bbox 507 1625 515 1631; x_wconf 85' lang='lat'>.</span> <span class='ocrx_word' id='word_1_244' title='bbox 563 1602 649 1636; x_wconf 86' lang='lat' dir='ltr'>Illud</span> <span class='ocrx_word' id='word_1_245' title='bbox 696 1602 785 1642; x_wconf 82' lang='lat' dir='ltr'>scio,</span> <span class='ocrx_word' id='word_1_246' title='bbox 808 1601 896 1645; x_wconf 86' lang='lat' dir='ltr'>quod</span> <span class='ocrx_word' id='word_1_247' title='bbox 943 1605 975 1636; x_wconf 90' lang='lat'>&amp;</span> <span class='ocrx_word' id='word_1_248' title='bbox 1021 1604 1093 1637; x_wconf 90' lang='lat' dir='ltr'>aliis</span> <span class='ocrx_word' id='word_1_249' title='bbox 1137 1606 1274 1641; x_wconf 87' lang='lat' dir='ltr'>Litteris</span> <span class='ocrx_word' id='word_1_250' title='bbox 1319 1610 1330 1645; x_wconf 93' lang='lat'>(</span> <span class='ocrx_word' id='word_1_251' title='bbox 1354 1618 1369 1639; x_wconf 91' lang='lat' dir='ltr'>r</span> <span class='ocrx_word' id='word_1_252' title='bbox 1391 1610 1405 1646; x_wconf 92' lang='lat'>)</span> 
     </span>
     <span class='ocr_line' id='line_1_35' title="bbox 377 1643 1405 1691; baseline 0.004 -12"><span class='ocrx_word' id='word_1_253' title='bbox 377 1643 530 1690; x_wconf 76' lang='lat' dir='ltr'>¹scripsi,</span> <span class='ocrx_word' id='word_1_254' title='bbox 555 1645 593 1680; x_wconf 85' lang='lat' dir='ltr'>ad</span> <span class='ocrx_word' id='word_1_255' title='bbox 616 1645 676 1679; x_wconf 92' lang='lat' dir='ltr'>Ilei</span> <span class='ocrx_word' id='word_1_256' title='bbox 701 1645 999 1680; x_wconf 81' lang='lat' dir='ltr'>inflammationem</span> <span class='ocrx_word' id='word_1_257' title='bbox 1036 1647 1110 1681; x_wconf 92' lang='lat' dir='ltr'>lotii</span> <span class='ocrx_word' id='word_1_258' title='bbox 1158 1648 1405 1691; x_wconf 84' lang='lat' dir='ltr'>suppreffionem</span> 
     </span>
     <span class='ocr_line' id='line_1_36' title="bbox 394 1689 1403 1730; baseline 0.003 -6"><span class='ocrx_word' id='word_1_259' title='bbox 394 1689 564 1724; x_wconf 79' lang='lat' dir='ltr'>accedere.</span> <span class='ocrx_word' id='word_1_260' title='bbox 699 1689 758 1721; x_wconf 85' lang='lat' dir='ltr'>Sed</span> <span class='ocrx_word' id='word_1_261' title='bbox 783 1690 814 1720; x_wconf 70' lang='grc' dir='ltr'>δι</span> <span class='ocrx_word' id='word_1_262' title='bbox 838 1689 942 1730; x_wconf 85' lang='lat' dir='ltr'>plures</span> <span class='ocrx_word' id='word_1_263' title='bbox 968 1690 1037 1722; x_wconf 81' lang='lat' dir='ltr'>aliae</span> <span class='ocrx_word' id='word_1_264' title='bbox 1072 1690 1146 1724; x_wconf 88' lang='lat' dir='ltr'>sunt</span> <span class='ocrx_word' id='word_1_265' title='bbox 1179 1692 1279 1726; x_wconf 82' lang='lat' dir='ltr'>causae</span> <span class='ocrx_word' id='word_1_266' title='bbox 1312 1702 1403 1727; x_wconf 85' lang='lat' dir='ltr'>extra</span> 
     </span>
     <span class='ocr_line' id='line_1_37' title="bbox 390 1730 1404 1777; baseline 0.004 -12"><span class='ocrx_word' id='word_1_267' title='bbox 390 1732 529 1767; x_wconf 75' lang='lat' dir='ltr'>vesicam</span> <span class='ocrx_word' id='word_1_268' title='bbox 556 1730 694 1775; x_wconf 86' lang='lat' dir='ltr'>positae,</span> <span class='ocrx_word' id='word_1_269' title='bbox 717 1743 793 1774; x_wconf 63' lang='lat' dir='ltr'>quae</span> <span class='ocrx_word' id='word_1_270' title='bbox 812 1734 845 1764; x_wconf 89' lang='lat' dir='ltr'>in</span> <span class='ocrx_word' id='word_1_271' title='bbox 864 1731 930 1777; x_wconf 23' lang='lat' dir='ltr'>‘hac</span> <span class='ocrx_word' id='word_1_272' title='bbox 953 1733 1072 1766; x_wconf 89' lang='lat' dir='ltr'>lotium</span> <span class='ocrx_word' id='word_1_273' title='bbox 1094 1744 1317 1770; x_wconf 83' lang='lat' dir='ltr'>remorantur.</span> <span class='ocrx_word' id='word_1_274' title='bbox 1352 1738 1404 1770; x_wconf 89' lang='lat' dir='ltr'>De</span> 
     </span>
     <span class='ocr_line' id='line_1_38' title="bbox 392 1774 1404 1821; baseline 0.003 -11"><span class='ocrx_word' id='word_1_275' title='bbox 392 1777 506 1816; x_wconf 78' lang='lat' dir='ltr'>foetu,</span> <span class='ocrx_word' id='word_1_276' title='bbox 529 1777 563 1809; x_wconf 88' lang='lat' dir='ltr'>in</span> <span class='ocrx_word' id='word_1_277' title='bbox 587 1775 712 1810; x_wconf 88' lang='lat' dir='ltr'>difficili</span> <span class='ocrx_word' id='word_1_278' title='bbox 738 1783 831 1816; x_wconf 88' lang='lat' dir='ltr'>partu</span> <span class='ocrx_word' id='word_1_279' title='bbox 856 1774 923 1817; x_wconf 78' lang='lat' dir='ltr'>ejus</span> <span class='ocrx_word' id='word_1_280' title='bbox 949 1776 1107 1810; x_wconf 89' lang='lat' dir='ltr'>cervicem</span> <span class='ocrx_word' id='word_1_281' title='bbox 1131 1788 1300 1820; x_wconf 84' lang='lat' dir='ltr'>premente</span> <span class='ocrx_word' id='word_1_282' title='bbox 1325 1790 1404 1821; x_wconf 87' lang='lat' dir='ltr'>pau—</span> 
     </span>
     <span class='ocr_line' id='line_1_39' title="bbox 390 1818 1404 1864; baseline 0.003 -10"><span class='ocrx_word' id='word_1_283' title='bbox 390 1822 426 1855; x_wconf 87' lang='lat' dir='ltr'>lo</span> <span class='ocrx_word' id='word_1_284' title='bbox 451 1829 523 1853; x_wconf 86' lang='lat' dir='ltr'>ante</span> <span class='ocrx_word' id='word_1_285' title='bbox 545 1819 629 1861; x_wconf 83' lang='lat' dir='ltr'>(s)</span> <span class='ocrx_word' id='word_1_286' title='bbox 652 1819 776 1853; x_wconf 61' lang='lat' dir='ltr'>dfficum</span> <span class='ocrx_word' id='word_1_287' title='bbox 801 1818 864 1851; x_wconf 86' lang='lat' dir='ltr'>est:</span> <span class='ocrx_word' id='word_1_288' title='bbox 890 1819 968 1862; x_wconf 91' lang='lat' dir='ltr'>quin</span> <span class='ocrx_word' id='word_1_289' title='bbox 1004 1820 1104 1853; x_wconf 88' lang='lat' dir='ltr'>etiam</span> <span class='ocrx_word' id='word_1_290' title='bbox 1149 1821 1183 1853; x_wconf 89' lang='lat' dir='ltr'>in</span> <span class='ocrx_word' id='word_1_291' title='bbox 1227 1821 1404 1864; x_wconf 84' lang='lat' dir='ltr'>gestatione</span> 
     </span>
     <span class='ocr_line' id='line_1_40' title="bbox 392 1858 1419 1905; baseline 0.001 -6"><span class='ocrx_word' id='word_1_292' title='bbox 392 1866 503 1904; x_wconf 86' lang='lat' dir='ltr'>uteri,</span> <span class='ocrx_word' id='word_1_293' title='bbox 530 1863 691 1905; x_wconf 85' lang='lat' dir='ltr'>postremo</span> <span class='ocrx_word' id='word_1_294' title='bbox 716 1862 894 1905; x_wconf 66' lang='lat' dir='ltr'>praesertim</span> <span class='ocrx_word' id='word_1_295' title='bbox 921 1871 1090 1904; x_wconf 88' lang='lat' dir='ltr'>tempore,</span> <span class='ocrx_word' id='word_1_296' title='bbox 1135 1865 1285 1899; x_wconf 85' lang='lat' dir='ltr'>mulieres</span> <span class='ocrx_word' id='word_1_297' title='bbox 1330 1858 1419 1900; x_wconf 84' lang='lat' dir='ltr'>sunt⁰</span> 
     </span>
     <span class='ocr_line' id='line_1_41' title="bbox 392 1906 1407 1952; baseline -0.001 -10"><span class='ocrx_word' id='word_1_298' title='bbox 392 1918 533 1952; x_wconf 88' lang='lat' dir='ltr'>quarum</span> <span class='ocrx_word' id='word_1_299' title='bbox 556 1906 679 1948; x_wconf 82' lang='lat' dir='ltr'>aliquas</span> <span class='ocrx_word' id='word_1_300' title='bbox 704 1907 804 1948; x_wconf 84' lang='lat' dir='ltr'>probe</span> <span class='ocrx_word' id='word_1_301' title='bbox 829 1906 980 1940; x_wconf 84' lang='lat' dir='ltr'>novimus</span> <span class='ocrx_word' id='word_1_302' title='bbox 1004 1927 1014 1944; x_wconf 87' lang='lat'>,</span> <span class='ocrx_word' id='word_1_303' title='bbox 1045 1917 1117 1949; x_wconf 86' lang='lat' dir='ltr'>quae</span> <span class='ocrx_word' id='word_1_304' title='bbox 1161 1909 1305 1950; x_wconf 84' lang='lat' dir='ltr'>mingere</span> <span class='ocrx_word' id='word_1_305' title='bbox 1351 1919 1407 1945; x_wconf 83' lang='lat' dir='ltr'>ne-</span> 
     </span>
     <span class='ocr_line' id='line_1_42' title="bbox 391 1949 1406 1995; baseline 0.004 -13"><span class='ocrx_word' id='word_1_306' title='bbox 391 1961 537 1995; x_wconf 68' lang='lat' dir='ltr'>queunt,</span> <span class='ocrx_word' id='word_1_307' title='bbox 563 1949 622 1983; x_wconf 83' lang='lat' dir='ltr'>nifi</span> <span class='ocrx_word' id='word_1_308' title='bbox 648 1949 786 1992; x_wconf 79' lang='lat' dir='ltr'>supinae.</span> <span class='ocrx_word' id='word_1_309' title='bbox 813 1949 890 1982; x_wconf 88' lang='lat' dir='ltr'>Huc</span> <span class='ocrx_word' id='word_1_310' title='bbox 916 1950 1015 1987; x_wconf 80' lang='lat' dir='ltr'>adde3</span> <span class='ocrx_word' id='word_1_311' title='bbox 1040 1958 1076 1983; x_wconf 87' lang='lat' dir='ltr'>ut</span> <span class='ocrx_word' id='word_1_312' title='bbox 1098 1961 1169 1993; x_wconf 80' lang='lat' dir='ltr'>quae</span> <span class='ocrx_word' id='word_1_313' title='bbox 1197 1952 1298 1985; x_wconf 89' lang='lat' dir='ltr'>rarius</span> <span class='ocrx_word' id='word_1_314' title='bbox 1322 1955 1406 1986; x_wconf 87' lang='lat' dir='ltr'>acci-</span> 
     </span>
     <span class='ocr_line' id='line_1_43' title="bbox 392 1991 1403 2037; baseline 0 -8"><span class='ocrx_word' id='word_1_315' title='bbox 392 1995 499 2035; x_wconf 85' lang='lat' dir='ltr'>dunt,</span> <span class='ocrx_word' id='word_1_316' title='bbox 522 2002 767 2037; x_wconf 74' lang='lat' dir='ltr'>prtetereamus3</span> <span class='ocrx_word' id='word_1_317' title='bbox 791 1991 910 2026; x_wconf 83' lang='lat' dir='ltr'>scimus</span> <span class='ocrx_word' id='word_1_318' title='bbox 933 1995 1019 2026; x_wconf 88' lang='lat' dir='ltr'>enim</span> <span class='ocrx_word' id='word_1_319' title='bbox 1035 2018 1045 2034; x_wconf 92' lang='lat'>,</span> <span class='ocrx_word' id='word_1_320' title='bbox 1082 1993 1233 2027; x_wconf 89' lang='lat' dir='ltr'>muliebri</span> <span class='ocrx_word' id='word_1_321' title='bbox 1265 1995 1403 2029; x_wconf 75' lang='lat' dir='ltr'>urethrae</span> 
     </span>
     <span class='ocr_line' id='line_1_44' title="bbox 391 2036 1404 2080; baseline -0.001 -7"><span class='ocrx_word' id='word_1_322' title='bbox 391 2039 547 2074; x_wconf 87' lang='lat' dir='ltr'>adnatum</span> <span class='ocrx_word' id='word_1_323' title='bbox 571 2038 710 2070; x_wconf 87' lang='lat' dir='ltr'>exterius</span> <span class='ocrx_word' id='word_1_324' title='bbox 732 2046 848 2078; x_wconf 87' lang='lat' dir='ltr'>corpus</span> <span class='ocrx_word' id='word_1_325' title='bbox 872 2036 1098 2078; x_wconf 83' lang='lat' dir='ltr'>glandulosum</span> <span class='ocrx_word' id='word_1_326' title='bbox 1119 2037 1221 2079; x_wconf 73' lang='lat' dir='ltr'>pugni</span> <span class='ocrx_word' id='word_1_327' title='bbox 1242 2039 1404 2080; x_wconf 74' lang='lat' dir='ltr'>magnitu-</span> 
     </span>
     <span class='ocr_line' id='line_1_45' title="bbox 392 2079 1402 2120; baseline 0 -4"><span class='ocrx_word' id='word_1_328' title='bbox 392 2085 495 2118; x_wconf 77' lang='lat' dir='ltr'>dinem</span> <span class='ocrx_word' id='word_1_329' title='bbox 518 2081 663 2115; x_wconf 73' lang='lat' dir='ltr'>excederes</span> <span class='ocrx_word' id='word_1_330' title='bbox 686 2084 700 2120; x_wconf 94' lang='lat'><strong>(</strong></span> <span class='ocrx_word' id='word_1_331' title='bbox 724 2087 737 2112; x_wconf 81' lang='lat' dir='ltr'>t</span> <span class='ocrx_word' id='word_1_332' title='bbox 762 2083 801 2120; x_wconf 81' lang='lat'>),</span> <span class='ocrx_word' id='word_1_333' title='bbox 823 2079 943 2113; x_wconf 82' lang='lat' dir='ltr'>scimus</span> <span class='ocrx_word' id='word_1_334' title='bbox 978 2081 1103 2113; x_wconf 85' lang='lat' dir='ltr'>acriora</span> <span class='ocrx_word' id='word_1_335' title='bbox 1138 2081 1368 2116; x_wconf 84' lang='lat' dir='ltr'>medicamenta</span> <span class='ocrx_word' id='word_1_336' title='bbox 1392 2104 1402 2119; x_wconf 91' lang='lat'><em>‚</em></span> 
     </span>
     <span class='ocr_line' id='line_1_46' title="bbox 392 2121 1402 2166; baseline 0.001 -7"><span class='ocrx_word' id='word_1_337' title='bbox 392 2126 554 2162; x_wconf 84' lang='lat' dir='ltr'>naturali,</span> <span class='ocrx_word' id='word_1_338' title='bbox 578 2134 613 2158; x_wconf 91' lang='lat' dir='ltr'>ut</span> <span class='ocrx_word' id='word_1_339' title='bbox 642 2124 759 2157; x_wconf 52' lang='lat' dir='ltr'>arelius</span> <span class='ocrx_word' id='word_1_340' title='bbox 781 2122 1058 2166; x_wconf 83' lang='lat' dir='ltr'>adstringeretur,</span> <span class='ocrx_word' id='word_1_341' title='bbox 1094 2121 1240 2158; x_wconf 85' lang='lat' dir='ltr'>adhibita</span> <span class='ocrx_word' id='word_1_342' title='bbox 1265 2147 1275 2163; x_wconf 88' lang='lat'>‚</span> <span class='ocrx_word' id='word_1_343' title='bbox 1321 2125 1402 2160; x_wconf 86' lang='lat' dir='ltr'>illud</span> 
     </span>
     <span class='ocr_line' id='line_1_47' title="bbox 395 2164 1403 2211; baseline 0 -8"><span class='ocrx_word' id='word_1_344' title='bbox 395 2170 560 2203; x_wconf 84' lang='lat' dir='ltr'>urethram</span> <span class='ocrx_word' id='word_1_345' title='bbox 585 2166 784 2211; x_wconf 87' lang='lat' dir='ltr'>premendo,</span> <span class='ocrx_word' id='word_1_346' title='bbox 809 2164 877 2200; x_wconf 81' lang='lat' dir='ltr'>haec</span> <span class='ocrx_word' id='word_1_347' title='bbox 901 2166 1198 2201; x_wconf 68' lang='lat' dir='ltr'>inflammationem</span> <span class='ocrx_word' id='word_1_348' title='bbox 1233 2168 1403 2203; x_wconf 87' lang='lat' dir='ltr'>vehemen-</span> 
     </span>
     <span class='ocr_line' id='line_1_48' title="bbox 395 2209 1403 2256; baseline 0 -10"><span class='ocrx_word' id='word_1_349' title='bbox 395 2213 548 2247; x_wconf 82' lang='lat' dir='ltr'>tiffimam</span> <span class='ocrx_word' id='word_1_350' title='bbox 572 2210 795 2248; x_wconf 84' lang='lat' dir='ltr'>concitando,</span> <span class='ocrx_word' id='word_1_351' title='bbox 818 2209 971 2244; x_wconf 85' lang='lat' dir='ltr'>lethalem</span> <span class='ocrx_word' id='word_1_352' title='bbox 984 2210 1121 2244; x_wconf 85' lang='lat' dir='ltr'>attulisse</span> <span class='ocrx_word' id='word_1_353' title='bbox 1146 2213 1246 2246; x_wconf 85' lang='lat' dir='ltr'>urinae</span> <span class='ocrx_word' id='word_1_354' title='bbox 1259 2213 1403 2256; x_wconf 88' lang='lat' dir='ltr'>suppres-</span> 
     </span>
     <span class='ocr_line' id='line_1_49' title="bbox 395 2253 1401 2299; baseline 0 -9"><span class='ocrx_word' id='word_1_355' title='bbox 395 2258 539 2295; x_wconf 81' lang='lat' dir='ltr'>fionem‚</span> <span class='ocrx_word' id='word_1_356' title='bbox 562 2267 661 2299; x_wconf 87' lang='lat' dir='ltr'>quarn</span> <span class='ocrx_word' id='word_1_357' title='bbox 693 2256 790 2288; x_wconf 85' lang='lat' dir='ltr'>etiam</span> <span class='ocrx_word' id='word_1_358' title='bbox 814 2265 830 2287; x_wconf 85' lang='lat' dir='ltr'>a</span> <span class='ocrx_word' id='word_1_359' title='bbox 854 2253 1029 2296; x_wconf 83' lang='lat' dir='ltr'>sanguine,</span> <span class='ocrx_word' id='word_1_360' title='bbox 1052 2266 1067 2288; x_wconf 91' lang='lat' dir='ltr'>e</span> <span class='ocrx_word' id='word_1_361' title='bbox 1092 2255 1254 2289; x_wconf 89' lang='lat' dir='ltr'>vulnerati</span> <span class='ocrx_word' id='word_1_362' title='bbox 1288 2267 1401 2290; x_wconf 85' lang='lat' dir='ltr'>omen-</span> 
     </span>
     <span class='ocr_line' id='line_1_50' title="bbox 396 2297 1408 2342; baseline 0 -8"><span class='ocrx_word' id='word_1_363' title='bbox 396 2301 425 2335; x_wconf 87' lang='lat' dir='ltr'>ti</span> <span class='ocrx_word' id='word_1_364' title='bbox 451 2301 520 2334; x_wconf 87' lang='lat' dir='ltr'>vase</span> <span class='ocrx_word' id='word_1_365' title='bbox 544 2299 702 2342; x_wconf 87' lang='lat' dir='ltr'>paulatim</span> <span class='ocrx_word' id='word_1_366' title='bbox 725 2297 934 2338; x_wconf 81' lang='lat' dir='ltr'>destillante,</span> <span class='ocrx_word' id='word_1_367' title='bbox 957 2298 990 2331; x_wconf 87' lang='lat' dir='ltr'>in</span> <span class='ocrx_word' id='word_1_368' title='bbox 1015 2298 1100 2341; x_wconf 87' lang='lat' dir='ltr'>pelvi</span> <span class='ocrx_word' id='word_1_369' title='bbox 1126 2308 1235 2332; x_wconf 91' lang='lat' dir='ltr'>autem</span> <span class='ocrx_word' id='word_1_370' title='bbox 1257 2300 1408 2342; x_wconf 89' lang='lat' dir='ltr'>coagula-</span> 
     </span>
     <span class='ocr_line' id='line_1_51' title="bbox 399 2341 1406 2384; baseline 0 -6"><span class='ocrx_word' id='word_1_371' title='bbox 399 2355 457 2380; x_wconf 85' lang='lat' dir='ltr'>to,</span> <span class='ocrx_word' id='word_1_372' title='bbox 482 2347 513 2377; x_wconf 79' lang='grc' dir='ltr'>δι</span> <span class='ocrx_word' id='word_1_373' title='bbox 543 2341 651 2377; x_wconf 75' lang='lat' dir='ltr'>vesicae</span> <span class='ocrx_word' id='word_1_374' title='bbox 677 2342 798 2376; x_wconf 89' lang='lat' dir='ltr'>collum</span> <span class='ocrx_word' id='word_1_375' title='bbox 824 2341 917 2375; x_wconf 87' lang='lat' dir='ltr'>valde</span> <span class='ocrx_word' id='word_1_376' title='bbox 939 2343 1176 2384; x_wconf 85' lang='lat' dir='ltr'>comprimente</span> <span class='ocrx_word' id='word_1_377' title='bbox 1196 2365 1209 2383; x_wconf 87' lang='lat'>,</span> <span class='ocrx_word' id='word_1_378' title='bbox 1241 2343 1406 2378; x_wconf 61' lang='lat' dir='ltr'>indueram</span> 
     </span>
     <span class='ocr_line' id='line_1_52' title="bbox 398 2384 1405 2427; baseline -0.002 -6"><span class='ocrx_word' id='word_1_379' title='bbox 398 2386 493 2422; x_wconf 83' lang='lat' dir='ltr'>fuisse</span> <span class='ocrx_word' id='word_1_380' title='bbox 517 2390 527 2426; x_wconf 73' lang='lat' dir='ltr'>s</span> <span class='ocrx_word' id='word_1_381' title='bbox 551 2397 571 2420; x_wconf 89' lang='lat' dir='ltr'>u</span> <span class='ocrx_word' id='word_1_382' title='bbox 593 2390 631 2426; x_wconf 87' lang='lat'>),</span> <span class='ocrx_word' id='word_1_383' title='bbox 656 2397 720 2420; x_wconf 86' lang='lat' dir='ltr'>non</span> <span class='ocrx_word' id='word_1_384' title='bbox 745 2386 957 2427; x_wconf 85' lang='lat' dir='ltr'>ignoramus;</span> <span class='ocrx_word' id='word_1_385' title='bbox 979 2384 1042 2420; x_wconf 87' lang='lat' dir='ltr'>huc</span> <span class='ocrx_word' id='word_1_386' title='bbox 1067 2407 1077 2422; x_wconf 87' lang='lat'>,</span> <span class='ocrx_word' id='word_1_387' title='bbox 1109 2388 1245 2427; x_wconf 84' lang='lat' dir='ltr'>inquam</span> <span class='ocrx_word' id='word_1_388' title='bbox 1269 2409 1280 2424; x_wconf 86' lang='lat'>‚</span> <span class='ocrx_word' id='word_1_389' title='bbox 1326 2388 1405 2422; x_wconf 87' lang='lat' dir='ltr'>adde</span> 
     </span>
     <span class='ocr_line' id='line_1_53' title="bbox 398 2428 1407 2471; baseline -0.001 -7"><span class='ocrx_word' id='word_1_390' title='bbox 398 2431 524 2470; x_wconf 83' lang='lat' dir='ltr'>multa,</span> <span class='ocrx_word' id='word_1_391' title='bbox 547 2433 577 2463; x_wconf 73' lang='grc' dir='ltr'>δι</span> <span class='ocrx_word' id='word_1_392' title='bbox 600 2430 734 2463; x_wconf 87' lang='lat' dir='ltr'>duriora</span> <span class='ocrx_word' id='word_1_393' title='bbox 760 2428 912 2471; x_wconf 79' lang='lat' dir='ltr'>scybala,</span> <span class='ocrx_word' id='word_1_394' title='bbox 936 2437 989 2461; x_wconf 86' lang='lat' dir='ltr'>aut</span> <span class='ocrx_word' id='word_1_395' title='bbox 1025 2430 1234 2471; x_wconf 81' lang='lat' dir='ltr'>praetumidas</span> <span class='ocrx_word' id='word_1_396' title='bbox 1266 2430 1407 2464; x_wconf 83' lang='lat' dir='ltr'>haemor-</span> 
     </span>
     <span class='ocr_line' id='line_1_54' title="bbox 399 2470 1408 2516; baseline -0.002 -8"><span class='ocrx_word' id='word_1_397' title='bbox 399 2474 555 2514; x_wconf 60' lang='lat' dir='ltr'>rhomes,</span> <span class='ocrx_word' id='word_1_398' title='bbox 578 2484 648 2516; x_wconf 87' lang='lat' dir='ltr'>quae</span> <span class='ocrx_word' id='word_1_399' title='bbox 672 2472 758 2506; x_wconf 90' lang='lat' dir='ltr'>idem</span> <span class='ocrx_word' id='word_1_400' title='bbox 782 2471 903 2505; x_wconf 89' lang='lat' dir='ltr'>collum</span> <span class='ocrx_word' id='word_1_401' title='bbox 929 2470 967 2504; x_wconf 85' lang='lat' dir='ltr'>ad</span> <span class='ocrx_word' id='word_1_402' title='bbox 1002 2472 1094 2513; x_wconf 82' lang='lat' dir='ltr'>pubis</span> <span class='ocrx_word' id='word_1_403' title='bbox 1128 2472 1192 2505; x_wconf 78' lang='lat' dir='ltr'>osia</span> <span class='ocrx_word' id='word_1_404' title='bbox 1224 2476 1408 2516; x_wconf 86' lang='lat' dir='ltr'>apprimaut</span> 
     </span>
     <span class='ocr_line' id='line_1_55' title="bbox 400 2513 1409 2558; baseline -0.003 -6"><span class='ocrx_word' id='word_1_405' title='bbox 400 2517 481 2553; x_wconf 86' lang='lat' dir='ltr'>adeo</span> <span class='ocrx_word' id='word_1_406' title='bbox 500 2528 539 2550; x_wconf 78' lang='lat' dir='ltr'>ut</span> <span class='ocrx_word' id='word_1_407' title='bbox 564 2518 651 2550; x_wconf 87' lang='lat' dir='ltr'>exire</span> <span class='ocrx_word' id='word_1_408' title='bbox 676 2516 760 2550; x_wconf 88' lang='lat' dir='ltr'>nihil</span> <span class='ocrx_word' id='word_1_409' title='bbox 785 2513 901 2557; x_wconf 56' lang='lat' dir='ltr'>poffit.</span> <span class='ocrx_word' id='word_1_410' title='bbox 924 2514 975 2547; x_wconf 90' lang='lat' dir='ltr'>Ad</span> <span class='ocrx_word' id='word_1_411' title='bbox 999 2515 1055 2549; x_wconf 82' lang='lat' dir='ltr'>has</span> <span class='ocrx_word' id='word_1_412' title='bbox 1079 2516 1195 2549; x_wconf 85' lang='lat' dir='ltr'>attinet</span> <span class='ocrx_word' id='word_1_413' title='bbox 1218 2517 1306 2558; x_wconf 89' lang='lat' dir='ltr'>quod</span> <span class='ocrx_word' id='word_1_414' title='bbox 1331 2517 1409 2550; x_wconf 88' lang='lat' dir='ltr'>ado-</span> 
     </span>
     <span class='ocr_line' id='line_1_56' title="bbox 401 2557 1409 2603; baseline -0.004 -7"><span class='ocrx_word' id='word_1_415' title='bbox 401 2561 535 2596; x_wconf 84' lang='lat' dir='ltr'>lescenti</span> <span class='ocrx_word' id='word_1_416' title='bbox 559 2559 641 2594; x_wconf 86' lang='lat' dir='ltr'>mihi</span> <span class='ocrx_word' id='word_1_417' title='bbox 667 2560 842 2603; x_wconf 84' lang='lat' dir='ltr'>persenex‚</span> <span class='ocrx_word' id='word_1_418' title='bbox 866 2561 897 2592; x_wconf 78' lang='grc' dir='ltr'>δι</span> <span class='ocrx_word' id='word_1_419' title='bbox 920 2557 1000 2591; x_wconf 88' lang='lat' dir='ltr'>felix</span> <span class='ocrx_word' id='word_1_420' title='bbox 1024 2560 1057 2591; x_wconf 90' lang='lat' dir='ltr'>in</span> <span class='ocrx_word' id='word_1_421' title='bbox 1082 2570 1150 2592; x_wconf 88' lang='lat' dir='ltr'>mea</span> <span class='ocrx_word' id='word_1_422' title='bbox 1187 2561 1291 2593; x_wconf 87' lang='lat' dir='ltr'>Patria</span> <span class='ocrx_word' id='word_1_423' title='bbox 1324 2559 1409 2594; x_wconf 86' lang='lat' dir='ltr'>Chi-</span> 
     </span>
     <span class='ocr_line' id='line_1_57' title="bbox 400 2602 1406 2647; baseline -0.003 -8"><span class='ocrx_word' id='word_1_424' title='bbox 400 2616 517 2647; x_wconf 82' lang='lat' dir='ltr'>rurgus</span> <span class='ocrx_word' id='word_1_425' title='bbox 541 2603 882 2647; x_wconf 76' lang='lat' dir='ltr'>affeverabatjoannes</span> <span class='ocrx_word' id='word_1_426' title='bbox 896 2602 1104 2641; x_wconf 87' lang='lat' dir='ltr'>Amatorius,</span> <span class='ocrx_word' id='word_1_427' title='bbox 1130 2602 1185 2636; x_wconf 87' lang='lat' dir='ltr'>ubi</span> <span class='ocrx_word' id='word_1_428' title='bbox 1200 2604 1282 2636; x_wconf 86' lang='lat' dir='ltr'>circa</span> <span class='ocrx_word' id='word_1_429' title='bbox 1307 2604 1406 2636; x_wconf 90' lang='lat' dir='ltr'>imam</span> 
     </span>
     <span class='ocr_line' id='line_1_58' title="bbox 403 2644 1405 2689; baseline -0.002 -7"><span class='ocrx_word' id='word_1_430' title='bbox 403 2649 539 2682; x_wconf 79' lang='lat' dir='ltr'>vesicam</span> <span class='ocrx_word' id='word_1_431' title='bbox 553 2647 641 2681; x_wconf 81' lang='lat' dir='ltr'>fibrae</span> <span class='ocrx_word' id='word_1_432' title='bbox 655 2648 819 2689; x_wconf 82' lang='lat' dir='ltr'>stagnante</span> <span class='ocrx_word' id='word_1_433' title='bbox 835 2644 1010 2688; x_wconf 73' lang='lat' dir='ltr'>sanguine,</span> <span class='ocrx_word' id='word_1_434' title='bbox 1035 2656 1088 2679; x_wconf 91' lang='lat' dir='ltr'>aut</span> <span class='ocrx_word' id='word_1_435' title='bbox 1105 2644 1241 2679; x_wconf 88' lang='lat' dir='ltr'>humore</span> <span class='ocrx_word' id='word_1_436' title='bbox 1253 2654 1383 2689; x_wconf 77' lang='lat' dir='ltr'>turgent</span> <span class='ocrx_word' id='word_1_437' title='bbox 1395 2672 1405 2688; x_wconf 92' lang='lat'>,</span> 
     </span>
     <span class='ocr_line' id='line_1_59' title="bbox 402 2689 1406 2736; baseline -0.002 -10"><span class='ocrx_word' id='word_1_438' title='bbox 402 2695 571 2736; x_wconf 82' lang='lat' dir='ltr'>egregium</span> <span class='ocrx_word' id='word_1_439' title='bbox 596 2690 703 2724; x_wconf 84' lang='lat' dir='ltr'>afferri</span> <span class='ocrx_word' id='word_1_440' title='bbox 729 2689 888 2724; x_wconf 85' lang='lat' dir='ltr'>auxilium</span> <span class='ocrx_word' id='word_1_441' title='bbox 919 2690 1119 2732; x_wconf 78' lang='lat' dir='ltr'>sanguisugis</span> <span class='ocrx_word' id='word_1_442' title='bbox 1143 2689 1181 2722; x_wconf 78' lang='lat' dir='ltr'>ad</span> <span class='ocrx_word' id='word_1_443' title='bbox 1218 2701 1312 2723; x_wconf 85' lang='lat' dir='ltr'>venas</span> <span class='ocrx_word' id='word_1_444' title='bbox 1335 2690 1406 2724; x_wconf 89' lang='lat' dir='ltr'>illas</span> 
     </span>
     <span class='ocr_line' id='line_1_60' title="bbox 403 2733 1407 2775; baseline -0.003 -5"><span class='ocrx_word' id='word_1_445' title='bbox 403 2737 567 2770; x_wconf 78' lang='lat' dir='ltr'>admotis.</span> <span class='ocrx_word' id='word_1_446' title='bbox 594 2735 644 2768; x_wconf 88' lang='lat' dir='ltr'>Sic</span> <span class='ocrx_word' id='word_1_447' title='bbox 667 2737 701 2768; x_wconf 93' lang='lat' dir='ltr'>in</span> <span class='ocrx_word' id='word_1_448' title='bbox 714 2735 791 2767; x_wconf 89' lang='lat' dir='ltr'>Avo</span> <span class='ocrx_word' id='word_1_449' title='bbox 812 2733 869 2775; x_wconf 90' lang='lat' dir='ltr'>qui</span> <span class='ocrx_word' id='word_1_450' title='bbox 894 2735 1065 2767; x_wconf 85' lang='lat' dir='ltr'>etiamtum</span> <span class='ocrx_word' id='word_1_451' title='bbox 1084 2733 1407 2774; x_wconf 86' lang='lat' dir='ltr'>vivebat,N0bilis,</span> 
     </span>
     <span class='ocr_line' id='line_1_61' title="bbox 405 2776 1407 2822; baseline -0.003 -9"><span class='ocrx_word' id='word_1_452' title='bbox 405 2783 557 2822; x_wconf 84' lang='lat' dir='ltr'>meique,</span> <span class='ocrx_word' id='word_1_453' title='bbox 580 2779 677 2812; x_wconf 86' lang='lat' dir='ltr'>etiam</span> <span class='ocrx_word' id='word_1_454' title='bbox 701 2779 745 2812; x_wconf 88' lang='lat' dir='ltr'>ob</span> <span class='ocrx_word' id='word_1_455' title='bbox 770 2776 998 2809; x_wconf 82' lang='lat' dir='ltr'>humaniorum</span> <span class='ocrx_word' id='word_1_456' title='bbox 1023 2778 1207 2810; x_wconf 84' lang='lat' dir='ltr'>litterarum</span> <span class='ocrx_word' id='word_1_457' title='bbox 1233 2776 1372 2813; x_wconf 87' lang='lat' dir='ltr'>studium</span> <span class='ocrx_word' id='word_1_458' title='bbox 1397 2802 1407 2817; x_wconf 93' lang='lat'>‚</span> 
     </span>
     <span class='ocr_line' id='line_1_62' title="bbox 403 2819 1414 2862; baseline -0.003 -5"><span class='ocrx_word' id='word_1_459' title='bbox 403 2822 584 2858; x_wconf 78' lang='lat' dir='ltr'>amicissimi</span> <span class='ocrx_word' id='word_1_460' title='bbox 609 2823 687 2855; x_wconf 86' lang='lat' dir='ltr'>Viri</span> <span class='ocrx_word' id='word_1_461' title='bbox 711 2820 799 2855; x_wconf 85' lang='lat' dir='ltr'>Petri</span> <span class='ocrx_word' id='word_1_462' title='bbox 823 2819 976 2853; x_wconf 75' lang='lat' dir='ltr'>Scanellii</span> <span class='ocrx_word' id='word_1_463' title='bbox 998 2831 1071 2854; x_wconf 89' lang='lat' dir='ltr'>cum</span> <span class='ocrx_word' id='word_1_464' title='bbox 1086 2831 1141 2862; x_wconf 88' lang='lat' dir='ltr'>per</span> <span class='ocrx_word' id='word_1_465' title='bbox 1151 2819 1344 2854; x_wconf 85' lang='lat' dir='ltr'>catheterem</span> <span class='ocrx_word' id='word_1_466' title='bbox 1357 2833 1414 2854; x_wconf 91' lang='lat' dir='ltr'>no-</span> 
     </span>
     <span class='ocr_line' id='line_1_63' title="bbox 405 2862 1412 2910; baseline -0.003 -10"><span class='ocrx_word' id='word_1_467' title='bbox 405 2869 514 2910; x_wconf 88' lang='lat' dir='ltr'>nagies</span> <span class='ocrx_word' id='word_1_468' title='bbox 537 2865 712 2900; x_wconf 88' lang='lat' dir='ltr'>immissum</span> <span class='ocrx_word' id='word_1_469' title='bbox 737 2867 863 2898; x_wconf 86' lang='lat' dir='ltr'>urinam</span> <span class='ocrx_word' id='word_1_470' title='bbox 886 2863 953 2905; x_wconf 90' lang='lat' dir='ltr'>ipse</span> <span class='ocrx_word' id='word_1_471' title='bbox 977 2863 1108 2897; x_wconf 82' lang='lat' dir='ltr'>educere</span> <span class='ocrx_word' id='word_1_472' title='bbox 1131 2862 1285 2897; x_wconf 78' lang='lat' dir='ltr'>debuisset</span> <span class='ocrx_word' id='word_1_473' title='bbox 1310 2886 1319 2901; x_wconf 85' lang='lat'>‚</span> <span class='ocrx_word' id='word_1_474' title='bbox 1354 2864 1412 2898; x_wconf 91' lang='lat' dir='ltr'>illo</span> 
     </span>
     <span class='ocr_line' id='line_1_64' title="bbox 408 2905 1410 2950; baseline -0.002 -7"><span class='ocrx_word' id='word_1_475' title='bbox 408 2911 540 2944; x_wconf 87' lang='lat' dir='ltr'>demum</span> <span class='ocrx_word' id='word_1_476' title='bbox 565 2910 727 2946; x_wconf 85' lang='lat' dir='ltr'>remedio,</span> <span class='ocrx_word' id='word_1_477' title='bbox 752 2906 820 2950; x_wconf 89' lang='lat' dir='ltr'>post</span> <span class='ocrx_word' id='word_1_478' title='bbox 844 2915 895 2939; x_wconf 84' lang='lat' dir='ltr'>tot</span> <span class='ocrx_word' id='word_1_479' title='bbox 920 2906 979 2940; x_wconf 89' lang='lat' dir='ltr'>alia</span> <span class='ocrx_word' id='word_1_480' title='bbox 1004 2907 1161 2941; x_wconf 87' lang='lat' dir='ltr'>incassum</span> <span class='ocrx_word' id='word_1_481' title='bbox 1207 2905 1410 2941; x_wconf 84' lang='lat' dir='ltr'>administra-</span> 
     </span>
     <span class='ocr_line' id='line_1_65' title="bbox 404 2950 1409 2993; baseline -0.001 -7"><span class='ocrx_word' id='word_1_482' title='bbox 404 2962 441 2987; x_wconf 85' lang='lat' dir='ltr'>ta</span> <span class='ocrx_word' id='word_1_483' title='bbox 456 2978 464 2993; x_wconf 86' lang='lat'><strong><em>‚</em></strong></span> <span class='ocrx_word' id='word_1_484' title='bbox 486 2952 643 2985; x_wconf 83' lang='lat' dir='ltr'>sublatam</span> <span class='ocrx_word' id='word_1_485' title='bbox 667 2951 727 2985; x_wconf 87' lang='lat' dir='ltr'>esse</span> <span class='ocrx_word' id='word_1_486' title='bbox 750 2951 1033 2992; x_wconf 79' lang='lat' dir='ltr'>pertinaciffirnam</span> <span class='ocrx_word' id='word_1_487' title='bbox 1057 2950 1322 2993; x_wconf 80' lang='lat' dir='ltr'>suppreffionem.</span> <span class='ocrx_word' id='word_1_488' title='bbox 1359 2953 1409 2985; x_wconf 91' lang='lat' dir='ltr'>De</span> 
     </span>
     <span class='ocr_line' id='line_1_66' title="bbox 405 2993 1415 3038; baseline -0.001 -9"><span class='ocrx_word' id='word_1_489' title='bbox 405 2996 548 3038; x_wconf 71' lang='lat' dir='ltr'>scybalis</span> <span class='ocrx_word' id='word_1_490' title='bbox 573 3005 678 3028; x_wconf 86' lang='lat' dir='ltr'>autern</span> <span class='ocrx_word' id='word_1_491' title='bbox 702 2993 864 3028; x_wconf 80' lang='lat' dir='ltr'>notissima</span> <span class='ocrx_word' id='word_1_492' title='bbox 889 2993 930 3027; x_wconf 84' lang='lat' dir='ltr'>est</span> <span class='ocrx_word' id='word_1_493' title='bbox 951 2994 1097 3036; x_wconf 87' lang='lat' dir='ltr'>Wepferi</span> <span class='ocrx_word' id='word_1_494' title='bbox 1123 2993 1322 3027; x_wconf 82' lang='lat' dir='ltr'>Observatio</span> <span class='ocrx_word' id='word_1_495' title='bbox 1344 2998 1415 3034; x_wconf 80' lang='lat' dir='ltr'>(x),</span> 
     </span>
     <span class='ocr_line' id='line_1_67' title="bbox 408 3037 1416 3082; baseline -0.003 -8"><span class='ocrx_word' id='word_1_496' title='bbox 408 3040 449 3074; x_wconf 85' lang='lat' dir='ltr'>ad</span> <span class='ocrx_word' id='word_1_497' title='bbox 472 3050 569 3082; x_wconf 87' lang='lat' dir='ltr'>quam</span> <span class='ocrx_word' id='word_1_498' title='bbox 586 3061 598 3077; x_wconf 87' lang='lat'>‚</span> <span class='ocrx_word' id='word_1_499' title='bbox 621 3040 654 3071; x_wconf 92' lang='lat' dir='ltr'>in</span> <span class='ocrx_word' id='word_1_500' title='bbox 679 3038 860 3070; x_wconf 67' lang='lat' dir='ltr'>Sestionem</span> <span class='ocrx_word' id='word_1_501' title='bbox 911 3047 1016 3079; x_wconf 86' lang='lat' dir='ltr'>uoque</span> <span class='ocrx_word' id='word_1_502' title='bbox 1040 3038 1122 3071; x_wconf 90' lang='lat' dir='ltr'>hanc</span> <span class='ocrx_word' id='word_1_503' title='bbox 1145 3037 1343 3078; x_wconf 88' lang='lat' dir='ltr'>Sepulchreti</span> <span class='ocrx_word' id='word_1_504' title='bbox 1367 3050 1416 3071; x_wconf 89' lang='lat' dir='ltr'>re-</span> 
     </span>
     <span class='ocr_line' id='line_1_68' title="bbox 410 3081 1413 3126; baseline -0.002 -9"><span class='ocrx_word' id='word_1_505' title='bbox 410 3084 512 3118; x_wconf 81' lang='lat' dir='ltr'>latam</span> <span class='ocrx_word' id='word_1_506' title='bbox 538 3082 591 3124; x_wconf 86' lang='lat' dir='ltr'>(y</span> <span class='ocrx_word' id='word_1_507' title='bbox 616 3085 653 3122; x_wconf 87' lang='lat'>),</span> <span class='ocrx_word' id='word_1_508' title='bbox 677 3081 726 3115; x_wconf 89' lang='lat' dir='ltr'>sed</span> <span class='ocrx_word' id='word_1_509' title='bbox 753 3091 818 3113; x_wconf 90' lang='lat' dir='ltr'>non</span> <span class='ocrx_word' id='word_1_510' title='bbox 843 3081 959 3126; x_wconf 79' lang='lat' dir='ltr'>abque</span> <span class='ocrx_word' id='word_1_511' title='bbox 985 3082 1025 3115; x_wconf 87' lang='lat' dir='ltr'>iis</span> <span class='ocrx_word' id='word_1_512' title='bbox 1047 3092 1215 3124; x_wconf 80' lang='lat' dir='ltr'>operarum</span> <span class='ocrx_word' id='word_1_513' title='bbox 1249 3081 1413 3115; x_wconf 87' lang='lat' dir='ltr'>erroribus</span> 
     </span>
     <span class='ocr_line' id='line_1_69' title="bbox 406 3123 1414 3171; baseline -0.001 -12"><span class='ocrx_word' id='word_1_514' title='bbox 406 3129 465 3171; x_wconf 85' lang='lat' dir='ltr'>qui</span> <span class='ocrx_word' id='word_1_515' title='bbox 488 3126 627 3167; x_wconf 84' lang='lat' dir='ltr'>intelligi</span> <span class='ocrx_word' id='word_1_516' title='bbox 653 3135 716 3158; x_wconf 86' lang='lat' dir='ltr'>non</span> <span class='ocrx_word' id='word_1_517' title='bbox 742 3123 847 3156; x_wconf 79' lang='lat' dir='ltr'>sinunt</span> <span class='ocrx_word' id='word_1_518' title='bbox 863 3147 871 3161; x_wconf 92' lang='lat'>,</span> <span class='ocrx_word' id='word_1_519' title='bbox 895 3125 1063 3166; x_wconf 73' lang='lat' dir='ltr'>adjungere</span> <span class='ocrx_word' id='word_1_520' title='bbox 1088 3126 1218 3158; x_wconf 89' lang='lat' dir='ltr'>alteram</span> <span class='ocrx_word' id='word_1_521' title='bbox 1243 3133 1331 3166; x_wconf 91' lang='lat' dir='ltr'>potes</span> <span class='ocrx_word' id='word_1_522' title='bbox 1345 3137 1414 3168; x_wconf 85' lang='lat' dir='ltr'>quae</span> 
     </span>
     <span class='ocr_line' id='line_1_70' title="bbox 406 3166 1412 3210; baseline 0.001 -9"><span class='ocrx_word' id='word_1_523' title='bbox 406 3173 442 3205; x_wconf 81' lang='lat' dir='ltr'>in</span> <span class='ocrx_word' id='word_1_524' title='bbox 477 3169 720 3203; x_wconf 81' lang='lat' dir='ltr'>Additamentis</span> <span class='ocrx_word' id='word_1_525' title='bbox 764 3167 882 3209; x_wconf 88' lang='lat' dir='ltr'>legitur</span> <span class='ocrx_word' id='word_1_526' title='bbox 927 3166 963 3199; x_wconf 88' lang='lat' dir='ltr'>ad</span> <span class='ocrx_word' id='word_1_527' title='bbox 1008 3171 1189 3210; x_wconf 84' lang='lat' dir='ltr'>proximam</span> <span class='ocrx_word' id='word_1_528' title='bbox 1237 3169 1412 3202; x_wconf 64' lang='lat' dir='ltr'>sees-ionem</span> 
     </span>
     <span class='ocr_line' id='line_1_71' title="bbox 406 3209 1412 3256; baseline -0.002 -10"><span class='ocrx_word' id='word_1_529' title='bbox 406 3214 516 3256; x_wconf 70' lang='lat' dir='ltr'>xxv.</span> <span class='ocrx_word' id='word_1_530' title='bbox 542 3213 603 3255; x_wconf 60' lang='lat' dir='ltr'>(z</span> <span class='ocrx_word' id='word_1_531' title='bbox 623 3216 637 3252; x_wconf 96' lang='lat'><em>)</em></span> <span class='ocrx_word' id='word_1_532' title='bbox 661 3210 808 3246; x_wconf 83' lang='lat' dir='ltr'>Eundem</span> <span class='ocrx_word' id='word_1_533' title='bbox 834 3209 958 3243; x_wconf 84' lang='lat' dir='ltr'>felicem</span> <span class='ocrx_word' id='word_1_534' title='bbox 983 3213 1107 3244; x_wconf 84' lang='lat' dir='ltr'>exitum</span> <span class='ocrx_word' id='word_1_535' title='bbox 1132 3222 1227 3254; x_wconf 89' lang='lat' dir='ltr'>quem</span> <span class='ocrx_word' id='word_1_536' title='bbox 1262 3213 1363 3254; x_wconf 81' lang='lat' dir='ltr'>prima</span> <span class='ocrx_word' id='word_1_537' title='bbox 1396 3224 1412 3244; x_wconf 88' lang='lat' dir='ltr'>a</span> 
     </span>
     <span class='ocr_line' id='line_1_72' title="bbox 406 3254 1410 3298; baseline -0.003 -7"><span class='ocrx_word' id='word_1_538' title='bbox 406 3255 539 3298; x_wconf 80' lang='lat' dir='ltr'>clystere</span> <span class='ocrx_word' id='word_1_539' title='bbox 563 3254 685 3297; x_wconf 66' lang='grc' dir='ltr'>ἱηῇεᾶο</span> <span class='ocrx_word' id='word_1_540' title='bbox 709 3256 883 3298; x_wconf 89' lang='lat' dir='ltr'>proponit,</span> <span class='ocrx_word' id='word_1_541' title='bbox 908 3265 982 3288; x_wconf 91' lang='lat' dir='ltr'>cum</span> <span class='ocrx_word' id='word_1_542' title='bbox 1006 3255 1083 3287; x_wconf 86' lang='lat' dir='ltr'>alibi</span> <span class='ocrx_word' id='word_1_543' title='bbox 1111 3255 1238 3297; x_wconf 82' lang='lat' dir='ltr'>plures,</span> <span class='ocrx_word' id='word_1_544' title='bbox 1262 3264 1331 3288; x_wconf 91' lang='lat' dir='ltr'>tum</span> <span class='ocrx_word' id='word_1_545' title='bbox 1356 3255 1410 3288; x_wconf 91' lang='lat' dir='ltr'>hic</span> 
     </span>
     <span class='ocr_line' id='line_1_73' title="bbox 385 3295 1408 3343; baseline -0.003 -9"><span class='ocrx_word' id='word_1_546' title='bbox 385 3301 570 3343; x_wconf 73' lang='lat' dir='ltr'>,praecipue</span> <span class='ocrx_word' id='word_1_547' title='bbox 593 3299 751 3333; x_wconf 80' lang='lat' dir='ltr'>Hebraeus</span> <span class='ocrx_word' id='word_1_548' title='bbox 775 3307 922 3339; x_wconf 87' lang='lat' dir='ltr'>expertus</span> <span class='ocrx_word' id='word_1_549' title='bbox 944 3295 1009 3334; x_wconf 87' lang='lat' dir='ltr'>est,</span> <span class='ocrx_word' id='word_1_550' title='bbox 1034 3299 1085 3331; x_wconf 90' lang='lat' dir='ltr'>cui</span> <span class='ocrx_word' id='word_1_551' title='bbox 1111 3298 1196 3332; x_wconf 88' lang='lat' dir='ltr'>nulla</span> <span class='ocrx_word' id='word_1_552' title='bbox 1222 3298 1282 3331; x_wconf 83' lang='lat' dir='ltr'>alia</span> <span class='ocrx_word' id='word_1_553' title='bbox 1316 3301 1408 3331; x_wconf 86' lang='lat' dir='ltr'>auxi-</span> 
     </span>
     <span class='ocr_line' id='line_1_74' title="bbox 410 3340 1408 3386; baseline -0.001 -10"><span class='ocrx_word' id='word_1_554' title='bbox 410 3345 457 3380; x_wconf 80' lang='lat' dir='ltr'>lia</span> <span class='ocrx_word' id='word_1_555' title='bbox 481 3340 686 3386; x_wconf 86' lang='lat' dir='ltr'>profuerant.</span> <span class='ocrx_word' id='word_1_556' title='bbox 714 3342 774 3376; x_wconf 86' lang='lat' dir='ltr'>Sed</span> <span class='ocrx_word' id='word_1_557' title='bbox 798 3350 868 3375; x_wconf 89' lang='lat' dir='ltr'>tum</span> <span class='ocrx_word' id='word_1_558' title='bbox 891 3350 963 3385; x_wconf 85' lang='lat' dir='ltr'>quae</span> <span class='ocrx_word' id='word_1_559' title='bbox 985 3341 1174 3379; x_wconf 89' lang='lat' dir='ltr'>emolliant,</span> <span class='ocrx_word' id='word_1_560' title='bbox 1197 3341 1330 3384; x_wconf 85' lang='lat' dir='ltr'>injicere</span> <span class='ocrx_word' id='word_1_561' title='bbox 1362 3343 1408 3376; x_wconf 88' lang='lat' dir='ltr'>sa-</span> 
     </span>
    </p>
   </div>
   <div class='ocr_carea' id='block_1_3' title="bbox 1411 1474 2258 1517">
    <p class='ocr_par' dir='ltr' id='par_1_5' title="bbox 1411 1474 2258 1517">
     <span class='ocr_line' id='line_1_75' title="bbox 1411 1474 2258 1517; baseline -0.002 -8"><span class='ocrx_word' id='word_1_562' title='bbox 1411 1478 1418 1485; x_wconf 84' lang='lat'><em>‘</em></span> <span class='ocrx_word' id='word_1_563' title='bbox 1455 1474 1573 1517; x_wconf 77' lang='lat' dir='ltr'>exfiliit</span> <span class='ocrx_word' id='word_1_564' title='bbox 1619 1475 1709 1507; x_wconf 80' lang='lat' dir='ltr'>urina</span> <span class='ocrx_word' id='word_1_565' title='bbox 1754 1475 1795 1508; x_wconf 85' lang='lat' dir='ltr'>ad</span> <span class='ocrx_word' id='word_1_566' title='bbox 1836 1485 1979 1517; x_wconf 79' lang='lat' dir='ltr'>magnam</span> <span class='ocrx_word' id='word_1_567' title='bbox 2022 1475 2224 1509; x_wconf 82' lang='lat' dir='ltr'>altitudinem</span> <span class='ocrx_word' id='word_1_568' title='bbox 2248 1488 2258 1507; x_wconf 88' lang='lat'>.-</span> 
     </span>
    </p>
   </div>
   <div class='ocr_carea' id='block_1_4' title="bbox 980 138 1871 196">
    <p class='ocr_par' dir='ltr' id='par_1_6' title="bbox 980 138 1871 196">
     <span class='ocr_line' id='line_1_76' title="bbox 980 138 1871 196; baseline 0.003 -3"><span class='ocrx_word' id='word_1_569' title='bbox 980 138 1137 193; x_wconf 87' lang='lat' dir='ltr'>Liber</span> <span class='ocrx_word' id='word_1_570' title='bbox 1171 141 1264 195; x_wconf 90' lang='lat'>111.</span> <span class='ocrx_word' id='word_1_571' title='bbox 1297 141 1384 194; x_wconf 88' lang='lat' dir='ltr'>De</span> <span class='ocrx_word' id='word_1_572' title='bbox 1417 140 1626 195; x_wconf 91' lang='lat' dir='ltr'>Morbis</span> <span class='ocrx_word' id='word_1_573' title='bbox 1660 141 1871 196; x_wconf 87' lang='lat' dir='ltr'>Ventris</span> 
     </span>
    </p>
   </div>
   <div class='ocr_carea' id='block_1_5' title="bbox 1447 218 2466 3417">
    <p class='ocr_par' dir='ltr' id='par_1_7' title="bbox 1447 218 2466 3417">
     <span class='ocr_line' id='line_1_77' title="bbox 1455 218 2455 263; baseline 0.006 -12"><span class='ocrx_word' id='word_1_574' title='bbox 1455 221 1499 254; x_wconf 86' lang='lat' dir='ltr'>tis</span> <span class='ocrx_word' id='word_1_575' title='bbox 1521 222 1585 259; x_wconf 81' lang='lat' dir='ltr'>est,</span> <span class='ocrx_word' id='word_1_576' title='bbox 1611 220 1788 263; x_wconf 77' lang='lat' dir='ltr'>praesertim</span> <span class='ocrx_word' id='word_1_577' title='bbox 1810 218 1922 263; x_wconf 80' lang='lat' dir='ltr'>siquod</span> <span class='ocrx_word' id='word_1_578' title='bbox 1946 218 2122 263; x_wconf 80' lang='lat' dir='ltr'>periculum</span> <span class='ocrx_word' id='word_1_579' title='bbox 2146 219 2241 256; x_wconf 87' lang='lat' dir='ltr'>subsit</span> <span class='ocrx_word' id='word_1_580' title='bbox 2261 221 2370 263; x_wconf 74' lang='lat' dir='ltr'>vesicae</span> <span class='ocrx_word' id='word_1_581' title='bbox 2402 222 2455 256; x_wconf 56' lang='lat' dir='ltr'>ina</span> 
     </span>
     <span class='ocr_line' id='line_1_78' title="bbox 1455 264 2457 309; baseline 0.002 -11"><span class='ocrx_word' id='word_1_582' title='bbox 1455 264 1709 303; x_wconf 86' lang='lat' dir='ltr'>flammationis,</span> <span class='ocrx_word' id='word_1_583' title='bbox 1733 275 1787 298; x_wconf 87' lang='lat' dir='ltr'>aut</span> <span class='ocrx_word' id='word_1_584' title='bbox 1811 265 1947 307; x_wconf 86' lang='lat' dir='ltr'>suspicio</span> <span class='ocrx_word' id='word_1_585' title='bbox 1971 265 2166 298; x_wconf 84' lang='lat' dir='ltr'>convulfivae</span> <span class='ocrx_word' id='word_1_586' title='bbox 2190 266 2256 306; x_wconf 80' lang='lat' dir='ltr'>ejus</span> <span class='ocrx_word' id='word_1_587' title='bbox 2298 266 2457 309; x_wconf 61' lang='lat' dir='ltr'>{phineie-</span> 
     </span>
     <span class='ocr_line' id='line_1_79' title="bbox 1455 306 2457 352; baseline 0.001 -12"><span class='ocrx_word' id='word_1_588' title='bbox 1455 308 1498 341; x_wconf 88' lang='lat' dir='ltr'>ris</span> <span class='ocrx_word' id='word_1_589' title='bbox 1521 306 1776 341; x_wconf 71' lang='lat' dir='ltr'>constrietionis.</span> <span class='ocrx_word' id='word_1_590' title='bbox 1801 308 1951 345; x_wconf 88' lang='lat' dir='ltr'>Quorum</span> <span class='ocrx_word' id='word_1_591' title='bbox 1974 317 2124 341; x_wconf 89' lang='lat' dir='ltr'>neutrum</span> <span class='ocrx_word' id='word_1_592' title='bbox 2148 307 2223 352; x_wconf 82' lang='lat' dir='ltr'>satis</span> <span class='ocrx_word' id='word_1_593' title='bbox 2246 307 2328 343; x_wconf 86' lang='lat' dir='ltr'>mihi</span> <span class='ocrx_word' id='word_1_594' title='bbox 2351 319 2457 343; x_wconf 83' lang='lat' dir='ltr'>atten-</span> 
     </span>
     <span class='ocr_line' id='line_1_80' title="bbox 1455 349 2456 392; baseline 0.002 -9"><span class='ocrx_word' id='word_1_595' title='bbox 1455 351 1528 384; x_wconf 88' lang='lat' dir='ltr'>dere</span> <span class='ocrx_word' id='word_1_596' title='bbox 1550 349 1633 383; x_wconf 89' lang='lat' dir='ltr'>visus</span> <span class='ocrx_word' id='word_1_597' title='bbox 1656 350 1699 383; x_wconf 88' lang='lat' dir='ltr'>est</span> <span class='ocrx_word' id='word_1_598' title='bbox 1724 351 1826 384; x_wconf 88' lang='lat' dir='ltr'>senior</span> <span class='ocrx_word' id='word_1_599' title='bbox 1851 350 1997 384; x_wconf 88' lang='lat' dir='ltr'>Medicus</span> <span class='ocrx_word' id='word_1_600' title='bbox 2031 353 2089 392; x_wconf 91' lang='lat' dir='ltr'>qui</span> <span class='ocrx_word' id='word_1_601' title='bbox 2122 351 2204 385; x_wconf 90' lang='lat' dir='ltr'>mihi</span> <span class='ocrx_word' id='word_1_602' title='bbox 2237 351 2317 385; x_wconf 85' lang='lat' dir='ltr'>duas</span> <span class='ocrx_word' id='word_1_603' title='bbox 2350 353 2456 385; x_wconf 80' lang='lat' dir='ltr'>tresve</span> 
     </span>
     <span class='ocr_line' id='line_1_81' title="bbox 1456 392 2458 437; baseline 0 -11"><span class='ocrx_word' id='word_1_604' title='bbox 1456 392 1564 427; x_wconf 79' lang='lat' dir='ltr'>felices</span> <span class='ocrx_word' id='word_1_605' title='bbox 1586 395 1769 426; x_wconf 86' lang='lat' dir='ltr'>curationes</span> <span class='ocrx_word' id='word_1_606' title='bbox 1791 394 1940 432; x_wconf 82' lang='lat' dir='ltr'>narrabat</span> <span class='ocrx_word' id='word_1_607' title='bbox 1963 392 2056 432; x_wconf 84' lang='lat' dir='ltr'>suas;</span> <span class='ocrx_word' id='word_1_608' title='bbox 2076 392 2160 427; x_wconf 83' lang='lat' dir='ltr'>datis</span> <span class='ocrx_word' id='word_1_609' title='bbox 2184 396 2271 428; x_wconf 86' lang='lat' dir='ltr'>enim</span> <span class='ocrx_word' id='word_1_610' title='bbox 2302 406 2376 437; x_wconf 77' lang='lat' dir='ltr'>quae</span> <span class='ocrx_word' id='word_1_611' title='bbox 2407 395 2458 428; x_wconf 87' lang='lat' dir='ltr'>al-</span> 
     </span>
     <span class='ocr_line' id='line_1_82' title="bbox 1455 435 2455 480; baseline 0.002 -11"><span class='ocrx_word' id='word_1_612' title='bbox 1455 448 1534 469; x_wconf 88' lang='lat' dir='ltr'>vum</span> <span class='ocrx_word' id='word_1_613' title='bbox 1558 436 1777 470; x_wconf 88' lang='lat' dir='ltr'>vehementius</span> <span class='ocrx_word' id='word_1_614' title='bbox 1801 438 1946 478; x_wconf 87' lang='lat' dir='ltr'>cierent,</span> <span class='ocrx_word' id='word_1_615' title='bbox 1969 436 2049 470; x_wconf 86' lang='lat' dir='ltr'>hanc</span> <span class='ocrx_word' id='word_1_616' title='bbox 2070 435 2182 476; x_wconf 86' lang='lat' dir='ltr'>simul,</span> <span class='ocrx_word' id='word_1_617' title='bbox 2205 439 2235 470; x_wconf 87' lang='lat'>&amp;</span> <span class='ocrx_word' id='word_1_618' title='bbox 2260 435 2455 480; x_wconf 81' lang='lat' dir='ltr'>suppressam</span> 
     </span>
     <span class='ocr_line' id='line_1_83' title="bbox 1456 478 2454 523; baseline 0.001 -11"><span class='ocrx_word' id='word_1_619' title='bbox 1456 480 1586 514; x_wconf 90' lang='lat' dir='ltr'>urinam</span> <span class='ocrx_word' id='word_1_620' title='bbox 1609 478 1762 513; x_wconf 89' lang='lat' dir='ltr'>movisse.</span> <span class='ocrx_word' id='word_1_621' title='bbox 1785 480 1836 513; x_wconf 91' lang='lat' dir='ltr'>Sic</span> <span class='ocrx_word' id='word_1_622' title='bbox 1860 481 1945 514; x_wconf 87' lang='lat' dir='ltr'>enim</span> <span class='ocrx_word' id='word_1_623' title='bbox 1970 479 2075 523; x_wconf 83' lang='lat' dir='ltr'>ajebat</span> <span class='ocrx_word' id='word_1_624' title='bbox 2090 501 2100 517; x_wconf 89' lang='lat'><em>‚</em></span> <span class='ocrx_word' id='word_1_625' title='bbox 2125 478 2250 514; x_wconf 87' lang='lat' dir='ltr'>tametsi</span> <span class='ocrx_word' id='word_1_626' title='bbox 2273 480 2356 514; x_wconf 87' lang='lat' dir='ltr'>hanc</span> <span class='ocrx_word' id='word_1_627' title='bbox 2388 491 2454 513; x_wconf 91' lang='lat' dir='ltr'>non</span> 
     </span>
     <span class='ocr_line' id='line_1_84' title="bbox 1452 521 2455 566; baseline 0.001 -10"><span class='ocrx_word' id='word_1_628' title='bbox 1452 521 1619 557; x_wconf 81' lang='lat' dir='ltr'>movissem</span> <span class='ocrx_word' id='word_1_629' title='bbox 1635 545 1645 560; x_wconf 90' lang='lat'>,</span> <span class='ocrx_word' id='word_1_630' title='bbox 1671 533 1703 556; x_wconf 88' lang='lat' dir='ltr'>at</span> <span class='ocrx_word' id='word_1_631' title='bbox 1728 523 1839 556; x_wconf 87' lang='lat' dir='ltr'>saltem</span> <span class='ocrx_word' id='word_1_632' title='bbox 1861 533 1984 566; x_wconf 88' lang='lat' dir='ltr'>quanto</span> <span class='ocrx_word' id='word_1_633' title='bbox 2009 524 2080 566; x_wconf 88' lang='lat' dir='ltr'>plus</span> <span class='ocrx_word' id='word_1_634' title='bbox 2102 522 2249 557; x_wconf 89' lang='lat' dir='ltr'>humoris</span> <span class='ocrx_word' id='word_1_635' title='bbox 2296 534 2336 556; x_wconf 89' lang='lat' dir='ltr'>ex</span> <span class='ocrx_word' id='word_1_636' title='bbox 2381 524 2455 557; x_wconf 80' lang='lat' dir='ltr'>alvo</span> 
     </span>
     <span class='ocr_line' id='line_1_85' title="bbox 1452 564 2455 607; baseline 0 -7"><span class='ocrx_word' id='word_1_637' title='bbox 1452 564 1623 600; x_wconf 77' lang='lat' dir='ltr'>eduxissem</span> <span class='ocrx_word' id='word_1_638' title='bbox 1638 589 1648 603; x_wconf 90' lang='lat'><em>‚</em></span> <span class='ocrx_word' id='word_1_639' title='bbox 1674 574 1768 599; x_wconf 91' lang='lat' dir='ltr'>tanto</span> <span class='ocrx_word' id='word_1_640' title='bbox 1792 568 1901 599; x_wconf 88' lang='lat' dir='ltr'>minus</span> <span class='ocrx_word' id='word_1_641' title='bbox 1924 578 1978 607; x_wconf 89' lang='lat' dir='ltr'>per</span> <span class='ocrx_word' id='word_1_642' title='bbox 2001 576 2089 599; x_wconf 84' lang='lat' dir='ltr'>renes</span> <span class='ocrx_word' id='word_1_643' title='bbox 2112 565 2296 600; x_wconf 85' lang='lat' dir='ltr'>defluxisset</span> <span class='ocrx_word' id='word_1_644' title='bbox 2330 567 2369 600; x_wconf 84' lang='lat' dir='ltr'>ad</span> <span class='ocrx_word' id='word_1_645' title='bbox 2401 578 2455 600; x_wconf 89' lang='lat' dir='ltr'>ve-</span> 
     </span>
     <span class='ocr_line' id='line_1_86' title="bbox 1451 608 2453 651; baseline 0.001 -9"><span class='ocrx_word' id='word_1_646' title='bbox 1451 608 1548 642; x_wconf 82' lang='lat' dir='ltr'>sicam</span> <span class='ocrx_word' id='word_1_647' title='bbox 1573 611 1676 651; x_wconf 81' lang='lat' dir='ltr'>magis</span> <span class='ocrx_word' id='word_1_648' title='bbox 1692 609 1862 650; x_wconf 59' lang='lat' dir='ltr'>magisque</span> <span class='ocrx_word' id='word_1_649' title='bbox 1894 609 2130 644; x_wconf 85' lang='lat' dir='ltr'>distendendam</span> <span class='ocrx_word' id='word_1_650' title='bbox 2155 623 2163 642; x_wconf 71' lang='grc' dir='ltr'><strong><em>ε</em></strong></span> <span class='ocrx_word' id='word_1_651' title='bbox 2209 610 2298 644; x_wconf 85' lang='lat' dir='ltr'>movi</span> <span class='ocrx_word' id='word_1_652' title='bbox 2343 618 2453 644; x_wconf 87' lang='lat' dir='ltr'>autem</span> 
     </span>
     <span class='ocr_line' id='line_1_87' title="bbox 1451 652 2454 694; baseline 0.001 -9"><span class='ocrx_word' id='word_1_653' title='bbox 1451 663 1523 685; x_wconf 89' lang='lat' dir='ltr'>eum</span> <span class='ocrx_word' id='word_1_654' title='bbox 1547 652 1640 685; x_wconf 88' lang='lat' dir='ltr'>simul</span> <span class='ocrx_word' id='word_1_655' title='bbox 1663 654 1721 694; x_wconf 91' lang='lat' dir='ltr'>qui</span> <span class='ocrx_word' id='word_1_656' title='bbox 1745 654 1879 686; x_wconf 87' lang='lat' dir='ltr'>vesicam</span> <span class='ocrx_word' id='word_1_657' title='bbox 1900 652 1964 694; x_wconf 80' lang='lat' dir='ltr'>jam</span> <span class='ocrx_word' id='word_1_658' title='bbox 1985 652 2203 692; x_wconf 87' lang='lat' dir='ltr'>distendebat.</span> <span class='ocrx_word' id='word_1_659' title='bbox 2227 664 2301 687; x_wconf 89' lang='lat' dir='ltr'>c-um</span> <span class='ocrx_word' id='word_1_660' title='bbox 2311 654 2454 686; x_wconf 62' lang='lat' dir='ltr'>Reftum</span> 
     </span>
     <span class='ocr_line' id='line_1_88' title="bbox 1455 694 2456 739; baseline 0 -11"><span class='ocrx_word' id='word_1_661' title='bbox 1455 695 1646 728; x_wconf 89' lang='lat' dir='ltr'>intestinum</span> <span class='ocrx_word' id='word_1_662' title='bbox 1670 695 1871 735; x_wconf 84' lang='lat' dir='ltr'>lacessendo,</span> <span class='ocrx_word' id='word_1_663' title='bbox 1894 707 1959 729; x_wconf 89' lang='lat' dir='ltr'>non</span> <span class='ocrx_word' id='word_1_664' title='bbox 1982 697 2076 738; x_wconf 86' lang='lat' dir='ltr'>potui</span> <span class='ocrx_word' id='word_1_665' title='bbox 2101 698 2259 739; x_wconf 77' lang='lat' dir='ltr'>proximae</span> <span class='ocrx_word' id='word_1_666' title='bbox 2281 694 2393 730; x_wconf 86' lang='lat' dir='ltr'>veficae</span> <span class='ocrx_word' id='word_1_667' title='bbox 2415 694 2456 728; x_wconf 90' lang='lat' dir='ltr'>fi-</span> 
     </span>
     <span class='ocr_line' id='line_1_89' title="bbox 1456 738 2455 781; baseline 0.001 -10"><span class='ocrx_word' id='word_1_668' title='bbox 1456 738 1528 771; x_wconf 90' lang='lat' dir='ltr'>bras</span> <span class='ocrx_word' id='word_1_669' title='bbox 1553 750 1617 772; x_wconf 93' lang='lat' dir='ltr'>non</span> <span class='ocrx_word' id='word_1_670' title='bbox 1641 738 1735 772; x_wconf 86' lang='lat' dir='ltr'>simul</span> <span class='ocrx_word' id='word_1_671' title='bbox 1759 738 1796 772; x_wconf 89' lang='lat' dir='ltr'>ad</span> <span class='ocrx_word' id='word_1_672' title='bbox 1819 739 2076 773; x_wconf 47' lang='lat' dir='ltr'>contractionem</span> <span class='ocrx_word' id='word_1_673' title='bbox 2112 740 2274 774; x_wconf 86' lang='lat' dir='ltr'>stimulare</span> <span class='ocrx_word' id='word_1_674' title='bbox 2297 762 2310 780; x_wconf 92' lang='lat'>,</span> <span class='ocrx_word' id='word_1_675' title='bbox 2352 739 2455 781; x_wconf 76' lang='lat' dir='ltr'>iisque</span> 
     </span>
     <span class='ocr_line' id='line_1_90' title="bbox 1455 780 2454 824; baseline 0 -10"><span class='ocrx_word' id='word_1_676' title='bbox 1455 792 1573 823; x_wconf 83' lang='lat' dir='ltr'>magna</span> <span class='ocrx_word' id='word_1_677' title='bbox 1595 791 1746 824; x_wconf 79' lang='lat' dir='ltr'>exparte</span> <span class='ocrx_word' id='word_1_678' title='bbox 1770 780 1914 815; x_wconf 88' lang='lat' dir='ltr'>amissam</span> <span class='ocrx_word' id='word_1_679' title='bbox 1939 783 2005 815; x_wconf 89' lang='lat' dir='ltr'>vim</span> <span class='ocrx_word' id='word_1_680' title='bbox 2030 783 2177 817; x_wconf 88' lang='lat' dir='ltr'>reddere.</span> <span class='ocrx_word' id='word_1_681' title='bbox 2213 783 2342 818; x_wconf 87' lang='lat' dir='ltr'>Scilicet</span> <span class='ocrx_word' id='word_1_682' title='bbox 2387 792 2454 814; x_wconf 89' lang='lat' dir='ltr'>non</span> 
     </span>
     <span class='ocr_line' id='line_1_91' title="bbox 1453 824 2454 863; baseline -0.001 -5"><span class='ocrx_word' id='word_1_683' title='bbox 1453 825 1528 859; x_wconf 89' lang='lat' dir='ltr'>satis</span> <span class='ocrx_word' id='word_1_684' title='bbox 1552 825 1845 863; x_wconf 88' lang='lat' dir='ltr'>animadvertebat,</span> <span class='ocrx_word' id='word_1_685' title='bbox 1870 825 1989 859; x_wconf 88' lang='lat' dir='ltr'>nullam</span> <span class='ocrx_word' id='word_1_686' title='bbox 2012 824 2073 859; x_wconf 88' lang='lat' dir='ltr'>esse</span> <span class='ocrx_word' id='word_1_687' title='bbox 2105 827 2226 861; x_wconf 73' lang='lat' dir='ltr'>arffius</span> <span class='ocrx_word' id='word_1_688' title='bbox 2267 838 2341 860; x_wconf 88' lang='lat' dir='ltr'>curn</span> <span class='ocrx_word' id='word_1_689' title='bbox 2384 825 2454 858; x_wconf 88' lang='lat' dir='ltr'>imo</span> 
     </span>
     <span class='ocr_line' id='line_1_92' title="bbox 1455 867 2453 913; baseline 0.001 -13"><span class='ocrx_word' id='word_1_690' title='bbox 1455 867 1612 902; x_wconf 84' lang='lat' dir='ltr'>intestino</span> <span class='ocrx_word' id='word_1_691' title='bbox 1636 869 1738 902; x_wconf 55' lang='lat' dir='ltr'>Recto</span> <span class='ocrx_word' id='word_1_692' title='bbox 1761 868 1965 909; x_wconf 61' lang='lat' dir='ltr'>coniunftam</span> <span class='ocrx_word' id='word_1_693' title='bbox 1990 868 2099 903; x_wconf 85' lang='lat' dir='ltr'>veficae</span> <span class='ocrx_word' id='word_1_694' title='bbox 2123 879 2269 913; x_wconf 84' lang='lat' dir='ltr'>partem,</span> <span class='ocrx_word' id='word_1_695' title='bbox 2292 870 2453 912; x_wconf 89' lang='lat' dir='ltr'>quamin-</span> 
     </span>
     <span class='ocr_line' id='line_1_93' title="bbox 1455 910 2453 956; baseline -0.001 -11"><span class='ocrx_word' id='word_1_696' title='bbox 1455 910 1587 950; x_wconf 64' lang='lat' dir='ltr'>finiam,</span> <span class='ocrx_word' id='word_1_697' title='bbox 1609 911 1660 944; x_wconf 90' lang='lat' dir='ltr'>seu</span> <span class='ocrx_word' id='word_1_698' title='bbox 1682 913 1784 945; x_wconf 89' lang='lat' dir='ltr'>mavis</span> <span class='ocrx_word' id='word_1_699' title='bbox 1808 911 1944 946; x_wconf 81' lang='lat' dir='ltr'>urethrae</span> <span class='ocrx_word' id='word_1_700' title='bbox 1967 912 2124 954; x_wconf 88' lang='lat' dir='ltr'>initium,</span> <span class='ocrx_word' id='word_1_701' title='bbox 2151 925 2207 948; x_wconf 90' lang='lat' dir='ltr'>nec</span> <span class='ocrx_word' id='word_1_702' title='bbox 2230 913 2308 955; x_wconf 90' lang='lat' dir='ltr'>quid</span> <span class='ocrx_word' id='word_1_703' title='bbox 2320 921 2453 956; x_wconf 87' lang='lat' dir='ltr'>propte-</span> 
     </span>
     <span class='ocr_line' id='line_1_94' title="bbox 1457 954 2458 1002; baseline 0 -14"><span class='ocrx_word' id='word_1_704' title='bbox 1457 966 1509 1002; x_wconf 73' lang='lat' dir='ltr'>rea</span> <span class='ocrx_word' id='word_1_705' title='bbox 1532 955 1765 997; x_wconf 84' lang='lat' dir='ltr'>consequatur,</span> <span class='ocrx_word' id='word_1_706' title='bbox 1790 954 1810 987; x_wconf 87' lang='lat' dir='ltr'>si</span> <span class='ocrx_word' id='word_1_707' title='bbox 1835 965 1905 988; x_wconf 91' lang='lat' dir='ltr'>tum</span> <span class='ocrx_word' id='word_1_708' title='bbox 1930 955 2020 989; x_wconf 87' lang='lat' dir='ltr'>forte</span> <span class='ocrx_word' id='word_1_709' title='bbox 2044 967 2116 997; x_wconf 83' lang='lat' dir='ltr'>pars</span> <span class='ocrx_word' id='word_1_710' title='bbox 2140 956 2207 991; x_wconf 83' lang='lat' dir='ltr'>haec</span> <span class='ocrx_word' id='word_1_711' title='bbox 2230 957 2330 990; x_wconf 86' lang='lat' dir='ltr'>initio</span> <span class='ocrx_word' id='word_1_712' title='bbox 2341 957 2458 998; x_wconf 84' lang='lat' dir='ltr'>aliquo</span> 
     </span>
     <span class='ocr_line' id='line_1_95' title="bbox 1457 998 2455 1041; baseline 0.001 -10"><span class='ocrx_word' id='word_1_713' title='bbox 1457 1010 1522 1041; x_wconf 81' lang='lat' dir='ltr'>Jam</span> <span class='ocrx_word' id='word_1_714' title='bbox 1547 1008 1691 1032; x_wconf 86' lang='lat' dir='ltr'>teneatur</span> <span class='ocrx_word' id='word_1_715' title='bbox 1716 1008 1770 1032; x_wconf 85' lang='lat' dir='ltr'>aut</span> <span class='ocrx_word' id='word_1_716' title='bbox 1794 998 2094 1039; x_wconf 85' lang='lat' dir='ltr'>inflammationis,</span> <span class='ocrx_word' id='word_1_717' title='bbox 2117 1009 2172 1034; x_wconf 87' lang='lat' dir='ltr'>aut</span> <span class='ocrx_word' id='word_1_718' title='bbox 2203 998 2422 1034; x_wconf 79' lang='lat' dir='ltr'>convulsionis</span> <span class='ocrx_word' id='word_1_719' title='bbox 2444 1023 2455 1032; x_wconf 83' lang='lat'>.</span> 
     </span>
     <span class='ocr_line' id='line_1_96' title="bbox 1455 1040 2455 1087; baseline -0.001 -12"><span class='ocrx_word' id='word_1_720' title='bbox 1455 1043 1617 1084; x_wconf 83' lang='lat' dir='ltr'>Equidem</span> <span class='ocrx_word' id='word_1_721' title='bbox 1642 1040 1765 1076; x_wconf 85' lang='lat' dir='ltr'>inficias</span> <span class='ocrx_word' id='word_1_722' title='bbox 1789 1053 1852 1076; x_wconf 90' lang='lat' dir='ltr'>non</span> <span class='ocrx_word' id='word_1_723' title='bbox 1875 1053 1935 1081; x_wconf 91' lang='lat' dir='ltr'>eo,</span> <span class='ocrx_word' id='word_1_724' title='bbox 1959 1041 2121 1075; x_wconf 87' lang='lat' dir='ltr'>interdum</span> <span class='ocrx_word' id='word_1_725' title='bbox 2144 1055 2160 1075; x_wconf 90' lang='lat' dir='ltr'>a</span> <span class='ocrx_word' id='word_1_726' title='bbox 2184 1043 2355 1087; x_wconf 40' lang='lat' dir='ltr'>paralysi,</span> <span class='ocrx_word' id='word_1_727' title='bbox 2379 1041 2455 1074; x_wconf 89' lang='lat' dir='ltr'>alias</span> 
     </span>
     <span class='ocr_line' id='line_1_97' title="bbox 1456 1084 2458 1126; baseline -0.002 -8"><span class='ocrx_word' id='word_1_728' title='bbox 1456 1085 1497 1118; x_wconf 86' lang='lat' dir='ltr'>ab</span> <span class='ocrx_word' id='word_1_729' title='bbox 1519 1084 1585 1126; x_wconf 87' lang='lat' dir='ltr'>ipsa</span> <span class='ocrx_word' id='word_1_730' title='bbox 1610 1084 1804 1118; x_wconf 84' lang='lat' dir='ltr'>distentione</span> <span class='ocrx_word' id='word_1_731' title='bbox 1828 1085 1960 1119; x_wconf 88' lang='lat' dir='ltr'>vesicam</span> <span class='ocrx_word' id='word_1_732' title='bbox 1984 1085 2013 1119; x_wconf 86' lang='lat' dir='ltr'>se</span> <span class='ocrx_word' id='word_1_733' title='bbox 2036 1085 2246 1119; x_wconf 87' lang='lat' dir='ltr'>contrahendi</span> <span class='ocrx_word' id='word_1_734' title='bbox 2271 1087 2338 1119; x_wconf 90' lang='lat' dir='ltr'>vim</span> <span class='ocrx_word' id='word_1_735' title='bbox 2361 1086 2458 1120; x_wconf 83' lang='lat' dir='ltr'>amit.</span> 
     </span>
     <span class='ocr_line' id='line_1_98' title="bbox 1456 1127 2458 1172; baseline 0 -10"><span class='ocrx_word' id='word_1_736' title='bbox 1456 1138 1543 1162; x_wconf 86' lang='lat' dir='ltr'>tere.</span> <span class='ocrx_word' id='word_1_737' title='bbox 1569 1127 1628 1161; x_wconf 89' lang='lat' dir='ltr'>Sed</span> <span class='ocrx_word' id='word_1_738' title='bbox 1651 1127 1714 1162; x_wconf 92' lang='lat' dir='ltr'>hoc</span> <span class='ocrx_word' id='word_1_739' title='bbox 1738 1129 1811 1169; x_wconf 85' lang='lat' dir='ltr'>ajo,</span> <span class='ocrx_word' id='word_1_740' title='bbox 1834 1128 1935 1162; x_wconf 74' lang='lat' dir='ltr'>urinae</span> <span class='ocrx_word' id='word_1_741' title='bbox 1958 1129 1991 1161; x_wconf 90' lang='lat' dir='ltr'>in</span> <span class='ocrx_word' id='word_1_742' title='bbox 2015 1129 2114 1163; x_wconf 87' lang='lat' dir='ltr'>vesica</span> <span class='ocrx_word' id='word_1_743' title='bbox 2138 1128 2358 1172; x_wconf 87' lang='lat' dir='ltr'>suppreffionis</span> <span class='ocrx_word' id='word_1_744' title='bbox 2381 1140 2458 1162; x_wconf 87' lang='lat' dir='ltr'>cau-</span> 
     </span>
     <span class='ocr_line' id='line_1_99' title="bbox 1456 1171 2457 1215; baseline 0.001 -11"><span class='ocrx_word' id='word_1_745' title='bbox 1456 1172 1500 1205; x_wconf 88' lang='lat' dir='ltr'>sas</span> <span class='ocrx_word' id='word_1_746' title='bbox 1544 1171 1675 1204; x_wconf 87' lang='lat' dir='ltr'>solerter</span> <span class='ocrx_word' id='word_1_747' title='bbox 1719 1171 1776 1205; x_wconf 85' lang='lat' dir='ltr'>esse</span> <span class='ocrx_word' id='word_1_748' title='bbox 1819 1171 2057 1214; x_wconf 83' lang='lat' dir='ltr'>distinguendas</span> <span class='ocrx_word' id='word_1_749' title='bbox 2079 1196 2088 1212; x_wconf 94' lang='lat'>‚</span> <span class='ocrx_word' id='word_1_750' title='bbox 2136 1183 2192 1206; x_wconf 91' lang='lat' dir='ltr'>nec</span> <span class='ocrx_word' id='word_1_751' title='bbox 2217 1172 2339 1215; x_wconf 86' lang='lat' dir='ltr'>semper</span> <span class='ocrx_word' id='word_1_752' title='bbox 2363 1172 2457 1205; x_wconf 88' lang='lat' dir='ltr'>facile</span> 
     </span>
     <span class='ocr_line' id='line_1_100' title="bbox 1456 1214 2458 1258; baseline 0.001 -10"><span class='ocrx_word' id='word_1_753' title='bbox 1456 1214 1557 1255; x_wconf 92' lang='lat' dir='ltr'>adeo,</span> <span class='ocrx_word' id='word_1_754' title='bbox 1582 1226 1618 1247; x_wconf 90' lang='lat' dir='ltr'>ac</span> <span class='ocrx_word' id='word_1_755' title='bbox 1641 1215 1731 1253; x_wconf 92' lang='lat' dir='ltr'>cito,</span> <span class='ocrx_word' id='word_1_756' title='bbox 1757 1224 1793 1247; x_wconf 92' lang='lat' dir='ltr'>ut</span> <span class='ocrx_word' id='word_1_757' title='bbox 1816 1215 2056 1249; x_wconf 84' lang='lat' dir='ltr'>eleaucharti</span> <span class='ocrx_word' id='word_1_758' title='bbox 2079 1216 2226 1258; x_wconf 88' lang='lat' dir='ltr'>exemplo</span> <span class='ocrx_word' id='word_1_759' title='bbox 2250 1216 2343 1258; x_wconf 87' lang='lat' dir='ltr'>supra</span> <span class='ocrx_word' id='word_1_760' title='bbox 2367 1216 2419 1257; x_wconf 84' lang='lat' dir='ltr'>(a</span> <span class='ocrx_word' id='word_1_761' title='bbox 2442 1217 2458 1254; x_wconf 90' lang='lat'>)</span> 
     </span>
     <span class='ocr_line' id='line_1_101' title="bbox 1455 1258 2457 1302; baseline 0 -11"><span class='ocrx_word' id='word_1_762' title='bbox 1455 1258 1668 1300; x_wconf 75' lang='lat' dir='ltr'>collegimus,</span> <span class='ocrx_word' id='word_1_763' title='bbox 1695 1258 1850 1291; x_wconf 86' lang='lat' dir='ltr'>sublatam</span> <span class='ocrx_word' id='word_1_764' title='bbox 1874 1269 1890 1290; x_wconf 91' lang='lat' dir='ltr'>a</span> <span class='ocrx_word' id='word_1_765' title='bbox 1916 1258 2111 1293; x_wconf 81' lang='lat' dir='ltr'>distentione</span> <span class='ocrx_word' id='word_1_766' title='bbox 2144 1261 2210 1292; x_wconf 88' lang='lat' dir='ltr'>vim</span> <span class='ocrx_word' id='word_1_767' title='bbox 2244 1270 2308 1302; x_wconf 89' lang='lat' dir='ltr'>qua</span> <span class='ocrx_word' id='word_1_768' title='bbox 2353 1258 2457 1292; x_wconf 86' lang='lat' dir='ltr'>vesica</span> 
     </span>
     <span class='ocr_line' id='line_1_102' title="bbox 1455 1300 2457 1344; baseline 0 -9"><span class='ocrx_word' id='word_1_769' title='bbox 1455 1301 1485 1335; x_wconf 84' lang='lat' dir='ltr'>se</span> <span class='ocrx_word' id='word_1_770' title='bbox 1507 1300 1700 1341; x_wconf 88' lang='lat' dir='ltr'>contrahit;</span> <span class='ocrx_word' id='word_1_771' title='bbox 1721 1301 1780 1335; x_wconf 83' lang='lat' dir='ltr'>esse</span> <span class='ocrx_word' id='word_1_772' title='bbox 1804 1302 2072 1344; x_wconf 85' lang='lat' dir='ltr'>concipiendam.</span> <span class='ocrx_word' id='word_1_773' title='bbox 2107 1301 2259 1336; x_wconf 89' lang='lat' dir='ltr'>Ostendit</span> <span class='ocrx_word' id='word_1_774' title='bbox 2289 1302 2352 1336; x_wconf 91' lang='lat' dir='ltr'>hoc</span> <span class='ocrx_word' id='word_1_775' title='bbox 2375 1315 2384 1339; x_wconf 69' lang='grc' dir='ltr'>ς</span> <span class='ocrx_word' id='word_1_776' title='bbox 2416 1311 2457 1335; x_wconf 83' lang='lat' dir='ltr'>ut</span> 
     </span>
     <span class='ocr_line' id='line_1_103' title="bbox 1455 1344 2455 1387; baseline -0.002 -8"><span class='ocrx_word' id='word_1_777' title='bbox 1455 1345 1517 1379; x_wconf 85' lang='lat' dir='ltr'>alia</span> <span class='ocrx_word' id='word_1_778' title='bbox 1543 1346 1751 1387; x_wconf 74' lang='lat' dir='ltr'>praeteream,</span> <span class='ocrx_word' id='word_1_779' title='bbox 1776 1347 1865 1379; x_wconf 87' lang='lat' dir='ltr'>canis</span> <span class='ocrx_word' id='word_1_780' title='bbox 1888 1357 1904 1377; x_wconf 86' lang='lat' dir='ltr'>a</span> <span class='ocrx_word' id='word_1_781' title='bbox 1922 1345 2132 1380; x_wconf 72' lang='lat' dir='ltr'>,Boerhaavio</span> <span class='ocrx_word' id='word_1_782' title='bbox 2156 1349 2165 1385; x_wconf 95' lang='lat'>(</span> <span class='ocrx_word' id='word_1_783' title='bbox 2189 1344 2208 1379; x_wconf 87' lang='lat' dir='ltr'><em>b</em></span> <span class='ocrx_word' id='word_1_784' title='bbox 2228 1349 2243 1386; x_wconf 92' lang='lat'>)</span> <span class='ocrx_word' id='word_1_785' title='bbox 2272 1344 2422 1379; x_wconf 59' lang='lat' dir='ltr'>disseRus</span> <span class='ocrx_word' id='word_1_786' title='bbox 2444 1365 2455 1381; x_wconf 93' lang='lat'><em>‚</em></span> 
     </span>
     <span class='ocr_line' id='line_1_104' title="bbox 1454 1387 2457 1432; baseline -0.001 -11"><span class='ocrx_word' id='word_1_787' title='bbox 1454 1389 1490 1421; x_wconf 83' lang='lat' dir='ltr'>in</span> <span class='ocrx_word' id='word_1_788' title='bbox 1515 1399 1581 1432; x_wconf 90' lang='lat' dir='ltr'>quo</span> <span class='ocrx_word' id='word_1_789' title='bbox 1602 1387 1656 1421; x_wconf 87' lang='lat' dir='ltr'>etsi</span> <span class='ocrx_word' id='word_1_790' title='bbox 1681 1388 1772 1421; x_wconf 87' lang='lat' dir='ltr'>urina</span> <span class='ocrx_word' id='word_1_791' title='bbox 1795 1389 1940 1422; x_wconf 85' lang='lat' dir='ltr'>triduum</span> <span class='ocrx_word' id='word_1_792' title='bbox 1964 1388 2030 1432; x_wconf 84' lang='lat' dir='ltr'>jam</span> <span class='ocrx_word' id='word_1_793' title='bbox 2056 1398 2177 1422; x_wconf 91' lang='lat' dir='ltr'>retenta</span> <span class='ocrx_word' id='word_1_794' title='bbox 2203 1388 2378 1430; x_wconf 78' lang='lat' dir='ltr'>plenissima</span> <span class='ocrx_word' id='word_1_795' title='bbox 2410 1387 2457 1421; x_wconf 87' lang='lat' dir='ltr'>es-</span> 
     </span>
     <span class='ocr_line' id='line_1_105' title="bbox 1455 1430 2454 1474; baseline -0.001 -9"><span class='ocrx_word' id='word_1_796' title='bbox 1455 1431 1503 1465; x_wconf 87' lang='lat' dir='ltr'>set</span> <span class='ocrx_word' id='word_1_797' title='bbox 1549 1430 1648 1464; x_wconf 89' lang='lat' dir='ltr'>vesica</span> <span class='ocrx_word' id='word_1_798' title='bbox 1673 1455 1682 1471; x_wconf 92' lang='lat'>,</span> <span class='ocrx_word' id='word_1_799' title='bbox 1725 1430 1786 1465; x_wconf 87' lang='lat' dir='ltr'>hac</span> <span class='ocrx_word' id='word_1_800' title='bbox 1828 1441 1934 1465; x_wconf 87' lang='lat' dir='ltr'>tamen</span> <span class='ocrx_word' id='word_1_801' title='bbox 1980 1433 2101 1474; x_wconf 88' lang='lat' dir='ltr'>exiguo</span> <span class='ocrx_word' id='word_1_802' title='bbox 2146 1431 2276 1466; x_wconf 90' lang='lat' dir='ltr'>vulnere</span> <span class='ocrx_word' id='word_1_803' title='bbox 2299 1431 2427 1474; x_wconf 88' lang='lat' dir='ltr'>pertusa</span> <span class='ocrx_word' id='word_1_804' title='bbox 2442 1452 2454 1470; x_wconf 91' lang='lat'>‚</span> 
     </span>
     <span class='ocr_line' id='line_1_106' title="bbox 2292 1475 2455 1517; baseline -0.006 -9"><span class='ocrx_word' id='word_1_805' title='bbox 2292 1475 2335 1508; x_wconf 55' lang='grc' dir='ltr'><em>Θ</em></span> <span class='ocrx_word' id='word_1_806' title='bbox 2355 1475 2455 1517; x_wconf 64' lang='lat' dir='ltr'>vesica</span> 
     </span>
     <span class='ocr_line' id='line_1_107' title="bbox 1447 1517 2457 1605; baseline 0 -53"><span class='ocrx_word' id='word_1_807' title='bbox 1447 1519 1505 1605; x_wconf 50' lang='lat' dir='ltr'>jta</span> <span class='ocrx_word' id='word_1_808' title='bbox 1528 1517 1685 1551; x_wconf 65' lang='lat' dir='ltr'>contrafra</span> <span class='ocrx_word' id='word_1_809' title='bbox 1707 1517 1746 1557; x_wconf 72' lang='lat' dir='ltr'>esi</span> <span class='ocrx_word' id='word_1_810' title='bbox 1766 1541 1780 1559; x_wconf 87' lang='lat'>,</span> <span class='ocrx_word' id='word_1_811' title='bbox 1823 1525 1860 1551; x_wconf 81' lang='lat' dir='ltr'>ut</span> <span class='ocrx_word' id='word_1_812' title='bbox 1899 1528 1976 1560; x_wconf 84' lang='lat' dir='ltr'>pene</span> <span class='ocrx_word' id='word_1_813' title='bbox 2022 1518 2108 1553; x_wconf 74' lang='lat' dir='ltr'>nulla</span> <span class='ocrx_word' id='word_1_814' title='bbox 2152 1519 2277 1560; x_wconf 72' lang='lat' dir='ltr'>cavitas</span> <span class='ocrx_word' id='word_1_815' title='bbox 2313 1517 2457 1561; x_wconf 83' lang='lat' dir='ltr'>superes-</span> 
     </span>
     <span class='ocr_line' id='line_1_108' title="bbox 1470 1568 2426 1603; baseline -0.001 -7"><span class='ocrx_word' id='word_1_816' title='bbox 1470 1568 1521 1596; x_wconf 82' lang='lat' dir='ltr'>et.</span> <span class='ocrx_word' id='word_1_817' title='bbox 2332 1596 2335 1603; x_wconf 81' lang='grc'>,</span> <span class='ocrx_word' id='word_1_818' title='bbox 2420 1569 2426 1574; x_wconf 91' lang='grc'><em>·</em></span> 
     </span>
     <span class='ocr_line' id='line_1_109' title="bbox 1504 1604 2456 1647; baseline 0.001 -9"><span class='ocrx_word' id='word_1_819' title='bbox 1504 1615 1551 1638; x_wconf 80' lang='lat'>12.</span> <span class='ocrx_word' id='word_1_820' title='bbox 1575 1605 1656 1638; x_wconf 89' lang='lat' dir='ltr'>Sunt</span> <span class='ocrx_word' id='word_1_821' title='bbox 1678 1606 1710 1637; x_wconf 89' lang='lat'>&amp;</span> <span class='ocrx_word' id='word_1_822' title='bbox 1733 1605 1805 1639; x_wconf 84' lang='lat' dir='ltr'>aliae</span> <span class='ocrx_word' id='word_1_823' title='bbox 1829 1605 2013 1647; x_wconf 85' lang='lat' dir='ltr'>complures</span> <span class='ocrx_word' id='word_1_824' title='bbox 2037 1604 2137 1639; x_wconf 84' lang='lat' dir='ltr'>causae</span> <span class='ocrx_word' id='word_1_825' title='bbox 2160 1615 2231 1646; x_wconf 88' lang='lat' dir='ltr'>quae</span> <span class='ocrx_word' id='word_1_826' title='bbox 2266 1613 2302 1637; x_wconf 90' lang='lat' dir='ltr'>ut</span> <span class='ocrx_word' id='word_1_827' title='bbox 2335 1605 2456 1639; x_wconf 73' lang='lat' dir='ltr'>lotium</span> 
     </span>
     <span class='ocr_line' id='line_1_110' title="bbox 1457 1646 2458 1693; baseline -0.001 -11"><span class='ocrx_word' id='word_1_828' title='bbox 1457 1648 1586 1693; x_wconf 82' lang='lat' dir='ltr'>possunt</span> <span class='ocrx_word' id='word_1_829' title='bbox 1608 1649 1642 1680; x_wconf 89' lang='lat' dir='ltr'>in</span> <span class='ocrx_word' id='word_1_830' title='bbox 1667 1647 1766 1682; x_wconf 87' lang='lat' dir='ltr'>vesica</span> <span class='ocrx_word' id='word_1_831' title='bbox 1790 1650 1939 1689; x_wconf 86' lang='lat' dir='ltr'>retinere,</span> <span class='ocrx_word' id='word_1_832' title='bbox 1971 1651 2018 1683; x_wconf 87' lang='lat' dir='ltr'>ita</span> <span class='ocrx_word' id='word_1_833' title='bbox 2043 1659 2095 1682; x_wconf 86' lang='lat' dir='ltr'>eos</span> <span class='ocrx_word' id='word_1_834' title='bbox 2117 1659 2199 1691; x_wconf 86' lang='lat' dir='ltr'>quos</span> <span class='ocrx_word' id='word_1_835' title='bbox 2229 1646 2296 1680; x_wconf 84' lang='lat' dir='ltr'>dixi</span> <span class='ocrx_word' id='word_1_836' title='bbox 2317 1671 2330 1688; x_wconf 87' lang='lat'>,</span> <span class='ocrx_word' id='word_1_837' title='bbox 2364 1649 2458 1682; x_wconf 85' lang='lat' dir='ltr'>alios-</span> 
     </span>
     <span class='ocr_line' id='line_1_111' title="bbox 1455 1690 2459 1735; baseline 0 -10"><span class='ocrx_word' id='word_1_838' title='bbox 1455 1703 1519 1735; x_wconf 89' lang='lat' dir='ltr'>que</span> <span class='ocrx_word' id='word_1_839' title='bbox 1543 1690 1718 1733; x_wconf 85' lang='lat' dir='ltr'>prohibent</span> <span class='ocrx_word' id='word_1_840' title='bbox 1742 1692 1909 1732; x_wconf 89' lang='lat' dir='ltr'>stimulos,</span> <span class='ocrx_word' id='word_1_841' title='bbox 1933 1700 1970 1726; x_wconf 88' lang='lat' dir='ltr'>ut</span> <span class='ocrx_word' id='word_1_842' title='bbox 1994 1702 2071 1733; x_wconf 89' lang='lat' dir='ltr'>puta</span> <span class='ocrx_word' id='word_1_843' title='bbox 2094 1690 2182 1733; x_wconf 87' lang='lat' dir='ltr'>quod</span> <span class='ocrx_word' id='word_1_844' title='bbox 2205 1690 2370 1725; x_wconf 84' lang='lat' dir='ltr'>domestici</span> <span class='ocrx_word' id='word_1_845' title='bbox 2407 1703 2459 1725; x_wconf 87' lang='lat' dir='ltr'>re-</span> 
     </span>
     <span class='ocr_line' id='line_1_112' title="bbox 1454 1733 2459 1778; baseline 0 -10"><span class='ocrx_word' id='word_1_846' title='bbox 1454 1734 1552 1768; x_wconf 89' lang='lat' dir='ltr'>medii</span> <span class='ocrx_word' id='word_1_847' title='bbox 1576 1734 1648 1768; x_wconf 92' lang='lat' dir='ltr'>loco</span> <span class='ocrx_word' id='word_1_848' title='bbox 1672 1735 1755 1776; x_wconf 85' lang='lat' dir='ltr'>apud</span> <span class='ocrx_word' id='word_1_849' title='bbox 1778 1736 1932 1778; x_wconf 88' lang='lat' dir='ltr'>quosdam</span> <span class='ocrx_word' id='word_1_850' title='bbox 1956 1735 2034 1772; x_wconf 85' lang='lat' dir='ltr'>esse,</span> <span class='ocrx_word' id='word_1_851' title='bbox 2059 1735 2147 1773; x_wconf 83' lang='lat' dir='ltr'>scio,</span> <span class='ocrx_word' id='word_1_852' title='bbox 2171 1742 2207 1767; x_wconf 90' lang='lat' dir='ltr'>ut</span> <span class='ocrx_word' id='word_1_853' title='bbox 2231 1733 2385 1775; x_wconf 86' lang='lat' dir='ltr'>laterem,</span> <span class='ocrx_word' id='word_1_854' title='bbox 2400 1735 2459 1769; x_wconf 88' lang='lat' dir='ltr'>fri-</span> 
     </span>
     <span class='ocr_line' id='line_1_113' title="bbox 1455 1777 2459 1821; baseline 0.002 -11"><span class='ocrx_word' id='word_1_855' title='bbox 1455 1777 1538 1821; x_wconf 82' lang='lat' dir='ltr'>gidae</span> <span class='ocrx_word' id='word_1_856' title='bbox 1562 1788 1652 1811; x_wconf 89' lang='lat' dir='ltr'>antea</span> <span class='ocrx_word' id='word_1_857' title='bbox 1682 1778 1870 1812; x_wconf 87' lang='lat' dir='ltr'>immersum</span> <span class='ocrx_word' id='word_1_858' title='bbox 1892 1800 1905 1818; x_wconf 83' lang='lat'><em>‚</em></span> <span class='ocrx_word' id='word_1_859' title='bbox 1939 1778 2057 1820; x_wconf 84' lang='lat' dir='ltr'>plantis</span> <span class='ocrx_word' id='word_1_860' title='bbox 2104 1786 2267 1818; x_wconf 86' lang='lat' dir='ltr'>apponant</span> <span class='ocrx_word' id='word_1_861' title='bbox 2314 1780 2459 1820; x_wconf 81' lang='lat' dir='ltr'>mingere</span> 
     </span>
     <span class='ocr_line' id='line_1_114' title="bbox 1456 1821 2459 1864; baseline 0.001 -10"><span class='ocrx_word' id='word_1_862' title='bbox 1456 1832 1522 1854; x_wconf 89' lang='lat' dir='ltr'>non</span> <span class='ocrx_word' id='word_1_863' title='bbox 1546 1821 1708 1863; x_wconf 85' lang='lat' dir='ltr'>potentis:</span> <span class='ocrx_word' id='word_1_864' title='bbox 1733 1833 1815 1864; x_wconf 88' lang='lat' dir='ltr'>quos</span> <span class='ocrx_word' id='word_1_865' title='bbox 1838 1821 1926 1855; x_wconf 86' lang='lat' dir='ltr'>felici</span> <span class='ocrx_word' id='word_1_866' title='bbox 1952 1821 2084 1855; x_wconf 83' lang='lat' dir='ltr'>audacia</span> <span class='ocrx_word' id='word_1_867' title='bbox 2108 1821 2254 1852; x_wconf 86' lang='lat' dir='ltr'>imitatus</span> <span class='ocrx_word' id='word_1_868' title='bbox 2276 1822 2340 1861; x_wconf 87' lang='lat' dir='ltr'>est,</span> <span class='ocrx_word' id='word_1_869' title='bbox 2384 1833 2459 1856; x_wconf 88' lang='lat' dir='ltr'>cum</span> 
     </span>
     <span class='ocr_line' id='line_1_115' title="bbox 1457 1863 2461 1908; baseline 0.002 -10"><span class='ocrx_word' id='word_1_870' title='bbox 1457 1864 1566 1907; x_wconf 82' lang='lat' dir='ltr'>junior</span> <span class='ocrx_word' id='word_1_871' title='bbox 1589 1864 1688 1903; x_wconf 87' lang='lat' dir='ltr'>esset,</span> <span class='ocrx_word' id='word_1_872' title='bbox 1713 1865 1862 1899; x_wconf 82' lang='lat' dir='ltr'>Medicus</span> <span class='ocrx_word' id='word_1_873' title='bbox 1885 1865 2005 1898; x_wconf 87' lang='lat' dir='ltr'>amicus</span> <span class='ocrx_word' id='word_1_874' title='bbox 2030 1875 2117 1898; x_wconf 87' lang='lat' dir='ltr'>meus</span> <span class='ocrx_word' id='word_1_875' title='bbox 2141 1863 2246 1904; x_wconf 83' lang='lat' dir='ltr'>glacie</span> <span class='ocrx_word' id='word_1_876' title='bbox 2269 1863 2337 1907; x_wconf 85' lang='lat' dir='ltr'>ipsa</span> <span class='ocrx_word' id='word_1_877' title='bbox 2371 1864 2461 1908; x_wconf 58' lang='lat' dir='ltr'>pedi-e</span> 
     </span>
     <span class='ocr_line' id='line_1_116' title="bbox 1458 1906 2462 1950; baseline 0 -9"><span class='ocrx_word' id='word_1_878' title='bbox 1458 1910 1516 1946; x_wconf 87' lang='lat' dir='ltr'>bus</span> <span class='ocrx_word' id='word_1_879' title='bbox 1540 1907 1700 1950; x_wconf 85' lang='lat' dir='ltr'>paulisper</span> <span class='ocrx_word' id='word_1_880' title='bbox 1723 1908 1872 1942; x_wconf 84' lang='lat' dir='ltr'>admota.</span> <span class='ocrx_word' id='word_1_881' title='bbox 1898 1909 1981 1946; x_wconf 81' lang='lat' dir='ltr'>Quae</span> <span class='ocrx_word' id='word_1_882' title='bbox 2016 1918 2051 1941; x_wconf 91' lang='lat' dir='ltr'>ut</span> <span class='ocrx_word' id='word_1_883' title='bbox 2095 1906 2269 1950; x_wconf 87' lang='lat' dir='ltr'>aliquando</span> <span class='ocrx_word' id='word_1_884' title='bbox 2313 1908 2462 1945; x_wconf 89' lang='lat' dir='ltr'>hebetem</span> 
     </span>
     <span class='ocr_line' id='line_1_117' title="bbox 1458 1950 2462 1992; baseline 0 -7"><span class='ocrx_word' id='word_1_885' title='bbox 1458 1950 1568 1986; x_wconf 86' lang='lat' dir='ltr'>vesicae</span> <span class='ocrx_word' id='word_1_886' title='bbox 1591 1951 1659 1983; x_wconf 88' lang='lat' dir='ltr'>vim</span> <span class='ocrx_word' id='word_1_887' title='bbox 1683 1962 1737 1992; x_wconf 91' lang='lat' dir='ltr'>per</span> <span class='ocrx_word' id='word_1_888' title='bbox 1761 1951 1937 1984; x_wconf 87' lang='lat' dir='ltr'>stimulatos</span> <span class='ocrx_word' id='word_1_889' title='bbox 1960 1951 2149 1984; x_wconf 79' lang='lat' dir='ltr'>Cruralium</span> <span class='ocrx_word' id='word_1_890' title='bbox 2174 1960 2348 1985; x_wconf 83' lang='lat' dir='ltr'>nervorum</span> <span class='ocrx_word' id='word_1_891' title='bbox 2382 1951 2462 1985; x_wconf 79' lang='lat' dir='ltr'>fines</span> 
     </span>
     <span class='ocr_line' id='line_1_118' title="bbox 1456 1993 2462 2037; baseline 0.002 -10"><span class='ocrx_word' id='word_1_892' title='bbox 1456 1993 1624 2037; x_wconf 87' lang='lat' dir='ltr'>potuerint</span> <span class='ocrx_word' id='word_1_893' title='bbox 1648 1995 1809 2032; x_wconf 72' lang='lat' dir='ltr'>excitare3</span> <span class='ocrx_word' id='word_1_894' title='bbox 1835 1994 1989 2035; x_wconf 82' lang='lat' dir='ltr'>intelligis</span> <span class='ocrx_word' id='word_1_895' title='bbox 2012 2003 2113 2031; x_wconf 86' lang='lat' dir='ltr'>certe,</span> <span class='ocrx_word' id='word_1_896' title='bbox 2140 2004 2238 2035; x_wconf 83' lang='lat' dir='ltr'>quam</span> <span class='ocrx_word' id='word_1_897' title='bbox 2270 1993 2368 2028; x_wconf 82' lang='lat' dir='ltr'>noxia</span> <span class='ocrx_word' id='word_1_898' title='bbox 2400 1994 2462 2029; x_wconf 83' lang='lat' dir='ltr'>esse</span> 
     </span>
     <span class='ocr_line' id='line_1_119' title="bbox 1454 2037 2462 2080; baseline 0 -10"><span class='ocrx_word' id='word_1_899' title='bbox 1454 2039 1660 2071; x_wconf 87' lang='lat' dir='ltr'>irritamenta</span> <span class='ocrx_word' id='word_1_900' title='bbox 1685 2037 1801 2079; x_wconf 79' lang='lat' dir='ltr'>possint</span> <span class='ocrx_word' id='word_1_901' title='bbox 1826 2038 1881 2071; x_wconf 90' lang='lat' dir='ltr'>ubi</span> <span class='ocrx_word' id='word_1_902' title='bbox 1907 2037 1946 2070; x_wconf 91' lang='lat' dir='ltr'>ab</span> <span class='ocrx_word' id='word_1_903' title='bbox 1970 2037 2145 2070; x_wconf 84' lang='lat' dir='ltr'>acrimonia</span> <span class='ocrx_word' id='word_1_904' title='bbox 2171 2037 2270 2070; x_wconf 82' lang='lat' dir='ltr'>urinae</span> <span class='ocrx_word' id='word_1_905' title='bbox 2303 2038 2462 2080; x_wconf 64' lang='lat' dir='ltr'>inceperit:</span> 
     </span>
     <span class='ocr_line' id='line_1_120' title="bbox 1454 2079 2463 2124; baseline 0.001 -9"><span class='ocrx_word' id='word_1_906' title='bbox 1454 2080 1551 2123; x_wconf 83' lang='lat' dir='ltr'>hujus</span> <span class='ocrx_word' id='word_1_907' title='bbox 1574 2083 1737 2120; x_wconf 88' lang='lat' dir='ltr'>retentio,</span> <span class='ocrx_word' id='word_1_908' title='bbox 1763 2090 1817 2119; x_wconf 82' lang='lat' dir='ltr'>aut</span> <span class='ocrx_word' id='word_1_909' title='bbox 1843 2081 1899 2114; x_wconf 87' lang='lat' dir='ltr'>ubi</span> <span class='ocrx_word' id='word_1_910' title='bbox 1924 2080 2094 2116; x_wconf 88' lang='lat' dir='ltr'>secundum</span> <span class='ocrx_word' id='word_1_911' title='bbox 2118 2079 2320 2115; x_wconf 84' lang='lat' dir='ltr'>Solertiffimi</span> <span class='ocrx_word' id='word_1_912' title='bbox 2355 2080 2463 2124; x_wconf 84' lang='lat' dir='ltr'>Pujati</span> 
     </span>
     <span class='ocr_line' id='line_1_121' title="bbox 1456 2123 2464 2168; baseline 0.001 -11"><span class='ocrx_word' id='word_1_913' title='bbox 1456 2126 1508 2168; x_wconf 91' lang='lat' dir='ltr'>(c</span> <span class='ocrx_word' id='word_1_914' title='bbox 1530 2128 1544 2164; x_wconf 90' lang='lat'>)</span> <span class='ocrx_word' id='word_1_915' title='bbox 1568 2123 1768 2166; x_wconf 62' lang='lat' dir='ltr'>conjecturas</span> <span class='ocrx_word' id='word_1_916' title='bbox 1785 2146 1795 2162; x_wconf 87' lang='lat'>,</span> <span class='ocrx_word' id='word_1_917' title='bbox 1810 2127 1854 2160; x_wconf 62' lang='grc' dir='ltr'>,δέ</span> <span class='ocrx_word' id='word_1_918' title='bbox 1889 2123 2165 2166; x_wconf 82' lang='lat' dir='ltr'>Experientiffimi</span> <span class='ocrx_word' id='word_1_919' title='bbox 2198 2123 2352 2160; x_wconf 84' lang='lat' dir='ltr'>Benevoli</span> <span class='ocrx_word' id='word_1_920' title='bbox 2374 2127 2388 2163; x_wconf 88' lang='lat'><strong>(</strong></span> <span class='ocrx_word' id='word_1_921' title='bbox 2409 2126 2429 2158; x_wconf 83' lang='lat' dir='ltr'>d</span> <span class='ocrx_word' id='word_1_922' title='bbox 2449 2129 2464 2165; x_wconf 95' lang='lat'>)</span> 
     </span>
     <span class='ocr_line' id='line_1_122' title="bbox 1456 2164 2462 2211; baseline -0.001 -9"><span class='ocrx_word' id='word_1_923' title='bbox 1456 2168 1730 2207; x_wconf 82' lang='lat' dir='ltr'>Observationes,</span> <span class='ocrx_word' id='word_1_924' title='bbox 1753 2164 1840 2210; x_wconf 78' lang='lat' dir='ltr'>quod</span> <span class='ocrx_word' id='word_1_925' title='bbox 1865 2168 1982 2201; x_wconf 86' lang='lat' dir='ltr'>nudata</span> <span class='ocrx_word' id='word_1_926' title='bbox 2007 2167 2044 2201; x_wconf 85' lang='lat' dir='ltr'>sit</span> <span class='ocrx_word' id='word_1_927' title='bbox 2070 2166 2168 2201; x_wconf 83' lang='lat' dir='ltr'>vesica</span> <span class='ocrx_word' id='word_1_928' title='bbox 2190 2178 2288 2201; x_wconf 89' lang='lat' dir='ltr'>muco</span> <span class='ocrx_word' id='word_1_929' title='bbox 2311 2168 2370 2201; x_wconf 91' lang='lat' dir='ltr'>illo</span> <span class='ocrx_word' id='word_1_930' title='bbox 2394 2179 2462 2211; x_wconf 89' lang='lat' dir='ltr'>quo</span> 
     </span>
     <span class='ocr_line' id='line_1_123' title="bbox 1457 2210 2465 2253; baseline -0.003 -6"><span class='ocrx_word' id='word_1_931' title='bbox 1457 2210 1602 2247; x_wconf 85' lang='lat' dir='ltr'>adversus</span> <span class='ocrx_word' id='word_1_932' title='bbox 1625 2212 1745 2244; x_wconf 89' lang='lat' dir='ltr'>nimios</span> <span class='ocrx_word' id='word_1_933' title='bbox 1769 2213 1868 2245; x_wconf 80' lang='lat' dir='ltr'>urinae</span> <span class='ocrx_word' id='word_1_934' title='bbox 1894 2211 2040 2246; x_wconf 86' lang='lat' dir='ltr'>stimulos</span> <span class='ocrx_word' id='word_1_935' title='bbox 2075 2212 2170 2245; x_wconf 87' lang='lat' dir='ltr'>linita</span> <span class='ocrx_word' id='word_1_936' title='bbox 2215 2211 2257 2245; x_wconf 85' lang='lat' dir='ltr'>est</span> <span class='ocrx_word' id='word_1_937' title='bbox 2288 2236 2296 2245; x_wconf 92' lang='lat'>.</span> <span class='ocrx_word' id='word_1_938' title='bbox 2342 2211 2428 2244; x_wconf 88' lang='lat' dir='ltr'>Sileo</span> <span class='ocrx_word' id='word_1_939' title='bbox 2450 2234 2465 2253; x_wconf 83' lang='lat'>,</span> 
     </span>
     <span class='ocr_line' id='line_1_124' title="bbox 1457 2253 2464 2299; baseline -0.002 -9"><span class='ocrx_word' id='word_1_940' title='bbox 1457 2266 1531 2290; x_wconf 89' lang='lat' dir='ltr'>curn</span> <span class='ocrx_word' id='word_1_941' title='bbox 1556 2254 1623 2297; x_wconf 85' lang='lat' dir='ltr'>ipsa</span> <span class='ocrx_word' id='word_1_942' title='bbox 1649 2256 1681 2288; x_wconf 93' lang='lat' dir='ltr'>in</span> <span class='ocrx_word' id='word_1_943' title='bbox 1706 2254 1847 2289; x_wconf 91' lang='lat' dir='ltr'>scrotum</span> <span class='ocrx_word' id='word_1_944' title='bbox 1872 2256 2036 2299; x_wconf 80' lang='lat' dir='ltr'>procidit,</span> <span class='ocrx_word' id='word_1_945' title='bbox 2061 2254 2116 2288; x_wconf 85' lang='lat' dir='ltr'>etsi</span> <span class='ocrx_word' id='word_1_946' title='bbox 2140 2253 2226 2287; x_wconf 86' lang='lat' dir='ltr'>hunc</span> <span class='ocrx_word' id='word_1_947' title='bbox 2270 2253 2380 2288; x_wconf 88' lang='lat' dir='ltr'>casum</span> <span class='ocrx_word' id='word_1_948' title='bbox 2424 2266 2464 2288; x_wconf 87' lang='lat' dir='ltr'>ex</span> 
     </span>
     <span class='ocr_line' id='line_1_125' title="bbox 1459 2297 2462 2344; baseline 0 -12"><span class='ocrx_word' id='word_1_949' title='bbox 1459 2312 1526 2344; x_wconf 79' lang='lat' dir='ltr'>quo</span> <span class='ocrx_word' id='word_1_950' title='bbox 1550 2309 1637 2332; x_wconf 83' lang='lat' dir='ltr'>meus</span> <span class='ocrx_word' id='word_1_951' title='bbox 1662 2297 1699 2331; x_wconf 87' lang='lat' dir='ltr'>ad</span> <span class='ocrx_word' id='word_1_952' title='bbox 1724 2309 1773 2331; x_wconf 90' lang='lat' dir='ltr'>me</span> <span class='ocrx_word' id='word_1_953' title='bbox 1798 2298 1922 2341; x_wconf 85' lang='lat' dir='ltr'>scripsit</span> <span class='ocrx_word' id='word_1_954' title='bbox 1944 2299 2107 2340; x_wconf 81' lang='lat' dir='ltr'>Georgius</span> <span class='ocrx_word' id='word_1_955' title='bbox 2138 2297 2266 2340; x_wconf 82' lang='lat' dir='ltr'>Georgi</span> <span class='ocrx_word' id='word_1_956' title='bbox 2312 2298 2462 2332; x_wconf 82' lang='lat' dir='ltr'>Medicus</span> 
     </span>
     <span class='ocr_line' id='line_1_126' title="bbox 1458 2340 2466 2384; baseline -0.001 -8"><span class='ocrx_word' id='word_1_957' title='bbox 1458 2354 1544 2376; x_wconf 85' lang='lat' dir='ltr'>nunc</span> <span class='ocrx_word' id='word_1_958' title='bbox 1568 2341 1652 2384; x_wconf 80' lang='lat' dir='ltr'>apud</span> <span class='ocrx_word' id='word_1_959' title='bbox 1676 2341 1871 2376; x_wconf 84' lang='lat' dir='ltr'>Pisaurenses</span> <span class='ocrx_word' id='word_1_960' title='bbox 1895 2341 2143 2384; x_wconf 63' lang='lat' dir='ltr'>Spechtiffimus</span> <span class='ocrx_word' id='word_1_961' title='bbox 2167 2352 2232 2374; x_wconf 91' lang='lat' dir='ltr'>non</span> <span class='ocrx_word' id='word_1_962' title='bbox 2255 2340 2331 2375; x_wconf 87' lang='lat' dir='ltr'>adeo</span> <span class='ocrx_word' id='word_1_963' title='bbox 2356 2352 2466 2375; x_wconf 85' lang='lat' dir='ltr'>rarum</span> 
     </span>
     <span class='ocr_line' id='line_1_127' title="bbox 1459 2384 2466 2428; baseline -0.004 -7"><span class='ocrx_word' id='word_1_964' title='bbox 1459 2386 1540 2425; x_wconf 86' lang='lat' dir='ltr'>esse,</span> <span class='ocrx_word' id='word_1_965' title='bbox 1562 2386 1728 2427; x_wconf 84' lang='lat' dir='ltr'>cognovi,</span> <span class='ocrx_word' id='word_1_966' title='bbox 1754 2395 1788 2419; x_wconf 93' lang='lat' dir='ltr'>ut</span> <span class='ocrx_word' id='word_1_967' title='bbox 1814 2385 1951 2428; x_wconf 91' lang='lat' dir='ltr'>putabat</span> <span class='ocrx_word' id='word_1_968' title='bbox 1976 2386 2112 2427; x_wconf 87' lang='lat' dir='ltr'>Meryus</span> <span class='ocrx_word' id='word_1_969' title='bbox 2135 2384 2185 2428; x_wconf 84' lang='lat' dir='ltr'>(e</span> <span class='ocrx_word' id='word_1_970' title='bbox 2210 2388 2245 2425; x_wconf 88' lang='lat'>)‚</span> <span class='ocrx_word' id='word_1_971' title='bbox 2286 2385 2343 2428; x_wconf 88' lang='lat' dir='ltr'>qui</span> <span class='ocrx_word' id='word_1_972' title='bbox 2388 2396 2466 2418; x_wconf 88' lang='lat' dir='ltr'>cum</span> 
     </span>
     <span class='ocr_line' id='line_1_128' title="bbox 1459 2426 2464 2472; baseline -0.002 -9"><span class='ocrx_word' id='word_1_973' title='bbox 1459 2431 1509 2464; x_wconf 90' lang='lat' dir='ltr'>bis</span> <span class='ocrx_word' id='word_1_974' title='bbox 1534 2441 1549 2463; x_wconf 87' lang='lat' dir='ltr'>a</span> <span class='ocrx_word' id='word_1_975' title='bbox 1574 2429 1601 2461; x_wconf 92' lang='lat' dir='ltr'>se</span> <span class='ocrx_word' id='word_1_976' title='bbox 1626 2428 1729 2462; x_wconf 82' lang='lat' dir='ltr'>visum</span> <span class='ocrx_word' id='word_1_977' title='bbox 1754 2429 1945 2472; x_wconf 79' lang='lat' dir='ltr'>descripsit,</span> <span class='ocrx_word' id='word_1_978' title='bbox 1970 2430 2095 2464; x_wconf 90' lang='lat' dir='ltr'>nullum</span> <span class='ocrx_word' id='word_1_979' title='bbox 2130 2428 2188 2460; x_wconf 84' lang='lat' dir='ltr'>sibi</span> <span class='ocrx_word' id='word_1_980' title='bbox 2241 2426 2299 2461; x_wconf 88' lang='lat' dir='ltr'>esse</span> <span class='ocrx_word' id='word_1_981' title='bbox 2346 2438 2464 2461; x_wconf 89' lang='lat' dir='ltr'>notum</span> 
     </span>
     <span class='ocr_line' id='line_1_129' title="bbox 1460 2471 2465 2516; baseline -0.003 -9"><span class='ocrx_word' id='word_1_982' title='bbox 1460 2474 1666 2511; x_wconf 69' lang='lat' dir='ltr'>Auctorem,</span> <span class='ocrx_word' id='word_1_983' title='bbox 1690 2472 1855 2507; x_wconf 86' lang='lat' dir='ltr'>fatebatur</span> <span class='ocrx_word' id='word_1_984' title='bbox 1879 2474 1935 2516; x_wconf 89' lang='lat' dir='ltr'>qui</span> <span class='ocrx_word' id='word_1_985' title='bbox 1961 2471 2030 2515; x_wconf 80' lang='lat' dir='ltr'>ejus</span> <span class='ocrx_word' id='word_1_986' title='bbox 2063 2471 2184 2506; x_wconf 83' lang='lat' dir='ltr'>fecisset</span> <span class='ocrx_word' id='word_1_987' title='bbox 2231 2472 2429 2505; x_wconf 80' lang='lat' dir='ltr'>mentionem</span> <span class='ocrx_word' id='word_1_988' title='bbox 2453 2495 2465 2507; x_wconf 87' lang='lat'>.</span> 
     </span>
     <span class='ocr_line' id='line_1_130' title="bbox 1461 2512 2466 2558; baseline 0 -10"><span class='ocrx_word' id='word_1_989' title='bbox 1461 2518 1558 2550; x_wconf 86' lang='lat' dir='ltr'>Certe</span> <span class='ocrx_word' id='word_1_990' title='bbox 1582 2516 1667 2548; x_wconf 88' lang='lat' dir='ltr'>enim</span> <span class='ocrx_word' id='word_1_991' title='bbox 1691 2527 1729 2549; x_wconf 84' lang='lat' dir='ltr'>ex</span> <span class='ocrx_word' id='word_1_992' title='bbox 1754 2517 1880 2549; x_wconf 84' lang='lat' dir='ltr'>Platero</span> <span class='ocrx_word' id='word_1_993' title='bbox 1903 2517 1937 2549; x_wconf 91' lang='lat' dir='ltr'>in</span> <span class='ocrx_word' id='word_1_994' title='bbox 1968 2515 2027 2553; x_wconf 86' lang='lat' dir='ltr'>hac</span> <span class='ocrx_word' id='word_1_995' title='bbox 2070 2512 2272 2558; x_wconf 84' lang='lat' dir='ltr'>Sepulchreti</span> <span class='ocrx_word' id='word_1_996' title='bbox 2316 2515 2466 2548; x_wconf 71' lang='lat' dir='ltr'>Seffione</span> 
     </span>
     <span class='ocr_line' id='line_1_131' title="bbox 1460 2557 2466 2601; baseline 0.001 -11"><span class='ocrx_word' id='word_1_997' title='bbox 1460 2557 1543 2601; x_wconf 85' lang='lat' dir='ltr'>(f)</span> <span class='ocrx_word' id='word_1_998' title='bbox 1568 2558 1633 2590; x_wconf 86' lang='lat' dir='ltr'>vidi</span> <span class='ocrx_word' id='word_1_999' title='bbox 1658 2569 1946 2594; x_wconf 88' lang='lat' dir='ltr'>commemoratum</span> <span class='ocrx_word' id='word_1_1000' title='bbox 1970 2581 1982 2598; x_wconf 91' lang='lat'>,</span> <span class='ocrx_word' id='word_1_1001' title='bbox 2013 2562 2045 2592; x_wconf 85' lang='lat'>&amp;</span> <span class='ocrx_word' id='word_1_1002' title='bbox 2068 2560 2213 2592; x_wconf 56' lang='lat' dir='ltr'>Sestione</span> <span class='ocrx_word' id='word_1_1003' title='bbox 2238 2559 2387 2600; x_wconf 72' lang='lat' dir='ltr'>proxima</span> <span class='ocrx_word' id='word_1_1004' title='bbox 2412 2558 2466 2591; x_wconf 87' lang='lat' dir='ltr'>su-</span> 
     </span>
     <span class='ocr_line' id='line_1_132' title="bbox 1458 2601 2464 2646; baseline -0.001 -10"><span class='ocrx_word' id='word_1_1005' title='bbox 1458 2604 1583 2646; x_wconf 88' lang='lat' dir='ltr'>periore</span> <span class='ocrx_word' id='word_1_1006' title='bbox 1609 2602 1739 2645; x_wconf 75' lang='lat' dir='ltr'>XXIII.</span> <span class='ocrx_word' id='word_1_1007' title='bbox 1764 2607 1818 2645; x_wconf 83' lang='lat' dir='ltr'>(g</span> <span class='ocrx_word' id='word_1_1008' title='bbox 1841 2607 1855 2643; x_wconf 93' lang='lat'><em>)</em></span> <span class='ocrx_word' id='word_1_1009' title='bbox 1876 2613 1915 2635; x_wconf 90' lang='lat' dir='ltr'>ex</span> <span class='ocrx_word' id='word_1_1010' title='bbox 1940 2601 2153 2639; x_wconf 87' lang='lat' dir='ltr'>Bartholino‚</span> <span class='ocrx_word' id='word_1_1011' title='bbox 2177 2604 2206 2633; x_wconf 86' lang='lat'>&amp;</span> <span class='ocrx_word' id='word_1_1012' title='bbox 2252 2601 2316 2643; x_wconf 89' lang='lat' dir='ltr'>legi</span> <span class='ocrx_word' id='word_1_1013' title='bbox 2361 2603 2464 2635; x_wconf 84' lang='lat' dir='ltr'>etiam</span> 
     </span>
     <span class='ocr_line' id='line_1_133' title="bbox 1457 2644 2465 2689; baseline 0.001 -11"><span class='ocrx_word' id='word_1_1014' title='bbox 1457 2645 1539 2688; x_wconf 87' lang='lat' dir='ltr'>apud</span> <span class='ocrx_word' id='word_1_1015' title='bbox 1561 2645 1763 2687; x_wconf 85' lang='lat' dir='ltr'>Ruyschium</span> <span class='ocrx_word' id='word_1_1016' title='bbox 1789 2650 1799 2686; x_wconf 92' lang='lat'>(</span> <span class='ocrx_word' id='word_1_1017' title='bbox 1822 2646 1843 2679; x_wconf 88' lang='lat' dir='ltr'><em>h</em></span> <span class='ocrx_word' id='word_1_1018' title='bbox 1864 2649 1898 2686; x_wconf 69' lang='lat' dir='ltr'>&gt;a</span> <span class='ocrx_word' id='word_1_1019' title='bbox 1922 2647 1979 2689; x_wconf 77' lang='lat' dir='ltr'>qui</span> <span class='ocrx_word' id='word_1_1020' title='bbox 2004 2646 2087 2678; x_wconf 90' lang='lat' dir='ltr'>vidit</span> <span class='ocrx_word' id='word_1_1021' title='bbox 2101 2657 2162 2677; x_wconf 85' lang='lat' dir='ltr'>non</span> <span class='ocrx_word' id='word_1_1022' title='bbox 2186 2644 2280 2678; x_wconf 81' lang='lat' dir='ltr'>semel</span> <span class='ocrx_word' id='word_1_1023' title='bbox 2304 2645 2351 2685; x_wconf 81' lang='lat' dir='ltr'>(i</span> <span class='ocrx_word' id='word_1_1024' title='bbox 2373 2649 2405 2683; x_wconf 68' lang='lat'>&gt;—</span> <span class='ocrx_word' id='word_1_1025' title='bbox 2429 2654 2465 2680; x_wconf 88' lang='lat' dir='ltr'>ut</span> 
     </span>
     <span class='ocr_line' id='line_1_134' title="bbox 1459 2686 2465 2727; baseline 0 -5"><span class='ocrx_word' id='word_1_1026' title='bbox 1459 2701 1532 2724; x_wconf 88' lang='lat' dir='ltr'>vere</span> <span class='ocrx_word' id='word_1_1027' title='bbox 1554 2689 1596 2722; x_wconf 88' lang='lat' dir='ltr'>est</span> <span class='ocrx_word' id='word_1_1028' title='bbox 1622 2699 1637 2721; x_wconf 80' lang='lat' dir='ltr'>a</span> <span class='ocrx_word' id='word_1_1029' title='bbox 1662 2686 1853 2722; x_wconf 85' lang='lat' dir='ltr'>Christiano</span> <span class='ocrx_word' id='word_1_1030' title='bbox 1877 2689 2004 2722; x_wconf 88' lang='lat' dir='ltr'>Andrea</span> <span class='ocrx_word' id='word_1_1031' title='bbox 2028 2688 2159 2723; x_wconf 89' lang='lat' dir='ltr'>Kochio</span> <span class='ocrx_word' id='word_1_1032' title='bbox 2204 2691 2217 2727; x_wconf 89' lang='lat'>&lt;</span> <span class='ocrx_word' id='word_1_1033' title='bbox 2242 2687 2260 2727; x_wconf 70' lang='lat' dir='ltr'>l&lt;</span> <span class='ocrx_word' id='word_1_1034' title='bbox 2281 2690 2295 2726; x_wconf 96' lang='lat'>)</span> <span class='ocrx_word' id='word_1_1035' title='bbox 2339 2688 2465 2722; x_wconf 85' lang='lat' dir='ltr'>indica-</span> 
     </span>
     <span class='ocr_line' id='line_1_135' title="bbox 1460 2731 2465 2774; baseline -0.005 -7"><span class='ocrx_word' id='word_1_1036' title='bbox 1460 2742 1531 2767; x_wconf 88' lang='lat' dir='ltr'>tum</span> <span class='ocrx_word' id='word_1_1037' title='bbox 1547 2755 1558 2771; x_wconf 86' lang='lat'><em>‚</em></span> <span class='ocrx_word' id='word_1_1038' title='bbox 1582 2731 1637 2764; x_wconf 83' lang='lat' dir='ltr'>ubi</span> <span class='ocrx_word' id='word_1_1039' title='bbox 1663 2733 1794 2766; x_wconf 86' lang='lat' dir='ltr'>alteram</span> <span class='ocrx_word' id='word_1_1040' title='bbox 1820 2732 2015 2766; x_wconf 88' lang='lat' dir='ltr'>Boerhaavii</span> <span class='ocrx_word' id='word_1_1041' title='bbox 2038 2743 2168 2774; x_wconf 89' lang='lat' dir='ltr'>quoque</span> <span class='ocrx_word' id='word_1_1042' title='bbox 2194 2740 2352 2764; x_wconf 86' lang='lat' dir='ltr'>memorat</span> <span class='ocrx_word' id='word_1_1043' title='bbox 2384 2731 2465 2774; x_wconf 87' lang='lat' dir='ltr'>ejus.</span> 
     </span>
     <span class='ocr_line' id='line_1_136' title="bbox 1463 2774 2464 2819; baseline -0.001 -9"><span class='ocrx_word' id='word_1_1044' title='bbox 1463 2777 1536 2811; x_wconf 91' lang='lat' dir='ltr'>dem</span> <span class='ocrx_word' id='word_1_1045' title='bbox 1581 2775 1667 2809; x_wconf 88' lang='lat' dir='ltr'>casus</span> <span class='ocrx_word' id='word_1_1046' title='bbox 1712 2776 2005 2810; x_wconf 87' lang='lat' dir='ltr'>Observationem:</span> <span class='ocrx_word' id='word_1_1047' title='bbox 2029 2775 2066 2809; x_wconf 87' lang='lat' dir='ltr'>ad</span> <span class='ocrx_word' id='word_1_1048' title='bbox 2088 2786 2211 2819; x_wconf 80' lang='lat' dir='ltr'>quam,</span> <span class='ocrx_word' id='word_1_1049' title='bbox 2243 2774 2405 2816; x_wconf 87' lang='lat' dir='ltr'>aliasque,</span> <span class='ocrx_word' id='word_1_1050' title='bbox 2428 2787 2464 2811; x_wconf 87' lang='lat' dir='ltr'>ut</span> 
     </span>
     <span class='ocr_line' id='line_1_137' title="bbox 1464 2817 2466 2862; baseline -0.003 -7"><span class='ocrx_word' id='word_1_1051' title='bbox 1464 2820 1635 2862; x_wconf 89' lang='lat' dir='ltr'>analogum</span> <span class='ocrx_word' id='word_1_1052' title='bbox 1659 2818 1720 2858; x_wconf 85' lang='lat' dir='ltr'>(l)</span> <span class='ocrx_word' id='word_1_1053' title='bbox 1743 2822 1776 2854; x_wconf 91' lang='lat' dir='ltr'>in</span> <span class='ocrx_word' id='word_1_1054' title='bbox 1801 2821 1986 2854; x_wconf 88' lang='lat' dir='ltr'>mulieribus</span> <span class='ocrx_word' id='word_1_1055' title='bbox 2008 2818 2060 2852; x_wconf 88' lang='lat' dir='ltr'>hic</span> <span class='ocrx_word' id='word_1_1056' title='bbox 2082 2821 2236 2852; x_wconf 86' lang='lat' dir='ltr'>omittam</span> <span class='ocrx_word' id='word_1_1057' title='bbox 2257 2817 2365 2851; x_wconf 83' lang='lat' dir='ltr'>vesicae</span> <span class='ocrx_word' id='word_1_1058' title='bbox 2390 2830 2466 2861; x_wconf 89' lang='lat' dir='ltr'>pro-</span> 
     </span>
     <span class='ocr_line' id='line_1_138' title="bbox 1463 2862 2466 2907; baseline -0.002 -10"><span class='ocrx_word' id='word_1_1059' title='bbox 1463 2863 1607 2907; x_wconf 88' lang='lat' dir='ltr'>lapsum,</span> <span class='ocrx_word' id='word_1_1060' title='bbox 1630 2862 1667 2894; x_wconf 90' lang='lat' dir='ltr'>de</span> <span class='ocrx_word' id='word_1_1061' title='bbox 1689 2873 1777 2904; x_wconf 87' lang='lat' dir='ltr'>quo,</span> <span class='ocrx_word' id='word_1_1062' title='bbox 1802 2864 1904 2907; x_wconf 88' lang='lat' dir='ltr'>deque</span> <span class='ocrx_word' id='word_1_1063' title='bbox 1928 2862 1995 2904; x_wconf 78' lang='lat' dir='ltr'>ejus</span> <span class='ocrx_word' id='word_1_1064' title='bbox 2019 2864 2119 2904; x_wconf 79' lang='lat' dir='ltr'>signis</span> <span class='ocrx_word' id='word_1_1065' title='bbox 2142 2865 2263 2896; x_wconf 87' lang='lat' dir='ltr'>interea</span> <span class='ocrx_word' id='word_1_1066' title='bbox 2290 2871 2380 2904; x_wconf 88' lang='lat' dir='ltr'>potes</span> <span class='ocrx_word' id='word_1_1067' title='bbox 2393 2863 2466 2898; x_wconf 75' lang='lat' dir='ltr'>Me-</span> 
     </span>
     <span class='ocr_line' id='line_1_139' title="bbox 1461 2905 2466 2951; baseline -0.001 -9"><span class='ocrx_word' id='word_1_1068' title='bbox 1461 2919 1560 2951; x_wconf 89' lang='lat' dir='ltr'>ryum</span> <span class='ocrx_word' id='word_1_1069' title='bbox 1584 2906 1687 2948; x_wconf 88' lang='lat' dir='ltr'>ipsum</span> <span class='ocrx_word' id='word_1_1070' title='bbox 1713 2906 1777 2948; x_wconf 89' lang='lat' dir='ltr'>(m</span> <span class='ocrx_word' id='word_1_1071' title='bbox 1800 2911 1814 2948; x_wconf 86' lang='lat'>&gt;</span> <span class='ocrx_word' id='word_1_1072' title='bbox 1836 2911 1866 2940; x_wconf 87' lang='lat'><strong>&amp;</strong></span> <span class='ocrx_word' id='word_1_1073' title='bbox 1892 2906 1998 2940; x_wconf 86' lang='lat' dir='ltr'>Praecl.</span> <span class='ocrx_word' id='word_1_1074' title='bbox 2026 2905 2162 2939; x_wconf 85' lang='lat' dir='ltr'>Baffium</span> <span class='ocrx_word' id='word_1_1075' title='bbox 2202 2910 2212 2945; x_wconf 92' lang='lat'>(</span> <span class='ocrx_word' id='word_1_1076' title='bbox 2235 2915 2254 2937; x_wconf 83' lang='lat' dir='ltr'>n</span> <span class='ocrx_word' id='word_1_1077' title='bbox 2276 2908 2290 2944; x_wconf 90' lang='lat'><em>)</em></span> <span class='ocrx_word' id='word_1_1078' title='bbox 2322 2905 2466 2941; x_wconf 88' lang='lat' dir='ltr'>consule-</span> 
     </span>
     <span class='ocr_line' id='line_1_140' title="bbox 1459 2949 2465 2993; baseline -0.001 -8"><span class='ocrx_word' id='word_1_1079' title='bbox 1459 2963 1494 2985; x_wconf 84' lang='lat' dir='ltr'>re</span> <span class='ocrx_word' id='word_1_1080' title='bbox 1505 2962 1524 2990; x_wconf 90' lang='lat'>;-</span> <span class='ocrx_word' id='word_1_1081' title='bbox 1539 2950 1626 2983; x_wconf 86' lang='lat' dir='ltr'>illam</span> <span class='ocrx_word' id='word_1_1082' title='bbox 1649 2960 1779 2993; x_wconf 85' lang='lat' dir='ltr'>quoque</span> <span class='ocrx_word' id='word_1_1083' title='bbox 1802 2950 1893 2984; x_wconf 87' lang='lat' dir='ltr'>addes</span> <span class='ocrx_word' id='word_1_1084' title='bbox 1916 2961 2013 2992; x_wconf 87' lang='lat' dir='ltr'>quarn</span> <span class='ocrx_word' id='word_1_1085' title='bbox 2037 2952 2069 2981; x_wconf 92' lang='lat' dir='ltr'>in</span> <span class='ocrx_word' id='word_1_1086' title='bbox 2096 2950 2180 2983; x_wconf 77' lang='lat' dir='ltr'>&#39;v&#39;iro</span> <span class='ocrx_word' id='word_1_1087' title='bbox 2206 2949 2323 2982; x_wconf 89' lang='lat' dir='ltr'>Nobili</span> <span class='ocrx_word' id='word_1_1088' title='bbox 2348 2949 2465 2986; x_wconf 89' lang='lat' dir='ltr'>habuit</span> 
     </span>
     <span class='ocr_line' id='line_1_141' title="bbox 1468 2991 2461 3038; baseline -0.001 -10"><span class='ocrx_word' id='word_1_1089' title='bbox 1468 2993 1608 3028; x_wconf 73' lang='lat' dir='ltr'>Dofflss.</span> <span class='ocrx_word' id='word_1_1090' title='bbox 1632 2993 1876 3036; x_wconf 87' lang='lat' dir='ltr'>Valcarenghus</span> <span class='ocrx_word' id='word_1_1091' title='bbox 1899 2995 1912 3032; x_wconf 84' lang='lat'>&lt;</span> <span class='ocrx_word' id='word_1_1092' title='bbox 1936 3005 1951 3026; x_wconf 93' lang='lat' dir='ltr'>o</span> <span class='ocrx_word' id='word_1_1093' title='bbox 1973 2997 2004 3033; x_wconf 89' lang='lat'>).</span> <span class='ocrx_word' id='word_1_1094' title='bbox 2032 2991 2089 3025; x_wconf 85' lang='lat' dir='ltr'>Sed</span> <span class='ocrx_word' id='word_1_1095' title='bbox 2120 2992 2141 3025; x_wconf 89' lang='lat' dir='ltr'>si</span> <span class='ocrx_word' id='word_1_1096' title='bbox 2165 3003 2253 3025; x_wconf 88' lang='lat' dir='ltr'>rarus</span> <span class='ocrx_word' id='word_1_1097' title='bbox 2272 2991 2340 3038; x_wconf 51' lang='lat' dir='ltr'>¹liic</span> <span class='ocrx_word' id='word_1_1098' title='bbox 2373 2993 2461 3028; x_wconf 87' lang='lat' dir='ltr'>casus</span> 
     </span>
     <span class='ocr_line' id='line_1_142' title="bbox 1467 3035 2466 3080; baseline 0 -9"><span class='ocrx_word' id='word_1_1099' title='bbox 1467 3037 1532 3073; x_wconf 81' lang='lat' dir='ltr'>est,</span> <span class='ocrx_word' id='word_1_1100' title='bbox 1554 3038 1610 3080; x_wconf 89' lang='lat' dir='ltr'>qui</span> <span class='ocrx_word' id='word_1_1101' title='bbox 1633 3047 1707 3069; x_wconf 89' lang='lat' dir='ltr'>cum</span> <span class='ocrx_word' id='word_1_1102' title='bbox 1732 3038 1873 3076; x_wconf 82' lang='lat' dir='ltr'>incidit,</span> <span class='ocrx_word' id='word_1_1103' title='bbox 1896 3038 2021 3070; x_wconf 85' lang='lat' dir='ltr'>urinam</span> <span class='ocrx_word' id='word_1_1104' title='bbox 2044 3035 2143 3074; x_wconf 83' lang='lat' dir='ltr'>licet3</span> <span class='ocrx_word' id='word_1_1105' title='bbox 2167 3035 2256 3078; x_wconf 91' lang='lat' dir='ltr'>quod</span> <span class='ocrx_word' id='word_1_1106' title='bbox 2278 3046 2344 3076; x_wconf 77' lang='lat' dir='ltr'>ejus</span> <span class='ocrx_word' id='word_1_1107' title='bbox 2388 3048 2466 3079; x_wconf 88' lang='lat' dir='ltr'>pro-</span> 
     </span>
     <span class='ocr_line' id='line_1_143' title="bbox 1467 3076 2466 3124; baseline 0 -10"><span class='ocrx_word' id='word_1_1108' title='bbox 1467 3082 1597 3124; x_wconf 89' lang='lat' dir='ltr'>prium,</span> <span class='ocrx_word' id='word_1_1109' title='bbox 1630 3078 1692 3112; x_wconf 86' lang='lat' dir='ltr'>sive</span> <span class='ocrx_word' id='word_1_1110' title='bbox 1724 3080 2058 3124; x_wconf 82' lang='lat' dir='ltr'>pathognomonicum</span> <span class='ocrx_word' id='word_1_1111' title='bbox 2082 3079 2239 3113; x_wconf 83' lang='lat' dir='ltr'>indicium</span> <span class='ocrx_word' id='word_1_1112' title='bbox 2263 3078 2328 3116; x_wconf 71' lang='lat' dir='ltr'>esti</span> <span class='ocrx_word' id='word_1_1113' title='bbox 2362 3092 2377 3113; x_wconf 92' lang='lat' dir='ltr'>e</span> <span class='ocrx_word' id='word_1_1114' title='bbox 2413 3076 2466 3114; x_wconf 63' lang='lat' dir='ltr'>ve:</span> 
     </span>
     <span class='ocr_line' id='line_1_144' title="bbox 1467 3122 2465 3166; baseline -0.001 -8"><span class='ocrx_word' id='word_1_1115' title='bbox 1467 3124 1529 3158; x_wconf 87' lang='lat' dir='ltr'>sica</span> <span class='ocrx_word' id='word_1_1116' title='bbox 1552 3123 1690 3166; x_wconf 79' lang='lat' dir='ltr'>ejicere,</span> <span class='ocrx_word' id='word_1_1117' title='bbox 1712 3136 1807 3166; x_wconf 87' lang='lat' dir='ltr'>quam</span> <span class='ocrx_word' id='word_1_1118' title='bbox 1830 3135 1913 3166; x_wconf 82' lang='lat' dir='ltr'>aeger</span> <span class='ocrx_word' id='word_1_1119' title='bbox 1937 3123 2086 3157; x_wconf 85' lang='lat' dir='ltr'>manibus</span> <span class='ocrx_word' id='word_1_1120' title='bbox 2118 3135 2191 3157; x_wconf 84' lang='lat' dir='ltr'>cum</span> <span class='ocrx_word' id='word_1_1121' title='bbox 2228 3122 2332 3155; x_wconf 93' lang='lat' dir='ltr'>scroto</span> <span class='ocrx_word' id='word_1_1122' title='bbox 2366 3124 2465 3157; x_wconf 90' lang='lat' dir='ltr'>attol-</span> 
     </span>
     <span class='ocr_line' id='line_1_145' title="bbox 1467 3166 2464 3210; baseline 0 -10"><span class='ocrx_word' id='word_1_1123' title='bbox 1467 3168 1533 3205; x_wconf 82' lang='lat' dir='ltr'>lat,</span> <span class='ocrx_word' id='word_1_1124' title='bbox 1558 3177 1611 3201; x_wconf 86' lang='lat' dir='ltr'>aut</span> <span class='ocrx_word' id='word_1_1125' title='bbox 1634 3169 1853 3210; x_wconf 82' lang='lat' dir='ltr'>comprimat‚·</span> <span class='ocrx_word' id='word_1_1126' title='bbox 1877 3168 1945 3200; x_wconf 70' lang='lat' dir='ltr'>alite</span> <span class='ocrx_word' id='word_1_1127' title='bbox 1970 3168 2041 3201; x_wconf 90' lang='lat' dir='ltr'>sunt</span> <span class='ocrx_word' id='word_1_1128' title='bbox 2065 3175 2134 3199; x_wconf 89' lang='lat' dir='ltr'>tum</span> <span class='ocrx_word' id='word_1_1129' title='bbox 2159 3166 2359 3208; x_wconf 85' lang='lat' dir='ltr'>frequentes,</span> <span class='ocrx_word' id='word_1_1130' title='bbox 2385 3177 2420 3200; x_wconf 90' lang='lat' dir='ltr'>ut</span> <span class='ocrx_word' id='word_1_1131' title='bbox 2444 3179 2464 3200; x_wconf 87' lang='lat' dir='ltr'>a</span> 
     </span>
     <span class='ocr_line' id='line_1_146' title="bbox 1465 3208 2462 3253; baseline -0.001 -10"><span class='ocrx_word' id='word_1_1132' title='bbox 1465 3210 1560 3252; x_wconf 88' lang='lat' dir='ltr'>paulo</span> <span class='ocrx_word' id='word_1_1133' title='bbox 1583 3210 1747 3253; x_wconf 85' lang='lat' dir='ltr'>grandiori</span> <span class='ocrx_word' id='word_1_1134' title='bbox 1783 3211 1927 3248; x_wconf 87' lang='lat' dir='ltr'>calculo,</span> <span class='ocrx_word' id='word_1_1135' title='bbox 1950 3214 2002 3247; x_wconf 76' lang='grc' dir='ltr'>δι,</span> <span class='ocrx_word' id='word_1_1136' title='bbox 2027 3209 2047 3242; x_wconf 85' lang='lat' dir='ltr'>si</span> <span class='ocrx_word' id='word_1_1137' title='bbox 2091 3208 2329 3243; x_wconf 84' lang='lat' dir='ltr'>Hoffmannum</span> <span class='ocrx_word' id='word_1_1138' title='bbox 2372 3211 2462 3253; x_wconf 87' lang='lat' dir='ltr'>(p)</span> 
     </span>
     <span class='ocr_line' id='line_1_147' title="bbox 1464 3251 2462 3296; baseline -0.001 -9"><span class='ocrx_word' id='word_1_1139' title='bbox 1464 3254 1648 3291; x_wconf 82' lang='lat' dir='ltr'>audiamus,</span> <span class='ocrx_word' id='word_1_1140' title='bbox 1672 3255 1726 3296; x_wconf 89' lang='lat' dir='ltr'>qui</span> <span class='ocrx_word' id='word_1_1141' title='bbox 1754 3265 1847 3287; x_wconf 82' lang='lat' dir='ltr'>unam</span> <span class='ocrx_word' id='word_1_1142' title='bbox 1872 3253 2043 3296; x_wconf 75' lang='lat' dir='ltr'>praesertim</span> <span class='ocrx_word' id='word_1_1143' title='bbox 2078 3253 2203 3287; x_wconf 85' lang='lat' dir='ltr'>suarum</span> <span class='ocrx_word' id='word_1_1144' title='bbox 2247 3251 2462 3287; x_wconf 88' lang='lat' dir='ltr'>Observatio-</span> 
     </span>
     <span class='ocr_line' id='line_1_148' title="bbox 1460 3295 2458 3339; baseline 0 -9"><span class='ocrx_word' id='word_1_1145' title='bbox 1460 3308 1536 3330; x_wconf 89' lang='lat' dir='ltr'>num</span> <span class='ocrx_word' id='word_1_1146' title='bbox 1560 3302 1569 3336; x_wconf 97' lang='lat'><strong>(</strong></span> <span class='ocrx_word' id='word_1_1147' title='bbox 1593 3297 1667 3339; x_wconf 82' lang='lat' dir='ltr'>q),</span> <span class='ocrx_word' id='word_1_1148' title='bbox 1692 3296 1983 3339; x_wconf 69' lang='lat' dir='ltr'>dissefflonumque</span> <span class='ocrx_word' id='word_1_1149' title='bbox 2013 3295 2055 3330; x_wconf 86' lang='lat' dir='ltr'>{ic</span> <span class='ocrx_word' id='word_1_1150' title='bbox 2078 3295 2217 3338; x_wconf 83' lang='lat' dir='ltr'>explicat</span> <span class='ocrx_word' id='word_1_1151' title='bbox 2238 3318 2251 3335; x_wconf 89' lang='lat'>,</span> <span class='ocrx_word' id='word_1_1152' title='bbox 2285 3309 2301 3330; x_wconf 87' lang='lat' dir='ltr'>a</span> <span class='ocrx_word' id='word_1_1153' title='bbox 2333 3296 2458 3338; x_wconf 89' lang='lat' dir='ltr'>spasmo</span> 
     </span>
     <span class='ocr_line' id='line_1_149' title="bbox 1458 3339 2464 3416; baseline 0.001 -43"><span class='ocrx_word' id='word_1_1154' title='bbox 1458 3342 1554 3383; x_wconf 82' lang='lat' dir='ltr'>ipsius</span> <span class='ocrx_word' id='word_1_1155' title='bbox 1579 3340 1704 3381; x_wconf 82' lang='lat' dir='ltr'>veficae‚</span> <span class='ocrx_word' id='word_1_1156' title='bbox 1728 3350 1798 3375; x_wconf 88' lang='lat' dir='ltr'>tum</span> <span class='ocrx_word' id='word_1_1157' title='bbox 1820 3342 1927 3375; x_wconf 89' lang='lat' dir='ltr'>minus</span> <span class='ocrx_word' id='word_1_1158' title='bbox 1948 3339 2150 3383; x_wconf 79' lang='lat' dir='ltr'>frequentes,</span> <span class='ocrx_word' id='word_1_1159' title='bbox 2173 3349 2208 3374; x_wconf 91' lang='lat' dir='ltr'>ut</span> <span class='ocrx_word' id='word_1_1160' title='bbox 2232 3339 2271 3373; x_wconf 86' lang='lat' dir='ltr'>ab</span> <span class='ocrx_word' id='word_1_1161' title='bbox 2314 3341 2427 3416; x_wconf 59' lang='lat' dir='ltr'>arrpsis</span> <span class='ocrx_word' id='word_1_1162' title='bbox 2450 3344 2464 3379; x_wconf 53' lang='grc' dir='ltr'><em>ᾖ</em></span> 
     </span>
     <span class='ocr_line' id='line_1_150' title="bbox 2329 3393 2415 3417; baseline 0.012 -1"><span class='ocrx_word' id='word_1_1163' title='bbox 2329 3395 2365 3416; x_wconf 89' lang='lat' dir='ltr'>ve</span> <span class='ocrx_word' id='word_1_1164' title='bbox 2382 3393 2415 3417; x_wconf 92' lang='lat' dir='ltr'>ut</span> 
     </span>
    </p>
   </div>
   <div class='ocr_carea' id='block_1_6' title="bbox 393 3483 2462 3504">
    <p class='ocr_par' dir='ltr' id='par_1_8' title="bbox 393 3483 2462 3504">
     <span class='ocr_line' id='line_1_151' title="bbox 393 3483 2462 3504; baseline 0 0"><span class='ocrx_word' id='word_1_1165' title='bbox 393 3483 2462 3504; x_wconf 44' lang='lat' dir='ltr'>W———ffl</span> 
     </span>
    </p>
   </div>
   <div class='ocr_carea' id='block_1_7' title="bbox 461 3567 1765 3785">
    <p class='ocr_par' dir='ltr' id='par_1_9' title="bbox 461 3567 1765 3785">
     <span class='ocr_line' id='line_1_152' title="bbox 461 3567 1620 3604; baseline -0.006 -7"><span class='ocrx_word' id='word_1_1166' title='bbox 461 3575 476 3603; x_wconf 88' lang='lat'>(</span> <span class='ocrx_word' id='word_1_1167' title='bbox 493 3584 506 3599; x_wconf 81' lang='grc' dir='ltr'><strong><em>ο</em></strong></span> <span class='ocrx_word' id='word_1_1168' title='bbox 523 3575 531 3604; x_wconf 83' lang='grc'><strong>)</strong></span> <span class='ocrx_word' id='word_1_1169' title='bbox 547 3571 653 3597; x_wconf 72' lang='lat' dir='ltr'>Exercit.</span> <span class='ocrx_word' id='word_1_1170' title='bbox 670 3571 699 3595; x_wconf 82' lang='lat' dir='ltr'>de</span> <span class='ocrx_word' id='word_1_1171' title='bbox 716 3570 891 3596; x_wconf 80' lang='lat' dir='ltr'>Catheterismo</span> <span class='ocrx_word' id='word_1_1172' title='bbox 906 3571 964 3597; x_wconf 75' lang='lat' dir='ltr'>thes.</span> <span class='ocrx_word' id='word_1_1173' title='bbox 984 3578 1022 3600; x_wconf 89' lang='lat'>17.</span> <span class='ocrx_word' id='word_1_1174' title='bbox 1084 3573 1098 3601; x_wconf 86' lang='lat'>(</span> <span class='ocrx_word' id='word_1_1175' title='bbox 1110 3580 1128 3604; x_wconf 84' lang='lat' dir='ltr'>p</span> <span class='ocrx_word' id='word_1_1176' title='bbox 1142 3571 1157 3601; x_wconf 82' lang='grc'>)</span> <span class='ocrx_word' id='word_1_1177' title='bbox 1173 3568 1337 3602; x_wconf 77' lang='lat' dir='ltr'>Jatrologism.</span> <span class='ocrx_word' id='word_1_1178' title='bbox 1354 3570 1449 3593; x_wconf 67' lang='lat' dir='ltr'>tentet.</span> <span class='ocrx_word' id='word_1_1179' title='bbox 1468 3576 1488 3593; x_wconf 83' lang='lat' dir='ltr'>x.</span> <span class='ocrx_word' id='word_1_1180' title='bbox 1506 3567 1564 3591; x_wconf 79' lang='lat' dir='ltr'>obs.</span> <span class='ocrx_word' id='word_1_1181' title='bbox 1581 3575 1620 3598; x_wconf 82' lang='lat'>27.</span> 
     </span>
     <span class='ocr_line' id='line_1_153' title="bbox 465 3602 1175 3635; baseline 0.001 -9"><span class='ocrx_word' id='word_1_1182' title='bbox 465 3605 525 3635; x_wconf 80' lang='lat' dir='ltr'>(s)</span> <span class='ocrx_word' id='word_1_1183' title='bbox 544 3613 565 3629; x_wconf 86' lang='lat' dir='ltr'>n.</span> <span class='ocrx_word' id='word_1_1184' title='bbox 585 3610 598 3630; x_wconf 86' lang='lat'>9</span> <span class='ocrx_word' id='word_1_1185' title='bbox 669 3603 682 3631; x_wconf 85' lang='lat'>(</span> <span class='ocrx_word' id='word_1_1186' title='bbox 699 3609 709 3625; x_wconf 77' lang='lat' dir='ltr'>t</span> <span class='ocrx_word' id='word_1_1187' title='bbox 725 3602 737 3629; x_wconf 82' lang='lat'><strong>)</strong></span> <span class='ocrx_word' id='word_1_1188' title='bbox 755 3603 806 3626; x_wconf 65' lang='lat' dir='ltr'>Aet.</span> <span class='ocrx_word' id='word_1_1189' title='bbox 824 3605 856 3626; x_wconf 87' lang='lat' dir='ltr'>N.</span> <span class='ocrx_word' id='word_1_1190' title='bbox 874 3604 902 3627; x_wconf 90' lang='lat' dir='ltr'>C.</span> <span class='ocrx_word' id='word_1_1191' title='bbox 920 3605 993 3626; x_wconf 85' lang='lat' dir='ltr'>Tom.</span> <span class='ocrx_word' id='word_1_1192' title='bbox 1014 3609 1034 3626; x_wconf 82' lang='lat'>1.</span> <span class='ocrx_word' id='word_1_1193' title='bbox 1049 3602 1108 3627; x_wconf 72' lang='grc' dir='ltr'>ΟΜ.</span> <span class='ocrx_word' id='word_1_1194' title='bbox 1123 3610 1175 3627; x_wconf 83' lang='lat'>201·</span> 
     </span>
     <span class='ocr_line' id='line_1_154' title="bbox 493 3629 1533 3664; baseline -0.003 -8"><span class='ocrx_word' id='word_1_1195' title='bbox 493 3644 508 3658; x_wconf 72' lang='lat' dir='ltr'><em>x</em></span> <span class='ocrx_word' id='word_1_1196' title='bbox 527 3635 534 3663; x_wconf 83' lang='lat'><strong><em>)</em></strong></span> <span class='ocrx_word' id='word_1_1197' title='bbox 551 3632 646 3659; x_wconf 68' lang='lat' dir='ltr'>Aussar.</span> <span class='ocrx_word' id='word_1_1198' title='bbox 663 3632 722 3656; x_wconf 83' lang='lat' dir='ltr'>Hist.</span> <span class='ocrx_word' id='word_1_1199' title='bbox 740 3634 828 3662; x_wconf 81' lang='lat' dir='ltr'>Apopl.</span> <span class='ocrx_word' id='word_1_1200' title='bbox 847 3640 882 3662; x_wconf 83' lang='lat'>13·</span> <span class='ocrx_word' id='word_1_1201' title='bbox 899 3634 978 3656; x_wconf 83' lang='lat' dir='ltr'>Schol.</span> <span class='ocrx_word' id='word_1_1202' title='bbox 994 3633 1018 3655; x_wconf 86' lang='lat'>8.</span> <span class='ocrx_word' id='word_1_1203' title='bbox 1083 3632 1121 3664; x_wconf 72' lang='lat' dir='ltr'>(y</span> <span class='ocrx_word' id='word_1_1204' title='bbox 1135 3633 1149 3661; x_wconf 91' lang='lat'>)</span> <span class='ocrx_word' id='word_1_1205' title='bbox 1168 3632 1193 3656; x_wconf 82' lang='lat' dir='ltr'>in</span> <span class='ocrx_word' id='word_1_1206' title='bbox 1211 3630 1319 3661; x_wconf 80' lang='lat' dir='ltr'>Append.</span> <span class='ocrx_word' id='word_1_1207' title='bbox 1339 3637 1356 3654; x_wconf 84' lang='lat'>1.</span> <span class='ocrx_word' id='word_1_1208' title='bbox 1374 3630 1402 3654; x_wconf 82' lang='lat' dir='ltr'>ad</span> <span class='ocrx_word' id='word_1_1209' title='bbox 1419 3629 1476 3654; x_wconf 82' lang='lat' dir='ltr'>Obs.</span> <span class='ocrx_word' id='word_1_1210' title='bbox 1495 3636 1533 3657; x_wconf 82' lang='lat'>19.</span> 
     </span>
     <span class='ocr_line' id='line_1_155' title="bbox 462 3637 1765 3693; baseline -0.002 -5"><span class='ocrx_word' id='word_1_1211' title='bbox 462 3637 479 3693; x_wconf 57' lang='grc' dir='ltr'>ἑ</span> <span class='ocrx_word' id='word_1_1212' title='bbox 497 3672 509 3688; x_wconf 83' lang='grc' dir='ltr'>ι·</span> <span class='ocrx_word' id='word_1_1213' title='bbox 525 3665 534 3693; x_wconf 91' lang='grc'>)</span> <span class='ocrx_word' id='word_1_1214' title='bbox 549 3667 607 3688; x_wconf 83' lang='lat' dir='ltr'>Dec.</span> <span class='ocrx_word' id='word_1_1215' title='bbox 625 3662 681 3686; x_wconf 85' lang='lat' dir='ltr'>obs.</span> <span class='ocrx_word' id='word_1_1216' title='bbox 699 3670 719 3692; x_wconf 73' lang='lat'>3-</span> <span class='ocrx_word' id='word_1_1217' title='bbox 736 3670 760 3687; x_wconf 92' lang='lat' dir='ltr'>n.</span> <span class='ocrx_word' id='word_1_1218' title='bbox 779 3672 799 3693; x_wconf 78' lang='grc' dir='ltr'>ς.</span> <span class='ocrx_word' id='word_1_1219' title='bbox 863 3664 878 3692; x_wconf 90' lang='grc'>(</span> <span class='ocrx_word' id='word_1_1220' title='bbox 893 3663 909 3687; x_wconf 75' lang='lat' dir='ltr'>d</span> <span class='ocrx_word' id='word_1_1221' title='bbox 925 3663 939 3692; x_wconf 83' lang='lat'>)</span> <span class='ocrx_word' id='word_1_1222' title='bbox 954 3662 1046 3686; x_wconf 81' lang='lat' dir='ltr'>Dissert.</span> <span class='ocrx_word' id='word_1_1223' title='bbox 1061 3669 1084 3687; x_wconf 81' lang='lat'>2.</span> <span class='ocrx_word' id='word_1_1224' title='bbox 1145 3663 1160 3692; x_wconf 84' lang='lat'><strong>(</strong></span> <span class='ocrx_word' id='word_1_1225' title='bbox 1175 3671 1186 3686; x_wconf 83' lang='lat' dir='ltr'>e</span> <span class='ocrx_word' id='word_1_1226' title='bbox 1200 3662 1214 3691; x_wconf 83' lang='lat'>)</span> <span class='ocrx_word' id='word_1_1227' title='bbox 1231 3663 1311 3685; x_wconf 87' lang='lat' dir='ltr'>Mem.</span> <span class='ocrx_word' id='word_1_1228' title='bbox 1328 3660 1356 3684; x_wconf 86' lang='lat' dir='ltr'>de</span> <span class='ocrx_word' id='word_1_1229' title='bbox 1372 3660 1469 3685; x_wconf 70' lang='lat' dir='ltr'>l&#39;Acad.</span> <span class='ocrx_word' id='word_1_1230' title='bbox 1487 3662 1517 3684; x_wconf 88' lang='lat' dir='ltr'>R.</span> <span class='ocrx_word' id='word_1_1231' title='bbox 1534 3660 1574 3683; x_wconf 85' lang='lat' dir='ltr'>des</span> <span class='ocrx_word' id='word_1_1232' title='bbox 1590 3661 1630 3684; x_wconf 70' lang='lat' dir='ltr'>Sc·</span> <span class='ocrx_word' id='word_1_1233' title='bbox 1646 3662 1677 3684; x_wconf 83' lang='lat' dir='ltr'>A.</span> <span class='ocrx_word' id='word_1_1234' title='bbox 1696 3668 1765 3690; x_wconf 81' lang='lat'>¹713·</span> 
     </span>
     <span class='ocr_line' id='line_1_156' title="bbox 467 3690 1615 3722; baseline -0.008 0"><span class='ocrx_word' id='word_1_1235' title='bbox 467 3695 483 3722; x_wconf 73' lang='grc' dir='ltr'>ζ</span> <span class='ocrx_word' id='word_1_1236' title='bbox 497 3703 514 3722; x_wconf 77' lang='lat' dir='ltr'><em>g</em></span> <span class='ocrx_word' id='word_1_1237' title='bbox 531 3698 542 3720; x_wconf 82' lang='lat'>&gt;</span> <span class='ocrx_word' id='word_1_1238' title='bbox 587 3692 618 3717; x_wconf 81' lang='lat' dir='ltr'>bs.</span> <span class='ocrx_word' id='word_1_1239' title='bbox 635 3701 656 3719; x_wconf 71' lang='grc'>4-</span> <span class='ocrx_word' id='word_1_1240' title='bbox 675 3692 697 3720; x_wconf 81' lang='lat'>§.</span> <span class='ocrx_word' id='word_1_1241' title='bbox 714 3700 736 3721; x_wconf 80' lang='grc'>4-</span> <span class='ocrx_word' id='word_1_1242' title='bbox 799 3693 812 3722; x_wconf 89' lang='grc'>(</span> <span class='ocrx_word' id='word_1_1243' title='bbox 828 3692 843 3717; x_wconf 84' lang='lat' dir='ltr'><em>h</em></span> <span class='ocrx_word' id='word_1_1244' title='bbox 857 3693 872 3722; x_wconf 91' lang='lat'>)</span> <span class='ocrx_word' id='word_1_1245' title='bbox 887 3696 956 3718; x_wconf 87' lang='lat' dir='ltr'>Cent.</span> <span class='ocrx_word' id='word_1_1246' title='bbox 973 3692 1030 3717; x_wconf 87' lang='lat' dir='ltr'>Obs.</span> <span class='ocrx_word' id='word_1_1247' title='bbox 1049 3695 1085 3720; x_wconf 79' lang='lat'>98.</span> <span class='ocrx_word' id='word_1_1248' title='bbox 1148 3694 1162 3722; x_wconf 91' lang='lat'>(</span> <span class='ocrx_word' id='word_1_1249' title='bbox 1179 3693 1189 3716; x_wconf 80' lang='lat' dir='ltr'>i</span> <span class='ocrx_word' id='word_1_1250' title='bbox 1208 3693 1216 3721; x_wconf 83' lang='lat'><em>)</em></span> <span class='ocrx_word' id='word_1_1251' title='bbox 1231 3690 1326 3716; x_wconf 75' lang='lat' dir='ltr'>Advers.</span> <span class='ocrx_word' id='word_1_1252' title='bbox 1344 3693 1416 3714; x_wconf 75' lang='lat' dir='ltr'>Anat.</span> <span class='ocrx_word' id='word_1_1253' title='bbox 1436 3693 1493 3715; x_wconf 86' lang='lat' dir='ltr'>Dec.</span> <span class='ocrx_word' id='word_1_1254' title='bbox 1511 3697 1532 3713; x_wconf 86' lang='lat'>2.</span> <span class='ocrx_word' id='word_1_1255' title='bbox 1548 3698 1571 3713; x_wconf 91' lang='lat' dir='ltr'>n.</span> <span class='ocrx_word' id='word_1_1256' title='bbox 1592 3698 1615 3718; x_wconf 79' lang='lat'>9.</span> 
     </span>
     <span class='ocr_line' id='line_1_157' title="bbox 468 3722 1305 3755; baseline -0.001 -9"><span class='ocrx_word' id='word_1_1257' title='bbox 468 3725 484 3751; x_wconf 90' lang='lat'>(</span> <span class='ocrx_word' id='word_1_1258' title='bbox 499 3725 508 3746; x_wconf 82' lang='grc' dir='ltr'><strong><em>Ι</em></strong></span> <span class='ocrx_word' id='word_1_1259' title='bbox 523 3724 536 3751; x_wconf 89' lang='grc'>)</span> <span class='ocrx_word' id='word_1_1260' title='bbox 554 3724 606 3747; x_wconf 78' lang='lat' dir='ltr'>vid.</span> <span class='ocrx_word' id='word_1_1261' title='bbox 626 3729 707 3747; x_wconf 82' lang='lat' dir='ltr'>tamen</span> <span class='ocrx_word' id='word_1_1262' title='bbox 724 3723 747 3746; x_wconf 70' lang='grc'>8(</span> <span class='ocrx_word' id='word_1_1263' title='bbox 764 3723 836 3752; x_wconf 77' lang='lat' dir='ltr'>Epist.</span> <span class='ocrx_word' id='word_1_1264' title='bbox 851 3731 888 3752; x_wconf 76' lang='lat'>43.</span> <span class='ocrx_word' id='word_1_1265' title='bbox 905 3732 928 3747; x_wconf 89' lang='lat' dir='ltr'>n.</span> <span class='ocrx_word' id='word_1_1266' title='bbox 948 3731 984 3749; x_wconf 74' lang='lat'>14.</span> <span class='ocrx_word' id='word_1_1267' title='bbox 1035 3723 1056 3749; x_wconf 55' lang='lat'>⁴(</span> <span class='ocrx_word' id='word_1_1268' title='bbox 1074 3732 1096 3746; x_wconf 87' lang='lat' dir='ltr'>m</span> <span class='ocrx_word' id='word_1_1269' title='bbox 1112 3722 1126 3751; x_wconf 89' lang='lat'><strong>)</strong></span> <span class='ocrx_word' id='word_1_1270' title='bbox 1143 3725 1223 3747; x_wconf 84' lang='lat' dir='ltr'>Mem.</span> <span class='ocrx_word' id='word_1_1271' title='bbox 1242 3722 1283 3746; x_wconf 83' lang='lat' dir='ltr'>cit.</span> <span class='ocrx_word' id='word_1_1272' title='bbox 1299 3751 1305 3755; x_wconf 92' lang='lat'>.</span> 
     </span>
     <span class='ocr_line' id='line_1_158' title="bbox 469 3749 1333 3785; baseline -0.001 -7"><span class='ocrx_word' id='word_1_1273' title='bbox 469 3754 486 3782; x_wconf 86' lang='lat'>(</span> <span class='ocrx_word' id='word_1_1274' title='bbox 498 3759 514 3785; x_wconf 81' lang='lat' dir='ltr'>p</span> <span class='ocrx_word' id='word_1_1275' title='bbox 530 3753 543 3782; x_wconf 88' lang='lat'><em>)</em></span> <span class='ocrx_word' id='word_1_1276' title='bbox 557 3761 579 3778; x_wconf 87' lang='lat' dir='ltr'>c.</span> <span class='ocrx_word' id='word_1_1277' title='bbox 597 3762 622 3782; x_wconf 84' lang='lat'>7·</span> <span class='ocrx_word' id='word_1_1278' title='bbox 638 3753 703 3783; x_wconf 80' lang='lat' dir='ltr'>supra</span> <span class='ocrx_word' id='word_1_1279' title='bbox 718 3754 747 3778; x_wconf 77' lang='lat' dir='ltr'>ad</span> <span class='ocrx_word' id='word_1_1280' title='bbox 760 3756 786 3780; x_wconf 70' lang='lat' dir='ltr'>h.</span> <span class='ocrx_word' id='word_1_1281' title='bbox 806 3761 844 3785; x_wconf 61' lang='lat' dir='ltr'>u,</span> <span class='ocrx_word' id='word_1_1282' title='bbox 861 3753 905 3780; x_wconf 76' lang='lat' dir='ltr'>cit·</span> <span class='ocrx_word' id='word_1_1283' title='bbox 922 3752 1003 3785; x_wconf 64' lang='lat' dir='ltr'>Epicr.</span> <span class='ocrx_word' id='word_1_1284' title='bbox 1020 3751 1081 3785; x_wconf 73' lang='lat' dir='ltr'>ebs,</span> <span class='ocrx_word' id='word_1_1285' title='bbox 1096 3760 1120 3782; x_wconf 84' lang='lat'>1.</span> <span class='ocrx_word' id='word_1_1286' title='bbox 1180 3753 1195 3783; x_wconf 84' lang='lat'><strong>(</strong></span> <span class='ocrx_word' id='word_1_1287' title='bbox 1209 3760 1225 3783; x_wconf 80' lang='lat' dir='ltr'>q</span> <span class='ocrx_word' id='word_1_1288' title='bbox 1239 3756 1250 3782; x_wconf 87' lang='lat'>)</span> <span class='ocrx_word' id='word_1_1289' title='bbox 1268 3749 1333 3778; x_wconf 72' lang='lat' dir='ltr'>lbrd.</span> 
     </span>
    </p>
   </div>
   <div class='ocr_carea' id='block_1_8' title="bbox 1344 3720 1825 3756">
    <p class='ocr_par' dir='ltr' id='par_1_10' title="bbox 1344 3720 1825 3756">
     <span class='ocr_line' id='line_1_159' title="bbox 1344 3720 1825 3756; baseline -0.002 -10"><span class='ocrx_word' id='word_1_1290' title='bbox 1344 3721 1352 3752; x_wconf 88' lang='lat'>(</span> <span class='ocrx_word' id='word_1_1291' title='bbox 1371 3729 1387 3746; x_wconf 75' lang='lat' dir='ltr'>n</span> <span class='ocrx_word' id='word_1_1292' title='bbox 1402 3722 1415 3751; x_wconf 88' lang='grc'>)</span> <span class='ocrx_word' id='word_1_1293' title='bbox 1431 3724 1492 3746; x_wconf 81' lang='lat' dir='ltr'>Dec.</span> <span class='ocrx_word' id='word_1_1294' title='bbox 1510 3729 1532 3750; x_wconf 81' lang='lat'>3·</span> <span class='ocrx_word' id='word_1_1295' title='bbox 1549 3720 1608 3756; x_wconf 84' lang='lat' dir='ltr'>Qbs.</span> <span class='ocrx_word' id='word_1_1296' title='bbox 1624 3722 1698 3747; x_wconf 75' lang='lat' dir='ltr'>Anat.</span> <span class='ocrx_word' id='word_1_1297' title='bbox 1717 3721 1785 3747; x_wconf 84' lang='lat' dir='ltr'>Chir.</span> <span class='ocrx_word' id='word_1_1298' title='bbox 1801 3729 1825 3748; x_wconf 69' lang='grc' dir='ltr'>ει.</span> 
     </span>
    </p>
   </div>
   <div class='ocr_carea' id='block_1_9' title="bbox 1681 3569 2340 3600">
    <p class='ocr_par' dir='ltr' id='par_1_11' title="bbox 1681 3569 2340 3600">
     <span class='ocr_line' id='line_1_160' title="bbox 1681 3569 2340 3600; baseline 0 -7"><span class='ocrx_word' id='word_1_1299' title='bbox 1681 3571 1695 3599; x_wconf 76' lang='grc' dir='ltr'>ί</span> <span class='ocrx_word' id='word_1_1300' title='bbox 1710 3578 1725 3599; x_wconf 81' lang='lat' dir='ltr'><em>q</em></span> <span class='ocrx_word' id='word_1_1301' title='bbox 1742 3570 1751 3599; x_wconf 92' lang='lat'>)</span> <span class='ocrx_word' id='word_1_1302' title='bbox 1767 3569 1840 3600; x_wconf 86' lang='lat' dir='ltr'>Epist.</span> <span class='ocrx_word' id='word_1_1303' title='bbox 1857 3572 1894 3599; x_wconf 84' lang='lat'>38.</span> <span class='ocrx_word' id='word_1_1304' title='bbox 1911 3578 1936 3594; x_wconf 84' lang='lat' dir='ltr'>n.</span> <span class='ocrx_word' id='word_1_1305' title='bbox 1953 3577 1990 3599; x_wconf 78' lang='lat'>41.</span> <span class='ocrx_word' id='word_1_1306' title='bbox 2052 3570 2063 3594; x_wconf 89' lang='lat'>(</span> <span class='ocrx_word' id='word_1_1307' title='bbox 2080 3579 2091 3594; x_wconf 79' lang='grc' dir='ltr'><em>ν</em></span> <span class='ocrx_word' id='word_1_1308' title='bbox 2106 3570 2120 3599; x_wconf 83' lang='grc'>)</span> <span class='ocrx_word' id='word_1_1309' title='bbox 2137 3570 2205 3600; x_wconf 71' lang='lat' dir='ltr'>Epist</span> <span class='ocrx_word' id='word_1_1310' title='bbox 2220 3574 2258 3596; x_wconf 64' lang='lat'>3⁴.</span> <span class='ocrx_word' id='word_1_1311' title='bbox 2275 3573 2298 3590; x_wconf 87' lang='lat' dir='ltr'>n.</span> <span class='ocrx_word' id='word_1_1312' title='bbox 2315 3570 2340 3593; x_wconf 85' lang='lat'>8..</span> 
     </span>
    </p>
   </div>
   <div class='ocr_carea' id='block_1_10' title="bbox 1237 3598 2251 3630">
    <p class='ocr_par' dir='ltr' id='par_1_12' title="bbox 1237 3598 2251 3630">
     <span class='ocr_line' id='line_1_161' title="bbox 1237 3598 2251 3630; baseline -0.001 -6"><span class='ocrx_word' id='word_1_1313' title='bbox 1237 3602 1251 3630; x_wconf 82' lang='lat'>(</span> <span class='ocrx_word' id='word_1_1314' title='bbox 1266 3609 1282 3624; x_wconf 80' lang='lat' dir='ltr'>u</span> <span class='ocrx_word' id='word_1_1315' title='bbox 1297 3600 1310 3629; x_wconf 87' lang='lat'>)</span> <span class='ocrx_word' id='word_1_1316' title='bbox 1327 3599 1382 3624; x_wconf 87' lang='lat' dir='ltr'>Vid.</span> <span class='ocrx_word' id='word_1_1317' title='bbox 1398 3598 1491 3623; x_wconf 80' lang='lat' dir='ltr'>Hoffm.</span> <span class='ocrx_word' id='word_1_1318' title='bbox 1509 3599 1601 3623; x_wconf 85' lang='lat' dir='ltr'>Medic.</span> <span class='ocrx_word' id='word_1_1319' title='bbox 1620 3601 1675 3623; x_wconf 83' lang='lat' dir='ltr'>Rat.</span> <span class='ocrx_word' id='word_1_1320' title='bbox 1692 3602 1768 3624; x_wconf 84' lang='lat' dir='ltr'>Tom.</span> <span class='ocrx_word' id='word_1_1321' title='bbox 1787 3610 1812 3630; x_wconf 87' lang='lat'>4.</span> <span class='ocrx_word' id='word_1_1322' title='bbox 1831 3603 1858 3626; x_wconf 83' lang='grc' dir='ltr'>Ρ.</span> <span class='ocrx_word' id='word_1_1323' title='bbox 1875 3608 1894 3624; x_wconf 82' lang='lat'>2.</span> <span class='ocrx_word' id='word_1_1324' title='bbox 1913 3603 1935 3625; x_wconf 82' lang='lat' dir='ltr'>S.</span> <span class='ocrx_word' id='word_1_1325' title='bbox 1954 3608 1977 3624; x_wconf 86' lang='lat'>2.</span> <span class='ocrx_word' id='word_1_1326' title='bbox 1993 3607 2015 3624; x_wconf 86' lang='lat' dir='ltr'>c.</span> <span class='ocrx_word' id='word_1_1327' title='bbox 2032 3608 2056 3628; x_wconf 84' lang='lat'>7-</span> <span class='ocrx_word' id='word_1_1328' title='bbox 2074 3601 2098 3624; x_wconf 87' lang='lat' dir='ltr'>in</span> <span class='ocrx_word' id='word_1_1329' title='bbox 2115 3602 2164 3629; x_wconf 82' lang='lat' dir='ltr'>ipso</span> <span class='ocrx_word' id='word_1_1330' title='bbox 2181 3601 2228 3625; x_wconf 82' lang='lat' dir='ltr'>fine</span> <span class='ocrx_word' id='word_1_1331' title='bbox 2245 3614 2251 3619; x_wconf 88' lang='lat'><strong>·</strong></span> 
     </span>
    </p>
   </div>
   <div class='ocr_carea' id='block_1_11' title="bbox 1593 3627 2456 3719">
    <p class='ocr_par' dir='ltr' id='par_1_13' title="bbox 1593 3627 2456 3719">
     <span class='ocr_line' id='line_1_162' title="bbox 1593 3627 2456 3661; baseline 0.002 -7"><span class='ocrx_word' id='word_1_1332' title='bbox 1593 3630 1608 3659; x_wconf 83' lang='lat'>(</span> <span class='ocrx_word' id='word_1_1333' title='bbox 1623 3638 1641 3658; x_wconf 73' lang='grc' dir='ltr'>ζ</span> <span class='ocrx_word' id='word_1_1334' title='bbox 1657 3631 1737 3660; x_wconf 61' lang='grc' dir='ltr'><strong>)«Οὺι”</strong></span> <span class='ocrx_word' id='word_1_1335' title='bbox 1747 3640 1768 3661; x_wconf 80' lang='lat'>5.</span> <span class='ocrx_word' id='word_1_1336' title='bbox 1831 3631 1846 3660; x_wconf 73' lang='grc' dir='ltr'>ζ</span> <span class='ocrx_word' id='word_1_1337' title='bbox 1861 3639 1876 3654; x_wconf 86' lang='lat' dir='ltr'>a</span> <span class='ocrx_word' id='word_1_1338' title='bbox 1890 3631 1905 3659; x_wconf 86' lang='lat'>)</span> <span class='ocrx_word' id='word_1_1339' title='bbox 1921 3639 1935 3654; x_wconf 93' lang='lat' dir='ltr'>n</span> <span class='ocrx_word' id='word_1_1340' title='bbox 1950 3639 1974 3659; x_wconf 85' lang='lat'>9.</span> <span class='ocrx_word' id='word_1_1341' title='bbox 2036 3631 2049 3658; x_wconf 89' lang='lat'>(</span> <span class='ocrx_word' id='word_1_1342' title='bbox 2066 3631 2079 3655; x_wconf 79' lang='lat' dir='ltr'><em>b</em></span> <span class='ocrx_word' id='word_1_1343' title='bbox 2098 3631 2105 3659; x_wconf 76' lang='grc'>&gt;</span> <span class='ocrx_word' id='word_1_1344' title='bbox 2125 3630 2232 3655; x_wconf 68' lang='lat' dir='ltr'>Praelefb</span> <span class='ocrx_word' id='word_1_1345' title='bbox 2246 3627 2281 3650; x_wconf 62' lang='lat'><strong>⁴¹¹3·</strong></span> <span class='ocrx_word' id='word_1_1346' title='bbox 2295 3627 2456 3661; x_wconf 77' lang='lat' dir='ltr'>Instit.§.366.</span> 
     </span>
     <span class='ocr_line' id='line_1_163' title="bbox 1829 3659 2264 3691; baseline -0.007 -6"><span class='ocrx_word' id='word_1_1347' title='bbox 1829 3662 1836 3689; x_wconf 91' lang='grc'>(</span> <span class='ocrx_word' id='word_1_1348' title='bbox 1852 3661 1891 3691; x_wconf 83' lang='lat' dir='ltr'>f)</span> <span class='ocrx_word' id='word_1_1349' title='bbox 1909 3662 1968 3685; x_wconf 88' lang='lat' dir='ltr'>Obs.</span> <span class='ocrx_word' id='word_1_1350' title='bbox 1986 3669 2023 3688; x_wconf 89' lang='lat'>17.</span> <span class='ocrx_word' id='word_1_1351' title='bbox 2044 3660 2064 3690; x_wconf 84' lang='lat'>§-</span> <span class='ocrx_word' id='word_1_1352' title='bbox 2081 3670 2104 3689; x_wconf 85' lang='lat'>4.</span> <span class='ocrx_word' id='word_1_1353' title='bbox 2123 3662 2147 3684; x_wconf 90' lang='lat' dir='ltr'>in</span> <span class='ocrx_word' id='word_1_1354' title='bbox 2164 3659 2242 3685; x_wconf 88' lang='lat' dir='ltr'>Schol.</span> <span class='ocrx_word' id='word_1_1355' title='bbox 2259 3687 2264 3691; x_wconf 50' lang='grc'><strong>-</strong></span> 
     </span>
     <span class='ocr_line' id='line_1_164' title="bbox 1677 3690 2423 3719; baseline 0 -4"><span class='ocrx_word' id='word_1_1356' title='bbox 1677 3692 1691 3719; x_wconf 86' lang='lat'><strong>(</strong></span> <span class='ocrx_word' id='word_1_1357' title='bbox 1707 3691 1722 3715; x_wconf 71' lang='lat' dir='ltr'><em>k</em></span> <span class='ocrx_word' id='word_1_1358' title='bbox 1739 3692 1752 3718; x_wconf 89' lang='lat'>)</span> <span class='ocrx_word' id='word_1_1359' title='bbox 1770 3690 1855 3716; x_wconf 72' lang='lat' dir='ltr'>Affest.</span> <span class='ocrx_word' id='word_1_1360' title='bbox 1873 3691 1898 3715; x_wconf 84' lang='lat' dir='ltr'>in</span> <span class='ocrx_word' id='word_1_1361' title='bbox 1915 3692 1969 3716; x_wconf 81' lang='lat' dir='ltr'>libr.</span> <span class='ocrx_word' id='word_1_1362' title='bbox 1988 3692 2011 3715; x_wconf 73' lang='grc' dir='ltr'>δι</span> <span class='ocrx_word' id='word_1_1363' title='bbox 2026 3698 2077 3716; x_wconf 82' lang='lat' dir='ltr'>caet.</span> <span class='ocrx_word' id='word_1_1364' title='bbox 2097 3699 2141 3715; x_wconf 70' lang='lat' dir='ltr'>rau.</span> <span class='ocrx_word' id='word_1_1365' title='bbox 2160 3691 2241 3715; x_wconf 81' lang='lat' dir='ltr'>Descr.</span> <span class='ocrx_word' id='word_1_1366' title='bbox 2258 3695 2282 3710; x_wconf 69' lang='lat' dir='ltr'>in</span> <span class='ocrx_word' id='word_1_1367' title='bbox 2300 3690 2423 3715; x_wconf 81' lang='lat' dir='ltr'>Ratiocin.</span> 
     </span>
    </p>
   </div>
   <div class='ocr_carea' id='block_1_12' title="bbox 1886 3717 2405 3754">
    <p class='ocr_par' dir='ltr' id='par_1_14' title="bbox 1886 3717 2405 3754">
     <span class='ocr_line' id='line_1_165' title="bbox 1886 3717 2405 3754; baseline 0.002 -8"><span class='ocrx_word' id='word_1_1368' title='bbox 1886 3722 1900 3751; x_wconf 85' lang='lat'>(</span> <span class='ocrx_word' id='word_1_1369' title='bbox 1913 3730 1926 3746; x_wconf 89' lang='lat' dir='ltr'><em>o</em></span> <span class='ocrx_word' id='word_1_1370' title='bbox 1942 3723 1949 3754; x_wconf 90' lang='lat'><em>)</em></span> <span class='ocrx_word' id='word_1_1371' title='bbox 1967 3721 2061 3747; x_wconf 79' lang='lat' dir='ltr'>Dissert.</span> <span class='ocrx_word' id='word_1_1372' title='bbox 2076 3722 2105 3747; x_wconf 82' lang='lat' dir='ltr'>de</span> <span class='ocrx_word' id='word_1_1373' title='bbox 2120 3721 2187 3748; x_wconf 82' lang='lat' dir='ltr'>saxis</span> <span class='ocrx_word' id='word_1_1374' title='bbox 2198 3737 2206 3751; x_wconf 85' lang='lat'>‚</span> <span class='ocrx_word' id='word_1_1375' title='bbox 2222 3717 2299 3745; x_wconf 77' lang='lat' dir='ltr'>Acub.</span> <span class='ocrx_word' id='word_1_1376' title='bbox 2314 3722 2337 3746; x_wconf 74' lang='grc' dir='ltr'>δι</span> <span class='ocrx_word' id='word_1_1377' title='bbox 2354 3726 2405 3750; x_wconf 78' lang='lat' dir='ltr'>caet.</span> 
     </span>
    </p>
   </div>
  </div>
 </body>
</html>
