2498 4075
423 289 573 354 Epist.
609 289 771 343 Anat.
804 290 1018 343 Medica
1055 288 1462 356 LXV.›Art.14.
1485 293 1716 353 15.&i6.·

105 357 153 395 hil
178 364 251 398 vitii
273 366 306 398 in
329 367 514 401 ventriculo
535 376 697 409 repertum
721 366 787 408 est,
808 377 909 410 neque
932 368 967 402 in
990 367 1091 411 hepa-

104 414 138 437 te
159 427 170 444 2
202 408 263 442 nifi
299 408 386 455 quod
420 410 517 452 paulo
540 420 607 444 erat
633 410 783 453 pallidius
806 436 816 451 ,
847 421 945 453 quam
977 410 1057 446 solet
1080 437 1090 446 .

103 448 164 495 §ed
188 450 255 493 ejus
279 452 414 486 vesicula
429 478 437 492 ‚
461 454 564 496 triplo
589 455 821 496 propemodum
854 454 993 488 naturali
1023 465 1092 488 ma-

103 503 174 534 jor,
201 496 408 538 nigerrimam
432 496 529 530 bilem
551 497 762 536 continebat,
788 498 834 531 vel
860 500 967 541 potius
991 509 1097 533 amur-

105 547 197 576 cam,
223 540 256 572 in
279 549 343 580 qua
365 540 482 574 calculi
506 549 598 574 erant
621 541 699 575 οὲὶο
724 540 784 576 alia
809 542 887 575 alius
907 539 1032 583 figura,
1057 554 1093 575 o-

105 584 195 615 mnes
219 591 325 616 autem
348 593 417 617 rara
440 585 664 625 magnitudine
688 596 695 616 ι
718 593 834 627 praeter
856 595 939 626 quos
963 585 996 618 in
1019 586 1093 628 ipsis

105 625 249 659 veficulae
272 626 448 669 parietibus
471 627 525 660 alii
548 627 712 671 conspecti
736 625 807 663 sunt
830 626 867 663 ad
879 627 1008 666 decem,
1030 630 1094 664 mi-

103 668 141 702 lii
164 670 270 710 granis
293 667 377 705 haud
402 669 538 713 majores
553 696 560 702 .
1000 686 1004 688 -

151 722 200 789 114.
224 713 357 746 Minimi
382 713 414 747 hi
438 714 551 747 calculi
576 713 610 745 in
633 712 729 755 cystis
751 714 926 756 parietibus
949 715 1096 750 animad-

105 765 209 792 veri‚
231 755 269 790 ad
292 767 344 790 eos
367 756 461 791 facile
485 757 664 791 attinebant
687 769 769 799 quos
791 757 855 803 tibi
887 759 964 792 alias
994 763 1008 799 (
1029 758 1095 802 m)

106 799 141 833 in
164 799 253 834 illius
274 799 437 841 glandulis
454 823 467 840 ,
499 809 553 834 aut
576 809 661 835 certe
682 803 769 835 inter
792 811 860 842 ejus
884 803 1008 836 tunicas
1032 814 1099 836 me-

107 845 251 877 moravi.
276 841 416 877 Fortasse
438 852 546 877 autem
571 843 666 886 paulo
689 844 729 877 iis
753 843 888 886 majores
912 843 966 886 per
987 844 1100 888 cysti-

106 897 207 926 cum,
229 889 260 920 &
280 885 500 920 Communem
533 886 648 920 duetus
677 888 799 920 exitum
835 888 1002 923 molientes
1024 913 1033 928 ‚
1067 898 1100 922 at

107 929 152 963 ob
175 930 370 971 parvitatem
395 931 529 964 minime
553 931 587 963 in
611 930 674 963 alvi
699 929 833 965 faecibus
856 931 1064 967 animadversi
1089 955 1100 972 ‚

107 975 267 1008 cruciatus
292 972 363 1006 illos
388 974 585 1012 ventriculi,
609 974 642 1006 δε
666 974 812 1008 vomitus
834 974 962 1009 ciebant
987 986 1000 1015 ;
1023 986 1099 1010 cum

108 1016 243 1051 maximi
268 1015 318 1050 illi
343 1017 421 1050 οᾶο
443 1019 476 1050 in
500 1015 638 1050 vesicula
659 1016 704 1050 ob
729 1017 984 1059 magnitudinem
1008 1021 1100 1062 quie-

107 1059 227 1093 scentes
242 1085 251 1100 ,
273 1060 400 1094 nullum
426 1059 473 1094 sui
498 1060 656 1095 indicium
679 1058 790 1095 darent
812 1071 851 1095 ne
862 1060 1011 1103 ponderis
1027 1063 1100 1105 qui-

107 1102 180 1137 dem
203 1102 314 1141 sensu3
339 1115 376 1137 an
400 1102 490 1147 quod
513 1105 552 1137 iis
577 1114 647 1144 quae
671 1104 826 1146 paulatim
850 1114 1030 1147 augentur,
1052 1104 1101 1138 as-

107 1146 307 1181 suescamus?
439 1146 540 1181 Vides
561 1145 613 1180 hic
635 1158 767 1190 quoque
790 1147 912 1181 nullam
934 1149 973 1182 de
997 1149 1100 1182 ietero

110 1191 312 1225 mentionem
335 1190 425 1224 fieri.
451 1191 550 1224 Certe
574 1198 680 1224 autem
702 1191 766 1225 Vir
790 1190 1018 1226 Nobilissimus
1043 1204 1102 1234 pro

107 1246 175 1277 quo
198 1244 263 1266 non
287 1234 333 1267 ita
357 1233 481 1276 pridem
505 1245 562 1277 per
585 1233 710 1267 litteras
732 1232 897 1268 consultus
919 1234 988 1268 sum
1011 1257 1024 1275 ‚
1047 1237 1103 1268 vix

108 1275 273 1319 postquam
299 1277 356 1311 diu
382 1278 489 1311 nostes
510 1288 622 1311 omnes
642 1277 802 1311 insomnes
825 1276 957 1311 duxerat
968 1278 1011 1311 ob
1033 1289 1106 1321 gra-

107 1320 268 1354 vissimum
292 1322 330 1355 ad
355 1321 517 1362 regionem
545 1321 651 1363 pylori
675 1321 903 1363 corripientem
934 1321 1102 1359 dolorem,

106 1367 139 1399 δέ
161 1374 331 1406 perpetuos
355 1365 506 1398 vomendi
531 1373 685 1401 conatus,
710 1366 789 1404 vix,
810 1365 966 1407 inquam,
990 1364 1102 1398 ffieri-

106 1418 162 1442 cus
185 1406 313 1442 tandem
340 1418 396 1448 per
420 1407 587 1441 intervalla
613 1406 683 1441 fieri
707 1409 831 1449 coepit.
854 1408 972 1442 Morbi
995 1417 1103 1442 tamen

105 1449 237 1485 causam
259 1450 401 1484 ostendit
425 1450 549 1485 sanatio
576 1464 586 1488 ;
619 1450 731 1484 dolore
753 1451 840 1485 enim
874 1463 891 1485 a
923 1452 1103 1486 ventriculo

107 1494 263 1537 paulatim
287 1493 482 1528 umbilicum
505 1493 632 1531 versus,
655 1493 793 1536 indeque
817 1494 855 1528 ad
878 1495 974 1538 pubis
996 1496 1105 1537 regio-

109 1548 183 1572 nem
206 1536 436 1575 descendente,
464 1538 520 1571 ubi
545 1537 669 1580 aliquot
706 1537 848 1572 substitit
883 1537 949 1572 dies
968 1559 978 1576 ‚
1013 1539 1105 1571 deni-

110 1592 174 1624 que
196 1582 392 1623 corporibus
415 1581 543 1622 dejeffis
566 1580 692 1614 duobus
725 1591 790 1613 non
825 1582 931 1623 parvis
953 1605 963 1621 ,
991 1582 1029 1615 ad
1051 1592 1106 1615 cu-

109 1624 146 1658 bi
169 1623 308 1666 figuram
331 1624 554 1658 accedentibus
574 1637 598 1662 ‚²
618 1626 779 1657 cruciatus
801 1625 907 1657 omnis
938 1634 1007 1659 tum
1032 1636 1105 1658 ven-

108 1668 244 1707 triculi,
266 1676 335 1701 tum
360 1668 532 1708 jecinoris,-
555 1678 627 1700 nam
651 1670 681 1700 ἃ
706 1666 766 1700 hoc
789 1667 942 1708 dolebat‚·
965 1677 1036 1702 tum
1058 1670 1106 1701 in.

106 1711 297 1745 testinorum
323 1711 444 1745 solutus
466 1708 510 1744 est
530 1734 537 1741 .
577 1711 683 1743 Erant
708 1722 742 1743 ea
766 1721 901 1752 corpora
926 1709 1070 1746 subflava
1093 1735 1106 1752 ,

106 1765 145 1788 ex
167 1755 273 1787 stratis
295 1755 473 1796 composita
500 1775 509 1790 ‚
533 1754 685 1788 nucleum
721 1753 1012 1796 complectentibus
1034 1780 1043 1796 ‚
1074 1757 1106 1788 &

111 1798 275 1832 flammam
297 1797 583 1839 concipientibus,
607 1806 642 1830 ut
666 1796 815 1838 speetatis
839 1798 991 1831 omnibus
1015 1820 1024 1835 ‚
1047 1809 1108 1842 cy·

104 1842 200 1876 sticos
222 1840 282 1875 effe
305 1842 445 1874 calculos
467 1862 480 1880 ,
517 1850 595 1885 non„
615 1839 779 1875 dubitares
800 1863 809 1872 .
844 1840 934 1875 Vide
960 1852 1069 1877 autem
1094 1864 1107 1882 ,

105 1893 266 1926 quantum
291 1885 325 1917 in
359 1884 470 1918 eodem
494 1882 610 1916 morbo
644 1885 741 1916 variis
774 1884 809 1917 in
832 1884 1024 1926 corporibus
1052 1885 1107 1919 *di-

110 1928 250 1963 scrimen
272 1927 332 1966 sit,
354 1930 407 1961 Fr.
433 1927 518 1960 Slare
540 1930 554 1967 (
577 1926 631 1969 n)
655 1926 802 1960 nobilem
825 1926 999 1963 foeminam
1014 1951 1025 1967 ‚
1050 1928 1108 1963 he-

109 1971 225 2015 paticis
247 1970 418 2006 doloribus
440 1969 533 2004 valde
558 1971 733 2004 cruciatam
747 1993 755 2006 ,.
780 1971 1013 2006 animadvertit
1042 1972 1108 2013 fta-

108 2016 171 2049 tim
192 2024 289 2057 atque
310 2015 390 2048 duos
412 2013 548 2056 cysticos
566 2014 711 2060 ,calculos
744 2015 889 2055 repetitis
923 2016 1050 2049 vicibus
1074 2017 1107 2049 in

108 2059 307 2092 Duodenum
331 2058 520 2092 intestinum
543 2067 677 2099 ejecerat
695 2082 704 2097 ‚
729 2059 905 2092 maximum
929 2058 1049 2092 sensisse
1061 2060 1109 2093 le-

110 2112 224 2135 vamen
240 2128 249 2142 ,
272 2101 347 2135 illos
370 2110 478 2135 autem
501 2101 560 2134 vix
577 2110 635 2142 per
659 2101 778 2144 aliquot
801 2100 894 2134 horas
916 2103 950 2135 in
974 2112 1042 2136 tota
1056 2103 1107 2135 in·

110 2145 304 2180 testinorum
327 2144 381 2178 via
403 2142 570 2187 perstitisse
590 2166 601 2181 ,
636 2155 711 2178 cum
736 2143 794 2185 ipsi
820 2156 951 2188 quoque
975 2156 1039 2180 non
1064 2145 1110 2180 es-

109 2190 180 2223 sent
204 2190 323 2231 parvi·,
358 2188 440 2221 alter
462 2188 548 2221 enim
571 2187 731 2221 ambitum
755 2187 911 2222 craffioris
943 2188 1109 2232 superabat

109 2231 210 2274 digiti
225 2253 236 2269 ‚
260 2232 339 2266 alter
362 2240 470 2265 autem
493 2239 558 2264 erat
582 2232 736 2270 tenuior,
759 2242 814 2264 nec
838 2241 943 2266 tamen
967 2233 1073 2267 multo
1097 2258 1106 2266 .

108 2277 162 2310 De
182 2273 412 2318 ejusdemmodi
436 2283 542 2308 autern
567 2274 698 2309 calculis
731 2274 786 2307 illa
817 2285 948 2318 quoque
972 2277 1036 2309 tibi
1060 2277 1106 2309 le-

109 2318 212 2361 genda
234 2317 307 2353 sunt
329 2330 400 2362 quae
423 2317 695 2353 Praestantiffimus
719 2315 842 2358 scripsit
867 2319 994 2353 Ellerus
1016 2324 1054 2360 (ο
1069 2323 1079 2358 )
1093 2344 1104 2360 ,

108 2362 200 2405 cujus
220 2363 470 2404 explicationem
494 2362 670 2404 praesertim
692 2371 836 2401 naturae,
859 2364 891 2395 δε
912 2363 1052 2405 originis
1075 2375 1107 2397 e-

110 2406 161 2449 jus
191 2405 308 2448 lapidis
340 2406 398 2449 qui
432 2417 487 2448 per
509 2402 679 2439 abscessum
712 2404 955 2447 hypochondrii
980 2406 1106 2441 dexteri

108 2460 184 2484 cum
207 2459 284 2490 pure
308 2452 453 2486 exierat,
476 2447 568 2482 facile
591 2448 932 2490 comprobabisti'ibus
955 2449 1021 2483 illis
1031 2461 1105 2484 con-

110 2493 269 2527 similibus
290 2503 362 2535 quae
392 2491 455 2526 tibi
489 2492 629 2534 Epistola
660 2492 835 2525 XXXVII.
868 2495 958 2534 (p)
990 2503 1105 2534 protu-

110 2538 155 2577 li,
179 2536 332 2578 exemplis
352 2559 359 2567 .
383 2535 487 2570 Simul
510 2534 680 2578 cognosces
709 2546 781 2578 quae
806 2536 1105 2577 Experientiffimus

108 2581 196 2614 idem
218 2579 284 2613 Vir
317 2579 355 2613 de
392 2579 552 2612 renalium
584 2590 716 2622 quoque
748 2578 946 2612 calculorum
978 2580 1106 2622 origine

109 2624 220 2659 eadem
243 2621 409 2658 occasione
432 2622 606 2665 proponit,
631 2624 662 2655 ἃ
687 2622 803 2665 lapidis
827 2623 923 2656 etiam
947 2625 1106 2665 quemin-

109 2677 160 2702 ter
183 2665 292 2701 vesicae
315 2668 466 2700 urinariae
488 2666 613 2699 tunicas
635 2665 780 2700 abditum
792 2664 976 2708 conspexit.

110 2710 167 2746 Ad
191 2710 250 2744 alia
273 2719 380 2745 autem
403 2710 534 2743 Renum
556 2710 636 2742 vitia
660 2710 796 2743 attinent
820 2718 890 2743 tum
913 2721 1025 2744 eorum
1047 2709 1106 2754 hy-

111 2756 209 2791 drops
232 2776 244 2792 ,
267 2753 330 2787 sive
354 2765 371 2786 a
392 2752 461 2786 sero
484 2752 568 2787 flavo
590 2751 765 2792 distentio,
788 2762 856 2786 tum
880 2753 1052 2789 substantia
1077 2755 1108 2787 i-

111 2796 246 2841 psorum
268 2797 445 2829 maximam
469 2805 591 2838 partem
614 2795 739 2836 deleta,
763 2806 834 2830 tum
857 2796 1004 2831 indurata
1027 2797 1109 2832 Adi-

114 2841 191 2884 posa
216 2840 390 2873 eorundem
413 2838 621 2885 membrana,
642 2840 720 2886 item
747 2851 786 2873 ue
818 2841 852 2872 in
876 2841 1019 2874 Ascitica
1052 2854 1101 2875 re-

114 2895 191 2919 num
217 2883 297 2915 alter
319 2882 419 2924 duplo
442 2892 565 2924 major,
587 2883 667 2916 alter
690 2893 725 2924 Ju
754 2895 775 2916 o
798 2883 904 2918 minor
935 2896 1008 2918 cuni
1033 2897 1102 2919 ure-

114 2937 201 2961 tere2
227 2925 363 2968 vasssque
387 2924 581 2968 sanguiferis
606 2925 695 2959 valde
717 2927 910 2960 contraffis.
935 2928 1026 2966 Quas
1049 2930 1102 2962 Cl.

112 2969 288 3007 Bohemeri
314 2968 567 3003 Observationes
591 2969 625 3001 in
649 2968 761 3003 eodem
795 2969 882 3004 libro
913 2972 1026 3005 relatas
1059 2974 1108 3005 in-

114 3015 219 3047 venies
240 3013 274 3045 in
295 3024 363 3056 quo
385 3013 482 3053 alias,
504 3024 521 3046 a
543 3023 594 3046 me
616 3012 680 3046 tibi
702 3012 794 3056 supra
817 3018 831 3054 (
852 3024 870 3055 q
890 3013 907 3055 )
930 3015 1085 3049 indicatas
1099 3041 1106 3050 .

116 3057 218 3095 Quod
242 3056 266 3089 fi
288 3064 362 3090 eum
385 3056 505 3091 librum
528 3055 654 3090 versans
674 3078 687 3095 ,
718 3059 752 3089 in
776 3056 884 3090 locum
917 3056 1004 3092 forte
1027 3060 1107 3092 inci-

115 3100 203 3134 deris
225 3099 282 3132 ubi
306 3102 493 3142 Morgagnus
515 3099 637 3133 dicitur
658 3108 754 3140 nuper
774 3109 896 3141 operam
917 3100 1048 3145 dediffe,
1070 3110 1107 3136 ut

111 3142 301 3186 sententiam
322 3143 357 3175 de
379 3143 445 3176 viis
467 3143 561 3176 urinae
582 3153 620 3177 ex
640 3143 815 3176 ventriculo
837 3144 877 3176 ad
897 3142 1027 3185 vesicam
1050 3156 1105 3179 no-

115 3187 169 3220 vis
191 3187 381 3228 argumentis
401 3183 594 3228 confirmaret
616 3197 627 3224 3
658 3186 729 3219 noli
755 3187 866 3219 mirari
888 3188 945 3229 qui
967 3187 1045 3222 scias
1068 3191 1102 3222 in

116 3230 278 3263 contraria
301 3227 379 3262 huic
401 3227 555 3262 sententia
578 3241 628 3262 me
651 3229 770 3271 semper
792 3229 883 3264 fuisse
906 3251 915 3267 ‚
945 3233 975 3263 &
999 3232 1101 3267 adhuc

117 3271 197 3313 esse;
220 3271 270 3305 sed
293 3270 327 3305 id
350 3272 459 3305 nimiae
481 3272 587 3306 tribue
609 3283 680 3315 erga
704 3284 753 3305 me
765 3272 1042 3316 typographorum
1068 3278 1106 3309 li-

116 3315 280 3350 beralitati
303 3316 361 3358 qui
386 3315 516 3348 alteram
538 3316 716 3350 litterulam
735 3326 757 3358 g
780 3316 946 3354 addentes,
974 3329 1037 3351 non
1062 3320 1105 3353 se-

117 3361 182 3435 mell
203 3369 276 3401 quae
299 3357 338 3391 ad
361 3358 459 3393 aliurn
482 3360 619 3393 omnino
643 3358 827 3401 speetabant
848 3384 858 3401 ,
885 3361 969 3394 mihi
988 3362 1106 3397 donare

119 3412 161 3437 vo
177 3409 293 3437 uerunt
307 3426 315 3435 .

164 3457 177 3481 1
185 3457 216 3488 ς.
248 3444 333 3482 Quae
364 3443 403 3481 de
431 3445 561 3482 calculis
585 3445 682 3489 paulo
714 3457 786 3482 ante
808 3446 974 3490 interjecta
998 3447 1072 3483 sunt
1095 3472 1107 3490 ‚

1140 371 1173 403 δε
1194 365 1262 409 ipsa
1285 366 1416 410 quidem
1439 369 1478 404 ad
1502 369 1639 405 Morbos
1661 369 1801 404 attinent
1811 369 1973 408 Ventris;
1995 369 2047 405 sed
2071 379 2137 404 non

1140 411 1239 446 modo
1263 412 1302 444 ad
1324 411 1399 445 istos
1423 435 1438 453 ‚
1467 423 1579 449 verum
1602 414 1699 448 etiam
1733 413 1771 447 ad
1794 411 1976 455 susceptum
1997 412 2037 447 de
2060 414 2136 447 Tu-

1148 453 1292 489 moribus
1315 454 1452 497 ejusdem
1477 456 1652 493 sermonem
1672 479 1683 496 ‚
1716 455 1810 498 cujus
1843 455 1906 492 tibi
1928 455 2027 491 obliti
2051 453 2137 490 sorte

1148 497 1337 533 videbamur
1370 509 1406 532 ea
1439 500 1580 541 {pectant
1611 511 1683 544 quae
1713 498 1878 534 noviffime
1910 509 1948 534 ex
1981 497 2138 535 Boheme-

1147 553 1185 576 ro
1206 539 1423 578 indicavimus
1454 541 1494 576 de
1514 554 1628 579 renum
1660 543 1807 586 hydrope
1831 563 1841 579 ,
1876 544 1908 576 &
1929 542 1969 578 de
1990 541 2102 577 Ascite
2123 548 2137 576 .’

1145 583 1200 620 Ad
1224 585 1378 619 nonnulla
1410 595 1518 621 autem
1549 598 1620 630 quae
1650 586 1689 621 de
1711 585 1950 628 Tympanitide
1972 594 2101 628 agentes
2124 607 2136 622 2

1146 628 1313 671 attigimus
1337 654 1346 668 ,
1379 627 1562 664 illustranda
1585 628 1690 664 facere
1712 629 1833 671 poterit
1858 630 2064 671 Programma
2096 627 2138 663 ab

1147 671 1373 714 Hambergero
1406 671 1534 707 editum
1565 672 1601 707 de
1633 679 1763 714 ruptura
1795 669 1932 711 intestini
1963 671 2101 706 Duodeni
2122 693 2136 711 ‚

1146 726 1244 757 quam
1268 714 1466 751 breviffimus
1498 716 1630 759 quidem
1650 737 1663 755 ,
1696 713 1747 748 sed
1769 715 1879 757 ingens
1903 740 1914 757 ‚
1945 712 2140 756 lethalisque

1148 759 1383 800 tympaniticus
1407 767 1517 793 tumor
1539 759 1583 794 est
1604 756 1810 792 consecutus.
1834 758 1895 793 Fac
1917 759 2020 801 igitur
2042 757 2144 801 perle-

1148 811 1202 843 gas
1216 825 1223 833 .
1248 801 1320 835 Nos
1342 802 1427 835 enim
1452 811 1522 836 tum
1547 812 1659 837 eorum
1684 811 1839 836 memores
1861 811 1933 843 quae
1955 802 1994 836 de
2015 801 2142 835 caeteris

1150 844 1286 879 Ventris
1308 845 1513 879 Tumoribus
1535 847 1568 879 &
1591 843 1715 885 multa,
1738 847 1769 880 &
1792 845 1877 878 varia
1901 843 1941 880 ad
1963 854 1995 879 te
2018 841 2143 886 scripsi-

1150 898 1242 925 mus,
1264 896 1336 920 tum
1358 888 1396 921 de
1421 889 1486 922 alio
1509 888 1658 931 hydrope
1681 898 1747 922 uon
1770 886 1952 930 paucissima
1976 884 2142 923 scribenda,

1150 941 1228 965 mox
1251 930 1331 968 effe,
1356 934 1534 973 cogitantes
1556 954 1566 970 ‚
1601 942 1665 965 non
1689 931 1842 965 omnibus
1874 930 1907 963 in
1930 941 2002 974 quae
2024 929 2143 964 incidi-

1152 985 1222 1008 mus
1237 997 1246 1015 ,
1269 975 1438 1009 immorari
1463 986 1547 1009 nunc
1580 974 1743 1016 possumus
1765 998 1774 1007 .
1808 974 2030 1011 Quamobrem
2055 970 2142 1008 haud

1152 1018 1213 1051 alia
1234 1039 1245 1055 ,
1276 1018 1363 1060 quod
1398 1018 1435 1052 ad
1460 1018 1689 1053 Mesenterium
1722 1017 1842 1061 spessat
1863 1040 1872 1056 ,
1905 1015 1960 1053 hic
1982 1015 2144 1051 indicabi-

1151 1072 1221 1094 mus
1235 1085 1244 1100 ,
1267 1060 1326 1094 nisi
1349 1069 1384 1094 ut
1406 1072 1444 1095 ex
1467 1062 1520 1095 cl.
1546 1061 1639 1095 Viris
1661 1061 1806 1097 Henrico
1831 1061 1968 1096 Henrici
1990 1064 2004 1101 (
2027 1071 2042 1093 r
2062 1063 2098 1100 )‚
2112 1059 2147 1091 &

1147 1103 1274 1149 Joanne
1298 1105 1444 1138 Fantono
1466 1105 1523 1148 (s)
1547 1115 1695 1147 excerpas
1717 1115 1789 1146 quae
1811 1113 1889 1140 tunc
1912 1115 1970 1140 nos
1993 1102 2146 1145 fugerunt

1152 1147 1403 1181 Observationes
1417 1173 1425 1186 ‚
1449 1147 1658 1190 Sepulchreto
1680 1146 1896 1192 adjungendas
1917 1172 1924 1182 .
1960 1147 2028 1182 Hic
2060 1146 2145 1179 enirn

1153 1201 1305 1233 magnum
1329 1190 1507 1224 mesenterii
1531 1200 1693 1226 tumorem
1713 1214 1725 1231 ,
1762 1191 1815 1225 ille
1839 1202 1915 1226 vero
1939 1201 2006 1224 non
2028 1199 2148 1232 paucos

1156 1233 1294 1275 ejusdem
1318 1233 1467 1269 abscessus
1490 1235 1658 1277 proposuit
1682 1258 1689 1266 .
1726 1234 1771 1267 Et
1796 1233 1845 1268 hae
1867 1235 2002 1276 quidem
2025 1232 2151 1266 Obser-

1157 1278 1302 1311 vationes
1327 1277 1422 1311 utiles
1445 1277 1537 1315 sunt3
1562 1278 1625 1312 illae
1650 1285 1755 1311 autem
1779 1277 1929 1312 utiliores
1964 1279 1999 1310 in
2031 1276 2149 1319 quibus

1157 1328 1284 1355 mutata
1313 1321 1473 1355 viscerum
1506 1321 1591 1355 sedes
1627 1320 1795 1355 Medicum
1830 1322 1931 1364 potest
1969 1319 2116 1362 decipere
2138 1341 2146 1349 -

1154 1364 1271 1407 Itaque
1302 1365 1441 1398 totidem
1474 1365 1662 1407 adjiciemus
1693 1375 1772 1407 quas
1804 1375 1879 1404 cum
1911 1363 2063 1407 praeclara
2106 1360 2151 1397 il-

1153 1407 1184 1441 la
1230 1406 1391 1442 Valsalvae
1436 1407 1485 1452 (r
1507 1412 1519 1447 )
1563 1405 1738 1450 conjungas
1758 1430 1770 1447 ,
1817 1407 1988 1442 ventriculi
2031 1418 2049 1440 e
2094 1406 2149 1440 sua

1155 1449 1226 1485 sede
1273 1450 1411 1493 prolapsi
1442 1473 1455 1491 ,
1507 1451 1619 1495 ibique
1672 1461 1835 1485 tumorem
1880 1450 2050 1486 efficientis
2092 1448 2152 1483 ubi

1155 1494 1354 1528 ventriculus
1387 1493 1558 1529 secundum
1593 1502 1742 1529 naturam
1774 1492 1833 1529 esse
1867 1505 1932 1528 non
1957 1494 2060 1529 solet.
2085 1493 2151 1526 Al-

1155 1547 1221 1571 tera
1265 1549 1300 1571 ea
1345 1538 1412 1581 ipsa
1455 1536 1499 1571 est
1543 1549 1641 1580 quam
1687 1536 1780 1580 supra
1825 1540 1839 1579 (
1871 1549 1891 1573 u
1916 1538 1935 1580 )
1978 1548 2018 1571 ex
2062 1544 2152 1579 parte

1159 1581 1407 1615 memoravimus
1432 1602 1442 1619 ‚
1475 1580 1528 1614 Cl.
1555 1580 1742 1624 Langguthi
1766 1593 1773 1615 τ
1808 1590 1846 1615 ut
1871 1580 2045 1615 scirrhosus
2065 1580 2154 1613 enim

1158 1627 1342 1658 tunicarum
1367 1635 1438 1667 quae
1462 1625 1614 1667 pylorum
1639 1624 1814 1667 cingebant
1832 1646 1844 1664 ‚
1874 1633 1986 1658 tumor
2017 1623 2157 1657 immani

1156 1667 1360 1702 craffitudine
1384 1667 1470 1702 hunc
1494 1668 1691 1704 afflaverat,
1715 1668 1761 1701 ita
1786 1668 1818 1701 δι
1856 1667 1997 1710 pondere
2029 1666 2156 1700 ventri·

1156 1711 1265 1747 culum
1290 1711 1428 1745 omnino
1452 1711 1525 1745 loco
1551 1720 1696 1744 moverat
1715 1734 1728 1752 ‚
1760 1719 1797 1745 ut
1822 1711 1989 1745 orificium
2014 1708 2158 1751 superius

1158 1767 1175 1789 a
1197 1753 1442 1797 diaphragmate
1468 1753 1506 1789 ad
1528 1757 1702 1789 maximam
1728 1755 1841 1795 palmae
1873 1753 2083 1788 latitudinem
2105 1752 2158 1787 di-

1158 1798 1253 1832 staret
1275 1820 1288 1838 ,
1321 1797 1438 1832 fundus
1462 1806 1569 1832 autem
1593 1800 1678 1832 inira
1703 1798 1899 1832 umbilicum
1930 1798 1964 1831 in
1989 1797 2158 1838 regionem

1158 1839 1420 1884 hypogastricam
1444 1841 1689 1883 protenderetur
1705 1863 1715 1878 ‚
1740 1842 1771 1875 δι
1795 1841 1870 1875 loco
1891 1863 1904 1882 ,
1927 1852 1962 1876 ac
1993 1840 2159 1874 mobilita-

1160 1895 1193 1918 te
1223 1886 1372 1919 innatum
1403 1895 1540 1919 omento
1574 1895 1731 1927 magnum
1762 1893 1926 1919 tumorem
1959 1886 1993 1918 in
2029 1885 2159 1917 vivente

1161 1930 1356 1962 mentiretur
1386 1953 1394 1962 .
1451 1928 1564 1962 Altera
1619 1938 1725 1963 autem
1771 1926 1971 1962 observatio
2018 1927 2060 1961 est
2102 1927 2161 1961 Cl.

1160 1971 1369 2006 Schlenckeri
1391 1970 1556 2014 (x),qui
1580 1971 1798 2009 ventriculum
1824 1971 1908 2005 vidit
1929 1970 2039 2014 pyloro
2063 1971 2101 2004 ad
2115 1981 2159 2018 ‘os

1157 2014 1252 2057 pubis
1273 2014 1367 2058 usque
1388 2014 1632 2058 perpendiculari
1655 2014 1737 2050 linea
1757 2015 1862 2057 pertin
1885 2022 1986 2050 entem
2012 2038 2020 2046 .
2055 2016 2160 2056 Cujus

1160 2059 1324 2102 prolapsus
1348 2058 1420 2093 satis
1443 2067 1516 2101 apta
1538 2057 1631 2092 causa
1653 2070 1694 2093 ex
1715 2059 1841 2102 reliqua
1889 2059 1999 2093 istoria
2013 2069 2079 2092 non
2103 2069 2161 2100 ap-

1161 2111 1249 2143 paret
1274 2113 1288 2142 ‚·
1320 2104 1520 2145 praecipuum
1545 2103 1631 2135 enim
1656 2103 1776 2137 vitium
1808 2111 1942 2147 propter
1965 2102 2055 2144 quod
2080 2111 2162 2135 tunc

1161 2143 1287 2188 scripsit
1308 2166 1318 2182 ,
1352 2147 1436 2180 inter
1457 2147 1578 2179 ventris
1611 2156 1724 2181 caetera
1750 2144 1866 2180 viscera
1889 2146 1923 2179 in
1947 2146 2064 2179 ovatio
2086 2143 2161 2179 sini-

1161 2189 1227 2223 stro
1250 2187 1315 2222 fuit
1339 2188 1458 2231 lapideo
1472 2213 1482 2229 ,
1503 2199 1613 2231 magno
1627 2216 1635 2230 ,
1655 2188 1840 2233 ponderoso,
1866 2188 2158 2231 &omninodigno

1160 2231 1250 2274 quod
1275 2241 1325 2265 tot
1349 2234 1421 2266 aliis
1442 2231 1626 2273 accenseas,
1651 2246 1667 2266 a
1692 2234 1787 2267 nobis
1811 2232 1889 2266 alias
1910 2235 1965 2274 (y
1992 2235 2004 2271 )
2033 2244 2162 2267 memo-

1159 2277 1260 2312 ratis,
1283 2277 1489 2310 Ovariorum
1513 2276 1738 2311 Tumoribus.
1763 2277 1857 2315 Quos
1881 2277 1967 2310 inter
1989 2275 2087 2310 deess'e
2110 2286 2161 2311 ta-

1160 2329 1232 2353 men
1254 2318 1414 2353 credimus
1447 2319 1620 2353 nonnullos
1654 2321 1695 2354 ab
1728 2320 1859 2354 laudato
1883 2321 2032 2354 Fantono
2065 2324 2076 2360 (
2100 2319 2161 2363 z)

1160 2361 1342 2407 propositos
1362 2385 1375 2403 ‚
1407 2372 1442 2397 ut
1476 2373 1550 2397 cum
1586 2365 1736 2397 ovarium
1771 2362 1931 2398 sinistrum
1962 2362 2066 2398 decies
2089 2373 2159 2397 erat

1160 2404 1301 2440 naturali
1327 2405 1428 2448 majus
1447 2428 1456 2444 ‚
1490 2407 1521 2439 &
1546 2404 1741 2442 scirrhosum
1768 2431 1779 2447 ‚
1813 2416 1867 2441 aut
1891 2418 1964 2441 cum
1986 2408 2158 2441 dexterum

1156 2450 1244 2483 intus
1266 2460 1404 2489 cavum,
1425 2449 1618 2484 albicantem
1642 2453 1673 2485 δι
1695 2450 1812 2484 durum
1836 2451 1972 2494 globum
1995 2462 2034 2485 ex
2058 2460 2159 2486 mate-

1158 2495 1206 2526 ria
1229 2492 1356 2527 sebacea
1377 2516 1392 2534 ‚
1425 2504 1492 2527 ovo
1513 2494 1706 2529 columbino
1730 2493 1867 2528 similem
1895 2520 1906 2536 ,
1928 2495 2119 2529 continebat
2143 2517 2157 2536 ‚

1158 2545 1214 2570 aut
1235 2535 1372 2579 denique
1395 2547 1492 2578 curn,
1516 2536 1625 2572 vesicae
1647 2538 1770 2579 instar,
1793 2538 1889 2573 ambo
1913 2538 2085 2581 turgebant
2110 2537 2158 2578 se-,

1157 2592 1195 2614 ro
1221 2578 1393 2613 subflavo.

1204 2627 1254 2657 16.
1279 2624 1348 2657 Etsi
1373 2634 1449 2657 vero
1471 2624 1592 2659 nullius
1616 2626 1740 2667 generis
1763 2635 1932 2662 tumorum
1946 2628 2156 2666 muliebrium

1157 2667 1285 2701 testium
1310 2666 1400 2709 plura
1430 2678 1529 2710 quam
1553 2667 1649 2710 hujus
1671 2670 1763 2704 tertii
1787 2693 1798 2709 ‚
1831 2672 1977 2715 exempla
2011 2685 2154 2709 comme-

1158 2711 1282 2745 moravi
1306 2711 1363 2744 ubi
1387 2711 1426 2745 de
1450 2714 1575 2746 Saccato
1597 2712 1745 2755 hydrope
1768 2715 1807 2748 ad
1830 2723 1862 2747 te
1884 2713 2021 2750 scribens
2043 2721 2057 2756 (
2079 2729 2097 2751 a
2119 2722 2154 2758 ),

1158 2755 1238 2788 illuc
1260 2755 1397 2796 denique
1420 2757 1571 2796 perveni,
1594 2766 1629 2789 ut
1651 2767 1824 2798 quaererem
1843 2779 1856 2797 ‚
1879 2768 1956 2792 num
1972 2780 1981 2795 ‚
2016 2762 2047 2793 &
2069 2772 2154 2804 quo-

1161 2798 1259 2832 modo
1282 2798 1451 2839 peritonaei
1474 2820 1487 2837 ,
1511 2799 1593 2831 uteri
1618 2799 1727 2837 tubae,
1753 2800 1874 2843 aliique
1897 2799 2054 2842 ejusmodi
2088 2803 2154 2848 hy-

1151 2844 1265 2884 dropes
1287 2841 1327 2873 ab
1347 2839 1621 2886 ovariilhydrope
1643 2842 1817 2877 internosci
1840 2844 1984 2887 poffent3
2005 2848 2152 2889 quaedam

1154 2896 1261 2921 tamen
1285 2885 1411 2926 generis
1434 2883 1577 2926 ejusdem
1588 2883 1845 2921 Observationes
1867 2886 2049 2930 supersunt,
2073 2902 2152 2934 quas

1159 2928 1244 2966 haud
1266 2927 1384 2961 inutile
1406 2926 1521 2960 censeo
1543 2927 1597 2962 hic
1619 2929 1683 2961 tibi
1710 2929 1804 2971 presse
1826 2931 1960 2972 quidem
1980 2955 1990 2971 ‚
2029 2934 2078 2968 sed
2101 2936 2148 2969 ita

1159 2973 1302 3009 indicare
1321 2993 1331 3008 ‚
1368 2979 1404 3003 ut
1428 2968 1523 3004 facile
1556 2982 1653 3013 queas
1682 2982 1756 3006 cum
1790 2974 1956 3017 prioribus
1988 2977 2085 3018 illis,
2117 2981 2149 3012 &

1160 3028 1235 3052 cum
1258 3015 1298 3048 iis
1320 3024 1391 3056 quae
1414 3022 1486 3047 tum
1509 3013 1601 3052 dixi,
1624 3015 1795 3055 conferre,
1817 3020 1847 3052 &
1869 3017 1958 3060 quod
1982 3021 2095 3055 melius
2105 3022 2150 3055 ti-

1158 3062 1192 3096 bi
1215 3058 1361 3092 videatur
1384 3066 1454 3090 tum
1486 3055 1525 3091 de
1547 3058 1777 3099 cognoscendis
1796 3083 1805 3098 ‚
1836 3069 1907 3096 tum
1939 3061 1980 3096 de
2001 3065 2150 3101 curandis

1158 3101 1355 3147 ejuscemodi
1378 3101 1501 3134 morbis
1534 3101 1729 3136 constituere
1751 3127 1763 3137 .
1793 3104 1845 3137 Ut
1869 3117 1884 3138 a
1920 3107 2148 3144 vetustioribus

1152 3148 1364 3188 incipientes,
1387 3144 1425 3177 ad
1448 3146 1630 3178 recentiora
1653 3147 1817 3181 veniamus
1836 3159 1849 3186 ;
1871 3147 1994 3182 editum
2016 3148 2080 3183 fuit
2104 3152 2148 3187 A.

1154 3194 1247 3235 1671.
1274 3200 1290 3221 a
1314 3186 1484 3222 Ludovico
1508 3188 1701 3222 Salzmanno
1725 3194 1736 3228 (
1758 3189 1778 3223 b
1799 3193 1810 3228 )
1834 3192 2016 3233 exemplum
2037 3192 2149 3227 foemi-

1156 3247 1205 3268 nae
1227 3234 1279 3267 cui
1303 3230 1373 3274 post
1396 3231 1581 3265 diuturnam
1607 3233 1759 3266 menstrui
1783 3232 1946 3274 sanguinis
1964 3236 2147 3278 suppressio-

1157 3289 1228 3312 nem
1252 3300 1264 3317 ,
1295 3274 1453 3308 abdomen
1489 3273 1601 3309 sensim
1624 3288 1640 3309 a
1673 3275 1797 3309 sinistro
1832 3275 2040 3319 hypogastrio
2072 3280 2148 3313 sitii-

1159 3323 1256 3355 strum
1281 3318 1385 3352 versus
1408 3317 1693 3360 hypochondrium
1726 3319 1938 3354 attollebatur
1960 3344 1972 3362 ,
2006 3323 2145 3356 absenti-

1156 3365 1216 3398 bus
1240 3362 1345 3396 ascitis
1367 3362 1518 3399 indiciis,
1541 3365 1572 3395 δε
1596 3361 1675 3395 facie
1699 3361 1741 3395 sic
1773 3361 1852 3396 satis
1871 3365 2012 3398 colorata
2036 3392 2044 3399 .
2079 3367 2146 3401 Ve-

1158 3419 1231 3441 rum
1253 3418 1292 3439 ex
1312 3416 1379 3447 quo
1403 3415 1468 3437 non
1492 3405 1556 3438 sine
1578 3407 1700 3446 impetu
1723 3406 1757 3437 in
1782 3414 1901 3438 terram
1924 3408 2148 3444 cecidinbre-

1158 3453 1191 3484 vi
1212 3450 1321 3484 ascitis
1355 3448 1475 3482 indicia
1507 3460 1581 3483 cum
1605 3460 1723 3491 magno
1754 3449 1857 3482 totius
1890 3449 2073 3485 abdominis
2096 3462 2149 3488 tu.

2015 3506 2105 3529 more

153 3600 2130 3622 mum—*mmm

239 3718 256 3750 )
269 3719 327 3744 nist.
344 3720 373 3745 de
388 3720 405 3745 ι’
421 3719 495 3745 Acad.
510 3722 543 3744 R.
559 3719 600 3746 des
614 3721 653 3744 Sc.
668 3719 697 3744 de
712 3720 793 3745 Berlin
808 3723 842 3747 A.
857 3729 921 3752 ¹755·

236 3750 250 3780 )
265 3751 302 3774 De
317 3750 376 3776 obs.
393 3751 461 3776 Med.
477 3753 500 3775 ἃ
516 3752 589 3775 Anat.
606 3750 677 3780 Epist.
694 3751 716 3774 8.
733 3758 758 3774 n.
770 3759 792 3779 9.

243 3781 257 3809 )
272 3781 365 3805 Dissert.
382 3781 410 3807 de
425 3781 537 3812 singulari
553 3783 627 3806 Ovar.
644 3780 686 3805 sin.
702 3781 787 3805 morbo
802 3798 811 3807 .

259 3811 272 3839 )
303 3811 377 3841 Epist.
409 3812 453 3836 cit.
483 3813 507 3836 8.
537 3818 563 3836 n.
592 3818 629 3841 ¹3·
659 3813 681 3836 δε
713 3813 749 3835 16.

242 3842 255 3871 )
278 3841 314 3867 De
339 3841 449 3868 Abscessu
472 3842 569 3867 interno
591 3842 657 3868 mirae
681 3841 816 3872 magnitud.
839 3842 882 3867 ἃς.

598 3691 613 3720 ζ
628 3698 644 3714 n
660 3688 669 3718 )
685 3688 710 3713 in
725 3689 799 3718 Epist.
814 3690 876 3716 edita
891 3698 905 3716 a
924 3682 1017 3720 Sigism-
1034 3689 1130 3720 Koenig
1146 3689 1172 3715 in
1187 3690 1229 3716 suo
1245 3690 1372 3720 Lithogen.
1388 3692 1459 3716 hum.
1475 3691 1579 3720 specim.

851 3753 865 3781 (
882 3758 893 3775 e
908 3753 921 3780 )
937 3720 1167 3781 apir‘if'ssanhfh.

870 3781 911 3812 (1
931 3783 944 3810 )
960 3781 1031 3815 Epist·
1048 3783 1127 3816 3841.
1142 3791 1182 3816 ‚⁵4-
1197 3784 1220 3806 8<
1233 3781 1297 3811 seqq.
1314 3785 1336 3806 δι
1354 3783 1425 3813 Epist.
1443 3790 1479 3813 39.
1496 3790 1520 3807 n.
1536 3791 1573 3813 37.
1590 3782 1612 3806 8(
1627 3783 1690 3812 seqq.

825 3812 838 3841 (
862 3819 877 3834 a
899 3813 914 3842 )
944 3811 1018 3841 Epist.
1049 3812 1160 3837 indicatis
1192 3814 1230 3841 38.
1262 3812 1284 3836 8(

1208 3721 1363 3752 (q)n.⁶,

1229 3753 1236 3779 (
1253 3760 1269 3775 u
1285 3752 1294 3781 )
1311 3760 1324 3775 n
1351 3759 1363 3776 ¹
1423 3721 1439 3750 (
1454 3730 1466 3746 r
1481 3723 1495 3752 )
1510 3722 1603 3747 Differt.
1618 3721 1649 3747 de
1663 3721 1759 3748 absi-‚effi
1777 3721 1909 3748 Merenter.

1315 3820 1355 3842 39·
