2498 4075
356 196 506 262 Epist.
539 196 700 249 Anat.
733 194 945 247 Medica
982 191 1229 247 XLVIII,
1267 191 1389 244 Art.
1415 193 1558 246 m&
1579 207 1649 245 ιι.

34 274 252 310 ventriculum
289 287 354 310 non
377 277 504 310 inanem
529 297 538 313 ,
570 273 717 316 quaedarn
739 283 847 308 autem
881 271 1033 307 intestina

36 319 245 352 animadverti
280 321 380 353 abiis
412 332 482 362 quae
505 316 677 352 secundum
709 326 853 351 naturam
886 316 1034 350 contine-

36 362 135 401 bant,
158 362 306 405 subnigra
323 389 330 396 .
354 363 412 396 Sed
438 375 475 396 ne
498 362 530 398 id
551 360 681 404 quidem
698 360 925 404 permisissent,
950 357 1031 395 nisi,

35 415 73 438 ut
95 404 189 438 solari
213 406 336 448 poffent
360 408 509 441 Parentes
526 429 539 446 ,
569 407 627 446 qui
649 405 776 446 decepti
801 414 919 438 marem
952 403 1032 435 ami-

35 446 103 481 sisse
126 449 247 483 tristius
270 450 436 488 ferebant,
458 458 585 483 uterum
611 449 761 489 exiguum
784 447 917 489 quidem
939 468 949 484 ‚
982 444 1033 481 sed

36 489 178 526 immisso
211 504 266 533 per
288 493 441 527 naturalis
472 492 622 526 rimulam
646 493 738 525 tenui
762 490 894 531 specillo
918 513 928 530 ,
960 499 1034 535 cum

34 533 94 569 hae
125 535 372 572 manifestiffime
404 535 696 569 communicantem
720 556 729 571 ‚
772 533 865 568 sicuti
899 534 1034 566 curiosis

33 576 109 619 ipsis
132 580 298 620 pollicitus
322 591 406 613 eram
421 605 429 618 ,
452 578 669 616 ostenderem5
693 576 853 622 clitoridis
877 579 960 609 enim
980 587 1034 609 ex—

34 621 193 662 stantior,
218 618 652 665 rimulamquerpriitegens,
674 630 709 654 ut
734 622 766 653 in
790 619 947 663 ejusmodi
971 617 1034 651 foe-

32 665 123 699 tibus
137 665 237 704 solet,
263 665 529 708 magnitudoillis
554 676 612 707 pro
633 675 713 707 pene
737 663 952 705 imposueram
977 673 1035 695 nec

35 709 176 751 mirum,
196 709 325 751 quando
349 708 457 750 saepius
480 708 653 749 Chirurgis
674 731 683 747 ,
710 717 805 751 atque
828 705 905 740 adeo
929 705 1036 739 Medi-

35 752 81 787 cis
104 752 142 785 ad
165 752 300 787 eundem
324 752 456 785 modum
481 751 656 793 imposuit,

83 804 132 829 10.
157 795 274 837 Neque
296 796 462 828 immerito
485 794 548 829 hoc
570 808 586 829 a
609 806 659 828 me
681 793 807 827 dictum
830 816 840 832 ,
864 792 1051 834 cognosces,

37 838 94 872 ubi
118 837 157 871 ab
179 838 326 871 Auffitore
351 837 466 880 Scepsis
489 838 655 881 utriusque
671 864 673 867 .
688 838 725 870 de
747 837 905 878 Vivipara
927 836 1036 869 Gene-

39 882 164 915 ratione
187 883 221 913 in
245 880 356 915 harum
383 883 477 915 altera
503 882 636 916 describi
661 879 779 914 foetum
804 879 1038 913 animadverte·

39 927 101 965 ris,
124 927 181 968 qui
204 925 262 961 vix
284 926 441 967 attingens
465 927 593 959 tertiam
612 932 736 966 partem
761 923 856 965 digiti
877 921 1038 955 auricula-

40 969 85 1001 ris
107 991 117 1006 ‚
150 967 320 1009 completus
342 976 444 1001 tamen
469 978 532 1001 erat
556 992 565 1006 ‚
601 968 642 1001 &
664 964 821 1005 distinctus
844 965 876 998 in
898 963 1038 998 omnibus

35 1010 104 1055 suis
124 1010 294 1053 particulis
320 1036 329 1051 ,
352 1012 437 1046 itaut
458 1011 509 1045 vel
528 1012 621 1054 sexus
644 1008 833 1053 masculinus
855 1009 969 1050 optime
992 1008 1040 1040 di-

34 1054 265 1098 stingueretur.
289 1054 419 1089 Scilicet
443 1056 476 1087 in
501 1054 585 1089 hunc
609 1064 746 1097 errorem
761 1073 770 1088 ‚
793 1054 888 1095 quem
906 1051 1042 1084 verbum

41 1098 126 1133 istud
148 1098 264 1139 optime
288 1097 350 1131 sine
370 1098 435 1131 ulla
460 1097 581 1141 adjecta
604 1097 818 1131 dubitationis
839 1117 849 1133 ‚
873 1105 927 1128 aut
952 1106 1044 1128 accu-

43 1142 170 1176 ratioris
194 1143 347 1178 examinis
371 1142 533 1184 mentione
560 1166 568 1181 ,
589 1139 662 1175 satis
684 1139 806 1175 indicat
830 1162 842 1179 ,
874 1149 938 1171 non
963 1139 1044 1172 inci-

43 1183 134 1219 dis-set
159 1209 168 1224 ,
201 1183 224 1219 fi
249 1194 409 1220 anatomes
440 1183 620 1221 exercendae
644 1184 746 1226 magis
765 1207 775 1222 ,
806 1193 903 1225 quam
937 1183 1046 1224 impu·-

43 1226 200 1271 gnandae,
223 1227 380 1262 studiosus
402 1255 410 1267 ‚
444 1229 553 1263 eadem
577 1239 646 1270 quae
670 1227 798 1261 solertes
823 1226 1012 1260 Anatomici
1036 1246 1045 1261 ³

45 1275 80 1305 in
103 1269 278 1314 primisque
301 1270 486 1314 Ruyschius
507 1275 520 1310 (
542 1282 564 1305 x
585 1274 599 1312 )
619 1293 627 1308 ‚
659 1271 696 1305 de
720 1279 812 1304 tanto
843 1269 981 1304 faciliori
1005 1269 1048 1302 ob

46 1327 82 1350 ca
116 1326 188 1356 quae
210 1315 352 1350 diximus
374 1341 383 1355 ,
414 1314 691 1357 indignoscendo
724 1313 797 1347 sexu
828 1313 1015 1354 deceptione
1039 1335 1048 1350 ,

46 1367 169 1402 quanto
191 1359 298 1392 minor
322 1359 364 1395 est
388 1357 487 1393 foetus
503 1381 513 1396 ,
538 1355 812 1394 animadvertisset
827 1382 834 1390 .
858 1356 968 1399 Quem
978 1356 1048 1389 vul-

47 1413 155 1444 garem
178 1412 318 1437 errorem
340 1404 549 1437 exterminari
569 1427 578 1443 ‚
602 1402 772 1444 parentum
795 1400 926 1435 interest
951 1423 960 1437 ‚
996 1400 1053 1443 qui

49 1444 187 1488 persaepe
209 1445 341 1481 abortus
363 1458 402 1480 eo
427 1443 558 1488 gravius
581 1446 687 1480 ferunt
710 1467 719 1482 ,
745 1445 836 1488 quod
855 1444 992 1478 marium
1015 1444 1055 1476 il*

47 1490 96 1524 los
118 1489 356 1531 quoqu-cesse,
378 1490 494 1532 putant
516 1489 573 1531 qui
599 1489 672 1522 sunt
684 1487 920 1522 foemellarum.

48 1533 216 1565 Caete'r‘um
238 1541 274 1565 ut
298 1533 336 1566 ad
360 1533 557 1575 propositam
571 1531 746 1565 historiam
769 1530 894 1565 redeam
912 1555 919 1567 ‚
945 1540 983 1564 an
1004 1528 1055 1563 su-

49 1575 178 1618 gillatio,
201 1576 258 1609 illa
272 1577 390 1619 capitis
414 1576 489 1610 inde
511 1573 741 1619 ortaufitquod
765 1576 854 1616 aquis
878 1583 933 1607 aut
946 1574 1056 1606 omni-

50 1630 117 1659 un,
141 1625 196 1652 aut
221 1621 360 1654 maxima
382 1631 423 1653 ex
446 1629 531 1661 parte
559 1618 623 1660 jam
648 1616 754 1652 effusis
773 1641 783 1655 ,
807 1625 881 1650 non*
896 1617 1057 1650 membra<

50 1673 100 1696 nae
121 1662 189 1695 rllis
211 1662 353 1696 distentae
368 1684 376 1699 ‚
410 1661 516 1704 sicque
539 1661 688 1697 deorsum
712 1660 884 1702 compulsae
907 1662 945 1694 ad
970 1662 1057 1693 viam

51 1704 150 1739 foetui
171 1705 390 1743 dilatandam,
415 1704 465 1738 se'd
491 1705 592 1740 foetus·
613 1727 622 1742 ‚
656 1705 765 1738 matris
789 1704 958 1737 conatibus
982 1716 1058 1745 pro-

51 1747 160 1792 pulsus
175 1773 183 1787 ,
209 1748 276 1790 ipse
300 1749 360 1784 sibi
383 1760 438 1792 per
462 1749 622 1791 angustias
645 1749 711 1782 oris
737 1749 820 1786 uteri
833 1749 959 1782 exitum
985 1758 1056 1789 ape-

51 1796 114 1825 rire
135 1791 285 1826 debuerit
300 1818 308 1832 ‚
333 1804 370 1825 an
394 1793 503 1835 potius
518 1816 526 1829 ,
550 1791 572 1826 si
595 1817 605 1831 ,
635 1790 840 1833 quodfacile
865 1790 1025 1824 acciderat
1048 1811 1058 1826 ‚

51 1836 78 1871 is
99 1835 249 1870 credatur
280 1846 369 1871 antea
394 1845 545 1871 mortuus
563 1859 575 1876 ‚
606 1834 770 1871 laesionem
794 1833 955 1876 ejusmodi
988 1845 1061 1876 quae

52 1889 120 1912 non
145 1878 203 1914 nisi
226 1880 259 1912 in
283 1882 394 1913 vivens
416 1880 531 1921 corpus
554 1901 565 1921 ,
598 1887 654 1912 aut
676 1878 709 1911 in
731 1877 868 1912 'cadaver
892 1877 1062 1911 recentiss-

52 1933 148 1957 mum
165 1922 252 1957 cadit
279 1945 289 1961 ‚
320 1924 372 1956 vel
396 1922 518 1967 pridem
540 1943 549 1958 ,
582 1932 779 1963 quaecunque
803 1922 868 1962 ejus
903 1922 947 1954 rei
970 1919 1063 1953 causa

53 1963 175 2005 fuerit,
200 1967 249 1999 vel
275 1967 381 2008 statim
403 1978 419 2000 a
444 1974 566 2003 morte,
591 1965 694 2006 capite
718 1963 782 2007 jam
794 1974 889 1997 antea.
907 1963 1060 1997 deorsum

53 2008 211 2043 converso
233 2007 318 2043 forte
341 2010 568 2047 contraxerit,
590 2009 733 2049 itemque
757 2018 796 2040 an
821 2008 905 2041 mola
927 2007 1062 2048 culpan-

54 2051 94 2087 da
117 2050 170 2087 hic
192 2052 254 2092 sit,
275 2064 347 2095 quae
370 2077 379 2091 ,
400 2062 438 2086 ut
461 2050 566 2093 ipsum
588 2050 739 2097 praecessit
766 2073 776 2087 ,
810 2050 850 2085 sie
876 2052 960 2083 inter
993 2049 1063 2092 ejus

55 2105 153 2138 caput
171 2097 199 2135 s,
244 2099 275 2129 δι
320 2107 357 2129 os
403 2096 489 2131 uteri
535 2095 674 2135 interjici
721 2096 831 2136 potuit
860 2119 870 2134 ,
916 2096 1064 2135 viamque

55 2139 275 2182 angustiorem
299 2138 403 2173 facere
425 2161 438 2178 ‚
472 2136 644 2179 eademque
667 2137 866 2171 obstaculum
890 2137 971 2171 illud
994 2136 1063 2170 fue-

54 2184 100 2217 rit·
122 2181 211 2225 quod
233 2204 245 2222 ,
277 2193 363 2225 aegra
386 2183 507 2220 stante,
531 2180 678 2223 sanguini
703 2180 825 2213 exitum
849 2179 1063 2213 intercludere

55 2237 95 2259 ex
116 2235 235 2265 utero,
257 2227 379 2268 quippe
401 2235 472 2258 tum
493 2223 626 2266 desuper
650 2222 847 2265 compressa,
872 2223 1064 2263 videbatur,

54 2271 89 2305 in
115 2269 224 2305 medio
246 2270 413 2311 relinquo.
439 2267 539 2308 Quod
564 2278 640 2301 vero
664 2278 759 2309 aquas
783 2265 892 2300 effusas
904 2279 943 2299 ex
956 2269 1065 2304 armaio

55 2310 150 2347 fuisse
175 2337 184 2352 ,
230 2323 294 2344 non
327 2312 475 2346 dubitem
496 2333 507 2349 ,
539 2309 678 2353 ejusdem
702 2308 823 2345 foetus,
846 2312 904 2352 qui
928 2321 991 2343 non
1017 2311 1065 2342 ni-

56 2357 80 2391 fi
105 2365 223 2398 qua-rto
234 2354 305 2397 post
327 2355 378 2390 die
390 2352 535 2391 exclusus
558 2354 623 2394 est,
646 2364 719 2386 cum
731 2355 791 2385 alia
814 2351 959 2391 faciunt,
986 2364 1059 2388 tum

56 2398 139 2433 illud
161 2398 290 2439 insuper
310 2398 399 2440 quod
422 2398 517 2443 copia
538 2394 596 2431 effe
620 2396 695 2430 visae
719 2396 790 2430 sunt
816 2397 913 2435 paulo
937 2396 1057 2439 majori

56 2453 155 2485 quam
176 2442 336 2475 debebant
351 2466 358 2473 .
384 2441 501 2485 Neque
522 2441 610 2486 enim
634 2441 770 2482 ignoro,
795 2438 887 2472 fuisse
909 2441 1059 2482 ingenio-

57 2487 92 2520 se¹
110 2486 315 2527 cogitatum,
338 2496 435 2527 aquas
459 2494 532 2517 ante
555 2484 674 2524 justum
696 2493 821 2524 tempus
846 2483 1061 2524 prodeuntes,

56 2540 122 2565 non
146 2528 183 2562 ad
206 2540 280 2561 eum
301 2530 359 2571 qui
382 2527 520 2570 denique
544 2526 690 2568 ejicitur,
713 2525 855 2566 foetum,
879 2526 930 2559 sed
954 2526 993 2560 ad
1016 2527 1063 2559 al-

56 2582 165 2608 terurn
186 2572 405 2615 attinere‘qui
432 2569 526 2603 simul
548 2570 679 2612 quidem
702 2582 775 2604 cum
799 2581 836 2602 eo
860 2579 1034 2612 conceptus

58 2626 170 2650 verum
194 2615 227 2647 in
251 2616 326 2648 vitae
350 2614 539 2658 primordiis
561 2614 719 2647 extinfflms
740 2637 752 2653 ,
776 2616 808 2646 &
829 2612 945 2648 deinde
966 2614 1063 2646 colli-

30 2666 33 2687 ί
59 2669 174 2702 quatus
197 2681 207 2697 ,
242 2658 317 2692 istas
346 2670 417 2701 quae
447 2659 572 2693 exitum
607 2658 785 2698 anticipant
808 2678 820 2695 ,
860 2667 956 2700 aquas
988 2657 1064 2690 reli-

60 2705 170 2745 querit!
190 2704 277 2738 intra
300 2703 443 2736 amnium
466 2701 635 2743 proprium
660 2700 762 2734 donec
785 2710 893 2733 earum
918 2699 988 2743 jugi
1013 2701 1064 2732 in-

61 2754 225 2778 cremento
250 2744 313 2781 hoc
336 2745 413 2778 adeo
436 2743 636 2780 distendatur
655 2767 663 2781 ‚
691 2752 726 2777 ut
751 2743 881 2777 alterius
905 2743 1026 2776 robusti
1051 2765 1060 2779 ‚

61 2791 94 2821 &
118 2788 157 2823 ad
180 2789 400 2822 maturitatem
433 2799 531 2830 prope
556 2786 687 2821 adducti
712 2785 811 2820 foetus
839 2787 1062 2820 vehementio-

60 2830 151 2865 ribus
174 2830 318 2866 motibus
340 2830 475 2866 refistere
497 2841 632 2873 nequeat
655 2854 665 2864 .
699 2831 758 2864 Sed
783 2840 818 2864 ut:
848 2830 886 2864 de
909 2841 1063 2873 aquarum

62 2875 121 2907 illo
151 2874 352 2908 incremento
385 2874 438 2909 hic
462 2875 597 2909 minime
629 2873 827 2915 disputemus
849 2897 861 2913 ,
895 2883 991 2915 atque
1026 2884 1062 2906 ut

62 2927 212 2959 praeterea
246 2917 457 2953 concedamus
479 2942 488 2956 ,
522 2917 597 2952 huic
631 2918 778 2959 cogitato
801 2916 995 2959 quibusdam
1027 2918 1060 2949 in

61 2960 185 2996 casibus
208 2959 268 2996 esse
290 2962 397 2996 locum
430 2959 559 2995 fortasse
582 2960 669 3003 posse
689 2983 702 3002 ,
734 2969 765 2994 at
790 2971 855 2993 non
888 2970 955 2994 erat
979 2970 1065 2994 certe

62 3006 99 3037 in
122 3004 231 3038 nostro
252 3027 261 3041 ,
285 3014 322 3037 ut
343 3014 419 3047 pote
442 3017 516 3039 cum
541 3003 640 3037 foetus
663 3002 869 3045 imperfectus
893 3003 965 3037 esset
987 3026 996 3042 ‚
1028 3016 1063 3038 ac

62 3047 178 3081 debilis
198 3070 211 3087 ,
245 3058 348 3089 neque
370 3049 403 3079 in
439 3048 614 3090 propositis
638 3060 654 3080 a
679 3047 867 3082 Petersonio
890 3047 942 3090 (y
967 3050 978 3086 )
999 3072 1009 3087 ‚
1033 3050 1065 3080 &

64 3090 309 3134 Dethardingio
340 3093 402 3134 (z
423 3093 466 3130 >3
500 3090 598 3125 foetus
629 3092 715 3123 enim
747 3092 803 3133 qui
835 3100 932 3132 caput
957 3116 966 3131 ,
1001 3089 1064 3132 jam

63 3143 210 3168 exertum
232 3156 241 3171 ,
271 3133 376 3167 rursus
399 3135 433 3166 in
464 3144 591 3167 uterum
614 3133 774 3167 retraxisse
795 3156 805 3171 ‚
840 3134 950 3176 ibique
985 3136 1065 3167 alter

65 3177 163 3216 duas,
186 3177 263 3210 alter
287 3175 405 3217 septem
428 3176 643 3211 hebdomadas
666 3178 767 3211 donec
791 3187 897 3219 partus
920 3188 1065 3220 tempore

66 3222 204 3254 omnino
228 3220 397 3262 prodirent
417 3244 427 3259 ,
457 3220 597 3254 restitisse
621 3221 807 3258 scribuntur
829 3243 838 3259 ,
871 3220 934 3254 suis
959 3218 1066 3261 profe-

67 3265 144 3302 ἃο,
170 3274 233 3296 non
244 3263 354 3296 alienis
378 3263 601 3305 aquisexitum
615 3274 823 3307 aperuerant:
850 3274 904 3297 aut
929 3263 1066 3297 siexem.

68 3307 118 3348 pla
147 3307 236 3346 haec,
261 3306 349 3348 quod
373 3306 464 3339 ultro
484 3305 587 3341 fateor
602 3332 612 3347 ‚
635 3307 742 3342 firmas
764 3307 966 3350 requirebant
990 3318 1065 3349 pro-

67 3351 232 3387 bati-onem
258 3350 319 3382 alia
342 3360 448 3383 tamen
472 3349 556 3385 haud
579 3351 711 3385 deerunt
735 3351 861 3385 creditu
884 3349 1030 3383 faciliora
1055 3373 1064 3388 ‚

69 3394 242 3435 eodemque
274 3392 450 3435 spectantia
471 3414 481 3431 ,
513 3394 534 3427 fi
558 3395 661 3428 otium
697 3396 758 3428 tibi
791 3394 827 3427 ad
860 3395 1066 3437 quaerendum

68 3435 167 3473 suerit
183 3460 191 3469 .
216 3436 383 3470 Caeterum
407 3445 632 3479 praematurum
657 3461 666 3476 ‚
690 3441 721 3472 &
744 3439 800 3482 qui
825 3436 890 3471 fere
915 3439 1066 3471 innoxius

1919 205 2016 255 229

1083 272 1145 312 fit,
1169 281 1323 314 aquarum
1347 271 1472 305 exitum
1495 278 1635 312 repetere
1659 268 1848 313 plerumque
1870 267 1984 302 solitus
2010 269 2077 302 sum

1083 329 1099 349 a
1133 324 1230 358 rupto
1252 314 1421 349 dumtaxat
1445 313 1561 348 chorio
1584 335 1594 354 ‚
1628 312 1669 345 fic
1693 311 1819 347 effluere
1851 312 1969 346 finente
1992 312 2079 354 quod

1082 361 1165 393 inter
1189 357 1219 392 se
1242 379 1252 395 ‚
1287 360 1318 390 &
1342 359 1483 391 amnium
1508 356 1577 398 plus
1601 355 1745 389 minusve
1769 357 1897 390 illarum
1921 354 2006 389 forte
2030 357 2080 387 in-

1085 410 1201 435 tererat
1236 400 1406 435 secundum
1431 401 1683 440 Observationes
1715 400 1875 443 Ruyschii
1896 401 1910 438 (
1931 411 1950 431 a
1973 402 1984 437 )
2010 419 2017 433 ‚
2049 399 2082 430 &

1086 447 1224 480 aliorum
1248 442 1301 486 (b
1325 448 1358 484 );
1382 455 1565 488 quanquam
1590 442 1624 476 hi
1648 442 1753 478 nescio
1776 455 1871 485 quam
1885 441 1959 477 inde
1984 440 2084 476 allan-

1084 489 1206 523 toidem
1239 486 1380 521 humano
1411 489 1445 521 in
1480 498 1593 529 genere
1624 489 1799 521 commenti
1841 487 1914 520 sunt
1938 511 1945 519 .

1086 534 1257 574 Aquarnm
1280 542 1354 564 vero
1378 542 1416 564 ex
1438 531 1547 563 amnio
1569 528 1637 571 ipso
1662 538 1734 563 ante
1757 528 1872 571 justum
1906 538 2033 571 tempus
2055 537 2087 559 e-

1085 577 1269 617 ruptionem
1293 574 1383 607 illam
1408 572 1490 614 esse,
1514 584 1578 606 non
1590 572 1724 612 dubim,
1749 585 1845 615 quam
1870 574 1986 606 merito
1997 570 2089 611 Hip-

1085 627 1229 663 pocrates
1261 622 1271 658 (
1296 629 1312 651 c
1333 622 1346 657 )
1368 616 1483 650 malam
1516 617 1748 657 pronunciavit
1774 641 1782 650 ,
1817 617 1976 654 Quamvis
2000 616 2087 647 enim

1087 662 1155 705 post
1178 661 1278 703 ipsam
1303 672 1367 693 non
1391 659 1514 701 semper
1537 658 1651 693 infelix
1673 659 1711 693 fit
1736 670 1844 702 partus
1866 673 1874 692 :
1901 660 2013 704 saepius
2036 666 2091 690 ta-

1087 716 1159 738 men
1183 705 1288 738 minus
1312 703 1354 737 est
1376 701 1454 737 felix
1471 726 1482 742 ,
1517 702 1579 735 five
1603 703 1696 735 illam
1722 711 1758 736 ut
1781 703 1907 736 causam
1935 727 1944 740 ‚
1967 702 2090 746 five-ut

1089 746 1237 782 effectum
1259 748 1454 790 specstemus.
1481 747 1532 780 Ut
1555 746 1680 779 causam
1705 747 1836 788 quidem
1856 759 1866 785 5
1900 755 1973 778 nam
1997 742 2093 776 eflusa

1089 801 1167 825 tunc
1192 803 1272 834 aqua
1295 794 1379 823 viam
1404 800 1590 831 opportune
1613 788 1711 822 foetui
1734 800 1835 832 neque
1858 789 1976 823 dilatat
2001 810 2011 825 ‚
2037 797 2093 835 ne-

1090 847 1152 877 que
1176 835 1336 868 lubricat.
1362 835 1412 866 Ut
1435 832 1583 866 effectum
1609 842 1714 867 autern
1739 846 1747 870 ;
1782 836 1846 867 five
1870 832 1958 866 enim
1991 842 2007 864 a
2032 839 2096 863 ml·

1088 890 1147 912 nus
1172 877 1271 911 firmis
1297 877 1336 910 sit
1360 876 1576 911 Secundatum
1602 877 1816 916 membranis,
1841 878 1906 911 sive
1930 876 1969 909 ab
1994 874 2096 906 nimia

1090 933 1177 963 aquae
1201 922 1317 962 copia,
1344 919 1406 953 sive
1430 920 1469 953 ab
1492 918 1557 960 ejus
1580 919 1717 964 denique
1741 921 1936 957 acrimonia,
1962 917 1995 951 id
2008 913 2099 958 quod

1090 966 1258 998 Martiano
1284 964 1337 1007 (d
1359 967 1389 1002 )‚
1414 974 1514 1000 neque
1540 962 1684 1004 injuria,
1709 964 1809 1005 magis
1820 963 1990 999 displicet,
2013 971 2102 1002 quo·

1092 1008 1190 1041 modo
1213 1008 1280 1040 haec
1291 1006 1356 1041 duo
1381 1006 1828 1045 noviffimainternoscamus‚
1852 1006 2007 1040 docentis
2034 1012 2101 1035 non

1094 1053 1177 1086 bona
1200 1060 1286 1083 certe
1317 1059 1370 1082 aut
1395 1050 1432 1083 de
1455 1048 1553 1083 foetus
1574 1073 1583 1087 ,
1618 1061 1672 1083 aut
1694 1051 1733 1084 de
1756 1051 1866 1084 matris
1887 1072 1896 1087 ,
1922 1058 1976 1083 aut
1999 1046 2037 1080 de
2060 1057 2101 1079 u-

1097 1095 1243 1136 triusque
1267 1092 1499 1126 constitutione
1523 1094 1570 1126 vel
1596 1093 1792 1132 solidorum,
1820 1094 1871 1127 vel
1894 1093 2071 1128 fluidorum
2093 1110 2104 1126 ‚

1098 1139 1146 1171 vel
1170 1147 1382 1178 utrorumque
1406 1135 1563 1177 fignificat
1584 1160 1595 1176 ,
1628 1146 1738 1169 contra
1763 1146 1859 1179 atque
1890 1136 1929 1170 ad
1962 1143 2108 1181 partus)

1099 1186 1129 1215 δε
1152 1182 1313 1223 puerperii
1338 1179 1513 1221 optabilem
1537 1178 1731 1213 felicitatem
1755 1182 1956 1222 requiritur.
1985 1180 2035 1211 Ex
2058 1176 2109 1208 h1s

1100 1225 1244 1269 proclive
1268 1224 1329 1255 erit
1355 1224 1418 1256 tibi
1444 1224 1600 1264 explicare
1625 1224 1771 1265 quaedam
1786 1245 1795 1260 ,
1819 1222 1858 1255 ad
1871 1228 2110 1264 praeproperam

1100 1280 1190 1311 aquae
1214 1269 1444 1309 eruptionem,
1468 1266 1505 1299 ad
1530 1266 1654 1308 aliaque
1677 1269 1710 1300 in
1736 1265 1899 1309 proposita
1924 1266 2078 1299 Matrona
2103 1282 2115 1300 ‚

1101 1315 1132 1346 &
1166 1310 1233 1353 ejus
1258 1320 1351 1352 partu
1374 1332 1384 1346 ,
1417 1312 1448 1342 &
1470 1309 1558 1343 foetu
1581 1332 1589 1347 ‚
1615 1308 1789 1353 spectantia
1806 1336 1813 1343 .
1947 1311 1985 1342 ln
2012 1305 2113 1353 Molaz

1107 1364 1216 1388 autem
1241 1352 1459 1395 suspicionem
1482 1365 1553 1396 quae
1578 1365 1629 1386 me
1654 1353 1740 1396 signa
1766 1353 1955 1386 induxerint
1971 1377 1980 1392 ,
2002 1362 2043 1385 ex
2065 1348 2119 1382 hx-

1107 1400 1202 1432 storia
1226 1397 1402 1439 intelligis,
1427 1397 1481 1429 ubi
1495 1397 1582 1436 ipsa,
1606 1399 1715 1440 qualia
1740 1410 1774 1431 ea
1787 1408 1916 1439 cunque
1941 1395 2023 1432 sint,
2047 1403 2116 1426 me-

1108 1443 1234 1476 moravi
1259 1466 1266 1474 .
1302 1441 1382 1473 Non
1407 1439 1502 1473 facile
1527 1442 1640 1482 utique
1663 1441 1706 1475 est
1731 1443 1776 1474 ita
1801 1441 1890 1475 illius
1913 1437 2121 1481 praesentiam

1108 1485 1322 1526 cognoscere,
1350 1495 1384 1517 ut
1409 1484 1556 1516 audacter
1581 1483 1733 1518 affirmes:
1759 1484 1912 1526 exsignis
1938 1492 2049 1515 tamen
2062 1490 2122 1512 no-
2155 1500 2161 1503 -

1107 1531 1150 1562 tis
1186 1541 1257 1570 quae
1283 1527 1426 1569 Majores
1461 1527 1555 1560 nobis
1587 1527 1788 1570 reliquerunt
1808 1549 1817 1563 ,
1851 1526 2008 1568 pudenter
2040 1525 2122 1557 licet

1109 1572 1287 1613 suspicari.
1420 1572 1546 1604 Eorum
1572 1570 1711 1611 plutima
1737 1582 1747 1608 3
1784 1582 1969 1613 quanquam
1994 1578 2061 1601 non
2083 1578 2124 1599 0-

1110 1618 1196 1648 mnia
1231 1615 1322 1649 simul
1347 1625 1513 1649 occurrere
1552 1613 1670 1648 necesse
1694 1613 1736 1648 est
1762 1638 1773 1654 ,
1797 1613 1932 1647 collecta
1957 1611 2083 1646 videbis
2106 1621 2124 1643 a

1113 1659 1337 1693 Lamzwerdio
1361 1663 1371 1698 (
1398 1668 1413 1690 e
1439 1661 1473 1697 ),
1499 1669 1537 1690 ex
1561 1656 1651 1699 cujus
1676 1657 1997 1694 innominatilibm,
2022 1654 2130 1688 maxi-

1112 1715 1163 1736 ma
1187 1702 1334 1745 alioquin
1360 1714 1397 1735 ex
1422 1711 1508 1743 parte
1532 1699 1729 1742 infrugifero
1748 1724 1761 1741 ,
1786 1714 1801 1734 a
1825 1699 2020 1743 quibusdam
2045 1706 2127 1731 aeta-

1113 1757 1145 1780 te
1168 1745 1226 1779 hac
1250 1746 1357 1779 nostra
1382 1743 1473 1778 fuisse
1496 1744 1674 1785 descripta,
1700 1745 1914 1779 animadverti
1937 1769 1945 1777 .
1981 1743 2054 1775 Nec
2079 1750 2130 1773 ta-

1115 1800 1187 1823 men
1212 1801 1273 1831 ego
1297 1788 1388 1821 istam
1414 1788 1532 1820 molam
1557 1797 1611 1820 aut
1637 1797 1849 1830 antepartum
1865 1812 1875 1827 ,
1897 1796 1952 1821 aut
1978 1786 2048 1828 post
2065 1784 2130 1819 dis-

1116 1834 1288 1866 sectionem
1314 1844 1350 1864 ex
1375 1833 1414 1864 iis
1437 1829 1495 1863 esse
1519 1842 1591 1873 quae
1615 1835 1697 1865 verae
1721 1831 1926 1874 appellantur
1951 1857 1959 1872 ‚
1982 1828 2093 1863 censui
2118 1840 2129 1867 3

1116 1879 1186 1909 imo
1210 1887 1268 1916 pro
1295 1876 1378 1909 uteri
1404 1874 1560 1916 polyposa
1585 1877 1799 1921 concretipne
1823 1874 1946 1918 semper
1970 1873 2071 1907 habui
2094 1873 2133 1907 in

1118 1920 1250 1952 muliere
1274 1919 1450 1960 praesertim
1485 1921 1496 1957 (
1521 1929 1592 1961 quae
1617 1930 1666 1952 me
1699 1930 1746 1952 res
1771 1920 1873 1961 magis
1911 1920 1944 1951 in
1969 1928 2038 1950 eam
2072 1915 2124 1949 su-

1115 1964 1293 2005 spicionem
1324 1961 1508 2004 perduxit)
1531 1960 1621 2003 cujus
1646 1974 1684 1996 ex
1720 1972 1813 1996 utero
1837 1972 1964 1996 tantam
1999 1959 2131 2004 prodire

1116 2006 1280 2047 sanguinis
1304 2006 1452 2050 copiam,
1477 2008 1508 2039 &
1530 2015 1598 2040 tam
1623 2004 1716 2041 facile
1739 2005 1973 2041 concrescentis
1996 2030 2007 2045 ,
2038 2003 2132 2037 vide-

1118 2061 1186 2084 rem
1202 2075 1209 2082 .

1167 2105 1209 2125 11.
1237 2092 1368 2126 Scilicet
1395 2092 1560 2127 Molarum
1584 2094 1653 2127 aliae
1677 2104 1751 2127 cum
1776 2095 1934 2138 legitimae
1947 2092 2032 2132 fint,
2060 2092 2131 2126 aliae

1118 2148 1191 2178 quae
1225 2137 1405 2178 illegitimae
1432 2136 1474 2169 fic
1498 2138 1735 2180 appellantur3
1771 2150 1808 2172 ex
1843 2135 1988 2181 uirisque
2021 2146 2131 2170 tamen

1119 2178 1265 2220 quaedam
1300 2179 1426 2220 possunt
1451 2189 1503 2213 aut
1537 2182 1611 2215 cum
1644 2181 1728 2215 foetu
1759 2181 1954 2224 conjungi,
1984 2183 2016 2214 δι
2050 2179 2131 2222 saepe

1119 2224 1301 2268 abortionis
1312 2222 1440 2256 causam
1464 2223 1599 2263 afferre,
1624 2226 1686 2258 sive
1700 2234 1829 2259 uterum
1853 2224 2038 2262 irritando,
2066 2222 2131 2255 five

1119 2277 1189 2311 ejus
1211 2277 1326 2300 cavum
1351 2277 1415 2299 non
1442 2278 1540 2306 parva
1564 2280 1602 2301 ex
1627 2278 1716 2310 parte
1739 2269 1930 2309 occupando
1952 2280 1963 2306 ;
1986 2277 2041 2301 aut
2065 2266 2131 2300 sine

1118 2309 1205 2342 soetu
1230 2310 1308 2343 adeo
1340 2309 1511 2344 increscere
1534 2332 1544 2348 ,
1578 2320 1615 2344 ut
1639 2310 1869 2354 graviditatem
1896 2313 2097 2345 mentiantur
2121 2334 2129 2344 .

1117 2352 1178 2385 Sed
1202 2353 1381 2395 illegitimae
1407 2352 1533 2394 possunt
1555 2355 1590 2388 in
1614 2356 1797 2397 virginibus
1811 2367 1947 2398 quoque
1970 2355 2123 2392 intactis,

1113 2396 1270 2438 castisque
1305 2397 1409 2430 viduis
1434 2399 1588 2439 progigni
1610 2409 1621 2435 3
1655 2400 1814 2442 legitimae
1839 2425 1848 2439 ,
1882 2398 1939 2433 nifi
1967 2397 2050 2439 apud
2075 2409 2131 2431 eos

1114 2440 1192 2481 qui,
1217 2438 1476 2473 dissentientibus
1499 2441 1636 2478 caeteris,
1660 2446 1830 2485 ponuntin
1854 2442 2042 2476 mulieribus
2057 2440 2131 2474 sub.

1116 2494 1271 2516 ventanea
1298 2494 1378 2518 ova,
1404 2495 1468 2516 non
1493 2484 1620 2526 possunt
1637 2511 1644 2516 .
1780 2487 1967 2529 Illegitimae
1994 2497 2004 2523 3
2028 2495 2064 2519 ut
2087 2485 2127 2519 de

1117 2524 1168 2559 his
1194 2528 1338 2567 primum
1360 2527 1502 2561 dicamus
1518 2549 1528 2564 ‚
1553 2537 1606 2561 aut
1632 2540 1670 2562 ex
1693 2528 1847 2572 sanguine
1873 2531 1905 2562 in
1929 2531 2010 2564 uteri
2034 2539 2128 2562 cavea

1057 2594 1066 2610 ‚
1119 2569 1306 2603 subsistente
1328 2595 1340 2610 ,
1364 2580 1417 2603 aut
1442 2583 1480 2604 ex
1503 2572 1658 2605 interiore
1682 2574 1789 2615 aliqua
1813 2572 2126 2614 ejus,exctescentia

1119 2612 1223 2646 fiunt.
1250 2614 1319 2646 Has
1342 2625 1381 2646 ex
1393 2624 1480 2647 certa
1504 2613 1592 2655 basi,
1617 2616 1839 2657 pedunculove
1850 2617 2046 2659 cognosces,
2069 2627 2125 2657 per

1118 2667 1237 2705 quem,
1262 2667 1296 2689 ut
1312 2656 1498 2705 Ruyschius
1524 2656 1604 2701 (f)
1630 2660 1796 2702 proposuit
1811 2685 1819 2700 ,
1843 2673 1915 2694 cum
1939 2670 2033 2694 utero
2048 2668 2126 2693 con-

1117 2709 1287 2733 tinuantur
1308 2724 1317 2739 ,
1352 2713 1407 2734 aut
1431 2703 1548 2735 certius
1587 2713 1626 2735 ex
1650 2703 1840 2745 sanguiferis
1865 2702 1960 2744 hujus
1986 2703 2063 2736 vasis
2087 2704 2123 2736 in

1118 2742 1240 2776 easdem
1263 2743 1444 2786 produffis.
1471 2745 1544 2778 Illas
1569 2755 1675 2779 autern
1688 2759 1759 2789 quae
1783 2748 1888 2781 multo
1911 2748 2051 2780 crebrius
2068 2758 2127 2780 oc-

1116 2796 1253 2820 currunt
1275 2810 1284 2824 ‚
1323 2789 1355 2819 &
1378 2788 1416 2821 ad
1449 2799 1527 2830 quas
1550 2788 1656 2830 plures
1680 2801 1751 2831 quae
1775 2791 1809 2823 in
1831 2791 2045 2833 Sepulchreto
2069 2802 2126 2823 ex-

1116 2839 1210 2866 tant,
1235 2841 1299 2863 non
1324 2830 1455 2864 difficile
1481 2832 1671 2870 revocabis,
1696 2844 1759 2865 non
1784 2833 1870 2867 secus
1894 2846 1928 2867 ac
1953 2837 1985 2867 in
2011 2833 2088 2867 vafis
2113 2856 2123 2872 ‚

1114 2876 1146 2906 &
1169 2875 1264 2907 corde
1290 2873 1361 2915 ipso
1384 2884 1505 2907 caeterae
1525 2874 1689 2916 polyposae
1715 2879 1939 2910 concretiones
1955 2900 1964 2915 ‚
1990 2890 2029 2911 ex
2053 2877 2122 2911 san-

1114 2918 1212 2959 guine
1237 2916 1319 2950 fiunt
1344 2929 1351 2949 :
1386 2929 1463 2958 quas
1484 2929 1540 2951 cut
1565 2920 1598 2951 in
1623 2920 1722 2951 uteris
1743 2944 1750 2956 ,
1787 2931 1821 2953 ut
1847 2922 2010 2955 Lancisius
2034 2924 2087 2964 (g
2111 2925 2121 2960 )

1116 2961 1252 2996 docuit,
1275 2962 1370 2992 etiarn
1395 2962 1551 3002 virgineis
1574 2972 1647 2995 cum
1672 2962 1874 2996 Hoffmanno
1907 2967 1922 3006 (
1945 2964 1964 2998 h
1986 2969 2000 3005 >
2022 2976 2123 3007 agno-

1111 3004 1199 3037 scere
1223 3003 1380 3039 nolimus,
1408 3002 1493 3037 haud
1517 3005 1588 3037 satis
1613 3004 1713 3038 causae
1739 3006 1797 3040 effe
1819 3030 1827 3044 ‚
1852 3008 1946 3042 video
1969 3032 1982 3049 ,
2014 3019 2122 3042 earum

1116 3046 1290 3093 praesertim
1313 3046 1429 3088 quibus
1454 3047 1610 3081 menstrua
1634 3049 1763 3083 uberius
1786 3051 1907 3090 fluant,
1933 3061 1987 3085 aut
2011 3052 2123 3085 insoli-

1118 3101 1150 3124 ta
1176 3102 1241 3124 non
1266 3090 1303 3121 sit
1328 3089 1562 3132 haemorrhagia
1578 3095 1726 3130 uterina}
1749 3093 1812 3128 hoc
1825 3097 1908 3127 enim
1924 3117 1932 3130 ,
1956 3104 2011 3129 aut
2035 3095 2124 3128 fimi-

1117 3135 1140 3167 li
1166 3135 1319 3176 quopiam
1344 3134 1440 3166 modo
1464 3135 1739 3175 interpretandum
1762 3138 1874 3171 censeo
1897 3139 1968 3170 Cel.
1996 3139 2118 3173 Virum
2146 3137 2150 3141 ’

1116 3177 1342 3226 Abrahamum
1366 3177 1523 3226 Vaterum
1545 3181 1558 3217 (
1580 3179 1592 3211 i
1613 3182 1648 3218 ),
1672 3182 1730 3222 qui
1754 3183 1787 3214 in
1802 3181 2118 3222 virginibus‘saltem

1117 3219 1297 3261 qmbusdam
1310 3230 1443 3268 agnowt
1455 3246 1462 3253 .
1485 3223 1718 3256 Concretiones
1731 3224 1917 3265 hujusmodi
1930 3224 2120 3266 Ruyschius

1119 3268 1129 3303 (
1152 3263 1204 3305 k)
1228 3264 1340 3311 docuit
1361 3285 1369 3296 2
1403 3267 1612 3311 qua-ratione
1635 3291 1643 3304 ‚
1678 3267 1801 3300 etiarnsi
1827 3267 1994 3309 quidpiam
2019 3280 2120 3301 mem—

1116 3309 1288 3340 branarum
1312 3305 1407 3339 instar
1431 3308 1614 3349 admn<5tum
1640 3309 1776 3343 habeant
1800 3335 1808 3350 ,
1831 3322 1846 3342 a
1870 3311 1963 3342 molis
1986 3312 2120 3353 quibus-

1118 3351 1190 3383 dam
1207 3376 1214 3389 ‚
1240 3352 1325 3382 inter
1350 3350 1508 3392 legitimas
1534 3354 1572 3384 ab
1596 3354 1667 3385 aliis
1692 3352 1826 3394 positis³
1849 3353 2081 3395 distinguamus
2109 3380 2119 3387 .

1121 3395 1252 3432 Qubus
1276 3394 1313 3426 de
1339 3394 1432 3426 molis
1457 3395 1642 3438 priusquam
1666 3407 1763 3438 pauca
1788 3397 1984 3438 attingamus
2005 3420 2016 3437 ‚
2049 3409 2118 3431 non

1120 3438 1164 3473 est
1190 3439 1253 3469 tibi
1276 3436 1425 3479 quaedam.
1445 3438 1549 3471 nostra
1574 3439 1772 3473 Observatio
1796 3440 1962 3482 singularis
1985 3439 2121 3475 confor-

2013 3495 2080 3518 ma-

1074 3682 1087 3709 (
1103 3689 1117 3704 ¹³
1133 3681 1146 3708 )
1161 3679 1232 3705 Thes.
1250 3683 1321 3704 Anat.
1340 3689 1360 3710 ς.
1378 3688 1402 3704 n.
1422 3684 1458 3711 56.
1476 3688 1548 3711 prope
1562 3683 1604 3708 fin.
1623 3683 1646 3707 ἃ
1661 3683 1730 3708 Thes.
1749 3691 1777 3708 lo
1804 3685 1828 3707 n.
1844 3690 1896 3713 ¹55-

1611 3715 1624 3743 (
1640 3722 1651 3737 c
1667 3715 1679 3741 >
1697 3713 2051 3743 Coac.Praenot.Sest.3.vers.
2061 3716 2112 3744 187.

129 3645 286 3675 (xyrhes.
309 3648 381 3670 Anat.
403 3648 427 3670 6.
451 3653 477 3669 n.
502 3648 550 3681 48.¹
565 3654 604 3677 31.
629 3654 664 3676 54.
691 3656 727 3676 5⁹·
803 3648 870 3679 (y)
895 3648 958 3677 Eph.
982 3651 1015 3673 N.
1042 3649 1071 3673 C.
1095 3652 1152 3674 Dec.
1181 3657 1200 3674 x.
1228 3650 1256 3673 Α.
1282 3656 1304 3672 r.
1327 3649 1388 3674 Obs.
1411 3653 1449 3674 62.

130 3678 144 3705 (
161 3685 179 3705 z
193 3678 207 3705 )
224 3677 327 3711 Earuncl.
344 3679 401 3701 Dee.
420 3684 440 3706 3.
458 3678 488 3705 A,
505 3686 526 3707 ς.
544 3685 569 3701 ιη
585 3678 692 3707 Append.
711 3685 734 3702 n.
752 3679 778 3703 8..
791 3679 820 3703 ad
835 3679 876 3703 eit.
892 3679 951 3710 obs.
969 3683 1007 3703 62.

129 3707 137 3736 (
157 3707 170 3731 b
190 3710 197 3735 )
213 3708 269 3732 vid.
288 3709 367 3731 Littre
382 3708 462 3730 Mem.
478 3707 508 3731 de
523 3708 618 3733 l'Acad.
637 3712 665 3742 R.
682 3709 722 3733 des
736 3710 775 3733 Sc.
791 3711 821 3734 A.
839 3718 906 3739 1701.
923 3710 946 3734 δι
963 3712 1099 3734 Commere.
1116 3711 1205 3735 Litter.
1223 3713 1252 3734 Α.
1272 3717 1334 3740 ¹732-
1353 3708 1429 3735 Hebd.
1447 3716 1481 3741 36.
1494 3721 1515 3736 n.
1528 3723 1549 3742 3,

129 3739 142 3765 (
158 3738 173 3760 d
189 3738 203 3766 )
218 3740 307 3772 Annot.
325 3737 351 3761 ad
368 3737 437 3761 eund.
456 3733 516 3773 vers.
580 3743 589 3764 (
605 3749 615 3763 ε
637 3743 643 3767 J
661 3739 719 3763 Hisl.
737 3744 787 3764 nat..
805 3741 897 3764 Molar.
915 3746 975 3765 uter.
993 3748 1006 3764 c
1033 3744 1067 3764 16.
1131 3740 1197 3774 (f)
1214 3743 1283 3766 Cent.
1304 3741 1362 3765 Obs.
1382 3745 1452 3768 Anat.
1470 3744 1538 3767 Chir.
1558 3746 1592 3773 58.

128 3767 173 3822 Ξῖ
193 3773 200 3811 )1
215 3769 286 3822 {pist
303 3768 331 3801 ad
350 3768 533 3822 Mugzzsncher.
595 3772 608 3800 (
623 3770 637 3793 h
653 3769 666 3797 >
683 3769 778 3795 Differt.
793 3770 821 3795 de
836 3771 911 3801 ignor.
930 3770 989 3796 uteri
1007 3770 1083 3796 strust.
1102 3771 1124 3803 ᾗ.
1145 3780 1182 3799 19.

136 3822 142 3826 ,.
174 3815 199 3828 „2
239 3805 287 3823 ent.
304 3805 382 3826 enatae
452 3816 458 3823 .
474 3806 511 3828 29.
660 3810 662 3813 v

1244 3771 1252 3802 (
1268 3773 1277 3794 i
1292 3773 1305 3801 )
1324 3772 1379 3797 Diss.
1398 3781 1445 3802 qua
1464 3776 1535 3798 Mola
1553 3782 1673 3805 praegnans
1690 3775 1712 3799 8<
1729 3780 1779 3800 caet.
1796 3775 1854 3799 thes,
1872 3784 1907 3800 η.
