2498 4075
470 288 1069 354 ffl-EpistasAnatsMedissca
1104 288 1301 346 LXIII·
1331 285 1456 340 Art.
1493 300 1564 354 ῖς.
1598 293 1653 348 ὅ(
1686 294 1760 346 16.

156 364 347 398 nec‘multo
368 364 487 408 dispari
509 368 544 401 in
566 367 634 410 ejus
657 367 780 409 pariete
802 375 916 409 aperta
933 367 1016 401 rima
1039 377 1149 408 perve-

142 404 256 451 nisse,
280 409 565 449 animadverteris;
591 411 759 444 miraberis
781 408 935 450 fortasse,
957 410 997 444 ab
1017 410 1075 443 illo
1087 409 1148 445 ho-

153 449 276 482 minem
300 451 421 485 ostavo
441 451 579 496 denique
602 453 654 487 die
673 476 683 491 ,
718 454 758 487 ab
787 452 851 489 hoc
876 465 959 488 -vero
989 463 1056 487 tam
1078 456 1146 488 cito

153 489 246 525 fuisse
268 494 528 536 interemptum3
562 498 735 540 praesertim
767 507 920 540 cumvper
949 496 1032 532 illud
1056 506 1145 532 tanta

152 535 316 578 sanguinis
337 540 431 581 copia
455 541 488 573 in
513 539 680 574 thoracem
704 544 735 574 &
758 550 903 574 ventrem
924 540 1021 574 effusa
1055 540 1143 575 vide-

150 588 258 613 retur.
282 581 405 615 Verum
428 583 473 616 ob
495 584 583 616 illam
606 583 706 626 ipsam
731 594 795 617 non
819 583 1029 618 modowextra
1051 595 1109 618 cor
1131 607 1142 623 ,

150 621 203 655 sed
236 625 335 657 etiam
376 634 468 659 extra
508 627 724 669 pericardium
763 626 936 661 defluentis
979 627 1141 670 sanguinis

146 663 336 700 effufionem
368 693 377 708 ,
410 681 484 703 cum
525 669 577 703 hic
628 681 692 705 non
731 672 876 712 potuerit
909 694 922 711 ,
954 680 990 704 ut
1022 673 1056 703 in
1081 682 1140 705 no-

147 707 209 742 stra
243 710 481 746 Observatione
513 715 598 746 inter
623 713 835 753 pericardium
866 737 876 754 ‚
920 717 952 747 &
985 725 1042 748 cor
1065 714 1138 748 sub-

148 749 252 786 fistere
290 778 299 793 ,
335 755 479 799 illudque
512 756 691 790 distendere.
725 778 735 794 ‚
756 756 832 790 *hoc
866 768 1007 799 premere
1032 777 1042 794 ‚
1086 758 1136 791 di-

149 796 286 830 scrimen
310 798 344 832 id
367 799 528 840 extitisse,
552 800 669 840 facile,
690 809 726 834 ut
750 801 868 841 opinor
889 822 898 838 ‚
922 801 1115 835 existimabis
1130 825 1138 834 .

148 840 250 876 Quod
282 842 306 874 fi
342 841 470 883 sacias5
500 855 538 877 ex
573 843 737 885 utriusque
771 843 867 886 hujus
892 842 1140 878 Observationis

147 887 391 926 comparatione
414 886 548 920 habebis
570 886 652 921 unde
676 885 757 919 illud
780 886 949 921 confirmes
971 888 1060 930 quod
1083 888 1142 921 ali-

146 926 181 960 bi
204 932 218 967 (
241 940 256 960 c
277 932 293 968 )
325 931 409 963 inter
433 940 559 965 caeteras
591 930 695 964 causas
718 928 882 971 posuimus
905 952 914 967 ‚
947 942 1004 965 cur
1035 931 1142 965 multo

146 971 256 1004 minor
278 973 363 1006 inter
387 974 602 1015 pericardium
617 998 626 1014 ‚
649 985 746 1017 quam
770 974 927 1016 plerisque
952 975 1067 1008 aliisin
1090 975 1142 1009 lo-

147 1014 217 1052 cis,
241 1014 479 1060 haemorrhagia
501 1019 597 1060 longe
619 1019 716 1052 citius
739 1017 906 1051 interitum
932 1017 1062 1053 afferat.

189 1060 221 1090 6.
245 1060 357 1102 Dixi,
388 1073 488 1104 quam
513 1061 673 1105 plerisque
704 1060 776 1094 aliis
798 1062 831 1094 in
856 1061 937 1095 locis
965 1082 975 1099 ‚
1008 1064 1040 1095 δε
1071 1061 1141 1096 dixi

146 1101 227 1134 item
251 1103 338 1137 inter
362 1114 491 1140 caeteras
513 1105 618 1139 causas
633 1130 642 1146 ,
667 1115 731 1138 non
754 1105 906 1146 ignorans
923 1127 935 1144 ,
968 1116 1065 1146 quam
1089 1117 1141 1138 ce-

144 1144 254 1178 leriter
279 1148 326 1181 vel
351 1159 469 1189 paucus
492 1151 576 1182 intra
600 1149 746 1182 cranium
767 1147 893 1189 sanguis
915 1173 925 1187 ,
960 1158 1014 1181 aut
1038 1148 1140 1190 pluri-

144 1200 239 1229 mus,
264 1189 315 1224 sed
340 1192 389 1225 vel
413 1193 445 1226 in
471 1202 617 1227 ventrem
640 1191 746 1234 ipsum
761 1190 898 1231 effusus,
920 1190 1069 1226 homines
1092 1192 1140 1226 so-

147 1232 211 1266 leat
235 1234 418 1275 conficere,
442 1246 479 1270 ut
503 1244 579 1278 puta
604 1248 622 1269 a
643 1236 726 1269 liene
748 1233 923 1277 disrupto,
946 1233 978 1267 id
989 1235 1078 1277 quod
1101 1247 1142 1269 ex

143 1274 293 1317 pluribus
311 1278 488 1321 cognosces
510 1291 617 1314 earum
641 1278 921 1314 Observationum
947 1303 956 1317 ,
980 1290 1080 1320 quas,
1104 1289 1141 1313 ut

140 1321 342 1363 perlegeres,
366 1323 430 1362 tibi
448 1346 459 1362 ,
492 1335 565 1357 cum
597 1323 636 1357 de
660 1323 782 1356 letibus
806 1321 940 1355 Ventris
973 1322 1141 1357 scriberem

140 1365 156 1401 (
177 1363 233 1406 d)
255 1364 419 1400 indicavi.
444 1367 535 1404 Quas
560 1369 646 1401 inter
670 1366 692 1399 fi
730 1366 817 1399 forte
838 1363 976 1398 deessent
1001 1368 1012 1404 (
1033 1376 1139 1416 ‘neque

141 1407 229 1441 enim
253 1408 360 1443 rursus
384 1421 476 1444 vacat
498 1409 621 1453 singula
644 1410 806 1451 inquirere
828 1410 843 1447 )
864 1420 935 1458 quae
960 1408 1139 1444 aMichae-

140 1450 169 1483 le
193 1451 406 1487 Vanselowio
427 1457 442 1494 (
463 1464 478 1488 e
502 1457 513 1493 )
536 1479 545 1494 ‚
580 1463 634 1488 aut
660 1453 700 1486 ab
719 1453 752 1495 J.
777 1452 958 1486 Valentino
991 1452 1141 1504 scheidio

142 1492 227 1536 (f)
248 1497 421 1538 propofitae
443 1498 537 1536 sunt3
563 1497 613 1532 fac
638 1496 744 1531 videas
768 1509 778 1533 3
811 1505 886 1529 vera
911 1506 928 1528 a
960 1506 1012 1529 me
1034 1497 1103 1531 dic'i
1129 1520 1140 1537 ,

140 1546 235 1571 tanto
259 1541 361 1582 magis
385 1541 566 1584 intelliges.

183 1592 216 1623 7.
242 1583 285 1615 Et
311 1583 427 1618 harum
449 1585 579 1627 quidem
604 1582 885 1618 Observationum
907 1593 1140 1618 commemora-

138 1626 189 1658 tio
214 1636 264 1658 me
279 1652 288 1665 ‚
310 1625 331 1659 fi
357 1627 443 1661 forte
466 1630 587 1662 interea
611 1639 666 1661 aut
688 1626 844 1669 legendo,
869 1635 925 1675 aut
948 1624 1083 1661 secando
1106 1631 1138 1662 in

137 1669 198 1702 alia
224 1669 402 1705 incidissem
427 1671 465 1705 ad
489 1683 523 1705 ea
547 1683 619 1714 quae
642 1670 711 1705 fuse
732 1681 809 1704 tunc
835 1667 1072 1719 scripsiffinunc-
1084 1672 1139 1706 ad-

138 1712 279 1754 jicienda
299 1739 308 1753 ,
334 1724 520 1756 opportune
545 1712 862 1753 commonefaceret,
883 1721 920 1746 ut
943 1713 997 1762 hic
1021 1714 1140 1756 adjice-

139 1766 207 1788 rem
232 1779 240 1787 .
261 1756 331 1790 Sed
355 1769 456 1800 neque
480 1759 519 1791 de
543 1759 608 1791 illis
633 1782 642 1798 ‚
676 1768 778 1799 neque
802 1759 840 1789 de
865 1756 1041 1804 Ulceribus
1063 1770 1138 1792 cum

137 1800 172 1831 in
197 1799 364 1841 praesentia
388 1801 567 1844 quidquam
591 1802 760 1844 suppetat,·
783 1800 820 1832 ad
844 1801 1043 1849 eti-transibo
1067 1813 1138 1844 quae

138 1841 178 1875 ad
208 1842 435 1884 juntfmrarum
472 1847 553 1878 vitia
586 1846 769 1886 pertinent,
795 1852 899 1876 motui
923 1842 1101 1878 officientia
1127 1871 1135 1879 .

136 1885 310 1919 Nonnulla
332 1888 418 1920 enim
442 1887 481 1921 de
504 1888 557 1922 his
579 1888 653 1921 sunt
675 1898 747 1930 quae
759 1886 827 1929 post
849 1885 958 1935 datam
981 1886 1019 1921 ad
1043 1897 1074 1922 te
1091 1890 1135 1921 E-

137 1929 287 1972 pistolam
312 1931 407 1963 LVI.
433 1940 488 1965 aut
512 1932 579 1975 ipse
600 1931 695 1968 -vidi,
720 1940 826 1963 autem
850 1929 916 1962 visa
940 1929 980 1964 ab
1004 1931 1075 1964 aliis
1090 1933 1134 1967 le-

136 1973 170 2015 gi
187 1998 195 2007 .
219 1972 272 2005 Ad
297 1975 400 2013 prima
423 1974 563 2016 speecant
586 1974 729 2009 historiae
752 1973 801 2007 hae
826 1972 918 2007 duae.
1120 1998 1121 2001 η

183 2016 213 2049 3,
239 2016 390 2050 SENEX
412 2028 479 2052 erat
504 2019 650 2058 Patavii,
673 2027 769 2061 quem
793 2027 858 2049 non
881 2015 945 2050 sine
967 2017 1120 2052 difficulta

137 2070 172 2093 te
194 2064 293 2100 caput
317 2063 350 2093 in
375 2061 459 2095 latus
483 2063 636 2097 inclinare
660 2057 797 2102 potuisse
820 2083 834 2100 ,
871 2061 911 2093 ab
935 2062 976 2094 iis
1000 2064 1058 2103 qui
1082 2063 1140 2097 diu

142 2114 217 2136 cum
241 2103 546 2145 ipsosamiliariter
569 2104 687 2139 versati
709 2103 858 2141 fuerant,
875 2105 954 2146 post
977 2104 1138 2152 diffestio-

141 2157 215 2180 nem
240 2149 439 2188 accepimus.
466 2150 497 2182 Is
520 2160 593 2183 cum
618 2159 657 2182 ex
688 2147 838 2181 catarrho
867 2168 876 2184 2
907 2159 940 2181 Ut
974 2150 1102 2191 ajebant
1127 2175 1137 2190 ,

144 2191 282 2224 ineunte
305 2191 432 2224 Martio
455 2194 496 2225 A.
526 2204 616 2236 1755.
639 2193 673 2225 in
696 2191 903 2237 Nosocomio
937 2191 1106 2226 deceffisset
1129 2215 1142 2233 ,

143 2235 239 2267 nobis
262 2235 321 2276 qui
346 2243 424 2268 tunc
449 2235 497 2269 ibi
519 2236 690 2280 quaedam,
713 2235 751 2268 ad
774 2233 919 2268 thoracis
942 2259 949 2274 ,
973 2238 1005 2269 δέ
1028 2237 1107 2270 colli
1129 2260 1140 2274 ,

143 2279 175 2309 &
193 2278 318 2319 capitis
342 2289 510 2312 anatomen
535 2281 754 2322 pertinentia,
778 2277 1023 2312 ostendebamus
1044 2304 1053 2320 ,
1075 2279 1142 2314 haec

144 2320 338 2355 observandi
362 2322 560 2357 occasionem
585 2323 744 2365 praebuit.
878 2322 1082 2356 THORAX
1106 2327 1140 2357 in

142 2362 225 2398 facie
249 2366 412 2399 anteriore>
439 2367 603 2408 pulmonis
636 2366 760 2401 dex'teri
793 2363 963 2407 hydatides
988 2365 1138 2401 exhibuit

138 2409 238 2444 duas,
263 2407 418 2450 majorem
444 2421 538 2444 unam
553 2434 563 2448 ‚
586 2411 747 2444 minorem
770 2409 905 2455 alteram
920 2434 927 2441 .
1074 2413 1136 2461 Ca.

137 2452 202 2494 piti
228 2453 312 2485 intra
338 2454 482 2486 cranium
506 2466 588 2496 aqua
611 2456 713 2487 inerat
734 2477 747 2494 ,
770 2463 862 2495 cnjus
885 2463 956 2495 pars
980 2464 1069 2494 aquae
1101 2466 1134 2487 in

139 2494 344 2529 Lateralibus
369 2498 558 2531 ventriculis
580 2497 738 2539 supererat
763 2523 771 2531 .
810 2496 971 2530 Glandula
997 2497 1134 2531 Pinealis

135 2541 242 2573 tenuis
265 2563 272 2570 .
305 2540 393 2573 Cum
417 2542 516 2581 *parvi
551 2542 688 2574 musculi
706 2542 768 2583 'qui
794 2542 934 2586 anterius
958 2542 1042 2573 inter
1065 2544 1134 2583 pri-

136 2593 224 2615 mam
248 2581 326 2615 colli
350 2581 528 2617 vertebram
545 2608 556 2624 ,
579 2587 609 2617 δέ
633 2595 729 2627 caput
764 2585 1006 2625 interjiciuntur
1032 2609 1042 2625 ,
1076 2586 1131 2632 vix

133 2637 168 2659 ac
192 2637 232 2660 ne
256 2627 312 2658 vix
335 2626 465 2669 quidem
488 2638 673 2670 apparerent
698 2652 708 2667 ,
743 2639 845 2668 neque
868 2626 902 2660 id
934 2626 1015 2676 milii
1039 2628 1128 2669 pessi-

133 2681 195 2703 mae
219 2668 388 2703 dumtaxat
404 2693 413 2708 ,
434 2671 467 2704 id
491 2672 533 2704 est
557 2672 719 2706 laxiffimae
743 2695 753 2710 ‚
784 2681 819 2703 ut
843 2672 877 2703 in
901 2681 1023 2704 caeterls
1045 2682 1128 2713 quo-

135 2724 199 2755 que
222 2711 393 2749 musculis,
417 2714 646 2748 constitutioni
669 2714 898 2759 imputandum
932 2714 1093 2763 videretur
1115 2726 1128 2754 ;

133 2757 292 2788 attentius
315 2756 513 2798 inspectam,
536 2760 568 2791 δε
591 2758 784 2801 profundius
807 2758 974 2804 inquirens
995 2782 1003 2796 ,
1027 2769 1061 2790 in
1084 2759 1122 2791 il—

131 2799 187 2833 lud
211 2799 311 2832 incidi
333 2800 422 2841 cujus
434 2800 630 2843 potissimum
654 2803 743 2837 causa
768 2801 849 2834 hanc
874 2801 1010 2834 scribere
1033 2802 1121 2835 volui

133 2842 403 2876 Observationem
426 2868 432 2874 .
469 2844 600 2877 Scilicet
623 2858 687 2879 non
713 2845 809 2879 modo
841 2844 929 2888 quod
953 2845 1120 2878 Columbo

132 2889 186 2927 (g
207 2889 221 2925 )
242 2896 426 2919 occurrerat
450 2885 624 2929 scribenti,
641 2891 781 2930 primam
802 2887 977 2921 vertebram
1001 2890 1124 2929 accipi-f

131 2929 178 2961 tio
202 2929 249 2961 ita
271 2927 474 2963 adhaerentem
495 2929 576 2972 hzsce
598 2931 697 2965 oculis
719 2932 788 2966 vidi
799 2953 810 2969 ,
835 2938 870 2963 uc
893 2933 1011 2964 moveri
1043 2942 1117 2964 neu-

130 2972 253 3013 tiquam
272 2969 388 3015 poffet,
412 2972 465 3006 hic
488 2985 617 3016 quoque
639 2984 706 3008 erat
727 2990 736 3013 3
770 2974 819 3008 sed
845 2984 993 3020 praeterea
1018 2974 1122 3023 adhae-

127 3014 174 3048 fio
200 3028 213 3046 a
237 3016 363 3049 sinistro
387 3016 560 3058 praesertim
584 3020 742 3052 anteriore
765 3020 858 3052 latere
880 3017 1034 3059 ejusmodi
1045 3030 1123 3050 con-

131 3058 349 3100 spiciebatur,
370 3069 405 3092 ut
427 3071 526 3094 unum
549 3060 697 3105 idemque
720 3074 755 3096 os
779 3061 873 3095 essent
898 3070 968 3094 tum
991 3073 1024 3094 ea
1052 3073 1122 3094 ver-

131 3102 223 3135 tebra
244 3125 257 3142 ,
290 3112 360 3136 tum
380 3104 575 3146 occipitium
600 3118 607 3138 :
642 3106 738 3148 idque
762 3118 777 3138 a
811 3106 999 3146 primordiis
1023 3104 1122 3147 usque

133 3143 248 3184 fuisse,
273 3147 363 3187 plura
387 3145 573 3181 indicabant
597 3151 745 3191 proxima
778 3148 1051 3183 conformationis
1075 3150 1122 3181 vi-

134 3190 200 3221 tia.
230 3188 317 3222 Nam
342 3189 475 3223 secunda
501 3192 647 3225 vertebra
669 3203 785 3236 corpus
821 3191 960 3225 habebat
981 3217 989 3231 ‚
1025 3193 1122 3224 mitto

133 3243 205 3265 cum
230 3233 328 3265 tertia
350 3242 525 3267 comiatum
547 3247 556 3271 3
591 3246 656 3269 erat
679 3239 765 3270 enim
800 3235 853 3269 hic
876 3261 884 3275 ‚
919 3235 1006 3278 quod
1039 3236 1123 3269 inter

133 3276 291 3317 primam,
314 3278 346 3310 &
369 3277 500 3318 occifflit
523 3278 570 3311 ibi
596 3280 650 3312 ubi
676 3279 772 3317 dixi,
795 3280 919 3313 nullum
946 3279 1072 3321 prorsus
1095 3291 1126 3312 e-

132 3328 204 3356 rat,
229 3319 361 3361 aliquod
382 3329 489 3353 tamen
512 3322 650 3364 antiquae
675 3323 841 3357 divisionis
866 3321 1129 3365 vestigium3cor-

133 3373 213 3403 pus,
237 3364 389 3404 inquam,
413 3362 573 3404 habeba-t,
596 3368 777 3401 &Dentem
802 3367 895 3400 lateri
920 3367 1035 3407 capitis
1057 3379 1124 3400 ma-

133 3406 183 3446 gis
206 3405 355 3447 dextero,
382 3419 479 3449 quarn
502 3407 644 3447 sinistro,
669 3413 848 3452 propinqua
870 3431 879 3446 ,
902 3410 1041 3443 Dentem
1067 3422 1123 3444 au-

132 3457 199 3480 tem
222 3449 324 3490 ipsum
357 3451 538 3484 breviorem
562 3473 572 3489 ,
607 3453 763 3494 processus
786 3464 862 3486 vero
897 3455 952 3494 qui
978 3453 1120 3494 Obliqui

134 3492 324 3532 Superiores
348 3493 499 3527 dicuntur
523 3516 535 3534 ,
565 3503 636 3528 tota
659 3498 713 3530 illa
745 3497 828 3530 facie
864 3506 926 3538 qua
949 3496 1124 3529 Inferiores

135 3536 246 3576 primae
269 3538 424 3571 vertebrae
449 3537 605 3580 processus
628 3541 829 3583 excipiebant
854 3566 862 3579 ,
896 3541 953 3582 qui
977 3540 1031 3573 hic
1054 3539 1123 3572 offi-

134 3579 189 3611 cio
211 3579 427 3622 condylorurn
450 3582 599 3622 occipitis
632 3581 851 3625 fungebantur
874 3606 884 3622 ,
921 3594 1122 3626 nequaquam

135 3621 221 3655 inter
244 3621 273 3656 se
294 3634 401 3665 pares;
422 3626 540 3667 quippe
560 3623 727 3661 dexterum
748 3626 871 3660 sinistro
903 3633 974 3660 tum
1006 3627 1124 3660 3ῑᾶίο-

2021 312 2127 365 '447

1196 376 1286 404 rem,
1309 373 1380 400 tum
1405 367 1576 409 altiorem,
1596 377 1667 403 tum
1690 371 1869 407 antrorsum
1892 374 1995 418 magis
2015 385 2114 417 quam
2138 384 2189 407 re-

1183 407 1344 443 trorsum
1369 421 1574 454 vergentem.
1599 413 1681 447 Sunt
1703 416 1735 447 &
1759 415 1842 456 alia,
1864 428 1935 459 quae
1959 426 2052 451 tanto
2081 418 2188 453 libens

1195 454 1261 487 tius
1284 452 1452 488 brevitatis
1473 454 1565 490 causa
1588 465 1743 498 praetereo
1764 482 1776 500 ‚
1807 460 1896 501 quod
1917 459 1982 494 ossa
2004 460 2072 495 haec
2096 469 2189 504 pote·

1194 498 1262 536 ris,
1285 508 1359 531 curn
1376 499 1553 533 >Patavium
1578 501 1721 538 veneris,
1744 503 1827 545 apud
1851 515 1901 537 me
1922 503 2099 547 inspicere.
2122 502 2187 538 Sed

1194 550 1287 582 quae,
1309 549 1345 575 ut
1369 551 1456 575 erant
1470 565 1483 582 ,
1507 542 1630 577 servare
1654 555 1718 577 non
1731 546 1844 586 potui,
1866 547 2044 591 ligamenta
2067 546 2187 581 descri-

1195 583 1269 616 bere
1292 594 1357 617 non
1381 586 1552 620 omittam.
1576 586 1833 629 Transverffim,
1856 601 1893 625 ut
1915 600 2036 626 vocant
2056 612 2068 629 ‚
2091 589 2187 633 quid-

1183 627 1273 670 quid
1296 637 1362 661 erat
1390 630 1506 662 Dentis
1529 641 1545 662 a
1569 639 1661 672 tergo
1683 632 1957 674 compleaebatur
1979 658 1989 673 ‚
2023 636 2089 668 ima
2114 643 2187 676 par-

1190 678 1222 703 te
1248 680 1379 713 excepta
1398 695 1408 711 ,
1430 672 1511 706 unde
1536 674 1694 707 Lateralia
1718 676 1867 718 longiora
1886 700 1895 715 ‚
1927 689 2026 720 quam
2048 678 2152 711 solent
2178 698 2188 715 ‚

1188 715 1394 751 &tenuiora‚
1409 715 1584 757 praesertim
1607 716 1793 758 dexterum,
1816 722 2025 755 oriebantur.
2052 723 2082 754 A
2105 719 2183 753 fini-

1190 756 1253 789 stro
1275 766 1380 790 tamen
1402 757 1489 800 quasi
1515 758 1641 793 summo
1652 762 1768 795 Dentis
1791 763 2060 806 latere·perbreve
2082 763 2188 806 quod-

1190 798 1264 834 dam
1287 798 1569 843 proficiscebatur,
1590 805 1621 836 &
1644 804 1792 838 craffius.
1926 844 1928 847 ,

1231 855 1262 883 9.
1285 843 1346 879 sed
1368 845 1620 886 ligamentorum
1644 857 1715 890 quae
1740 848 1838 882 modo
1861 849 2025 891 dicebam,
2049 850 2129 883 vitia
2152 861 2187 883 a-

1191 886 1233 919 lia
1256 909 1268 925 ,
1299 890 1448 929 quamvis
1471 900 1535 928 non
1559 899 1595 923 ut
1618 888 1685 924 haec
1709 913 1717 928 ‚
1753 904 1770 925 a
1794 894 1985 934 primordiis
2015 892 2186 936 repetenda

1193 929 1374 964 viderentur
1388 954 1397 969 ‚
1422 933 1605 966 memineris
1630 934 1846 976 superioribus
1868 938 1961 978 unis,
1980 946 2083 980 atque
2106 937 2188 970 alte-

1192 974 1236 1006 ris
1259 973 1395 1008 Litteris
1418 978 1429 1014 (
1453 975 1472 1009 h
1495 980 1509 1016 )
1532 974 1622 1009 fuisse
1646 978 1825 1019 proposita.
1853 980 1964 1014 Multo
1988 990 2094 1014 autem
2117 991 2188 1013 ma-

1193 1018 1242 1058 gis
1264 1019 1469 1059 memineris,
1492 1020 1569 1061 quia
1592 1018 1705 1062 saepius
1716 1020 1837 1055 fastum
1851 1021 1915 1064 est,
1938 1035 2013 1058 cum
2035 1024 2074 1058 de
2085 1023 2189 1056 Clau-

1193 1061 1356 1093 dicatione
1379 1059 1453 1095 esset
1476 1060 1593 1105 injecta
1617 1065 1739 1097 mentio
1753 1089 1760 1102 ‚
1775 1066 1909 1100 utinter
1931 1077 2061 1101 caeteras
2082 1065 2189 1101 causas

1191 1103 1352 1145 descripta
1375 1106 1437 1139 sint
1460 1108 1540 1139 vitia
1564 1107 1597 1138 in
1623 1119 1657 1140 ea
1682 1106 1831 1148 jumffura
1853 1120 1924 1151 quae
1946 1112 2032 1145 inter
2054 1109 2188 1144 femoris

1190 1156 1286 1189 caput
1308 1170 1320 1187 ,
1354 1149 1385 1180 &
1408 1150 1609 1182 Innominati
1632 1150 1703 1184 offis
1736 1153 1938 1187 acetabulum
1982 1152 2154 1188 intercedit
2178 1176 2187 1187 .

1191 1191 1267 1223 Huc
1291 1190 1420 1233 sequens
1444 1192 1600 1234 spectabit
1634 1193 1766 1229 historia
1789 1220 1799 1236 ,
1832 1198 2006 1238 peculiaria
2039 1196 2187 1241 quaedarn

1191 1232 1331 1273 habens,
1353 1246 1424 1276 quae
1447 1239 1479 1268 in
1504 1237 1628 1277 scriptis
1652 1238 1728 1271 alias
1750 1249 1814 1274 non
1840 1239 1966 1281 legisti.

1237 1287 1287 1310 io.
1313 1277 1506 1312 MULIER
1533 1291 1631 1313 annos
1655 1290 1729 1314 nata
1753 1281 1874 1324 septem
1896 1286 1928 1316 &
1951 1283 2152 1325 septuaginta
2177 1308 2188 1325 ‚

1190 1320 1226 1352 in
1247 1321 1352 1355 lucem
1374 1322 1460 1355 edita
1482 1320 1587 1356 fuerat
1603 1348 1611 1362 ‚
1634 1326 1666 1357 &
1688 1325 1812 1359 vixerat
1836 1325 1908 1360 sana
1933 1352 1943 1368 ‚
1979 1326 2086 1360 filium
2107 1339 2188 1370 quo·

1190 1375 1253 1406 que
1277 1362 1418 1398 feliciter
1452 1375 1616 1408 pepererat
1642 1392 1649 1400 .
1686 1369 1832 1404 Secundo
1869 1379 1976 1404 autem
2008 1380 2104 1413 partu
2129 1371 2188 1414 qui

1190 1406 1400 1442 difficillimus
1423 1407 1485 1442 fuit
1501 1431 1509 1445 ‚
1533 1411 1624 1443 enixa
1648 1410 1748 1444 filiam
1782 1413 1889 1455 (quae
1911 1412 1980 1449 haec
2004 1413 2189 1455 narravit)

1190 1450 1358 1486 doloribus
1383 1450 1421 1486 ad
1442 1451 1651 1488 ischiadicam
1685 1456 1851 1497 regionem
1875 1458 2040 1492 dexteram
2066 1456 2189 1499 corripi

1191 1496 1316 1536 coepit,
1340 1499 1371 1530 &
1394 1497 1575 1531 claudicare
1593 1521 1601 1529 .
1627 1498 1708 1531 Haec
1733 1499 1815 1533 mala
1838 1511 1941 1544 neque
1965 1513 2014 1536 ars
2037 1501 2113 1535 ullis
2136 1511 2188 1535 re-

1191 1539 1333 1578 mediis,
1359 1551 1460 1582 neque
1485 1550 1623 1581 natura,
1646 1542 1700 1575 etsi
1725 1545 1840 1577 tertius
1862 1568 1872 1583 ,
1893 1544 2091 1588 quartusque
2114 1555 2190 1587 par-

1190 1591 1242 1615 tus
1264 1581 1342 1616 felix
1365 1580 1454 1623 fuit,
1478 1583 1589 1618 tollere
1613 1595 1756 1627 unquam
1778 1609 1788 1625 ,
1822 1597 1877 1620 aut
1901 1591 2046 1623 minuere
2070 1597 2189 1631 potue-

1191 1635 1288 1660 runt.-
1311 1628 1389 1668 quin
1413 1628 1489 1669 saepe
1512 1629 1610 1661 etiam
1633 1627 1787 1668 cadebat,
1811 1630 1899 1673 quod
1923 1632 2048 1675 pondus
2070 1643 2191 1675 corpo-

1190 1671 1233 1701 ris
1257 1669 1331 1701 satis
1353 1670 1444 1703 firme
1468 1681 1556 1704 artus
1578 1671 1689 1705 dexter
1713 1683 1777 1706 non
1802 1673 1900 1707 ferret
1928 1700 1935 1706 .
1970 1676 2121 1718 Denique
2154 1677 2190 1707 im

1189 1712 1431 1747 Nosocomium
1465 1724 1596 1757 propter
1628 1726 1850 1758 paupertatem
1887 1719 1989 1760 magis
2022 1730 2120 1759 quam
2143 1719 2191 1752 ob

1192 1756 1342 1790 morbum
1357 1783 1366 1797 ‚
1391 1756 1542 1795 admissa,
1564 1758 1612 1791 ibi
1638 1770 1757 1793 annum
1772 1783 1782 1798 ,
1805 1763 1835 1794 δε
1862 1761 1981 1796 menses
2004 1762 2130 1804 aiiquot
2142 1760 2190 1795 fe-

1191 1810 1222 1832 re
1249 1801 1368 1843 semper
1392 1802 1506 1834 cubuit
1531 1811 1699 1844 propterea
1732 1804 1809 1847 quia
1843 1804 1865 1838 fi
1892 1803 2021 1847 surgere
2053 1816 2189 1839 conare-

1190 1852 1264 1880 tur,
1288 1845 1415 1877 dolores
1438 1844 1704 1888 exasperabantur
1724 1870 1732 1878 .
1765 1848 1929 1891 Appetitu
1953 1850 2184 1883 alimentorum

1187 1889 1318 1929 vigente
1340 1910 1350 1927 ,
1380 1889 1503 1922 viribus
1526 1898 1631 1922 autem
1665 1890 1821 1931 paulatim
1854 1890 2078 1927 deficientibus
2114 1916 2126 1933 ,
2155 1896 2188 1926 &

1190 1929 1324 1965 subinde
1346 1931 1484 1974 desipere
1507 1932 1738 1974 visa,tandem
1771 1933 1879 1968 sensim
1902 1946 2033 1970 mortua
2065 1937 2107 1970 est
2129 1936 2191 1970 sub

1188 1975 1322 2008 initium
1346 1978 1387 2008 A.
1414 1986 1508 2018 1754.
1637 1978 1912 2012 CADAVERIS
1936 1981 2101 2014 macilenti
2116 1991 2190 2022 par-

1192 2026 1238 2051 tes
1261 2019 1407 2059 quaedam
1430 2031 1495 2053 non
1519 2019 1650 2054 inutiles
1674 2022 1767 2063 nobis
1788 2021 1942 2064 fuerunt,
1965 2024 2190 2066 tuncibiplu-

1189 2072 1221 2094 ra
1237 2084 1249 2101 ,
1272 2064 1302 2094 δι
1326 2063 1412 2096 varia
1437 2064 1739 2106 recognoscentibus
1762 2088 1771 2104 ,
1806 2068 1838 2099 δε
1861 2067 2154 2101 demonstran-tibus
2177 2093 2186 2100 .

1318 2107 1497 2140 Cerebrum
1521 2109 1630 2145 enim,
1655 2108 1869 2147 cerebellum,
1893 2112 2031 2146 medulla
2055 2112 2189 2145 oblon-

1194 2157 1266 2190 gata
1291 2150 1335 2182 fic
1368 2149 1442 2184 satis
1476 2149 1568 2186 firma
1601 2149 1767 2193 fuerunt‚·
1796 2164 1871 2187 narn
1902 2154 1960 2188 etsi
1985 2154 2189 2189 Lateralibus

1194 2194 1381 2226 ventriculis
1405 2205 1495 2236 aquae
1520 2194 1665 2236 limpidae
1699 2197 1869 2231 mediocris
1909 2199 2006 2242 ‘copia
2049 2200 2154 2233 inerat
2178 2213 2190 2236 ;

1196 2235 1305 2278 plexus
1331 2247 1436 2271 tamen
1460 2237 1643 2272 Choroides
1665 2241 1822 2274 rubebant
1839 2258 1861 2282 ,ι
1884 2243 2091 2277 ῃεοΤεηι-ιίε
2121 2254 2188 2276 me-

1195 2281 1274 2313 ninx
1298 2280 1520 2315 detrahentem
1544 2281 1641 2315 facile
1665 2283 1859 2327 sequebatur
1878 2307 1890 2324 ,
1922 2286 1988 2319 duo
2011 2287 2078 2321 fere
2100 2287 2189 2321 indi-

1193 2325 1263 2363 cia,
1286 2335 1352 2358 non
1376 2326 1430 2358 diu
1444 2336 1557 2368 aquam
1580 2326 1669 2360 illam
1693 2329 1777 2360 intra
1789 2329 1933 2362 cranium
1946 2328 2058 2365 fuisse.

1192 2367 1335 2401 Uterum
1358 2380 1487 2411 quoque
1511 2369 1637 2403 tametsi
1672 2371 1864 2405 inclinatum
1897 2373 1964 2406 vidi
1996 2376 2030 2408 in
2054 2372 2186 2409 eandem

1188 2420 1315 2452 partem
1339 2414 1372 2445 in
1395 2424 1491 2454 quam
1515 2414 1643 2448 anicula
1666 2414 1734 2449 haec
1757 2416 1993 2451 claudicaverat
2020 2443 2030 2458 ‚
2053 2421 2085 2452 &
2107 2430 2185 2452 ova-

1186 2455 1243 2487 riis
1264 2456 1416 2498 stipatum
1440 2458 1579 2490 maxime
1613 2460 1820 2497 contraffiiiss
1851 2462 1890 2493 ad
1925 2460 2047 2504 reliqua
2077 2472 2186 2497 tamen

1186 2497 1375 2533 ostendenda
1400 2498 1466 2533 fuit
1490 2501 1642 2540 idoneus,
1667 2505 1697 2535 ὃς
1718 2504 1803 2537 inter
1835 2512 1950 2538 caetera
1982 2505 2020 2539 ad
2048 2517 2184 2540 monen-

1183 2540 1241 2574 dos
1267 2544 1433 2576 Studiosos
1457 2543 1689 2579 Adolescentes
1709 2572 1719 2585 ‚
1753 2558 1792 2580 ne
1824 2556 1955 2590 propter
1988 2549 2069 2583 illud
2091 2551 2181 2592 quod

1181 2585 1215 2616 in
1239 2588 1265 2617 I.
1292 2587 1491 2620 Adversariis
1515 2588 1561 2630 (i
1583 2592 1616 2627 ),
1642 2591 1769 2623 vaccini
1792 2612 1803 2630 ‚
1836 2594 1867 2624 δε
1889 2593 2056 2627 muliebris
2079 2595 2180 2627 uteri-

1180 2629 1213 2660 ni
1236 2630 1337 2663 osculi
1355 2631 1457 2664 ⁴situm
1479 2642 1690 2673 comparans,
1712 2634 1793 2667 olim
1815 2634 2003 2677 scripseram
2025 2661 2034 2677 ,
2063 2647 2178 2679 negare

1180 2682 1231 2706 me
1251 2696 1259 2710 ,
1285 2673 1473 2713 crederent,
1496 2675 1583 2708 illius
1606 2674 1708 2710 osculi
1728 2700 1739 2716 ‚
1774 2678 1945 2712 secundum
1969 2690 2117 2714 naturam
2142 2683 2176 2715 in

1179 2716 1311 2750 muliere
1331 2717 1362 2751 vse
1385 2717 1554 2757 habentis,
1577 2731 1729 2753 coronam
1741 2721 1932 2764 aliquanto;
1953 2723 2008 2756 etsi
2019 2734 2081 2757 non
2094 2724 2177 2758 sem-

1177 2770 1233 2800 per
1256 2771 1379 2803 quanto
1403 2760 1569 2795 Eustachii
1594 2763 1707 2796 Icones
1741 2766 1754 2805 (
1776 2764 1795 2804 l<
1816 2767 1831 2802 )
1873 2765 1999 2798 collatae
2033 2767 2119 2801 inter
2144 2769 2174 2803 se

1174 2804 1341 2842 indicant;
1365 2805 1404 2837 ab
1427 2805 1641 2838 anterioribus
1666 2808 1789 2848 magis,
1814 2818 1912 2850 quam
1940 2821 1955 2842 a
1980 2810 2170 2850 posteriori-

1172 2849 1253 2883 bus,
1276 2848 1485 2881 descendere.
1620 2851 1762 2884 Femoris
1807 2850 1931 2885 dexteri
1976 2851 2165 2894 junsturam

1168 2903 1243 2923 cum
1267 2891 1434 2925 acetabulo
1456 2891 1620 2925 noviffime
1645 2895 1825 2927 examinavi
1850 2908 1858 2925 ι
1892 2898 2021 2939 &ficu-m
2046 2898 2164 2932 vitium

1173 2933 1257 2967 haud
1278 2937 1369 2972 leve,
1394 2935 1438 2967 ob
1462 2946 1530 2968 eam
1555 2934 1659 2969 sedem
1682 2937 1861 2971 extrorsum
1885 2940 1920 2972 in
1942 2940 2029 2973 latus
2059 2940 2170 2974 defor-

1174 2980 1267 3010 miter
1290 2979 1552 3021 protuberantem
1576 3002 1585 3017 ,
1609 2991 1659 3013 me
1681 2981 1951 3023 deprehensarum
1974 3005 1984 3020 ,
2006 2985 2170 3018 existima-

1173 3033 1263 3059 rem3
1287 3034 1350 3055 non
1374 3033 1473 3056 unum
1489 3048 1499 3062 ‚
1524 3022 1572 3056 sed
1598 3025 1707 3065 plura,
1733 3034 1810 3057 mox
1833 3026 1980 3060 instituta
2004 3025 2169 3062 dissediio-

1174 3077 1235 3105 ne,
1256 3065 1471 3106 deprehendi,
1494 3077 1577 3108 qua,
1605 3077 1639 3100 ut
1662 3066 1790 3101 facilius
1814 3067 1909 3107 esset,
1935 3070 2117 3113 certiusque
2128 3083 2168 3105 ex

1173 3110 1414 3151 comparatione
1436 3107 1595 3150 judicium
1622 3124 1631 3147 3
1663 3109 1832 3153 utriusque
1854 3110 1987 3146 femoris
2024 3112 2168 3155 superio-

1173 3164 1239 3187 rem
1263 3163 1404 3194 partem,
1430 3155 1460 3184 &
1481 3151 1548 3186 ollis
1572 3154 1737 3196 utriusque
1750 3157 1951 3188 Innominati
1975 3154 2166 3192 inferiorem

1175 3197 1316 3239 primum
1341 3197 1518 3229 reteximus
1540 3219 1547 3227 .
1584 3199 1831 3231 Innominat'um
1855 3199 1955 3240 igitur
1978 3206 2014 3231 os
2057 3200 2163 3235 dexte.

1177 3250 1246 3274 rum
1260 3261 1269 3276 ,
1293 3238 1355 3272 five
1377 3241 1565 3272 exteriorem
1586 3262 1595 3276 ,
1629 3240 1692 3273 sive
1714 3242 1900 3275 interiorem
1926 3241 2041 3275 faciem
2063 3245 2165 3287 inspi-

1178 3293 1261 3317 ceres
1276 3306 1285 3321 ‚
1306 3283 1459 3324 ampliore
1484 3285 1516 3316 in
1540 3284 1622 3317 latus
1646 3295 1728 3326 gyro
1743 3307 1755 3324 ,
1779 3296 1875 3327 quarn
1899 3285 2062 3319 sinistrum
2077 3309 2085 3323 ,
2110 3300 2164 3322 ex·-

1180 3326 1270 3360 tendi
1295 3326 1437 3363 videres,
1461 3329 1491 3359 &
1514 3327 1672 3360 crassiores
1696 3330 1835 3361 exterius
1868 3331 1988 3371 pariete
2011 3331 2163 3365 acetabu-

1176 3371 1243 3403 lum
1267 3368 1551 3410 comprehendere.
1576 3371 1792 3404 Acetabulum
1816 3381 1923 3405 autem
1956 3372 2019 3406 hoc
2051 3375 2163 3408 dexte-

1174 3420 1244 3446 rum
1268 3412 1397 3445 orificio
1418 3422 1486 3446 erat
1511 3413 1644 3455 majori,
1667 3426 1764 3456 quam
1789 3413 1966 3452 sinistrum,
1990 3427 2047 3450 nec
2071 3419 2163 3452 flexi-

1174 3458 1221 3495 li,
1246 3464 1280 3488 ut
1303 3455 1383 3488 illud
1408 3455 1577 3497 supercilio
1601 3460 1688 3498 quod
1714 3468 1851 3495 vocant,
1876 3458 1925 3492 sed
1948 3458 2055 3493 osseo:
2080 3460 2163 3503 figu-

1176 3511 1291 3541 raque,
1316 3502 1345 3531 3<
1370 3499 1645 3537 dimensionibus,
1670 3510 1705 3535 ut
1727 3499 1884 3535 sinistrum
1910 3502 1985 3535 sano
2005 3526 2017 3543 ,
2049 3503 2091 3537 sic
2113 3507 2163 3547 ip-

1175 3542 1243 3575 sum
1267 3542 1306 3575 ab
1329 3552 1448 3575 naturae
1473 3554 1583 3576 norma
1608 3544 1713 3577 alieno
1743 3546 1844 3587 capiti
1876 3544 2011 3579 femoris
2033 3547 2162 3589 prorsus

1174 3585 1405 3626 respondebat.
1432 3585 1538 3628 Hujus
1561 3588 1644 3620 enim
1668 3589 1786 3630 capitis
1808 3588 1913 3622 forma
1946 3600 2011 3622 non
2043 3590 2163 3624 hemis—

1175 3628 1290 3671 phaerii
1312 3639 1378 3662 erat
1392 3655 1400 3669 ‚
1425 3628 1474 3663 sed
1497 3631 1592 3664 coni.
1613 3633 1700 3664 Coni
1724 3641 1830 3666 autem
1842 3632 1922 3666 basis
1943 3641 2076 3710 externcq
2087 3636 2165 3676 qui-

2074 3689 2123 3712 em

141 3756 2163 3776 mmm—*m

254 3845 268 3904 ))
285 3844 355 3872 Epist.
372 3845 408 3867 26.
426 3850 450 3866 n.
471 3843 504 3867 18.
565 3843 580 3873 (

594 3844 610 3867 d
627 3843 640 3871 )
657 3843 729 3872 Epist·
747 3851 785 3874 34·
803 3850 827 3867 n.
845 3850 865 3872 ς.

236 3898 242 3903 ,
286 3877 321 3900 De
338 3877 374 3899 Re
390 3876 454 3900 Anat
469 3876 486 3899 1.
507 3882 540 3906 ¹5·
601 3876 616 3905 (
631 3874 640 3897 i

929 3845 940 3866 (
954 3853 964 3868 e
981 3844 993 3872 )
1010 3845 1067 3873 Disp
1093 3843 1175 3868 exhib.
1200 3842 1260 3867 Hist.
1277 3843 1305 3867 de
1323 3846 1430 3872 Ruptum
1448 3846 1506 3870 Lien
1519 3862 1525 3868 .

656 3874 671 3902 )
689 3874 760 3904 Epist.
775 3878 817 3899 ω.
834 3882 857 3899 n.
875 3881 910 3900 ii.
926 3876 948 3899 δι
964 3875 1035 3905 Epist.
1052 3881 1087 3905 ος.
1106 3883 1130 3900 n.
1150 3883 1186 3904 ις,

1587 3844 1651 3875 (f)
1669 3846 1767 3870 Observ.
1785 3846 1888 3872 Lienum
1905 3847 2001 3877 disrupt-

1465 3878 1479 3906 (
1496 3877 1510 3900 k
1528 3880 1538 3903 >
1553 3877 1616 3901 Tab.
1638 3877 1673 3905 1'4.
1690 3878 1742 3906 Pig.
1760 3887 1782 3907 3·
1799 3879 1821 3901 Sc
1837 3885 1860 3906 4.

1248 3878 1404 3905 (i1ln.15.

1979 3951 1999 3962 α
