2498 4075
466 203 615 270 Epist·
654 203 816 256 Anat.
851 202 1066 258 Medica
1100 205 1167 257 V.
1204 204 1326 256 Art.
1364 207 1405 255 ιζ
1438 219 1485 258 2.
1515 206 1571 259 ὅ(
1611 223 1654 269 3.

59 285 148 318 rato,
169 278 203 310 in
226 280 486 322 qnorum-altero
506 282 617 323 humor
639 280 704 320 fuit
727 282 760 315 in
784 293 818 315 ea
828 281 975 324 glandula
997 293 1053 326 un-

58 320 197 361 duofhs,
215 321 393 363 pellucidus
416 331 538 361 tamen,
556 323 636 367 stylo
657 322 738 367 insci
760 323 853 364 instar
875 324 1028 361 adhaerens
1038 349 1051 366 ,

56 366 90 397 in
115 363 215 396 altero
238 374 339 399 autem
364 366 469 401 eadem
479 391 492 408 ,
514 377 574 409 qua
587 363 815 407 infundibulum
837 367 1049 413 inserebatur,

76 405 192 440 elatina
213 408 346 448 quadam
377 409 493 452 viscida
525 410 565 442 ad
585 410 828 451 magnitudinem
850 412 980 446 minoris
999 409 1052 449 fa-

53 418 98 484 {ae
114 449 244 491 penitus
267 451 388 493 oppleta
402 451 474 494 fuit
498 477 504 484 ,
540 454 577 485 In
602 450 652 487 his
675 453 776 494 igitur
807 454 954 488 omnibus
978 455 1053 487 alias

52 503 178 536 quoque
201 493 266 527 vias
288 495 456 539 impeditas
479 494 596 536 fuisse,
618 495 749 529 censeo:
774 507 837 529 non
861 497 900 530 fic
924 508 996 530 vero
1019 498 1053 530 in

53 537 119 570 illis
145 535 246 570 tribus
270 538 476 581 apoplecticis
500 550 580 581 quos
604 538 746 581 superins
758 540 931 582 proposui,
953 550 988 574 ut
1001 551 1055 573 ne-

53 590 114 623 que
146 580 180 611 in
204 579 263 613 illo
295 592 387 623 quem
423 580 618 624 descriptum
651 581 745 616 habes
779 583 811 617 in
845 583 1052 626 Sepulchreto

52 626 67 663 (
82 634 107 665 y
131 625 165 663 ),
188 623 220 655 in
240 622 329 666 cujus
349 623 497 666 glandula
517 625 687 666 pituitaria
707 649 720 665 ,
750 624 844 668 duplo
867 627 982 668 majore
999 626 1052 670 so-

53 666 111 700 lito
125 688 133 702 ,
152 665 238 708 finus
259 668 405 700 inventus
429 667 468 706 esi
486 668 596 710 plenus
619 679 707 703 muco
718 692 731 709 ,
753 670 808 710 qui
831 670 863 701 in
880 669 1052 712 gelatinam

45 707 224 752 subflavam
242 707 434 750 pellucidam
458 719 653 747 concreverat
674 736 680 742 .
717 714 754 748 In
780 712 829 746 his
864 714 949 745 enim
986 725 1051 747 non

52 752 124 794 plus
148 754 175 785 ei
198 751 353 795 glandulae
378 753 510 795 tribuo,
533 767 627 797 quam
652 762 688 786 ut
711 756 750 787 ad
772 766 855 797 aquae
866 756 1050 790 cumulatio-

52 805 121 829 nem
136 793 506 841 symbolumwcontulerit
522 820 531 835 ‚
556 810 625 840 quse
651 798 801 832 sententia
824 799 959 833 auctoris
972 811 1053 842 quo-

50 850 112 881 que
133 838 197 872 fuit
220 837 313 881 hujus
338 837 496 880 postremae
528 841 757 875 observationis
782 840 924 884 Wepferi
959 846 973 881 (
995 854 1018 885 z
1038 846 1052 882 )

50 884 83 914 in
106 894 139 915 ea
165 880 370 915 Scholiorum
394 893 482 924 parte
502 907 514 923 ,
544 896 615 928 quae
637 897 701 919 non
735 885 820 918 secus
843 897 876 918 ac
908 885 973 928 ejus
998 896 1057 918 no-

52 936 122 958 men
134 948 146 965 ,
169 926 201 956 in
219 925 430 967 Sepulcbreto
453 926 563 961 omissa
576 930 636 962 est.
660 929 768 968 Quam
779 929 1031 964 observationem
1043 952 1056 969 ,

50 977 86 1002 ut
110 971 140 1001 ὃς
165 967 338 1014 duas-illas
359 980 435 1011 quas
469 969 507 1003 de
532 970 773 1014 hydrocephalo
793 996 804 1012 ‚
838 972 958 1005 ultimo
981 972 1055 1007 loco

49 1010 211 1051 indicavi,
234 1011 257 1043 {1
279 1023 353 1045 cum
375 1023 442 1045 mea
465 1014 542 1054 illa,
566 1017 599 1047 in
623 1016 802 1050 stabulatio
813 1015 922 1049 habita
943 1018 957 1054 (
979 1016 1055 1057 a),

49 1054 137 1097 quod
160 1054 198 1087 ad
222 1054 379 1095 glandulae
404 1058 581 1094 Pituitariae
606 1057 807 1092 affeetionem
831 1059 949 1093 attinet
970 1082 982 1098 ,
1006 1059 1056 1091 di-

49 1099 185 1139 ligenter
210 1097 408 1141 conjungas5
432 1099 526 1133 facile
551 1102 709 1145 intelliges
734 1124 742 1138 ‚
766 1103 847 1134 inter
869 1112 1000 1138 caeteros
1023 1113 1057 1134 e-

48 1141 97 1185 jus
121 1141 269 1180 morboe,
294 1141 408 1178 viscidi
431 1144 465 1177 in
488 1156 523 1180 ea
546 1147 632 1179 muci
655 1143 891 1186 congestionem
914 1144 1056 1181 haudita

1976 223 2041 275 37

1104 292 1180 316 raro
1200 282 1408 324 contingere.-
1432 296 1499 328 quo
1520 279 1649 319 fortasse
1677 287 1787 314 tumor
1808 292 1935 325 quoque
1966 284 2106 320 referen-

1101 325 1159 359 dus
1183 324 1226 359 est
1248 324 1287 358 de
1309 325 1534 361 steatomatumv
1551 335 1660 366 genere
1679 346 1692 363 ³
1722 323 1760 357 ab
1782 324 1915 368 eodem,
1938 339 2034 371 quem
2057 329 2107 362 su-

1102 380 1158 410 pra
1182 371 1195 408 (
1219 367 1238 400 b
1259 372 1273 408 >
1296 368 1443 410 laudavi,
1466 367 1651 404 Manfredio
1671 367 1714 400 A,
1743 377 1833 408 1707.
1858 370 1892 402 in
1914 382 1949 403 ea
1971 370 2105 412 glandu-

1103 413 1132 445 la
1156 411 1381 454 deprehensus.
1406 415 1449 447 Et
1473 425 1567 447 muco
1579 412 1696 455 pariter
1716 410 1788 444 illas
1806 422 1931 458 quoque
1954 415 2029 448 alias
2041 415 2107 448 via's

1105 455 1275 498 aliquando
1298 455 1426 489 occludi
1453 455 1535 498 posse
1558 480 1569 496 ‚
1592 454 1750 500 intellig-es
1768 476 1782 493 ‚
1813 457 1836 486 11
1866 467 1962 497 quam
1985 457 2107 491 Pechli-

1107 510 1162 532 nus
1184 499 1218 533 in
1242 498 1450 540 Sepulchreto
1471 504 1485 539 (
1507 511 1523 532 c
1544 503 1558 540 )
1580 497 1742 538 descripsit
1763 518 1774 534 ‚
1809 495 2039 542 hydrocephali
2062 501 2110 535 se-

1106 542 1246 575 astionem
1269 542 1427 584 relegens,
1450 541 1727 580 animadverteris,
1750 539 1805 574 sub
1828 543 1965 576 maxima
1997 544 2109 587 limpi-

1103 584 1218 618 diffinu
1242 584 1300 620 seri
1322 587 1416 628 copia
1437 586 1471 619 in
1492 584 1739 619 ventriculorum
1755 580 1856 624 fundo
1886 584 2004 620 lentam
2020 586 2107 631 fuis-

1095 627 1131 670 se
1155 629 1197 660 &
1215 627 1403 670 pituitosam
1423 628 1581 669 lympham
1603 650 1612 666 ‚
1645 638 1710 669 quae
1725 625 1761 669 se
1780 625 1917 675 glutinis
1939 629 2032 668 instar
2049 640 2110 671 pa-

1103 670 1237 705 rictibus
1268 671 1383 706 cerebri
1407 671 1589 706 medullaris
1610 694 1620 710 ‚
1652 672 1695 706 &
1723 669 1970 706 ventriculorum
2000 671 2110 707 limbis

1102 713 1321 755 applicaverat
1334 740 1341 747 .

1147 768 1200 799 37.
1223 759 1387 791 Caeterum
1411 756 1557 791 humoris
1581 757 1613 789 in
1629 755 1833 791 Pituitariam
1855 757 2042 798 glandulam
2055 757 2111 791 de-

1104 800 1228 833 fluxum
1250 812 1265 833 a
1290 801 1474 835 ventriculis
1498 800 1630 844 quidem
1652 799 1773 833 cerebri
1794 800 1943 835 omnibus
1956 801 2110 835 Infundia-

1102 842 1171 875 buli
1194 844 1333 877 occlusio
1355 845 1512 886 impedit,
1537 844 1622 878 velut
1643 854 1678 876 ea
1699 853 1795 886 quam
1819 844 1998 879 Brunnerus
2020 846 2112 888 (d),

1107 888 1246 928 itemque
1269 898 1311 920 eae
1342 899 1419 930 quas
1444 888 1583 922 Littrius
1607 890 1622 926 (
1644 897 1659 921 e
1679 889 1693 927 )
1712 909 1725 927 ,
1757 886 1874 929 aliique
1893 912 1907 929 ,
1936 891 1970 923 δε
1993 890 2025 922 in
2060 888 2114 924 his

1109 930 1213 962 Praecl.
1239 930 1388 966 Hallerus
1411 929 1497 976 (f)
1520 931 1560 964 ab
1581 930 1609 963 se
1633 930 1712 962 visas
1734 928 1864 963 tradunt
1878 944 1888 964 .·
1909 943 1928 965 a
1952 934 2111 967 Laterali-

1105 973 1164 1005 bus
1186 983 1260 1004 vero
1271 983 1423 1015 quatenus
1447 974 1602 1016 impedire
1615 972 1703 1015 poffit
1726 984 1855 1009 orarum
1867 976 2013 1011 Foru-icis
2036 988 2112 1011 cum

1106 1013 1170 1048 basi
1192 1015 1312 1049 horum
1333 1018 1583 1052 ventriculorum
1607 1017 1746 1050 coalitus
1769 1040 1782 1057 ‚
1816 1027 1869 1050 aut
1893 1018 1931 1052 ad
1954 1018 2035 1052 hanc
2060 1031 2111 1054 ar-

1107 1057 1237 1091 &ciffima
1263 1060 1437 1101 appreffio,
1462 1060 1635 1093 videndum
1659 1057 1730 1092 effer
1751 1083 1760 1090 .
1786 1061 1909 1095 Verum
1934 1062 2108 1105 aliquando

1108 1101 1253 1144 Epistola
1278 1101 1357 1143 hic,
1378 1112 1414 1137 ut
1437 1102 1591 1147 promisi,
1615 1102 1710 1137 finem
1732 1100 1866 1137 habeat.
1892 1105 1996 1139 Vale.

98 1292 639 1383 EPIS'TOLA
710 1319 1907 1386 ANATOMICO-MEDICA
1981 1326 2066 1389 vi

224 1445 315 1497 De
351 1444 660 1512 Apoplexia
694 1462 814 1514 quae
848 1459 1017 1562 tsieque
1049 1462 1088 1565 ab
1113 1428 1389 1510 sanguine,
1423 1461 1593 1514 neque
1627 1464 1658 1498 a
1691 1447 1796 1499 sero
1833 1447 1906 1500 est
1927 1486 1944 1509 ,

869 1525 1018 1565 ermo
1091 1523 1303 1564 ametur.

148 1632 312 1674 Raeclare,
335 1642 369 1666 ut
395 1626 540 1668 solebat,
565 1627 780 1666 Boerhaavius
810 1635 825 1672 (
847 1645 865 1666 a
887 1638 901 1674 )
920 1657 932 1674 ,
955 1634 1047 1675 Apo-

159 1675 285 1717 plexia,
309 1676 439 1719 inquit,
460 1670 533 1704 bene
556 1671 711 1707 dividitur
723 1677 755 1707 in
760 1674 981 1719 sanguineam,
1007 1677 1049 1710 &⁹

152 1718 360 1761 pituitosam;
375 1717 431 1760 sed
452 1724 508 1747 non
530 1713 667 1757 perfeiia
692 1718 860 1760 divifione,
886 1731 980 1761 quum
1007 1722 1048 1754 (9

38 1761 168 1804 scrofa,
191 1762 233 1794 Θ
255 1760 464 1798 atrabilaria‚
487 1760 528 1791 (ψ
546 1758 694 1801 polyposa
711 1761 775 1803 fit,
804 1765 845 1795 (5-
869 1763 932 1797 alia
953 1786 960 1794 .
987 1764 1050 1796 Ea-

45 1805 182 1847 demque
202 1805 295 1838 nobis
316 1829 328 1846 ‚
361 1805 480 1847 quippe
503 1803 676 1835 anatomica
708 1803 891 1846 inspec‘iione
921 1807 1052 1839 cadave-

45 1861 112 1884 rum
135 1860 173 1880 eo
194 1849 309 1881 morbo
340 1847 548 1881 extintiorum
580 1847 697 1887 pariter
720 1847 843 1882 edoetis
864 1873 876 1889 ,
910 1849 931 1882 si
957 1860 1054 1892 pauca

45 1891 193 1936 quaedam
215 1893 377 1935 excipias,
401 1889 555 1923 sententia
579 1888 621 1935 est
643 1913 650 1919 .
685 1891 797 1932 Itaque
820 1904 894 1925 cum
925 1894 1056 1935 apople-

46 1937 135 1969 xiam
156 1936 190 1967 in
201 1935 430 1977 sanguineam,
453 1935 485 1965 δε
509 1931 641 1964 serosam
660 1931 826 1969 divisimus
848 1939 862 1975 (
885 1934 903 1968 b
926 1940 963 1977 ),
987 1948 1051 1969 non

45 1979 196 2013 morbum
232 1978 336 2021 ipsum
359 1976 524 2011 divisimus
549 1999 562 2016 ,
595 1975 645 2008 sed
677 1976 908 2020 frequentiores
943 1981 1052 2021 potius

48 2033 120 2056 cum
145 2022 282 2055 aliorum
302 2046 314 2063 ,
349 2031 419 2055 tum
442 2019 635 2053 nominatim
660 2020 818 2056 Valsalvae
835 2048 842 2061 ,
879 2026 912 2056 Sc
935 2023 1053 2057 nostras

47 2066 320 2108 apoplefflcorum
345 2063 543 2098 disset-stiones
562 2086 574 2102 ,
595 2067 791 2109 caeteroquin
815 2065 929 2099 diserte
954 2065 1019 2100 falsi
1043 2091 1056 2107 ,

47 2120 274 2150 nonuunquam
296 2112 328 2142 &
352 2108 452 2147 alias,
475 2115 589 2149 praeter
612 2108 795 2150 sanguinem
818 2132 830 2149 ,
863 2112 895 2142 &
920 2109 1021 2144 serum
1044 2133 1054 2149 ‚

49 2153 226 2195 apoplexiae
250 2152 355 2186 causas
378 2151 515 2184 inveniri
537 2173 550 2191 ,
585 2161 719 2192 quarum
745 2153 806 2184 tibi
831 2152 953 2195 aliquas
976 2176 988 2193 ,
1020 2163 1056 2186 ut

48 2207 124 2230 runc
148 2196 372 2238 promisimus,
396 2194 454 2227 hac
479 2192 624 2234 Epistola
649 2206 861 2235 proponemus
883 2221 889 2228 .
915 2195 1057 2229 Scrofam

50 2248 158 2275 autem
182 2241 294 2281 potius
316 2239 482 2276 diximus,
506 2246 603 2278 quam
616 2237 828 2278 pituitosam,
855 2237 1054 2281 frequentio-

49 2295 79 2315 ra
105 2284 223 2324 pariter
246 2282 438 2323 specstantes.
464 2280 552 2311 Nam
575 2287 610 2311 ut
635 2290 704 2313 vera
729 2279 898 2323 scripsisse,
920 2293 984 2314 non
995 2282 1054 2316 du-

49 2326 188 2358 bitemus
203 2347 212 2362 ‚
237 2323 434 2359 Columbum
457 2321 597 2369 nostrum
620 2325 633 2360 (
654 2334 670 2355 c
691 2327 728 2364 ),
752 2334 826 2357 cum
849 2323 877 2356 se
900 2324 1052 2369 diffecuis.

52 2369 78 2405 se
101 2379 158 2401 non
179 2367 274 2410 semel
286 2394 295 2408 ‚
319 2370 363 2400 ait
377 2390 384 2404 ,
410 2366 464 2408 qui
485 2364 521 2398 ob
535 2364 656 2407 fortem
665 2366 861 2408 apoplexiam
884 2367 1050 2408 obierant,

44 2407 84 2447 'in
115 2422 275 2454 eorumque
297 2409 418 2444 cerebro
450 2418 593 2449 magnam
614 2418 698 2449 aquae
730 2410 849 2451 copiam
879 2409 1017 2453 reperiJJe
1042 2423 1060 2444 τ’

46 2455 241 2498 perspicuam
264 2454 387 2497 quidem
407 2477 416 2490 ‚
432 2450 487 2498 sed
507 2450 696 2496 glutinosam
717 2463 729 2491 ,·
762 2451 802 2484 fic
826 2454 932 2487 minus
956 2455 1053 2489 obvia

52 2497 180 2538 vidisse,
205 2498 381 2532 credimus,
405 2495 462 2527 nih
487 2492 571 2526 forte
595 2495 739 2535 censeas,
763 2507 849 2538 aquae
873 2497 960 2531 illius
983 2510 1052 2540 quae

49 2542 127 2582 saepe
151 2540 207 2575 sub
230 2541 337 2575 Tenui
361 2539 507 2579 meninge
529 2540 543 2575 (
564 2537 617 2577 d)
640 2540 746 2580 primo
770 2538 894 2581 aspectu
913 2540 1056 2584 gelatinae

51 2584 145 2618 instar
168 2593 318 2627 apparet,
341 2582 474 2625 speciem
498 2582 629 2623 potius,
652 2592 748 2623 quam
759 2592 928 2624 naturam,
952 2593 1055 2618 atten-

51 2627 146 2663 disse.
170 2630 334 2660 Caeterum
357 2625 377 2658 si
403 2623 558 2666 ejusmodi
581 2635 693 2666 aquam
717 2627 835 2668 reperit
857 2640 926 2671 quae
950 2629 1054 2671 reapse

52 2673 205 2716 pituitam
227 2672 317 2705 illam
339 2668 490 2708 referret,
513 2678 609 2710 quarn
630 2676 705 2701 tunc
729 2670 827 2712 vulgo
850 2671 975 2704 causam
996 2671 1054 2705 effe

51 2715 273 2749 existimabant
299 2713 492 2757 apoplexiae3
517 2711 599 2758 recte
621 2710 696 2745 fecit
720 2713 806 2756 quod
828 2713 983 2757 ejusmodi
995 2715 1054 2747 ob-

53 2759 241 2793 servationes
264 2759 298 2790 in
321 2767 392 2790 eum
416 2755 533 2788 librum
555 2757 664 2798 rejecit
687 2767 781 2798 quem
813 2757 848 2791 de
869 2759 911 2792 iis
943 2759 1054 2793 inscri-

55 2801 116 2845 psit
139 2823 146 2837 ,
170 2813 234 2841 quae
258 2812 326 2833 raro
348 2801 380 2833 in
402 2802 565 2831 Anatome
588 2799 784 2839 reperiuntur
806 2825 814 2833 .
849 2802 920 2834 Nec
945 2803 1050 2836 minus

54 2846 138 2878 roste
162 2843 238 2877 fecit
264 2843 416 2877 Varolius
437 2845 450 2881 (
472 2853 487 2875 e
508 2845 521 2881 )
552 2843 565 2880 (
587 2842 677 2884 cujus
701 2842 809 2876 locum
828 2866 836 2880 ‚
873 2845 948 2878 alias
971 2858 1051 2889 quo-

55 2900 116 2930 que
140 2885 221 2930 (f)
246 2886 459 2930 produffimm,
483 2883 587 2917 forsan
612 2887 734 2929 aequius
758 2885 800 2919 est
821 2887 858 2920 ad
882 2889 966 2921 hunc
979 2900 1050 2922 mo-

55 2933 132 2966 dum
156 2931 356 2973 interpretari
378 2934 391 2971 >
422 2928 444 2961 fi
471 2929 623 2971 pituitam
645 2929 775 2962 eandem
799 2930 937 2973 speetans
956 2955 969 2972 ,
1001 2944 1056 2965 ne-

55 2977 144 3020 gavit
165 3000 173 3014 ,
205 2975 237 3007 in
259 2973 440 3006 ventriculis
475 2971 588 3020 cerebri
618 2973 891 3015 apoplevfticorum
924 2977 1055 3017 reperiri

1 3029 2 3032 ’
56 3019 206 3059 majorem
228 3024 485 3050 excrementorum
508 3025 627 3056 copiam
647 3038 660 3057 ,
682 3026 775 3057 quam
797 3019 1002 3052 communiter
1023 3021 1056 3053 in

58 3061 198 3096 omnibus
221 3059 294 3093 aliis
317 3059 443 3100 reperiri
459 3057 590 3102 soleat.
681 3060 803 3093 Verum
835 3060 874 3094 ad
908 3062 1056 3105 promissa

59 3102 241 3143 efficienda,
267 3102 305 3135 ab
328 3101 446 3135 duabus
470 3101 624 3136 Valsalvae
648 3101 791 3137 historiis
814 3104 913 3138 initio
934 3104 1054 3147 dueto,

42 3158 246 3192 pergamus.

101 3201 131 3223 2.
156 3192 240 3224 VIR
263 3197 327 3223 erat
359 3198 455 3221 annos
477 3196 567 3222 natus
601 3191 735 3232 triginta
757 3200 819 3225 tres
840 3215 852 3232 ‚
886 3191 1056 3235 sanguineo

60 3242 331 3277 temperamentO,
353 3232 503 3273 gracilis,
527 3232 713 3276 herniosus,
735 3246 822 3269 mero
842 3259 853 3275 ,
876 3238 907 3268 δι’
932 3236 1056 3270 tabacco

62 3277 258 3320 summopere
281 3274 409 3309 deditus
430 3300 436 3306 .
473 3276 540 3308 Hic
558 3279 658 3319 coepit
693 3278 800 3312 dolere
824 3288 912 3322 parte
940 3282 1057 3322 capitis

61 3320 206 3361 sinistra,
229 3318 268 3352 ad
292 3318 483 3362 occipitium
509 3321 681 3360 praesertim
702 3335 712 3354 .·
735 3334 827 3365 quem
850 3321 990 3355 dolorem
1015 3323 1059 3357 se-

64 3374 158 3398 cutus
180 3362 222 3396 est
244 3362 339 3396 dolor
359 3385 371 3403 ‚
404 3364 436 3394 &
461 3361 661 3397 imbecillitas
685 3366 901 3401 musculorum
922 3366 1001 3399 colli
1024 3368 1058 3400 in

63 3407 175 3441 eodem
198 3407 293 3439 latere
307 3431 314 3437 .
340 3404 482 3439 Primum
505 3403 599 3440 febris
622 3407 787 3443 vehemens
810 3408 900 3447 fuit3
925 3408 977 3442 sed
1002 3421 1060 3452 po-

62 3451 123 3485 stea
146 3451 175 3484 se
199 3451 359 3483 remittere
382 3448 445 3481 visa
468 3447 532 3481 est.
557 3450 678 3484 Verum
700 3453 807 3495 pulsus
818 3452 920 3486 factus
942 3452 983 3486 est
997 3464 1060 3486 non

63 3494 162 3528 modo
185 3504 292 3532 rarus,
315 3491 368 3526 sed
388 3494 421 3525 δε
444 3491 558 3526 debilis
575 3515 589 3533 ,
624 3505 798 3540 parumque
820 3497 957 3529 renitens
979 3519 988 3535 ‚
1023 3496 1062 3529 fi-

1098 1634 1225 1676 mulque
1248 1635 1455 1669 collabascere
1477 1640 1643 1675 coeperunt
1664 1632 1747 1665 vires
1767 1654 1780 1672 ,
1804 1641 1840 1666 ut
1863 1635 1971 1678 quivis
1996 1646 2115 1678 corpo-

1100 1680 1143 1711 ris
1167 1686 1273 1712 motus
1297 1679 1363 1722 jam
1385 1675 1479 1711 essent
1501 1674 1667 1709 difficiles.
1697 1676 1788 1716 Qin
1803 1677 1902 1711 etiam
1927 1677 1996 1721 post
2014 1680 2117 1712 inter-

1103 1730 1234 1763 ruptum
1257 1724 1406 1757 delirium
1425 1744 1437 1761 ,
1471 1717 1611 1760 aphoma
1636 1718 1755 1752 accesiit
1776 1742 1786 1758 ‚
1819 1732 1918 1764 neque
1941 1734 2024 1765 aeger
2049 1734 2118 1755 am-

1105 1766 1187 1808 plius
1212 1776 1336 1799 movere
1360 1766 1388 1799 se
1411 1763 1537 1805 potuit,
1563 1762 1663 1795 donec
1686 1786 1692 1799 ‚
1720 1762 1803 1795 lente
1836 1766 1977 1799 moriens
2001 1790 2015 1807 ,
2047 1766 2117 1809 post

1105 1809 1192 1842 diem
1215 1809 1343 1843 tandem
1376 1817 1525 1853 quartum
1556 1806 1717 1840 decimum
1751 1807 1853 1841 vivere
1885 1807 1996 1842 desiit.
2087 1812 2118 1844 E

1105 1852 1290 1886 CRANIO
1315 1854 1392 1887 dum
1414 1851 1576 1885 cerebrum
1598 1851 1777 1890 eximitur,
1802 1851 1837 1884 in
1851 1850 1945 1896 hujus
1968 1853 2031 1888 basi
2045 1865 2122 1897 pau-

1107 1895 1210 1929 lulum
1233 1897 1408 1937 purulentae
1433 1896 1572 1927 materiae
1596 1893 1859 1929 animadvertitur
1884 1909 1890 1928 .·
1918 1909 1980 1940 qua
2006 1898 2120 1932 abster-

1105 1939 1160 1979 sa,
1184 1938 1260 1972 dum
1284 1940 1446 1973 cerebrum
1471 1939 1623 1971 trastitur
1643 1962 1655 1978 ,
1688 1936 1808 1971 ibidem
1843 1950 1922 1972 nova
1956 1942 2118 1984 conspici-

1105 1992 1178 2015 tur.
1203 1983 1378 2018 Nimirum
1401 1993 1453 2025 per
1477 1979 1725 2016 Infundibulum
1749 1993 1764 2013 e
1789 1984 1979 2018 ventriculis
2004 1984 2116 2028 prodi-

1105 2025 1179 2058 bat.
1204 2027 1292 2060 Nam
1315 2028 1421 2060 eadem
1435 2025 1552 2059 sinister
1569 2052 1576 2064 ‚
1600 2024 1770 2068 dexterque
1784 2025 1957 2068 praesertim
1974 2051 1982 2065 ,
2007 2029 2122 2062 redun-

1107 2068 1225 2102 dabant
1247 2096 1254 2102 .
1291 2071 1422 2113 Quippe
1457 2071 1490 2102 iu
1524 2067 1619 2111 hujus
1652 2070 1773 2102 Striato
1803 2081 1937 2113 corpore
1972 2071 2118 2106 foramen

1108 2122 1193 2152 erat,
1218 2125 1358 2155 quocum
1382 2114 1471 2147 ulcus
1494 2110 1654 2147 sinuosum
1677 2114 1937 2148 communicabat
1953 2142 1962 2156 ,
1986 2118 2118 2150 tertiam

1109 2165 1233 2197 partem
1257 2169 1417 2200 occupans
1440 2155 1643 2196 substautiae,
1665 2168 1734 2199 quae
1766 2168 1782 2188 a
1806 2156 1928 2192 dextris
1952 2159 2050 2194 basim
2065 2171 2118 2194 ce-

1109 2199 1191 2230 rebri
1214 2198 1368 2234 faciebat.
1394 2202 1424 2233 A
1448 2199 1577 2233 sinistris
1602 2200 1685 2232 nihil
1715 2200 1748 2232 in
1771 2201 1901 2235 cerebro
1932 2213 1997 2237 erat
2022 2205 2120 2237 vitia-

1109 2251 1202 2275 tum.
1294 2246 1357 2277 His
1381 2243 1550 2285 inspectis,
1574 2243 1616 2275 ob
1639 2243 1782 2275 herniam
1819 2243 1951 2279 disl'ecfto
1976 2246 2083 2281 scroto
2109 2269 2120 2285 ,

1109 2285 1256 2319 intestina
1280 2296 1402 2330 reperta
1427 2286 1497 2319 sunt
1520 2285 1668 2320 testiculo
1684 2312 1692 2326 ,
1715 2289 1746 2319 δε
1768 2287 1987 2330 circumjecffis
2010 2302 2118 2324 mem-

1108 2329 1212 2363 branis
1236 2339 1302 2363 tarn
1326 2330 1428 2363 valide
1453 2340 1593 2368 annexa,
1618 2338 1654 2363 ut
1678 2330 1866 2372 neutiquam
1891 2332 2069 2375 potuissent
2082 2336 2117 2369 in

1105 2371 1190 2406 suam
1215 2372 1315 2406 sedem
1340 2374 1470 2416 reponi.

1149 2427 1179 2457 3.
1206 2417 1238 2448 Si
1264 2415 1377 2450 effusus
1403 2415 1527 2459 sanguis
1550 2417 1582 2449 in
1605 2428 1662 2459 pus
1687 2416 1715 2451 se
1725 2427 1946 2460 converteret;
1968 2420 2031 2454 tibi
2049 2420 2119 2455 for-

1110 2458 1185 2492 tasse
1208 2458 1288 2491 hanc
1312 2458 1530 2493 dissecftionem
1555 2471 1627 2493 cum
1652 2460 1722 2493 aliis
1744 2465 1945 2505 comparanti
1978 2477 2047 2508 quae
2071 2467 2117 2499 E-

1107 2502 1219 2544 pistola
1245 2504 1308 2535 111.
1334 2502 1500 2545 descriptae
1535 2503 1606 2536 sunt
1629 2506 1684 2546 (g
1703 2507 1717 2544 )
1735 2528 1747 2545 ‚
1779 2505 1846 2539 haec
1878 2519 2007 2551 quoque
2042 2521 2118 2552 apo-

1107 2545 1211 2587 plexia
1234 2545 1398 2580 videretur
1422 2548 1460 2579 ab
1484 2544 1583 2580 effuso
1604 2547 1752 2590 sanguine
1775 2547 1866 2583 fuisse
1888 2553 1945 2594 qui
1970 2551 2028 2586 sibi
2052 2554 2119 2595 pri-

1107 2600 1196 2622 mum
1221 2589 1255 2621 in
1278 2589 1446 2623 substantia
1468 2590 1586 2623 cerebri
1609 2602 1774 2625 cavernam
1799 2592 1888 2627 istam
1912 2596 2083 2630 excavasset
2108 2620 2117 2635 ,

1106 2644 1183 2666 mox
1205 2634 1239 2664 in
1262 2644 1319 2675 pus
1342 2633 1469 2673 versus,
1493 2634 1614 2666 Striato
1636 2645 1771 2678 corpore
1795 2647 1948 2680 perrupto
1965 2662 1978 2680 ,
1997 2641 2031 2673 in
2055 2640 2117 2673 im-

1104 2674 1245 2717 positum
1266 2677 1480 2711 ventriculum
1501 2700 1513 2717 ,
1545 2688 1583 2710 ex
1606 2689 1706 2719 eoque
1728 2681 1761 2712 in
1785 2680 1919 2715 alterum
1943 2682 2081 2717 irruisset
2104 2708 2113 2716 .

1104 2721 1227 2752 Verum
1248 2731 1321 2754 cum
1344 2719 1525 2763 sanguinem
1547 2720 1679 2755 effusum
1701 2723 1831 2765 perstare
1851 2749 1864 2765 ,
1897 2735 1959 2758 non
1984 2738 2041 2770 pus
2064 2727 2118 2761 fie-

1105 2764 1156 2802 ri,
1181 2762 1250 2796 aliae
1273 2765 1352 2797 alias
1374 2767 1388 2802 (
1409 2764 1429 2797 h
1451 2767 1465 2804 )
1499 2776 1514 2796 a
1537 2765 1630 2798 nobis
1653 2765 1820 2807 produffitae
1842 2791 1854 2808 ‚
1889 2770 2117 2811 producendae-

1104 2818 1164 2848 que
1188 2805 1325 2840 historiae
1348 2808 1581 2850 comprobent3
1607 2808 1704 2842 satius
1726 2810 1769 2844 est
1792 2810 1972 2853 conjicere,
1996 2814 2116 2848 absces-

1102 2850 1169 2883 sum
1194 2875 1203 2891 ,
1240 2851 1394 2892 paul-atim
1418 2853 1458 2884 in>
1486 2850 1614 2883 cerebro
1638 2850 1760 2886 fastum
1782 2876 1794 2894 ,
1828 2853 2045 2891 vehementem
2068 2857 2116 2891 fe-

1101 2893 1187 2926 brem
1210 2902 1286 2927 tunc
1309 2892 1454 2928 excitasse
1479 2918 1488 2932 ‚
1523 2905 1598 2928 cum
1620 2906 1658 2927 ex
1682 2894 1747 2938 ejus
1772 2899 1904 2931 materia
1929 2912 1987 2943 pus
2009 2901 2125 2935 confi-¹

1108 2936 1270 2974 debatur,
1294 2949 1359 2980 quo
1383 2936 1550 2975 confestm
1576 2937 1604 2970 se
1627 2936 1747 2980 febris,
1770 2950 1806 2974 ut
1829 2942 1932 2984 solet,
1955 2944 2115 2978 remiserit

1108 2983 1121 3019 (
1142 2981 1154 3013 i
1175 2984 1188 3020 )
1208 3003 1221 3021 ,
1252 2991 1328 3013 mox
1352 2990 1456 3013 autem
1479 2991 1552 3014 cum
1575 3004 1584 3020 ‚
1619 2983 1670 3015 via
1702 2983 1761 3016 sibi
1793 2984 1877 3019 faeta
1909 2997 1965 3029 per
1987 2989 2115 3032 Corpus

1108 3026 1286 3063 Striatum,
1310 3035 1368 3065 pus
1391 3025 1425 3056 in
1448 3025 1647 3058 ventriculos
1669 3026 1856 3062 redundavit
1875 3053 1888 3070 ,
1920 3029 2011 3065 istam
2031 3043 2112 3074 apo-

1107 3068 1237 3109 plcffici
1269 3068 1389 3108 generis
1422 3065 1622 3102 affeetionem
1652 3069 1824 3105 acceffisse.
1861 3074 1963 3107 Extat
1995 3075 2113 3108 Laubii

1105 3113 1121 3149 (
1143 3110 1162 3150 l<
1182 3114 1195 3150 )
1217 3110 1398 3143 observatio
1414 3135 1426 3151 ,
1445 3110 1520 3143 alibi
1543 3123 1670 3155 quoque
1693 3125 1709 3146 a
1743 3115 1835 3148 nobis
1858 3116 1952 3150 facile
1974 3129 2114 3151 comme-

1106 3154 1276 3193 moranda,
1299 3165 1368 3196 quae
1391 3153 1532 3187 conferri
1554 3167 1629 3188 cum
1654 3156 1711 3190 hac
1731 3157 1853 3200 posset;
1877 3160 2000 3194 tametsi
2024 3162 2109 3196 mul-

1106 3207 1142 3229 to
1167 3196 1260 3230 serius
1286 3198 1354 3239 post
1376 3209 1503 3239 gravem
1525 3199 1638 3233 febrim
1659 3224 1672 3241 ,
1705 3202 1871 3244 apoplexia
1896 3215 1911 3236 a
1945 3215 2022 3247 pure
2044 3205 2114 3240 suc-

1107 3240 1214 3279 ceffit3
1238 3239 1260 3273 fi
1283 3240 1456 3274 dilucidius
1480 3241 1622 3276 indicata
1646 3242 1718 3277 esset
1742 3244 1835 3287 hujus
1859 3245 1942 3280 sedes
1965 3272 1973 3280 .
1996 3250 2110 3292 Appa-

1109 3293 1155 3316 ret
1179 3284 1264 3317 enim
1280 3307 1292 3323 ‚
1316 3282 1469 3318 effluxisse
1491 3297 1507 3317 e
1529 3287 1647 3320 cerebri
1672 3287 1896 3330 hemisphaerio
1920 3289 2045 3325 sinistro
2057 3292 2110 3327 su-

1110 3338 1164 3369 pra
1189 3339 1223 3360 os
1248 3326 1411 3360 Petrosum
1436 3341 1445 3366 ς
1472 3328 1521 3363 sed
1544 3340 1607 3363 non
1631 3342 1718 3374 aeque
1740 3332 1937 3375 intelligitur
1961 3334 2016 3368 ubi
2039 3346 2111 3369 ver-

1104 3370 1159 3414 sus
1182 3370 1336 3403 thalamos
1358 3371 1490 3409 (ambos
1514 3372 1654 3409 scilicet,
1678 3374 1946 3417 quemadmodum
1963 3376 2030 3411 haec
2042 3378 2109 3420 ipsa

1112 3412 1204 3446 verba
1226 3412 1402 3455 fignificant
1424 3439 1436 3454 ‚
1458 3426 1492 3449 ut
1516 3416 1711 3459 praegressum
1734 3419 1923 3453 omittamus
1947 3421 2109 3464 utriusque

1112 3457 1197 3490 oculi
1232 3457 1468 3497 aflefflonem)
1497 3459 1582 3497 ubi,
1617 3462 1775 3502 inquam,
1806 3463 1915 3505 “versus
1954 3463 2110 3498 thalamos

1112 3510 1276 3534 nervorum
1298 3501 1471 3542 opticorum
1494 3514 1552 3545 pus
1574 3502 1671 3536 fuerit
1695 3512 1786 3538 antea
1807 3505 1997 3548 conclusum.
2023 3508 2112 3541 Lon-

1964 3560 2001 3592 ge
2022 3558 2073 3584 ta-

66 3595 2124 3626 Ἢ

183 3645 198 3676 υ

214 3647 223 3670 ..-

225 3663 232 3669 .
249 3653 271 3670 1.
288 3647 313 3670 S.
331 3653 354 3669 2.
370 3645 429 3670 obs.
447 3653 485 3675 41.

547 3647 560 3676 (
576 3654 594 3675 z
608 3647 622 3676 )
637 3648 695 3674 Obs.
712 3657 742 3674 ex
757 3650 868 3677 cadaver.
886 3651 973 3681 Apopl.
991 3651 1015 3677 in
1033 3652 1106 3677 Aua.
1124 3653 1183 3678 Hist.
1203 3657 1239 3678 16.

1049 3686 1059 3708 (
1074 3692 1086 3707 e
1102 3683 1115 3711 )
1132 3685 1246 3708 Memoir.
1263 3685 1291 3709 de
1307 3686 1323 3709 l'
1339 3688 1414 3711 Acad.
1436 3690 1465 3711 R.
1483 3689 1522 3712 des
1539 3692 1575 3713 Sc.
1596 3690 1625 3712 A.
1645 3697 1711 3718 ¹707·

123 3647 187 3708 (εἴ)
204 3684 229 3700 in
244 3676 287 3700 cit.
303 3674 384 3700 Addit.
401 3677 429 3701 ad
445 3679 468 3700 S.
489 3680 524 3711 .¹⁶·
542 3677 608 3711 obs..
620 3687 642 3708 5.
704 3681 710 3708 (
732 3681 748 3704 d
764 3682 777 3709 )
796 3681 857 3706 Ibid.
875 3683 931 3706 Obs.
954 3691 988 3707 12.

126 3706 194 3737 (f)
212 3708 281 3731 leon.
297 3708 412 3730 Anatom.
431 3706 547 3732 Fascicui.
564 3716 586 3737 7.
603 3716 627 3731 in
643 3710 738 3741 Explie.
755 3711 817 3736 Tab.
837 3721 855 3737 1.
872 3714 902 3737 ad
920 3714 948 3737 Ρ.
967 3718 1019 3737 not.
1036 3717 1058 3737 C.

125 3738 140 3767 ζ
154 3746 165 3761 c
181 3737 195 3766 )
209 3739 244 3761 De
262 3739 295 3761 Re
311 3739 382 3762 Anat.
399 3738 417 3761 l.
436 3745 471 3767 ις.
532 3741 539 3768 (
558 3738 574 3762 d
589 3738 603 3767 )
621 3739 673 3763 vid.
691 3740 763 3769 Epist.
778 3745 801 3766 6.
819 3750 841 3766 n.
861 3751 896 3768 12.
916 3751 949 3772 ¹3-
1011 3744 1022 3767 (
1037 3751 1048 3767 e
1067 3743 1075 3773 )
1092 3745 1127 3767 De
1144 3747 1223 3770 nervis
1240 3747 1323 3774 Optio.
1344 3748 1417 3775 Epist.
1435 3757 1458 3773 ι..

126 3769 172 3827 {Z
188 3768 203 3825 ξ
218 3767 275 3827 {a
292 3767 460 3823 Qaesgtigiext.
476 3777 501 3828 47.
525 3771 580 3823 Ob(s
590 3769 633 3828 h39)
651 3770 722 3798 Epist.
738 3773 814 3798 Anat.
834 3781 868 3802 ις.
884 3781 909 3798 n.
927 3781 962 3804 η.
981 3775 1002 3798 δι
1021 3773 1095 3802 Epist.
1112 3775 1184 3800 Anat.
1202 3776 1293 3800 Medic.
1312 3784 1330 3801 2.
1351 3786 1377 3801 n.
1396 3786 1435 3812 ις,

1302 3655 1564 3687 (a)supra,n.19.
1625 3659 1788 3689 (b)n.25.

1643 3750 1647 3753 ῃ
1748 3717 1757 3748 (
1774 3719 1788 3744 b
1806 3722 1813 3750 J
1832 3704 1908 3752 Epist.
1927 3730 1946 3747 2.
1964 3731 1989 3747 n.
2006 3727 2028 3749 6.

1518 3749 1560 3778 (f
1576 3749 1678 3782 )·Ep1st.
1696 3757 1718 3772 2.
1738 3758 1764 3774 n.
1780 3759 1802 3780 7.
1821 3751 1843 3775 δε
1862 3752 1933 3782 Epist.
1950 3763 1974 3784 4.
1989 3762 2013 3779 n.
2031 3763 2053 3781 1.

1491 3780 1527 3808 (ι
1548 3780 1688 3809 )Hippocr.
1705 3781 1728 3805 S.
1744 3789 1766 3804 κ.
1785 3783 1848 3811 Apu.
1865 3791 1905 3813 47.

1120 3713 1128 3743 (
1145 3723 1159 3738 a
1180 3716 1187 3743 )
1205 3715 1296 3744 Aphor.
1312 3716 1340 3739 de
1357 3718 1467 3747 cognosc.
1486 3720 1562 3743 meib,
1582 3719 1602 3748 §.
1624 3727 1688 3742 1012.
