2498 4075
384 258 432 292 ita
455 258 489 291 in
513 254 703 292 mulieribus
726 254 942 296 saepenumero
965 254 1050 297 posse
1071 277 1083 297 ,
1116 266 1212 297 reor,
1234 257 1323 292 velut
1345 258 1380 291 in

380 299 443 337 hac
467 301 507 335 de
530 312 590 343 qua
617 299 766 340 protinus
791 298 949 331 scribam.

428 343 633 379 11.ANUS
668 341 878 375 Bononienfis
909 341 1131 384 hemipleffica
1176 343 1280 386 plures
1316 342 1379 385 jam

373 398 475 422 ,annos
498 386 650 419 hactenus
671 383 776 417 fuerat
791 407 799 420 ‚
826 395 861 418 ut
885 394 993 417 totum
1018 385 1155 419 alterum
1176 387 1379 429 corporisla-

375 441 429 466 tus
453 439 580 464 movere
603 437 668 460 non
692 425 815 469 posset,
839 439 911 460 cum
936 426 1072 470 denique
1096 430 1129 462 in
1140 430 1378 473 alteroquoque

376 471 532 507 movendi
558 470 748 504 facultatem
772 469 895 504 amisit.
923 471 1036 504 Eidem
1052 482 1090 505 ex
1114 473 1317 506 naturalibus
1328 483 1378 506 te-

375 528 425 551 res
447 514 610 559 quoddam
623 525 741 554 corpus
764 512 882 547 exstare
897 513 1084 547 dicebatur.
1110 514 1289 549 Noviffime
1306 515 1378 549 tho-

373 560 455 593 racis
479 558 594 591 morbo
617 555 800 591 confectam
823 558 855 589 in
869 557 1076 591 N'osocomio
1099 556 1303 592 dissecuimus
1313 561 1376 593 cir-

369 615 410 637 ca
437 604 478 635 A.
507 611 600 643 1704.
735 600 1033 641 THORACEM,
1057 601 1127 634 aliis
1138 604 1288 645 occupati
1311 601 1375 636 dis-

371 645 569 684 sectionibus
591 669 600 684 ,
633 654 697 677 non
731 644 918 684 attigimus.
1056 646 1167 686 Caput
1191 656 1268 678 vero
1289 669 1301 685 ,
1336 646 1375 679 ab

371 690 502 724 Amicis
525 697 697 730 apertum,
723 686 805 719 nihil
831 686 1042 720 adnotatione
1065 687 1201 729 dignum
1226 688 1339 722 habuit
1363 713 1376 729 ,

371 742 491 777 praeter
514 732 615 766 serum
639 729 784 762 Crassam
806 731 892 763 inter
915 731 1117 773 meningem„
1140 734 1170 764 δι
1193 732 1341 766 Tenuem
1366 756 1373 764 .

504 774 574 817 Ipse
597 772 833 814 Thyroidaeam
856 773 1041 814 glandulam
1066 796 1075 811 ‚
1107 776 1226 817 quippe
1249 785 1375 810 tumen-

369 829 435 854 tem
457 840 465 854 ,
497 821 528 850 &
553 815 757 860 prm-iuram,
780 819 811 849 &
836 816 997 850 Ventrem
1014 843 1022 857 ‚
1046 818 1136 859 quod
1161 818 1198 851 ad
1223 829 1373 857 uterum,

368 867 402 897 δε
425 863 548 902 reliqua
570 859 724 901 genitalia
749 859 928 899 attinebat,
952 859 1123 903 diligenter
1147 860 1272 903 inspexi
1293 886 1299 894 .
1337 865 1375 896 In

368 907 423 940 illa
449 903 599 946 glandula
621 902 701 945 quid
725 902 1014 943 deprehenderim,
1040 903 1115 938 satis
1139 903 1182 937 est
1207 905 1286 938 alibi
1310 906 1376 948 (p)

365 947 552 989 ostensum.
689 947 726 979 In
754 946 876 979 Ventre
899 956 1005 980 autem
1020 948 1177 982 summurn
1202 949 1286 981 uteri
1299 949 1374 982 fun-

363 993 445 1029 dum
469 992 640 1034 aliquanto
673 987 860 1024 inferiorem
884 1001 980 1032 quam
1005 1002 1061 1033 par
1085 989 1160 1025 effet
1179 1014 1192 1032 ,
1223 991 1373 1026 obtinere

367 1036 495 1075 sedem,
518 1032 756 1070 animadverti,
780 1044 836 1066 nec
859 1042 968 1068 tamen
990 1043 1082 1068 tanto
1102 1059 1112 1074 ‚
1137 1043 1172 1069 ut
1197 1033 1283 1077 poss'e
1305 1035 1372 1077 ejus

365 1079 516 1113 osculum
539 1077 615 1111 illuc
639 1088 706 1120 quo
719 1076 848 1113 dicam,
871 1080 1060 1118 pervenire,
1084 1077 1278 1121 suspicarer,
1305 1081 1367 1112 Ex.

366 1133 418 1159 tra
441 1121 596 1156 naturalis
620 1120 759 1154 multum
783 1120 914 1154 dilatati
947 1121 1031 1155 labia
1055 1133 1170 1164 corpus
1204 1131 1267 1155 tres
1291 1134 1372 1164 qua-

368 1177 484 1201 tuorve
507 1163 699 1199 transversos
722 1162 846 1205 digitos
869 1164 1004 1206 longum
1038 1165 1243 1207 prominebat
1263 1166 1372 1207 cylin-

364 1210 418 1245 dri
440 1208 568 1249 forma,
593 1206 683 1241 valde
706 1206 841 1240 crassum
857 1231 865 1245 ‚
889 1206 1011 1241 faGtum
1036 1220 1075 1241 ex
1097 1208 1270 1242 substantia
1293 1233 1302 1247 ,
1332 1209 1368 1241 li-

365 1253 510 1297 gamenti
535 1251 651 1288 simili,
675 1252 706 1283 δι
730 1249 879 1291 laevigata
895 1272 905 1288 ,
931 1251 989 1284 nifi
1015 1263 1077 1294 qua
1102 1252 1139 1285 ad
1163 1253 1266 1285 imum
1279 1252 1369 1285 exul-

363 1298 532 1332 cerabatur
556 1318 564 1326 .
587 1293 668 1327 *Effe
691 1294 841 1335 vaginam
865 1294 1024 1327 inversam
1045 1319 1055 1335 ,
1088 1293 1184 1328 facile
1217 1297 1335 1337 agnovi
1360 1321 1369 1329 .

365 1343 483 1383 Itaque
509 1340 547 1372 ad
573 1337 734 1372 summam
757 1337 950 1370 anteriorem
985 1337 1052 1379 ejus
1075 1339 1221 1380 corporis
1245 1347 1370 1380 partem

363 1386 503 1419 urethrae
528 1390 596 1415 erat
619 1380 786 1419 osculum,
809 1383 840 1413 &
863 1379 921 1414 sub
944 1380 1006 1414 hoc
1030 1380 1152 1423 singula
1178 1382 1216 1415 ab
1241 1382 1369 1424 singulis

360 1428 515 1463 lateribus
549 1425 624 1458 satis
649 1424 793 1466 patentia
814 1424 1002 1458 lacunarum
1025 1423 1183 1458 foramina
1209 1450 1217 1458 .
1241 1425 1279 1460 In
1305 1437 1370 1459 me-

360 1474 420 1509 dio
443 1479 551 1506 autem
576 1469 677 1511 partis
696 1466 818 1501 infirnae
841 1467 1006 1502 orificium
1028 1477 1095 1501 erat
1118 1491 1129 1507 ‚
1164 1480 1241 1502 mox
1264 1469 1370 1502 abiens

362 1518 400 1549 in
433 1514 518 1548 uteri
540 1511 686 1546 osculum
715 1535 725 1551 ,
757 1521 812 1553 per
834 1510 924 1553 quod
956 1511 1122 1554 specillum
1156 1512 1193 1545 ad
1228 1512 1370 1546 summos

364 1558 465 1600 usque
488 1567 592 1591 caveae
615 1555 699 1589 uteri
723 1557 860 1596 parietes
883 1554 975 1588 nullo
999 1556 1133 1597 negotio
1145 1555 1367 1597 trajiciebam.

363 1604 507 1637 Miratus
540 1598 704 1635 insolitam
737 1596 975 1639 longitudinem
998 1621 1008 1637 ,
1051 1600 1198 1640 vaginam
1231 1600 1369 1639 incidi,

361 1657 456 1689 atque
479 1646 568 1677 intra
590 1641 717 1684 ipsam,
741 1640 924 1675 conclusam
949 1644 1051 1684 reperi
1075 1644 1157 1675 uteri
1182 1644 1338 1677 cervicem
1362 1669 1372 1685 ,

364 1688 530 1734 permulto
552 1696 652 1729 quam
676 1684 774 1718 soleat
797 1706 806 1721 ‚
830 1684 1015 1726 longiorem
1039 1684 1157 1719 fatuam
1184 1697 1193 1723 ;
1228 1697 1284 1720 nec
1309 1689 1370 1721 mi-

360 1745 434 1768 rum
458 1756 468 1772 ,
502 1741 578 1764 cum
598 1729 733 1763 cervicis
757 1726 853 1769 ipfius
876 1751 885 1766 ‚
907 1726 1065 1770 fundique
1086 1728 1209 1762 uterini
1234 1732 1371 1770 parietes

360 1788 428 1813 non
460 1774 547 1809 firmi
570 1794 581 1810 ‚
624 1781 661 1806 ut
698 1769 871 1805 secundum
915 1781 1064 1805 naturam
1096 1772 1331 1808 consueverunt
1359 1797 1372 1815 ‚

360 1812 414 1859 sed
438 1819 508 1855 laxi
538 1814 628 1851 valde
658 1814 756 1849 essent
780 1838 790 1854 ‚
815 1826 850 1854 ac
883 1814 1008 1849 flaccidi
1028 1838 1037 1854 ‚
1072 1825 1108 1849 ut
1141 1825 1257 1850 caetera
1290 1829 1371 1859 quo.

361 1876 424 1909 que
457 1869 547 1900 erant
581 1860 689 1896 omnia
713 1881 725 1901 ,
757 1858 887 1904 quaein
922 1858 1009 1904 pelvi
1041 1858 1079 1894 ad
1102 1868 1229 1897 uterum
1253 1862 1372 1897 attine-

362 1910 467 1947 bant:

407 1966 462 1990 12.
486 1952 629 1988 Evidens
653 1951 716 1990 est,
742 1951 866 1995 vaginae
891 1950 970 1986 adeo
991 1949 1097 1987 crassae
1122 1949 1262 1992 pondere
1273 1949 1368 1984 deor-

359 2002 430 2036 sum
463 1999 600 2032 tractum
623 1995 714 2032 fuisse
747 2005 877 2029 uterum
897 2019 926 2043 ,ἢ
943 1996 1034 2039 cujus
1058 1993 1176 2028 fundus
1200 1995 1368 2045 aliquanto

361 2045 499 2079 inferior
523 2040 630 2075 fuisset
649 2065 658 2080 ‚
691 2038 750 2073 nifi
772 2041 883 2073 cervix
917 2050 982 2080 jam
1005 2037 1079 2072 inde
1112 2037 1152 2071 ab
1174 2039 1274 2071 initio
1291 2061 1302 2078 ,
1332 2045 1368 2070 ut

365 2099 470 2133 puto,
493 2097 529 2119 ea
553 2085 626 2119 effet
650 2084 784 2118 laxitate
808 2105 818 2121 ‚
852 2092 888 2117 ut
912 2082 942 2116 se
967 2094 1030 2126 prae
1052 2083 1179 2115 caeteris
1202 2081 1334 2114 distrahi
1358 2103 1369 2119 ,

361 2130 561 2171 distendique
584 2129 619 2161 in
645 2138 749 2161 raram
773 2127 864 2161 istam
889 2126 1136 2171 longitudinem·
1157 2124 1291 2163 fineret;
1315 2135 1371 2158 ne-

359 2189 423 2220 que
446 2176 532 2208 enim
556 2182 630 2207 cum
653 2171 712 2205 hac
736 2179 826 2209 erat,
849 2171 968 2211 opinor
988 2192 997 2208 ,
1029 2169 1084 2202 illa
1108 2180 1174 2210 ejus
1196 2167 1372 2217 longitudo

365 2216 582 2261 comparanda
609 2239 619 2254 ,
650 2226 747 2257 quam
772 2214 912 2247 Vaterus
936 2214 990 2256 (q
1014 2216 1025 2251 )
1050 2212 1089 2245 ab
1112 2212 1140 2246 se
1164 2212 1264 2246 visam
1288 2211 1371 2245 indi-

369 2273 441 2303 cat,
464 2273 539 2295 cum
564 2268 693 2293 uterum
716 2257 792 2291 hinc
817 2257 959 2299 prolapsa
988 2258 1102 2298 vagina
1128 2255 1277 2290 deorsum
1302 2265 1372 2288 tra-

364 2307 455 2342 heret
479 2330 489 2345 ‚
519 2301 593 2337 inde
616 2313 694 2335 vero
727 2302 867 2334 enormis
891 2301 997 2333 ovarii
1031 2300 1214 2342 amplitudo
1237 2299 1371 2332 ulterius

363 2348 551 2385 descendere
575 2344 782 2388 prohiberet.
808 2345 845 2376 In
871 2342 1007 2377 foemina
1029 2353 1135 2377 autern
1160 2344 1256 2377 altera
1273 2353 1370 2385 quam

366 2395 430 2428 tibi
455 2389 600 2434 Epistola
633 2385 780 2430 descripsi
804 2387 964 2420 XXXIV.
990 2390 1003 2426 (
1026 2387 1076 2428 r)
1108 2387 1198 2420 aneta
1228 2385 1370 2419 crassitu-

363 2438 409 2472 do
429 2458 439 2474 ,
469 2438 500 2468 &
524 2432 611 2477 quod
643 2431 852 2473 consequitur
870 2453 881 2470 ,
915 2430 1039 2471 pondus
1063 2429 1204 2471 glandosi
1228 2428 1370 2462 urethrae

369 2480 517 2523 corporis
540 2504 549 2518 ‚
583 2486 710 2510 uterum
734 2473 865 2517 quidem
890 2473 1060 2515 aliquanto
1090 2472 1238 2505 deorsum
1263 2481 1371 2505 traxe-

365 2535 436 2560 rat;
461 2521 511 2555 sed
533 2522 609 2563 quia
635 2518 745 2552 cervix
769 2528 833 2550 non
858 2516 917 2549 ista
939 2527 1006 2549 erat
1029 2516 1160 2550 laxitate
1182 2537 1194 2554 ,
1225 2515 1370 2549 osculum

366 2578 434 2603 non
458 2565 537 2599 adeo
560 2562 761 2597 descenderat
786 2584 795 2599 ‚
820 2562 930 2602 itaque
954 2559 1144 2603 glandosum
1168 2557 1273 2601 ipsum
1297 2569 1370 2592 cor-

365 2622 425 2655 pus
451 2632 459 2647 ‚
484 2610 519 2642 in
544 2607 652 2640 medio
675 2604 737 2638 suae
763 2604 862 2646 partis
885 2605 958 2635 imae
984 2602 1149 2645 pertusum
1172 2602 1310 2635 urethrae
1333 2614 1371 2635 o·

366 2654 478 2688 rificio
492 2677 500 2691 ,
524 2648 766 2694 propendebat,
790 2648 941 2690 uterique
963 2646 1108 2680 osculum
1135 2646 1369 2679 mentiebatur.

365 2698 439 2732 Nec
462 2695 532 2729 sane
562 2695 611 2727 ibi
636 2691 775 2726 accusari
800 2700 926 2732 poterat
961 2691 1045 2724 uteri
1069 2689 1191 2731 pondus
1214 2711 1225 2727 ‚
1249 2690 1369 2731 quippe

366 2754 401 2776 ea
427 2740 609 2783 parvitate,
631 2738 663 2770 &
687 2734 829 2777 partium
851 2734 1012 2768 tenuitate
1034 2758 1042 2767 .
1066 2732 1168 2772 Qod
1192 2743 1267 2765 cur-n
1289 2731 1373 2765 dici-

367 2796 437 2819 mus
461 2806 470 2821 ‚
502 2793 567 2815 non
589 2780 665 2814 ideo
697 2775 883 2811 inficiamur
905 2799 914 2815 ‚
951 2787 1197 2826 praegravemna
1230 2775 1371 2825 pondere

365 2827 454 2871 quod
491 2834 606 2867 praeter
630 2832 776 2856 naturam
812 2821 850 2854 fit
870 2844 883 2861 ,
918 2830 1045 2854 uterum
1069 2821 1102 2852 in
1126 2821 1197 2866 aliis
1220 2829 1370 2869 vaginam

364 2875 551 2909 invertere,
574 2868 743 2907 secumque
766 2864 910 2898 deorsum
936 2875 1044 2906 rapere
1066 2888 1076 2902 ,
1111 2873 1202 2905 cnjus
1224 2872 1271 2895 re1
1295 2874 1373 2905 prae-

366 2916 489 2949 clarum
514 2912 610 2946 habes
635 2909 817 2951 exemplum
851 2909 884 2940 in
910 2907 1109 2941 Hartmanni
1134 2906 1372 2941 Observatione

366 2970 438 3001 quae
463 2957 548 2988 inter
574 2953 807 2988 Additamenta
843 2950 882 2985 ad
906 2950 1107 2992 Sepulchreti
1131 2950 1224 2983 XXI.
1250 2950 1373 2983 Sectio-

368 3012 442 3035 nem
466 2996 546 3039 (s)
572 2997 668 3030 relata
693 2994 751 3029 est.
776 2995 879 3028 Vides
904 2995 1026 3035 igitur,
1051 3003 1121 3027 tum
1145 2994 1272 3035 vaginae
1289 3004 1371 3035 pon-

366 3045 451 3085 dus,
474 3041 635 3075 distraffls
658 3040 742 3073 uteri
767 3037 949 3079 ligamentis
972 3062 982 3078 ,
1016 3036 1101 3071 hunc
1124 3036 1299 3080 aliquando
1322 3035 1368 3070 se-

365 3099 440 3123 cum
475 3085 591 3119 ducere
615 3082 652 3117 ad
685 3080 839 3115 inferiora
860 3103 870 3119 ,
904 3090 974 3114 tum
1000 3082 1084 3116 uteri
1119 3080 1244 3123 pondus
1267 3079 1365 3118 alias,

363 3130 502 3166 nexibus
526 3128 653 3169 vaginae
677 3125 853 3164 distractis,
878 3123 957 3157 hanc
981 3125 1141 3157 invertere
1163 3147 1174 3164 ,
1199 3124 1366 3165 secumque

363 3173 514 3209 deorsum
538 3169 727 3213 protrahere
742 3193 750 3201 .
775 3168 894 3210 Neque
917 3169 1002 3202 enim
1025 3179 1058 3201 ea
1085 3168 1287 3209 ligamenta,
1311 3177 1366 3201 aut

361 3218 398 3253 hi
422 3227 521 3250 nexus
545 3214 573 3248 se
596 3211 625 3247 se
650 3211 785 3247 distrahi
810 3222 873 3245 non
898 3213 1084 3253 patiuntur,
1107 3222 1182 3244 cum
1206 3210 1367 3244 membra-

361 3273 420 3295 nea
445 3260 504 3293 sint
530 3280 539 3296 ‚
574 3260 605 3291 &
628 3257 668 3291 ab
689 3255 824 3289 internis
848 3253 926 3296 saepe
949 3252 1047 3288 caufis
1070 3254 1192 3288 laxiora
1218 3278 1230 3295 ,
1251 3253 1366 3287 distra-

364 3305 432 3338 etio
459 3312 590 3341 autem,
613 3313 676 3344 qua
699 3299 736 3333 de
761 3298 948 3340 loquimur,
971 3297 1083 3338 saepius
1107 3297 1206 3340 longo
1217 3307 1360 3338 tempore

968 175 1123 229 Liber
1157 177 1250 231 111.
1284 178 1370 231 De
1403 179 1612 232 Morbis
1645 137 1857 235 Ventris

1429 265 1502 291 rant
1524 259 1607 293 meri
1620 281 1629 297 ,
1653 260 1695 294 &¹
1717 259 1818 300 vesicae
1832 257 1982 299 vincula,
1998 258 2055 302 sed
2066 266 2191 295 tantum
2212 262 2320 298 laxata
2333 288 2341 296 .
2367 263 2430 297 Di-

1428 303 1479 335 xit
1502 312 1610 335 autern
1633 303 1675 335 Θ
1697 302 1799 344 veficae
1820 303 1946 336 vincula
1967 327 1977 343 ,
2002 304 2075 345 quia
2097 315 2169 338 cum
2189 314 2275 341 utero
2296 305 2429 349 vesicam

1429 345 1602 378 urinariam
1619 345 1768 387 similiter
1790 353 1914 378 mutata
1929 344 2001 387 sede
2019 346 2211 389 procubuisse
2225 375 2233 387 ‚
2259 361 2313 392 per
2333 349 2431 382 diffe-

1427 389 1569 421 &ionem
1591 387 1823 430 deprehendit:
1847 389 1936 431 quod
1957 390 2071 422 mirum
2105 399 2182 423 tunc
2205 392 2263 434 ipsi
2289 393 2393 426 visum
2419 417 2429 431 ,
2478 392 2479 395 ’

1430 432 1473 464 &⁸
1508 430 1600 472 plane
1632 442 1746 465 novum
1765 453 1778 471 ,
1819 431 1992 465 necessario
2024 432 2165 466 accidere
2206 436 2239 467 in
2273 435 2430 477 ejusmodi

1431 474 1640 557 prol3psuum
1680 485 1794 517 genere
1823 498 1837 515 ,
1880 475 2051 510 admonuit
2095 476 2200 519 postea
2236 478 2431 521 Ruyschius

1466 528 1485 550 u
1535 541 1543 550 .

1428 521 1444 557 (
1474 570 1522 603 13.
1550 559 1649 598 Quod
1672 561 1695 594 fi
1719 561 1799 594 mira
1822 560 1891 595 haec
1914 560 2067 597 videntur
2088 573 2160 605 quae
2183 572 2292 598 tamen
2318 567 2429 608 paula-

1426 606 1489 637 tim
1513 603 1583 637 fieri
1606 604 1733 643 solent,
1758 613 1793 637 ut
1817 605 1982 641 diximus,
2006 609 2036 639 δι
2062 605 2159 652 longo
2184 616 2329 650 tempore
2353 622 2363 647 3
2386 612 2433 644 il-

1426 648 1481 681 lud
1505 659 1568 680 non
1593 658 1679 681 caret
1704 648 1940 687 admiratione,
1963 648 2075 690 quod,
2098 651 2221 685 tametsi
2246 652 2352 685 multo
2368 655 2430 686 mi-

1426 702 1484 724 nus
1507 690 1567 727 fit,
1594 691 1632 724 fit
1655 691 1803 724 citiffime
1826 714 1838 730 ,
1870 692 2023 733 brevique
2045 703 2190 734 tempore
2215 695 2254 728 ab
2277 694 2342 737 ipsa
2369 708 2428 730 na-

1427 744 1499 768 tura
1518 759 1526 767 .
1562 735 1601 767 In
1626 745 1719 776 partu
1743 737 1849 772 enim,
1874 744 1909 768 ut
1933 736 2037 768 verbis
2061 736 2219 780 Slevogtii
2244 739 2301 781 (x
2323 742 2333 777 )
2359 750 2425 773 rem

1429 778 1588 820 eloquar3
1622 777 1758 819 osculum
1783 779 1866 812 uteri
1889 779 1928 811 ad
1961 777 2119 821 orificium
2146 781 2265 822 vaginae
2293 784 2424 824 propius

1428 821 1546 855 accedit
1567 843 1581 860 ,
1612 820 1748 862 hancque
1770 831 1808 855 ex
1830 822 1916 863 longo
1934 821 2076 863 plicatili
2098 823 2198 856 canali
2231 825 2262 857 in
2285 825 2426 867 amplum

1426 863 1575 898 circulum
1597 863 1739 903 distendit
1750 887 1763 905 ‚
1786 864 1955 905 tranfituro
1977 864 2134 907 embryoni
2164 865 2390 909 respondentem
2414 894 2424 904 .

1427 909 1518 946 Quin
1551 908 1648 941 etiam
1671 907 1727 940 ubi
1760 917 1894 949 propter
1917 908 2018 941 foetus
2051 908 2289 945 craffitudinem
2310 933 2320 949 ‚
2355 914 2426 946 via-

1424 963 1560 992 rumque
1584 949 1740 993 angustias
1764 953 1906 988 tardius,
1932 951 2109 993 aegriusque
2132 953 2169 986 fit
2194 964 2322 996 partus,
2348 963 2423 988 tunc

1415 995 1619 1043 saepenumero
1637 1002 1693 1035 per
1713 995 1910 1027 continuatos
1932 994 2016 1036 nisus
2035 995 2215 1035 parientis,
2238 997 2344 1037 ostium
2358 1010 2426 1032 ma·

1423 1039 1515 1071 tricis
1547 1049 1565 1070 a
1588 1038 1689 1079 capite
1720 1035 1853 1079 infantis
1873 1036 1966 1077 plane
1991 1062 2001 1077 ,
2035 1039 2077 1071 (φ
2099 1038 2138 1070 ad
2154 1040 2301 1080 pollicem
2323 1051 2419 1076 unum

1422 1080 1474 1115 vel
1495 1081 1569 1113 duos
1592 1080 1696 1119 latos,
1719 1089 1809 1113 extra
1829 1079 1959 1113 vulvam
1979 1080 2186 1122 propellitur3
2211 1081 2273 1116 hoc
2298 1086 2384 1117 enim
2408 1107 2420 1122 ,

1421 1122 1510 1166 quod
1536 1122 1747 1157 Munnickius
1778 1124 1879 1156 rarius
1902 1123 2081 1157 crediderat
2102 1149 2111 1163 ‚
2133 1125 2218 1167 satis
2241 1124 2424 1170 frequenter

1415 1167 1479 1210 fibi
1501 1164 1660 1209 occurriffi.»
1679 1188 1688 1203 ,
1719 1177 1772 1199 nec
1794 1166 1916 1208 aliquid
1934 1166 2117 1210 portendisse
2139 1168 2218 1203 mali
2237 1193 2249 1209 ‚
2285 1170 2421 1205 testatur

1423 1211 1622 1252 Slevogtius.
1647 1209 1732 1244 Illud
1758 1210 1959 1250 mirabilius,
1982 1211 2070 1252 quod
2094 1221 2187 1245 utero
2210 1214 2345 1255 gravido
2365 1226 2419 1248 exa

1419 1261 1469 1286 tra
1493 1253 1646 1286 naturalis
1668 1264 1740 1286 oras
1762 1255 1846 1287 intra
1870 1254 2019 1295 vaginam
2045 1255 2204 1289 inversam
2216 1256 2424 1299 propenden—

1420 1306 1475 1333 te3
1498 1295 1600 1330 foetus
1623 1295 1832 1330 nihilominus
1856 1296 1962 1331 editus
1984 1296 2042 1330 fit.
2067 1297 2174 1340 Cujus
2186 1300 2233 1332 rei
2257 1301 2420 1342 primam,

1421 1339 1510 1383 quod
1533 1338 1629 1373 sciam
1654 1365 1663 1380 ,
1697 1340 1975 1374 observationem
2001 1362 2011 1378 ‚
2043 1352 2115 1382 quae
2149 1341 2248 1384 ipsius
2280 1343 2423 1377 Harveii

1421 1386 1475 1423 (y
1497 1386 1510 1422 )
1533 1383 1578 1416 est
1598 1407 1608 1422 ,
1645 1383 1683 1417 ad
1706 1383 1781 1416 alias
1804 1383 1897 1418 addes
1920 1395 1992 1426 quae
2016 1395 2032 1417 a
2056 1383 2111 1419 Cl.
2136 1385 2297 1420 Sandenio
2321 1387 2424 1421 colle-

1421 1427 1480 1459 &ae
1505 1426 1574 1460 sunt
1597 1440 1605 1459 ε
1643 1427 1679 1460 ad
1704 1439 1781 1469 quas
1814 1440 1850 1460 ea
1872 1439 2001 1471 quoque
2026 1427 2166 1471 specht,
2190 1441 2289 1472 quam
2313 1430 2422 1472 postea

1422 1470 1594 1512 proposuit
1627 1471 1734 1503 Praecl.
1769 1470 2030 1505 Helmstadiensis
2063 1470 2225 1507 Professor
2258 1473 2423 1508 Fabricius

1419 1516 1434 1552 (
1457 1524 1481 1555 z
1500 1516 1531 1552 )-
1558 1514 1640 1549 Quae
1664 1525 1774 1555 omnes
1798 1514 1854 1548 etsi
1879 1513 2031 1548 inservire
2056 1514 2183 1557 possunt
2208 1516 2245 1550 ad
2268 1527 2322 1550 eos
2345 1529 2425 1551 con-

1420 1555 1593 1590 vincendos
1616 1569 1632 1590 a
1655 1557 1772 1599 quibus
1797 1559 1882 1591 uteri
1906 1557 2069 1600 prolapsus
2089 1560 2176 1592 intra
2199 1559 2357 1596 inversam
2369 1571 2427 1596 va-

1420 1601 1531 1642 ginam
1554 1600 1748 1641 negabatur,
1771 1612 1836 1634 non
1859 1601 1944 1634 secus
1968 1613 2004 1635 ac
2026 1602 2084 1635 illa
2106 1602 2304 1637 Observatio
2326 1615 2426 1648 quarn

1421 1654 1496 1676 cum
1530 1643 1730 1677 Widmanno
1764 1648 1775 1683 (
1798 1644 1851 1687 b)
1874 1646 2132 1681 communicavit
2163 1645 2218 1679 Cr.
2243 1649 2389 1682 Friedius
2412 1661 2423 1685 ;

1421 1685 1476 1720 hic
1501 1694 1607 1720 tamen
1641 1698 1678 1720 ex
1701 1688 1741 1720 iis
1774 1688 1844 1721 illas
1868 1687 2037 1722 dumtaxat
2061 1689 2160 1722 velim
2185 1690 2329 1724 attendas
2352 1702 2425 1732 quae

1422 1739 1552 1764 uterum
1576 1729 1731 1764 exhibent
1753 1731 1785 1763 in
1810 1729 1881 1773 ipso
1905 1730 2066 1773 partu-sic
2078 1732 2263 1773 prolapsum
2278 1759 2285 1767 .
2310 1735 2423 1768 Minus

1422 1775 1507 1807 enim
1531 1773 1605 1808 dein
1629 1775 1798 1807 miraberis
1818 1797 1828 1812 ‚
1854 1776 2059 1811 vinculorum
2082 1775 2120 1807 de
2141 1776 2259 1817 quibus
2293 1778 2426 1811 diceba-

1424 1829 1493 1850 mus
1517 1821 1527 1856 (
1550 1830 1566 1851 c
1588 1821 1625 1858 )‚
1648 1818 1718 1851 illas
1741 1816 1964 1851 distraeciones
1990 1816 2072 1860 poffe
2096 1818 2165 1851 fieri
2190 1830 2263 1860 quae
2287 1820 2398 1854 sensim
2414 1843 2425 1861 ‚

1422 1861 1584 1903 longoque
1609 1862 1763 1902 temporis
1796 1860 1900 1903 spatio
1925 1862 2029 1900 fiunt,
2054 1862 2233 1907 praesertim
2261 1875 2337 1899 cum
2361 1862 2426 1897 foe-

1422 1906 1519 1938 minae
1544 1904 1587 1938 fic
1611 1903 1731 1938 affeetae
1754 1903 1886 1938 molesto
1911 1904 2000 1938 sensu
2024 1916 2089 1938 non
2112 1915 2262 1944 careant,
2286 1906 2352 1940 illis
2375 1908 2428 1941 di-

1421 1948 1647 1981 straffionibus
1679 1946 1889 1990 respondente
1910 1973 1920 1989 ‚
1962 1960 2065 1991 neque
2099 1948 2231 1990 pristina
2266 1949 2426 1985 facilitate

1422 2001 1477 2025 aut
1502 1991 1640 2025 Reecum
1665 1991 1856 2024 intestinum
1874 2017 1883 2031 ‚
1908 2000 1962 2025 aut
1987 1991 2145 2031 veficam,
2169 2001 2224 2026 aut
2248 2004 2426 2038 utrumque

1421 2043 1617 2069 exonerent.-
1639 2045 1737 2076 quam
1760 2034 1985 2068 difficultatem
2009 2036 2042 2067 in
2065 2035 2204 2077 quadam
2228 2039 2281 2071 cui
2307 2040 2426 2080 vagina

1420 2077 1600 2112 extrorsum
1624 2075 1867 2120 propendebat,
1889 2076 1970 2112 hanc
1982 2077 2176 2113 sublevando
2198 2082 2426 2123 emendatam,

1421 2133 1486 2155 non
1509 2130 1577 2155 tam
1599 2133 1615 2154 a
1637 2121 1866 2161 compreffione
1898 2133 2010 2155 eorum
2036 2133 2200 2157 meatuum
2221 2144 2231 2162 ,
2264 2136 2361 2167 quam
2384 2126 2426 2159 ab

1424 2165 1568 2208 ipsorum
1591 2163 1780 2198 distorfione
1804 2175 1936 2208 propter
1960 2165 2106 2208 alligatas
2130 2169 2359 2208 propendentis
2370 2181 2426 2203 va-

1425 2211 1509 2252 ginae
1531 2207 1629 2242 fibras
1653 2209 1686 2241 in
1709 2208 1880 2250 obliquum
1904 2208 2064 2243 trahentes
2082 2232 2093 2248 ‚
2117 2212 2148 2243 &
2172 2209 2214 2243 fic
2236 2223 2349 2245 eorum
2372 2224 2426 2246 ca-

1424 2264 1501 2286 vum
1525 2253 1706 2292 atfiantes,
1729 2252 1892 2293 repetebat
1917 2253 2100 2296 Slevogtius
2123 2256 2136 2292 (
2158 2254 2178 2286 d
2199 2256 2233 2292 ).
2259 2257 2426 2290 Caet'erum

1423 2297 1450 2329 is
1475 2306 1591 2329 nexum
1624 2297 1746 2337 vaginae
1777 2297 1883 2329 multo
1916 2308 2013 2338 quam
2046 2295 2084 2329 sit
2106 2322 2114 2334 ,
2150 2298 2341 2340 ampliorem
2376 2298 2427 2333 fa-

1422 2340 1527 2372 ciebat
1550 2363 1558 2378 ,
1588 2350 1662 2372 cum
1679 2337 1847 2379 secundum
1868 2347 1967 2373 totam
1984 2339 2077 2382 suam
2100 2339 2322 2383 longitudinem
2349 2341 2426 2384 sub-

1416 2382 1539 2426 jacenti
1581 2382 1721 2421 intestino
1763 2382 1986 2425 accuratzffime
2025 2383 2148 2426 adnasci
2173 2406 2184 2423 ,
2220 2385 2427 2420 existimabat

1457 2437 1472 2459 e
1495 2429 1506 2464 )
1523 2449 1530 2459 .

1421 2427 1440 2468 (
1469 2480 1517 2511 ¹4·
1543 2467 1641 2503 Haud
1663 2467 1815 2512 equidem
1837 2469 2020 2509 diffimulo,
2043 2483 2115 2515 quae
2139 2471 2215 2505 alias
2238 2468 2324 2515 (f)
2348 2472 2423 2507 sunt

1422 2525 1436 2547 a
1460 2524 1510 2546 me
1533 2511 1756 2546 dubitationes
1780 2512 1952 2555 propolitae
1971 2538 1979 2553 ‚
2004 2526 2069 2549 non
2096 2516 2223 2558 penitus
2247 2515 2328 2549 mihi
2353 2517 2426 2559 pos-

1420 2556 1452 2590 se
1475 2556 1599 2593 eximi,
1621 2554 1680 2588 nisi
1705 2557 1827 2597 praevio
1851 2558 1997 2590 examine
2021 2559 2218 2592 accuratiore
2230 2557 2424 2601 cadaverum

1421 2599 1471 2633 his
1504 2599 1623 2632 morbis
1657 2599 1879 2633 laborantium
1901 2623 1909 2638 ‚
1942 2598 2033 2641 cujus
2066 2601 2255 2635 instituendi
2287 2601 2425 2637 facultas

1419 2641 1502 2677 mihi
1526 2654 1543 2676 a
1577 2643 1677 2684 longo
1700 2642 1766 2684 jam
1798 2652 1943 2682 tempore
1966 2654 2031 2677 non
2054 2644 2098 2677 est
2119 2644 2192 2678 data
2217 2669 2225 2678 .
2259 2647 2349 2679 Inter
2372 2660 2426 2681 eos

1419 2695 1506 2720 certe
1529 2684 1816 2727 frequentissimum
1838 2685 1897 2718 esle
1922 2685 2027 2720 fateor
2049 2689 2171 2729 vaginae
2204 2689 2388 2732 prolapsum
2412 2714 2423 2730 ,

1422 2733 1453 2764 &
1475 2729 1562 2764 hunc
1585 2729 1698 2762 multis
1731 2739 1791 2771 pro
1815 2729 1900 2763 uteri
1933 2729 2081 2773 prolapsu
2104 2730 2290 2771 imposuisse
2314 2758 2322 2766 .
2354 2735 2424 2768 Ve-

1421 2785 1496 2807 rum
1529 2773 1707 2806 interiorne
1729 2781 1857 2806 tantum
1894 2774 2018 2815 vaginae
2052 2774 2235 2808 membrana
2262 2802 2273 2816 ‚
2306 2775 2424 2811 humo-

1422 2828 1496 2850 rum
1518 2815 1641 2850 affluxu
1665 2816 1766 2850 laxata
1783 2838 1793 2854 ,
1822 2817 1853 2847 &
1875 2815 1999 2850 extensa
2021 2839 2030 2854 ‚
2062 2816 2205 2858 procidit
2229 2822 2239 2850 ?
2273 2830 2311 2852 an
2336 2830 2424 2855 utra-

1422 2872 1485 2903 que
1509 2863 1520 2892 ?
1551 2859 1639 2893 Illud
1662 2870 1725 2892 non
1746 2858 1861 2892 *modo
1884 2860 1988 2902 plures
2005 2882 2017 2899 ,
2051 2862 2085 2894 in
2108 2861 2226 2903 quibus
2259 2862 2424 2899 Wedelius

1422 2907 1435 2943 (
1456 2915 1477 2945 g
1498 2906 1533 2944 ),
1548 2900 1747 2946 frequentius
1766 2901 1862 2945 fieri,
1884 2903 2023 2941 docent3
2048 2902 2101 2937 sed
2123 2907 2154 2937 &
2179 2915 2304 2944 omnes,
2329 2909 2423 2949 quod,

1423 2948 1640 2981 Widmannus
1663 2950 1673 2985 (
1698 2945 1717 2978 Ι)
1740 2949 1751 2985 )
1775 2947 1841 2985 ait,
1863 2945 2080 2988 consentiunt.
2105 2949 2151 2981 Et
2175 2947 2246 2982 sane
2269 2950 2327 2983 ubi
2352 2962 2422 2984 rem

1421 2991 1464 3024 sic
1489 3001 1619 3034 ponas;
1651 2991 1797 3032 quaedam
1821 3000 1859 3022 ex
1890 2989 2079 3024 difficilibus
2110 2990 2218 3025 facilia
2253 2992 2420 3028 intellectu

1420 3032 1521 3072 facis,
1542 3043 1683 3076 quorum
1707 3031 1838 3074 aliquod
1871 3032 1963 3076 supra
1987 3037 1998 3073 (
2022 3034 2035 3067 i
2055 3038 2069 3074 )
2092 3035 2262 3077 attigimus
2285 3059 2297 3076 ,
2329 3037 2420 3072 aliud

1420 3078 1587 3111 Wedelius
1610 3080 1622 3116 (
1644 3075 1694 3117 lq)
1718 3076 1897 3123 indicavit.
1924 3076 1984 3110 Sed
2009 3078 2131 3111 interea
2155 3104 2164 3118 ,
2198 3077 2373 3120 praesertirn
2397 3080 2421 3114 si

1417 3121 1581 3164 prolapsus
1615 3131 1728 3162 magna
1751 3119 1790 3152 sit
1813 3120 2018 3161 longitudine
2039 3143 2049 3158 ‚
2081 3123 2249 3164 multoque
2273 3124 2373 3164 magis
2396 3123 2420 3158 fi

1418 3175 1454 3197 ut
1480 3163 1699 3197 Widmannus
1722 3165 1735 3202 (
1757 3162 1769 3196 l
1793 3165 1803 3200 )
1829 3165 1982 3206 proponit
2017 3165 2201 3201 membrana
2225 3166 2365 3199 interior
2376 3167 2418 3200 ab

1418 3207 1545 3241 summo
1568 3207 1605 3240 ad
1629 3208 1734 3240 imum
1759 3207 1887 3247 penitus
1910 3206 2038 3244 avulsa,
2060 3208 2275 3250 deorsumque
2300 3207 2419 3244 reflexa

1414 3250 1634 3294 propendeat3
1658 3251 1691 3283 in
1718 3250 1787 3283 illas
1811 3249 1888 3282 alias
1910 3262 1987 3293 quas
2001 3251 2080 3285 alibi
2103 3252 2255 3286 indicasse
2279 3264 2347 3293 me,
2370 3252 2419 3288 di-

1413 3295 1478 3334 xi,
1510 3293 1730 3328 dubitationes
1762 3292 1882 3326 incidas
1904 3316 1916 3333 ,
1950 3294 2066 3329 necesse
2099 3297 2142 3328 est
2167 3320 2175 3328 .
2210 3296 2283 3329 Nec
2307 3305 2415 3329 tamen

362 3348 521 3390 paulatim
545 3345 620 3378 fiat.
649 3344 786 3384 Magnus
809 3351 895 3374 certe
918 3350 983 3373 erat
1009 3341 1063 3374 ille
1086 3344 1170 3374 uteri
1195 3339 1359 3384 prolapsus
1410 3339 1559 3371 omnium
1592 3336 1684 3387 simul
1717 3337 1877 3378 parietum
1911 3340 2036 3380 vaginae
2068 3337 2206 3389 inversio
2239 3338 2414 3374 facillimos

358 3402 454 3433 quem
481 3392 615 3430 Peyesus
638 3391 648 3426 (
672 3394 687 3419 p
710 3389 730 3436 ).
746 3384 907 3427 descrjpfit
929 3406 938 3422 ,
961 3395 1038 3417 cum
1060 3394 1166 3417 uterus
1189 3393 1280 3418 extra
1302 3395 1358 3417 na-
1408 3378 1504 3415 habet
1528 3381 1725 3423 explicatus.
1752 3381 1905 3414 Praeterea
1920 3405 1928 3419 ,
1950 3382 2142 3416 utrumlibet
2166 3394 2265 3425 ponas
2286 3397 2295 3420 3
2327 3380 2413 3416 haud

357 3434 462 3467 turale
487 3431 696 3475 provolutus,
721 3438 808 3462 intra
832 3429 982 3470 vaginam
1005 3427 1163 3461 inversam
1186 3427 1355 3470 penderet.

1408 3424 1457 3457 ita
1492 3423 1696 3466 perspicuum
1729 3422 1771 3457 est
1795 3445 1804 3460 ‚
1840 3422 1912 3466 post
1946 3425 2153 3458 vinculorum
2174 3449 2183 3465 ,
2220 3428 2251 3459 &
2272 3435 2411 3464 nexuum

358 3478 435 3518 'Nec
458 3485 580 3515 tamen,
605 3473 751 3516 egregius
773 3472 881 3514 inquit
905 3472 1121 3504 Anatomicus
1142 3492 1153 3508 ,
1176 3479 1267 3512 rupta
1282 3468 1357 3513 fue=
1408 3466 1650 3507 distractiones,
1672 3465 1841 3509 quomodo
1864 3468 2032 3503 interdum
2056 3469 2187 3507 saltem,
2211 3478 2277 3502 arte
2298 3467 2410 3508 opitu-

2261 3511 2365 3549 laute,

357 3569 2409 3589 W

419 3637 462 3665 (p
478 3636 486 3666 )
503 3636 576 3664 Epist.
595 3637 667 3659 Anat.
688 3643 707 3664 9.
723 3641 748 3657 n.
766 3641 805 3662 39.

421 3665 433 3693 (
450 3673 460 3688 t
481 3667 562 3693 )Se6}.
580 3665 623 3689 hac
642 3674 668 3695 3²
696 3664 820 3693 Sepulchr,
837 3663 896 3688 obs.
916 3672 937 3692 ς.
1035 3693 1039 3696 .

425 3695 440 3723 (
452 3703 468 3724 r
484 3695 497 3722 )
514 3697 537 3719 in
559 3697 642 3720 Addit.
661 3697 689 3720 ad
706 3695 808 3719 Exercit.
825 3695 853 3719 de
868 3696 990 3727 Genera..
1001 3693 1041 3716 ubi
1057 3693 1090 3727 da.
1102 3694 1193 3716 Partu.

424 3726 439 3753 (
455 3733 469 3747 a
486 3727 494 3754 )
513 3728 633 3752 promam.
651 3734 699 3755 quo
711 3725 775 3749 facilv
792 3724 893 3750 extr-ast.
912 3725 965 3747 foet.
983 3730 1008 3747 in
1026 3723 1117 3757 prou-id.
1135 3728 1198 3746 uter.-

423 3756 439 3784 (
453 3755 469 3778 d
484 3757 496 3783 )
514 3756 606 3779 Dissert.
624 3758 696 3779 modo
712 3757 812 3789 indicat:
833 3756 854 3786 §.
872 3759 908 3781 16.
926 3785 931 3790 ¹
971 3754 979 3782 (
996 3761 1008 3776 e
1022 3753 1037 3781 )
1056 3753 1115 3779 lbid.
1134 3753 1157 3782 §.
1179 3759 1213 3776 11-

420 3787 436 3817 ζ
451 3786 466 3810 b
482 3787 492 3816 )
894 3786 905 3816 ί
921 3793 930 3810 ι
945 3784 1000 3813 Ju.
1015 3791 1042 3813 4.

507 3786 566 3811 Obs.
583 3785 648 3815 supra
664 3786 693 3811 ad
710 3794 736 3811 n.
751 3793 776 3811 2⁹
790 3792 833 3811 cit.

867 3634 881 3662 (
898 3641 912 3662 q
930 3631 938 3662 )
954 3631 1011 3656 Diff.
1027 3631 1056 3656 de
1073 3631 1179 3655 sai-com.
1194 3632 1217 3655 δε
1233 3633 1287 3663 ‘¹²²1
1305 3627 1372 3657 supra
1387 3627 1416 3652 ad
1434 3635 1456 3652 n.
1472 3636 1498 3658 4.
1515 3626 1557 3652 cit.
1573 3626 1630 3652 thes.
1651 3637 1671 3659 3.

999 3663 1008 3694 (
1025 3670 1040 3685 u
1056 3662 1070 3691 >
1087 3662 1140 3685 loco
1155 3662 1222 3690 supra
1238 3660 1338 3685 indicat.
1357 3658 1385 3682 ad
1404 3667 1428 3683 n.
1446 3667 1469 3687 4·

1737 3626 1845 3657 (r)n.
1864 3636 1900 3653 11.
1961 3628 2235 3659 (s)1·3·0bs·54·

1532 3660 1545 3687 (
1561 3666 1575 3681 x
1592 3659 1600 3688 )
1618 3660 1710 3684 Differt.
1728 3657 1796 3687 supra
1811 3660 1841 3683 ad
1859 3667 1881 3684 n.
1897 3666 1921 3688 4.
1939 3658 1982 3684 cit.
1999 3659 2024 3688 §.
2039 3668 2061 3689 4.
2078 3661 2100 3684 δε
2118 3668 2139 3689 5.

1254 3691 1268 3719 (
1284 3699 1301 3717 z
1321 3689 1399 3717 >ObL
1417 3689 1482 3718 supra
1499 3688 1527 3712 ad
1544 3696 1567 3711 n.
1584 3696 1607 3716 4.
1625 3690 1667 3713 cit.
1686 3690 1708 3718 §.
1725 3692 1748 3712 6.
1767 3691 1788 3712 δι
1804 3688 1851 3719 seq.

1257 3721 1271 3749 ζ
1287 3718 1300 3743 b
1317 3720 1330 3747 )
1347 3719 1403 3743 obs.
1421 3719 1487 3748 supra
1504 3718 1532 3742 ad
1548 3727 1574 3743 n.
1591 3727 1613 3743 2.
1630 3720 1668 3744 cit⁴

1216 3781 1219 3785 ,
1275 3749 1340 3779 (ᾖ)
1353 3750 1428 3784 ,Ερέίὶι
1445 3758 1482 3779 33·
1500 3757 1524 3772 Π·
1542 3757 1575 3780 ¹5·

1103 3784 1113 3814 (
1129 3784 1146 3808 k
1163 3783 1177 3812 )
1191 3780 1248 3808 Diis.
1263 3780 1338 3807 modo
1352 3781 1455 3807 indicata
1469 3787 1489 3807 c.
1505 3787 1531 3810 4.

1591 3779 1600 3809 ί
1616 3720 1908 3810 ιὸἓέἰὸἰὶἒῖἐτὲἷέξυιέἑα
1923 3749 1952 3776 ad
1968 3757 1996 3776 n.
2012 3757 2036 3779 4.
2053 3749 2096 3775 eit.
2112 3755 2133 3774 c.
2151 3756 2173 3774 1.
2190 3747 2214 3773 St
2228 3753 2254 3774 ²·
