2498 4075
435 202 586 293 Epist.
622 225 786 278 Anat.
821 224 1044 279 Medica.
1081 225 1231 278 xw.
1270 223 1393 276 Art.
1431 240 1508 274 10.
1543 225 1598 277 δι
1639 239 1713 275 u.

74 305 184 347 'quam
207 314 243 339 ut
267 303 321 338 hic
343 311 491 346 oporteat
515 302 602 336 aliud
613 300 745 343 addere,
766 302 931 347 quandoii
946 303 1001 345 qui
1014 299 1082 343 post
1132 311 1230 344 quam
1252 300 1342 339 pauci
1365 299 1425 334 sint
1449 311 1465 333 a
1485 297 1600 342 quibus
1624 298 1659 332 id
1682 297 1784 332 visum
1805 295 1888 338 ess'e,
1910 298 2056 338 constet;
2080 298 2134 333 de-

87 357 137 380 me
159 347 197 381 de
220 347 331 381 iisdem
355 346 574 380 Foraminibus
598 345 767 386 scripsere,
789 357 888 379 meam
908 346 998 379 illam
1020 343 1083 377 dis-

87 390 294 433 quifitionem
328 387 488 433 perlegisse
519 399 584 422 non
624 388 773 423 videntur
793 415 801 422 .
837 391 925 423 Nam
961 388 1082 421 vascula

87 433 219 476 quidem
244 432 418 476 sanguifera
441 444 501 475 ego
523 443 651 475 quoque
674 432 802 466 transire
827 444 882 475 per
904 433 959 465 illa
982 430 1049 464 vidi
1075 443 1085 468 ς

90 477 141 511 sed
165 478 197 510 in
219 477 360 512 omnibus
380 487 437 510 non
461 485 615 510 occurrere
634 499 645 515 ‚
678 475 827 509 admonui
852 500 864 516 ‚
896 475 937 509 fic
962 484 997 509 ut
1022 473 1087 516 ipsa

84 521 214 563 penitus
237 520 462 561 obstruantur:
496 521 527 551 δε
550 517 697 561 profesto
730 520 888 553 arteriolae
920 517 1087 562 quomodo

90 564 148 596 illa
170 573 247 598 tunc
270 565 368 597 etiam
390 562 522 604 implere
545 560 694 604 possunt,
716 574 789 596 cum
806 563 881 607 sane
902 563 1012 605 exigua
1024 570 1087 593 non

90 605 187 640 sunt?
209 608 314 650 qualia
338 615 422 638 certe
442 628 455 645 ,
489 615 544 637 nec
567 605 659 638 semel
681 629 694 646 ,
712 608 743 639 &
768 606 916 639 Valsalva
936 630 946 646 ,
978 607 1009 637 &
1033 614 1094 646 ego

90 650 372 692 deprehendimus.
398 648 456 681 Sed
480 649 607 687 aetum,
630 658 668 683 ut
691 649 782 686 dixi,
806 660 870 682 non
894 658 985 692 agam
1007 671 1014 679 .
1039 645 1093 679 Ad

90 694 248 728 tinnitum
273 693 381 735 potius
403 690 535 725 redibo.
564 694 613 726 De
647 704 690 726 uo
713 693 746 725 in
759 691 989 728 Dissertatione
1013 701 1091 733 qua-

91 736 166 771 darn
189 738 241 771 Cl.
257 737 332 770 Viri
357 734 520 777 haeclegi:
545 704 707 778 Rariffima
719 736 757 776 est
779 735 974 779 observatio,
997 744 1090 777 quam

91 782 219 815 Hieron.
244 778 445 813 Mercurialis
476 778 609 823 Coizsidt.
636 779 721 812 Med.
744 781 832 812 Tom.
858 782 900 812 11.
924 776 993 821 Obs.
1021 787 1091 809 100.

96 824 132 857 de
154 825 225 857 viro
244 847 256 863 ‚
289 824 333 857 Θ
356 821 445 856 Felix
483 822 633 856 'Platerus
655 821 725 867 Obs.
750 821 816 855 Lib.
838 826 880 854 ΙΙ.
901 832 933 864 p.
956 832 1030 864 372.
1055 820 1090 852 de

88 865 221 910 foemina
244 873 483 905 commemorat,
506 865 538 898 in
561 863 674 906 quibus
696 864 834 899 tinnitus
844 865 916 899 adeo
926 864 1090 897 vehemens

84 908 159 952 fuit
169 932 182 949 ,
203 917 240 943 ut
261 909 355 942 etiam
378 905 417 941 ah
449 908 639 947 adstantibus
660 909 821 942 audiretur
840 934 847 941 .
885 907 944 941 Sed
969 908 1090 949 primus

94 951 129 985 id
151 953 278 986 minime
300 960 420 985 certum
443 950 533 985 fuisse
552 974 565 991 ,
601 951 712 985 scribit
730 977 737 984 .
771 953 809 984 In
832 951 961 984 alterius
986 959 1090 982 autem

94 995 226 1029 laudato
248 995 336 1028 libro
358 993 441 1028 nihil
463 993 619 1039 ejusmodi
642 994 782 1029 invenire
793 994 936 1038 possum:
961 1002 1089 1026 tantum

96 1050 168 1081 pag.
193 1049 269 1082 371.
291 1038 466 1081 purulenta>
499 1039 582 1071 auris
615 1037 768 1071 foetorem
800 1039 896 1072 etiam
926 1035 1095 1078 astantibus

94 1079 185 1116 fuisse
210 1081 366 1122 molestum
380 1107 389 1120 ‚
414 1081 504 1123 lego.
530 1081 632 1121 Qod
654 1081 676 1114 si
700 1091 736 1116 tu
759 1081 844 1115 forte
867 1079 901 1115 id
922 1079 1014 1123 quod
1035 1090 1095 1121 ego

95 1136 160 1159 non
184 1126 298 1168 potui,
323 1126 484 1162 inveniam
508 1124 581 1158 vide
602 1148 615 1165 ‚
644 1136 683 1158 ne
705 1125 743 1158 de
768 1124 845 1158 sono
878 1125 993 1171 potius
1013 1133 1096 1157 arte-

95 1170 150 1202 riae
166 1190 175 1207 ,
197 1170 283 1201 intra
307 1180 414 1204 aurem
437 1168 616 1210 pulsantis,
640 1167 679 1202 fit
703 1167 948 1211 accipiendum,
971 1167 1096 1202 sicutin

91 1213 246 1245 Matrona
269 1211 405 1255 quadam
429 1213 596 1254 Verneyus
619 1215 634 1253 (
654 1222 676 1246 x
701 1216 711 1250 )
735 1220 914 1246 memorat:
938 1221 990 1245 aut
1003 1210 1024 1243 si
1048 1221 1097 1243 re-

94 1266 169 1288 vera
199 1254 308 1289 sibilus
332 1254 427 1293 fuit3
461 1255 500 1288 ab
522 1266 588 1288 aere
622 1254 712 1291 fuisse
738 1278 748 1295 ,
781 1255 943 1295 credito,
975 1255 1030 1297 qui
1063 1256 1097 1286 in

94 1298 261 1341 Tympani
284 1310 377 1333 cavea
399 1308 621 1340 coacervatus,
645 1302 677 1332 &
702 1311 778 1334 mox
802 1298 968 1333 conclusus
987 1321 1000 1339 ,
1032 1309 1099 1330 ma-

93 1353 156 1384 gna
182 1343 274 1377 illinc
303 1344 336 1375 vi
360 1352 485 1384 repente
508 1352 685 1385 erumperet
709 1354 763 1385 per
786 1342 929 1377 foramen
952 1340 1041 1385 quod
1064 1342 1099 1374 in

94 1385 163 1433 ipsa
188 1384 315 1420 fortasse
340 1385 525 1420 Membrana
548 1386 715 1428 Tympani
736 1409 749 1427 ,
781 1395 836 1421 aut
859 1385 898 1420 ad
921 1384 1099 1428 supremam

93 1439 163 1471 ejus
185 1440 274 1462 oram
299 1429 358 1463 fibi
381 1428 480 1473 posset
504 1430 622 1472 aperire
646 1429 756 1472 (y).
822 1438 825 1442 ’

145 1483 192 1507 10.
218 1472 390 1507 surditatis
416 1485 432 1506 a
455 1474 625 1506 nativitate
647 1473 772 1507 causam
802 1473 836 1506 in
858 1470 1022 1506 deficiente
1045 1474 1100 1504 In-

94 1516 197 1554 cude,
219 1525 274 1551 aut
297 1518 330 1550 in
353 1516 501 1551 omnibus
525 1515 660 1550 officulis
691 1517 785 1550 tertia
812 1524 899 1559 parte
923 1515 1101 1550 minoribus

97 1561 225 1602 Qarta
249 1561 403 1603 proponit
427 1559 637 1592 Observatio.
664 1559 723 1593 Sed
746 1561 780 1592 in
808 1560 909 1592 altero
932 1559 1066 1592 Scholio
1091 1581 1102 1599 ,

96 1602 298 1647 subjeetaque
321 1602 506 1645 Appendice
537 1600 679 1635 dubitari
701 1602 799 1636 video
830 1611 995 1645 propterea
1016 1601 1105 1645 quod

96 1646 259 1691 perforata
284 1646 470 1680 Membrana
495 1646 662 1687 Tympani
685 1670 697 1687 ,
729 1645 900 1690 fraffisque
935 1646 1073 1680 officulis
1096 1667 1109 1683 ,

98 1690 246 1726 auditum
269 1689 330 1722 est.
351 1688 457 1727 ‘Quod
480 1688 637 1723 Valsalv'ae
669 1693 683 1729 (
706 1702 730 1735 ιζ
745 1691 765 1731 4>
789 1690 968 1723 observatio
989 1688 1106 1722 confir·

95 1742 163 1768 mat
185 1733 220 1765 in
244 1732 379 1767 foemina
402 1737 473 1775 qu'ae
496 1733 813 1773 cumffMembranam
836 1733 927 1767 illam
952 1735 1105 1775 utrinque

94 1777 217 1811 erosam
241 1786 296 1809 aut
320 1775 446 1818 prorsus
467 1799 479 1815 ‚
513 1784 567 1809 aut
592 1777 732 1810 maxima
765 1788 802 1810 ex
825 1787 911 1820 parte
946 1777 1073 1810 haberet
1097 1801 1106 1816 ,

99 1821 174 1855 inde
196 1830 272 1853 vero
305 1818 389 1853 nihil
414 1818 620 1854 officulorum
657 1829 773 1862 praeter
796 1819 940 1864 Stapedis
972 1819 1071 1854 basim
1093 1844 1106 1861 ,

94 1863 171 1899 hinc
196 1872 302 1897 autem
327 1861 480 1903 Incudem
505 1874 520 1895 a
544 1862 678 1906 stapede
708 1865 843 1898 omnino
866 1863 1065 1906 disjunetum
1092 1887 1106 1904 ,

94 1919 163 1942 non
186 1906 277 1941 surda
301 1916 437 1946 tamen,
461 1905 511 1939 sed
535 1907 623 1949 gravi
646 1905 815 1941 dumtaxat
839 1907 949 1942 auditu
971 1906 1036 1951 jam
1049 1907 1105 1942 diu

95 1951 199 1986 fuerat
213 1948 433 1993 ‚Eodemque
456 1948 549 1983 facile
572 1950 710 1984 attinent
723 1951 976 1986 Observationes
988 1951 1106 1985 Vieus-

96 1994 175 2028 senii
196 1994 214 2033 v(
236 2005 254 2026 a
276 1997 314 2034 ),
335 1994 393 2037 qui
415 1995 449 2026 in
474 1993 641 2036 pluribus,
670 2005 736 2035 non
749 1994 850 2028 surdis
873 1995 939 2031 illis
952 1994 1107 2038 quidem,

95 2038 147 2072 sed
169 2046 297 2071 tantum
320 2035 472 2077 difficile,
496 2040 527 2070 &
551 2036 736 2078 imperfecte
770 2037 1000 2079 audientibus,
1023 2038 1108 2072 idem

94 2082 129 2115 in
154 2081 262 2115 eadem
283 2080 472 2114 Membrana
505 2080 714 2123 deprehendit
736 2106 746 2123 ,
778 2092 992 2126 praetereaque
1027 2083 1109 2116 male

94 2133 269 2168 corruptos
304 2124 466 2159 musculos
498 2124 701 2159 officulorum
722 2149 735 2166 ‚
778 2126 845 2159 haec
879 2136 983 2160 autem
1017 2135 1109 2158 extra

95 2168 189 2203 suum
211 2167 358 2202 ordinem
382 2166 514 2212 disjecta
534 2180 545 2208 5
577 2168 708 2210 perinde
731 2170 817 2202 enim
850 2168 1034 2202 habendum
1068 2168 1110 2202 est

96 2223 131 2245 ac
153 2210 175 2246 fi
199 2210 333 2246 deessent
350 2232 360 2248 ‚
383 2210 475 2254 quod
498 2212 546 2243 ita
571 2211 674 2244 locata
699 2209 760 2243 sint
783 2235 792 2251 ,
824 2220 860 2244 ut
885 2212 949 2245 suis
972 2213 1114 2245 muneri-

98 2255 160 2293 bus
183 2254 287 2297 fungi
303 2264 370 2287 non
393 2252 508 2295 poffint
522 2277 529 2284 .
554 2254 636 2286 Haec
660 2262 766 2287 tamen
790 2255 888 2288 velim
912 2265 983 2289 tum
1005 2254 1043 2287 de
1065 2254 1115 2287 os-

98 2296 232 2337 siculis,
254 2306 325 2330 tum
347 2296 386 2330 de
408 2295 596 2330 Membrana
621 2297 789 2340 Tympani
801 2298 1054 2332 animadvertas.
1080 2299 1114 2331 Si

103 2344 138 2374 in
163 2339 260 2384 hujus
283 2340 491 2382 perruptione
517 2340 626 2382 Stapes
650 2339 800 2373 excidat:
824 2351 889 2373 non
913 2340 979 2383 jam
1003 2342 1114 2383 Tym-

89 2395 218 2427 ‚panum
242 2384 436 2421 dumtaxat,
459 2381 510 2415 sed
536 2385 565 2415 &
582 2382 780 2416 molliffimas
804 2383 1115 2425 Labyrinthimern-

97 2427 247 2462 branulas
283 2437 338 2469 per
381 2434 523 2467 apertam
558 2425 600 2458 sic
647 2425 822 2459 Fenestram
856 2428 996 2460 Ovalem
1028 2426 1115 2470 inju-

97 2472 157 2505 riis
181 2480 286 2514 patere
306 2480 315 2502 :
349 2468 456 2511 itaque
480 2469 519 2500 ab
541 2469 666 2501 nemine
688 2472 742 2502 cui
769 2471 878 2512 Stapes
912 2480 1002 2505 totus
1025 2472 1112 2503 exci-

98 2513 190 2549 disset
223 2536 236 2554 ‚
278 2511 424 2547 auditum
456 2509 512 2544 diu
545 2511 768 2546 conservatum
801 2511 908 2554 legisse
945 2516 1108 2547 memini.

98 2556 269 2601 Tympani
296 2564 410 2598 autern
442 2554 665 2588 Membranam
685 2570 688 2573 >
710 2555 765 2589 etsi
799 2555 948 2589 Valsalva
980 2567 1110 2600 quoque

94 2604 111 2641 (
133 2600 152 2634 b
174 2604 189 2643 )
212 2599 328 2634 diserte
352 2598 521 2632 admonuit
545 2609 609 2631 non
625 2597 681 2631 esse
704 2599 840 2633 omnino
861 2598 901 2633 ad
912 2599 1108 2634 audiendum

96 2642 322 2681 necessariam-3
345 2650 382 2676 tu
405 2641 473 2675 noli
498 2650 604 2674 tamen
626 2642 802 2682 oblivisci,
829 2640 1028 2677 necessariam
1051 2642 1107 2677 esse

101 2687 141 2721 ad
163 2698 197 2720 ea
222 2684 416 2729 protegenda
436 2690 449 2725 '‚
482 2685 599 2727 quibus
620 2685 698 2720 laesis
722 2710 732 2724 ,
768 2685 884 2720 audire*
902 2698 966 2720 non
999 2686 1106 2730 possu-

95 2742 194 2773 mus,
217 2728 459 2772 Labyrinthum
480 2729 557 2762 dico
576 2751 588 2769 ‚
623 2741 639 2761 a
670 2728 761 2773 cujus
783 2729 938 2763 Fenestris
970 2730 1106 2773 injurias

99 2784 184 2809 arcet
207 2774 400 2814 exteriores,
422 2781 460 2806 ut
483 2772 505 2806 fi
529 2773 578 2806 vel
602 2772 733 2816 major,
754 2772 803 2806 vel
826 2774 968 2807 crebrior
991 2773 1106 2808 harum

98 2818 255 2851 violentia
279 2826 388 2859 urgeat
426 2815 666 2851 membranulas·
682 2817 882 2860 praesertim‚
903 2828 975 2860 quae
998 2818 1105 2851 minus

100 2861 141 2895 ab
164 2870 237 2895 ortu
260 2858 357 2894 firmae
380 2857 441 2893 sint
456 2885 464 2899 ‚
487 2862 543 2893 vix
565 2858 634 2893 fieri
659 2860 775 2902 poffit,
797 2862 876 2904 quin
900 2861 1009 2894 saltem
1033 2861 1106 2894 lon-

99 2906 204 2948 gioris
226 2904 379 2946 temporis
400 2902 491 2937 cursu
516 2903 682 2946 praevaleat
704 2928 712 2936 .
747 2904 847 2944 Qod
870 2903 893 2937 fi
915 2915 971 2936 nec
993 2904 1105 2937 foemi-

100 2959 150 2982 nae
173 2948 225 2983 illi
249 2946 287 2981 de
309 2958 371 2990 qua
393 2947 492 2989 paulo
515 2956 587 2979 ante
609 2946 790 2981 indicatum
815 2947 882 2987 est,
905 2958 961 2980 nec
972 2949 1104 2982 canibus

103 2991 246 3032 accidit,
268 2991 302 3023 in
323 2990 439 3033 quibus
451 2990 598 3024 Valsalva
612 2992 866 3033 experimentum
890 2989 1002 3025 habuit
1015 2992 1103 3035 quod

99 3033 267 3070 Holderus
289 3035 303 3072 (
325 3044 340 3066 c
360 3037 375 3076 )
394 3058 404 3074 ‚
437 3035 469 3066 δέ
494 3032 651 3068 Willifius
686 3037 700 3073 (
722 3035 742 3067 d
762 3038 776 3076 )
816 3045 1067 3068 memoraverant
1091 3048 1103 3075 5

99 3090 214 3123 nempe
235 3077 336 3111 citius
359 3088 453 3120 quam
478 3078 633 3112 accideret
650 3102 659 3118 ,
681 3087 794 3112 natura
817 3079 851 3111 in
875 3079 930 3112 illa
946 3087 992 3112 'ex
1015 3088 1104 3122 parte

99 3122 246 3163 erosam',
269 3121 304 3154 in
326 3120 453 3155 canibus
476 3130 659 3164 perruptam
678 3121 902 3155 Membranam
937 3123 1106 3166 Tympani

101 3167 149 3200 ita
172 3164 335 3200 resarserat
355 3187 369 3205 ,
401 3173 437 3197 ut
460 3166 499 3198 ab
523 3165 634 3198 eodem
658 3164 809 3199 Valsalva
841 3170 852 3206 (
876 3176 891 3201 e
913 3169 927 3208 )
962 3177 1106 3210 comper-

100 3219 174 3245 tum
196 3208 262 3243 est.
395 3207 468 3242 Nec
490 3208 573 3242 mihi
597 3207 732 3251 objicias
753 3232 766 3250 ,
800 3211 971 3243 exteriores
994 3219 1102 3244 tamen

99 3253 236 3297 injurias
269 3250 394 3286 auditui
432 3259 540 3285 eorum
572 3263 635 3286 non
660 3252 785 3286 officere
808 3275 817 3291 ‚
850 3253 977 3299 quibus
1000 3255 1035 3287 in
1067 3265 1102 3289 ea

98 3297 290 3334 Membrana
313 3294 459 3329 foramen
483 3295 524 3330 est
545 3320 554 3335 ‚
587 3307 641 3338 per
662 3297 750 3339 quod
773 3308 827 3330 ore
850 3295 1032 3340 proiectum
1054 3298 1105 3336 nia,

99 3342 238 3376 cotianae
262 3339 365 3374 herbae
389 3336 514 3372 furnum
536 3339 729 3379 extrudunt3
753 3339 810 3374 nisi
836 3341 922 3383 prius
946 3352 1104 3376 examena

99 3397 152 3420 me
174 3388 189 3425 (
203 3381 231 3427 f
245 3387 259 3425 )
282 3382 463 3417 institutum
485 3383 652 3426 perlegeris
675 3384 899 3427 plerorumque
922 3385 1103 3420 Auctor-um

99 3430 157 3473 qui
180 3428 214 3462 id
237 3425 346 3461 vidisse
369 3424 557 3461 dicebantur
579 3449 587 3459 .
623 3428 775 3471 Reperies
805 3429 892 3462 enim
925 3430 1068 3472 primum
1091 3452 1103 3469 ‚

1134 342 1208 377 inde
1233 344 1391 376 neminem
1416 342 1569 381 fortasse,
1592 343 1648 386 qui
1672 340 1706 375 id
1729 341 1815 384 quod
1839 340 1948 381 vidit,
1970 353 2051 385 quot
2076 354 2137 375 an-

1136 389 1185 420 nis
1210 385 1276 418 sieri
1300 390 1464 428 potuerit,
1488 386 1580 418 nobis
1604 385 1732 420 testetur
1754 408 1766 424 ,
1799 384 1880 417 salva
1905 384 2053 420 audiendi
2088 385 2137 418 fa-

1136 431 1254 463 cultate
1279 441 1289 467 3
1322 429 1457 472 denique
1482 428 1708 463 animadvertes
1730 453 1742 469 ‚
1773 437 1840 461 eam
1864 426 1922 462 esse
1945 428 2028 472 posse
2051 428 2138 461 illius

1139 473 1310 507 foraminis
1333 471 1543 513 structuram,
1567 482 1602 506 ut
1617 474 1708 509 ‚exire
1734 480 1783 505 aer
1806 481 1925 515 queat,
1947 483 2010 505 non
2034 474 2140 514 ingre-

1140 515 1172 550 di
1187 539 1195 553 ,
1220 527 1269 549 eas
1293 524 1399 549 autem
1422 515 1597 558 angustias,
1621 525 1657 549 ut
1681 526 1791 557 parum
1813 515 1894 548 aeris
1914 538 1926 557 ‚
1958 514 2040 548 nihil
2065 526 2141 548 vero

1139 560 1298 602 pulveris,
1320 559 1519 603 aliorumque
1543 558 1699 602 ejusmodi
1722 558 1824 594 subire
1847 569 1901 601 per
1924 557 1953 591 se
1977 558 2067 601 poffit
2079 569 2143 601 qua

1145 614 1208 635 non
1240 602 1303 637 fine
1332 611 1455 635 conatu
1473 603 1643 645 'impulsus
1676 602 1785 637 fumus
1817 601 1975 643 prodierit
2002 627 2009 633 .

1143 647 1223 680 Haec
1248 646 1377 688 igitur,
1400 657 1472 679 cum
1496 646 1638 680 incident
1660 646 1746 680 casus
1771 653 1824 679 aut
1847 644 2069 687 disruptorum
2092 644 2144 677 os-

1142 688 1338 730 siculorum,
1363 698 1416 722 aut
1440 688 1556 729 erosae,
1581 689 1751 733 pertusaeve
1773 688 1970 724 Membranae
1994 689 2145 732 Tympa-

1142 734 1174 764 ni
1190 758 1198 772 ,
1223 734 1330 766 animo
1355 731 1525 775 perpendes
1546 756 1553 765 .
1590 733 1689 769 Nunc
1712 732 1751 766 ad
1774 732 1912 775 reliquas
1931 753 1940 769 ,
1979 732 2013 765 in
2038 731 2147 774 Sepul-

1142 776 1254 810 chreto
1277 775 1470 819 productas,
1493 774 1740 809 Observationes
1763 775 1942 809 redeamus.

1189 830 1235 853 11.
1262 821 1299 852 In
1323 821 1366 852 V.
1394 819 1588 862 proponitur
1611 819 1740 853 auditus
1764 818 1849 853 laefio
1872 831 1888 851 a
1909 817 2001 852 causa
2017 842 2029 859 ‚
2049 819 2149 851 Vete-

1141 864 1227 898 ribus
1252 864 1417 905 incognita
1439 886 1451 902 ‚
1483 862 1633 895 videlicet
1658 874 1673 896 a
1698 861 1843 897 sordibus
1881 862 2005 896 aurium
2030 859 2150 903 lapide,

1142 906 1321 940 {centibu5.
1346 905 1487 939 Galenus
1510 906 1641 948 quidem
1665 905 1828 948 scripserat
1852 907 1904 948 (g
1926 909 1965 947 >‚
1989 916 2004 939 e
2026 913 2153 938 numero

1143 961 1245 984 eorum
1282 961 1346 992 quae
1371 950 1570 982 auditorium
1604 959 1739 984 meatum
1763 948 1920 990 obstruunt
1940 972 1952 989 ,
1984 949 2028 982 (9·
2045 946 2152 989 sordes

1147 992 1201 1036 effe
1223 1004 1287 1035 quie
1310 994 1342 1026 in
1366 992 1493 1026 auribus
1515 992 1621 1035 colligi
1638 991 1765 1035 solent,
1788 1003 1843 1027 nec
1864 992 2037 1034 Apollonii
2053 1000 2154 1024 reme-

1147 1034 1237 1070 dium
1260 1037 1299 1068 ad
1321 1036 1444 1069 aurium
1460 1034 1583 1077 sordem
1605 1038 1619 1073 ζ
1642 1034 1696 1077 h)
1719 1058 1732 1075 ,
1754 1046 1810 1068 nec
1834 1035 1886 1069 sua
1910 1036 1949 1067 aci
1963 1033 2072 1076 sordes
2095 1042 2156 1066 au-

1147 1082 1229 1114 rium
1252 1078 1421 1112 educendas
1444 1081 1457 1118 (
1480 1080 1492 1110 i
1517 1081 1531 1117 )
1563 1079 1731 1110 reticuerat
1756 1103 1764 1117 ‚
1797 1078 1833 1111 ab
1864 1078 2047 1120 Apollonio
2070 1098 2080 1114 ‚
2113 1083 2151 1109 ut

1146 1123 1297 1162 videtur,
1320 1129 1472 1162 accepta,
1496 1119 1577 1155 unde
1602 1124 1632 1154 δέ
1658 1120 1709 1154 sua
1733 1121 1864 1154 Celsum
1886 1123 1900 1159 (
1923 1120 1941 1161 l<
1962 1124 1975 1160 )
1998 1129 2089 1155 antea
2104 1129 2156 1151 ac·-

1145 1164 1281 1209 cepisse,
1302 1162 1492 1198 credidero:
1516 1175 1587 1206 quae
1601 1175 1674 1197 cum
1697 1165 1738 1196 iis
1759 1163 1902 1197 conferre
1917 1165 2057 1207 poteris,
2083 1162 2159 1205 qui-

1146 1212 1203 1244 bus
1225 1219 1307 1242 nunc
1329 1209 1410 1241 alios
1433 1231 1441 1245 ,
1467 1209 1500 1240 δε
1523 1207 1552 1240 se
1575 1219 1703 1252 quoque
1735 1206 1807 1242 usos
1832 1207 1972 1243 feliciter
1995 1231 2005 1247 ‚
2039 1206 2158 1240 docent

1148 1253 1365 1288 Boerhaavius
1387 1254 1401 1292 (
1425 1251 1436 1285 l
1458 1255 1492 1291 )‚
1517 1253 1549 1284 δέ
1573 1249 1830 1297 Dethardingius
1852 1254 1867 1290 (
1888 1262 1919 1285 m
1941 1255 1955 1291 )
1978 1276 1984 1285 .
2020 1249 2080 1283 Sed
2102 1246 2159 1282 etsi

1148 1296 1259 1331 Celsus
1283 1300 1296 1336 (
1320 1307 1338 1328 n
1355 1295 1373 1338 )
1389 1294 1530 1338 sordium
1554 1295 1698 1334 coitum,
1721 1297 1831 1338 easque
1855 1295 1949 1327 duras
1972 1291 2135 1327 interdum
2150 1314 2161 1330 ,

1149 1340 1367 1376 emolliendas,
1393 1341 1424 1374 &
1448 1336 1747 1380 oriculariospecillo
1771 1338 1949 1373 eximendas
1961 1336 2134 1380 proposuit
2148 1349 2160 1374 5

1149 1384 1215 1426 ipse
1237 1393 1363 1423 tamen,
1387 1384 1419 1414 &
1443 1381 1551 1415 caeteri
1574 1382 1713 1424 Antiqui
1739 1391 1905 1414 concretos
1937 1393 1976 1414 ex
1999 1381 2163 1414 cerumine

1149 1429 1183 1461 in
1207 1427 1334 1462 auribus
1357 1425 1497 1460 calculos
1521 1423 1605 1458 haud
1629 1425 1712 1458 secus
1736 1433 1829 1467 atque
1851 1436 1890 1457 ex
1911 1423 1973 1458 bile
1997 1426 2030 1458 in
2047 1422 2167 1458 vesicu-

1152 1473 1181 1505 la
1206 1470 1309 1509 fellis,
1333 1469 1472 1509 diserte,
1494 1468 1767 1510 quemadmodum
1789 1470 1823 1501 in
1848 1467 1907 1507 hac
1930 1467 2166 1503 Observatione

1151 1513 1312 1548 Casserius
1335 1511 1462 1552 noster,
1485 1510 1666 1545 memorasse
1692 1523 1756 1545 non
1778 1511 1930 1545 videntur
1954 1535 1962 1543 .
1998 1512 2071 1545 Nec
2096 1511 2166 1544 sane

1154 1558 1333 1600 frequentes
1357 1557 1447 1594 sunt,
1473 1566 1547 1588 curn
1570 1567 1586 1587 a
1609 1555 1744 1589 Casserii
1769 1554 1972 1597 temporibus
1999 1576 2010 1593 ‚
2034 1554 2091 1597 qui
2114 1565 2168 1587 ra-

1156 1601 1284 1645 riffimos
1306 1599 1364 1634 esse
1378 1623 1390 1640 ,
1411 1598 1518 1637 dixit,
1542 1609 1638 1631 unam
1662 1609 1773 1632 eorum
1797 1597 1923 1633 videam
1945 1597 2059 1632 Caroli
2078 1597 2170 1644 Jose-

1158 1638 1215 1689 phi
1242 1645 1375 1678 M'ulleri
1398 1646 1411 1683 (
1433 1654 1449 1676 o
1471 1646 1484 1683 )
1508 1641 1780 1676 Observationem
1799 1653 1869 1675 vere
1894 1641 2041 1682 laudari,
2067 1651 2168 1685 quam

1152 1693 1190 1722 ’δε
1214 1688 1280 1731 ipse
1302 1688 1388 1730 longe
1413 1684 1626 1719 arbitrabatur
1651 1684 1855 1728 rariffimam.
1882 1686 1974 1725 Quin
1996 1710 2009 1727 ‚
2042 1686 2168 1718 Patavii

1159 1732 1269 1766 saltem
1286 1755 1298 1772 ,
1321 1732 1367 1763 vel
1392 1730 1455 1764 hoc
1479 1729 1566 1772 quod
1589 1729 1696 1763 dicam
1717 1754 1726 1770 ‚
1751 1741 1857 1763 rarum
1879 1729 1922 1764 est
1944 1740 2090 1763 cerumen
2115 1727 2172 1762 ha-

1158 1777 1269 1810 &enus
1290 1784 1475 1808 concretum
1500 1774 1662 1811 invenire,
1687 1782 1724 1806 ut
1748 1774 1887 1809 eMeatu
1910 1785 2006 1816 quem
2018 1772 2172 1815 oppleat‚

1156 1818 1338 1853 universum
1354 1845 1363 1859 ,
1388 1816 1473 1861 quasi
1498 1816 1622 1859 gladius
1644 1828 1660 1850 e
1683 1818 1828 1859 vagina,
1852 1818 1905 1851 aut
1930 1816 2068 1851 turunda
2093 1828 2108 1849 e
2132 1814 2169 1849 fi-

1156 1863 1259 1903 stula,
1282 1862 1459 1896 trahentem
1482 1860 1629 1904 sequatur
1648 1872 1661 1902 ‚·
1693 1859 1751 1895 nifi
1774 1860 1858 1895 forte
1882 1872 1968 1895 aures
1994 1860 2033 1894 ab
2058 1861 2172 1893 altiore

1158 1907 1247 1941 causa
1272 1906 1371 1940 surdae
1394 1904 1476 1944 sint,
1501 1915 1603 1947 eoque
1627 1904 1797 1947 negleetae,
1822 1913 1858 1939 ut
1882 1905 1914 1949 in
1929 1915 2021 1940 vtro,
2047 1903 2084 1937 de
2107 1915 2174 1945 quo

1158 1951 1235 1984 alibi
1250 1953 1271 1990 ’(
1291 1959 1313 1992 p
1334 1949 1567 1987 >mentionem
1590 1946 1653 1981 feci
1673 1972 1686 1988 ,
1719 1950 1900 1991 iterumque
1924 1949 1958 1981 in
1983 1959 2044 1981 anu
2069 1945 2137 1980 vidi
2161 1970 2174 1987 ,

1157 1997 1211 2029 'cui
1235 1993 1319 2027 faeta
1343 2001 1409 2026 erat
1431 1990 1522 2026 'ossea
1545 1991 1600 2024 illa
1632 1992 1849 2027 membranula
1871 2002 1942 2034 quae
1974 2002 2048 2025 curn
2074 1990 2173 2025 Ovali

1160 2036 1302 2073 Penestra
1336 2034 1434 2069 basim
1458 2035 1603 2078 Stapedis
1629 2035 1793 2070 connetftit
1815 2061 1822 2067 .
1856 2036 1949 2071 Alias
1974 2045 2080 2069 autem
2115 2032 2173 2068 esse

1162 2083 1307 2124 regiones
1330 2081 1363 2112 in
1396 2078 1513 2124 quibus
1536 2079 1584 2112 vel
1615 2080 1711 2122 paulo
1734 2080 1836 2122 magis
1870 2078 2061 2113 induratum
2083 2088 2174 2111 ceru-

1163 2137 1233 2159 men
1259 2123 1405 2166 frequens
1436 2121 1476 2155 fit
1499 2121 1576 2157 adeo
1598 2132 1635 2158 ut
1659 2122 1731 2156 inde
1753 2132 1833 2156 ortae
1857 2122 2023 2158 surditatis
2046 2121 2175 2157 curatio

1166 2181 1182 2200 a
1207 2166 1381 2208 Chirurgis
1405 2166 1653 2200 circulatoribus
1679 2166 1895 2209 suscipiatur,
1919 2166 2013 2201 facile
2041 2165 2140 2200 credo
2164 2189 2172 2197 .

1165 2212 1257 2244 Nam
1278 2214 1310 2244 ὃ(
1333 2212 1368 2242 in
1400 2209 1511 2243 Gallia
1532 2220 1681 2244 cerumen
1706 2210 1917 2254 instar‘2gypfi
1941 2209 2138 2255 inspiffatum
2161 2232 2175 2250 ,

1166 2264 1337 2298 totumque
1369 2261 1508 2288 meatum
1530 2254 1637 2288 exaffe
1671 2252 1797 2295 opplens
1816 2252 1975 2298 saepiffime
2009 2254 2139 2296 reperiri
2160 2276 2174 2294 ‚

1165 2310 1203 2331 ex
1226 2300 1382 2342 Verneyo
1405 2296 1459 2341 (q
1480 2299 1494 2338 >
1516 2322 1525 2336 ‚
1557 2308 1573 2330 a
1598 2295 1748 2331 Valsalva
1781 2298 1794 2336 (
1816 2308 1832 2330 r
1853 2300 1867 2337 )
1899 2306 1988 2330 antea
2019 2296 2175 2338 laudato,

1166 2341 1323 2378 sciebam3
1347 2340 1399 2375 sed
1422 2351 1489 2373 eam
1513 2349 1619 2374 tamen
1642 2340 1844 2376 curationem
1869 2351 1884 2373 a
1906 2339 2175 2382 peritioribusibi

1165 2384 1329 2428 chirurgis
1353 2383 1571 2418 administrari
1586 2406 1594 2422 ‚
1619 2385 1652 2418 in
1677 2382 1747 2426 ipso
1772 2392 1877 2418 autem
1900 2384 1954 2416 Bel
1981 2384 2015 2416 io
2036 2408 2049 2425 ,
2083 2384 2174 2419 audi-

1165 2439 1271 2462 veram
1293 2453 1302 2468 ‚
1331 2427 1366 2461 id
1389 2427 1479 2471 quod
1515 2427 1618 2469 postea
1651 2427 1731 2462 ledia
1763 2427 1816 2460 Cl.
1841 2425 1943 2461 Godo
1962 2438 1987 2459 r.
2021 2427 2065 2462 du
2096 2428 2174 2463 Bois

1164 2470 1358 2506 Dissertatio
1381 2470 1467 2512 (s)
1490 2470 1715 2509 confirmavit,
1739 2469 1820 2504 hanc
1844 2470 2011 2514 surditatis
2033 2470 2171 2515 speciem

1166 2525 1236 2547 raro
1258 2514 1385 2551 curari,
1409 2515 1482 2555 quia
1505 2525 1523 2546 a
1542 2515 1656 2557 paucis
1679 2512 1752 2546 hene
1775 2515 1920 2558 cognita;
1941 2524 1978 2549 ut
2003 2526 2070 2549 non
2093 2515 2174 2550 abre

1165 2557 1311 2591 duxerim
1334 2560 1348 2596 ζ
1370 2565 1385 2590 t
1406 2560 1420 2598 )
1443 2558 1642 2598 curationis,
1665 2568 1762 2601 quarn
1786 2569 1802 2590 a
1827 2557 1856 2591 se
1880 2570 2009 2602 quoque
2028 2582 2038 2598 ‚
2063 2561 2172 2603 primo

1161 2601 1297 2636 fortassis
1323 2600 1403 2643 apud
1426 2600 1600 2642 nostrates,
1623 2601 1805 2635 institutam
1817 2602 1967 2635 Valsalva
1990 2606 2004 2643 ζ
2027 2614 2048 2637 u
2071 2604 2173 2643 >scri-

1160 2644 1287 2686 pserat',
1310 2646 1434 2679 exitum
1461 2643 1574 2678 referre
1592 2671 1600 2686 ,
1624 2645 1870 2688 exemplumque
1903 2644 2012 2680 addere
2036 2646 2171 2682 surdita-

1159 2689 1202 2722 tis
1228 2688 1358 2722 alterius
1377 2711 1391 2729 ,
1429 2687 1466 2721 ab
1490 2698 1585 2722 acuto
1608 2688 1725 2722 morbo
1746 2688 1914 2723 decimum*
1944 2690 2008 2733 jam
2033 2691 2169 2727 mensem

1158 2732 1346 2774 perstantis‚
1370 2732 1408 2765 eit
1430 2733 1590 2766 cerumine
1611 2755 1621 2771 ‚
1646 2742 1684 2765 an
1708 2744 1746 2765 ex
1769 2732 1830 2766 alia
1853 2734 1986 2767 materia
2008 2732 2022 2767 ?
2056 2735 2094 2768 ab
2115 2748 2170 2771 eo-

1158 2774 1230 2809 dem
1254 2787 1350 2809 manu
1374 2784 1491 2809 curatae
1514 2799 1526 2816 ,
1556 2787 1652 2819 eaque
1674 2774 1837 2809 occasione
1860 2788 1930 2820 quae
1954 2779 1988 2810 in
2010 2777 2169 2820 ejusmodi

1158 2819 1378 2854 curationibus
1401 2830 1490 2862 agere
1514 2819 1626 2853 soleret
1645 2843 1659 2860 ‚
1692 2830 1874 2863 quanquam
1900 2830 1971 2855 cum
1992 2821 2068 2856 aliis
2088 2845 2098 2861 ,
2132 2833 2169 2858 ut

1157 2862 1204 2896 ibi
1241 2862 1356 2896 diserte
1394 2863 1538 2901 monui,
1570 2863 1744 2896 communia
1765 2887 1776 2903 ,
1810 2863 1948 2897 striffim
1980 2866 2136 2909 attingere
2158 2891 2167 2900 .

1156 2907 1250 2940 Num
1274 2918 1349 2941 vero
1371 2905 1477 2940 eadem
1501 2908 1635 2939 omnino
1659 2907 1824 2949 Verneyus
1848 2905 1962 2941 habeat
1983 2931 1996 2948 ,
2028 2910 2092 2951 ipse
2116 2906 2168 2950 vi-

1156 2949 1240 2984 deris
1256 2976 1263 2982 .
1292 2948 1380 2984 Mihi
1404 2959 1487 2983 certe
1523 2949 1605 2983 illud
1628 2948 1765 2983 omisisse
1788 2950 1901 2984 videor
1932 2951 2020 2994 quod
2043 2953 2167 2987 Verne-

1154 3004 1215 3036 yus
1239 2993 1305 3036 ipse
1328 3002 1506 3026 narraverat
1530 2994 1566 3027 ex
1588 2991 1706 3035 observ.
1729 3004 1784 3037 45.
1807 2993 1926 3028 volum.
1947 2996 2050 3038 primi
2058 2997 2165 3031 Λῑῖο-

1154 3048 1225 3071 rum
1245 3037 1291 3070 cl.
1314 3036 1492 3071 Bartholini
1514 3061 1523 3076 ,
1558 3034 1651 3079 hujus
1674 3035 1822 3071 videlicet
1846 3036 2018 3081 conjugem
2039 3038 2167 3082 lapillos

1154 3091 1213 3123 per
1235 3087 1373 3114 meatum
1396 3081 1486 3113 auris
1509 3091 1579 3115 cum
1602 3081 1757 3115 cerumine
1781 3080 1944 3125 excrevisse
1959 3107 1968 3121 ,
2016 3093 2087 3117 uam
2112 3084 2164 3116 ni-

1158 3125 1279 3157 mirum
1303 3134 1373 3157 cum
1397 3125 1550 3158 cerumine
1573 3124 1686 3158 scirem
1709 3123 1877 3169 extraxisse
1898 3135 1993 3158 arenu
2007 3136 2043 3158 as
2060 3137 2074 3166 ;
2096 3137 2163 3161 non

1157 3166 1286 3211 lapillos
1300 3191 1307 3199 .
1333 3166 1434 3206 Quod
1455 3167 1613 3212 reliquum
1636 3168 1703 3208 est,
1727 3170 1760 3202 δε
1782 3166 2041 3211 adpropositam
2062 3170 2096 3202 in
2111 3171 2164 3209 Se.

1155 3210 1614 3256 pulchret010bser·vationem
1639 3213 1757 3246 attinet
1776 3236 1789 3253 ,
1811 3209 1975 3253 'siquando
2010 3222 2162 3247 cerumen

1156 3254 1194 3288 ad
1217 3254 1334 3288 calculi
1358 3254 1646 3299 naturam‘¹ac'ceffit
1666 3266 1677 3295 3
1700 3264 1783 3289 certe
1806 3252 1967 3288 accesserat
1990 3255 2023 3288 in
2048 3266 2081 3289 ea
2104 3268 2161 3291 cu-

1155 3300 1277 3332 ratione
1300 3309 1394 3341 quam
1406 3298 1555 3333 Valfalva
1579 3312 1596 3333 a
1622 3300 1651 3333 se
1674 3299 1831 3342 perastam
1847 3300 2065 3333 memoravit.-
2087 3312 2159 3343 quae

1155 3353 1224 3383 res,
1247 3344 1280 3375 δε
1306 3343 1503 3384 penitiorin
1525 3354 1587 3387 qua
1611 3354 1708 3376 annos
1732 3341 1795 3384 jam
1817 3340 1989 3376 duodecim
2011 3342 2160 3377 indurue-

1154 3396 1226 3428 rat,
1248 3386 1375 3419 Meatus
1399 3384 1484 3420 sedes
1504 3385 1660 3421 summam
1681 3385 1748 3428 ejus
1772 3388 1805 3419 &
1827 3386 2000 3429 peritiam,
2026 3389 2058 3420 &
2080 3387 2159 3421 dili·
2193 3406 2199 3410 s

1152 3429 1294 3473 gentiam
1317 3430 1351 3462 in
1373 3428 1433 3462 illo
1453 3441 1508 3473 per
1531 3440 1635 3474 partes
1657 3428 1788 3464 subinde
1805 3451 1820 3470 ,
1852 3438 1889 3463 ut
1912 3427 2025 3464 necesse
2056 3429 2123 3481 fuit
2142 3455 2157 3474 ,

2047 3484 2132 3508 exls

103 3589 2164 3609 mmm—m·—

247 3651 331 3677 Trass.
348 3654 420 3677 Parte
435 3652 493 3682 sape
508 3650 612 3676 indicata
622 3668 631 3676 .

246 3684 292 3708 Tr.
308 3682 337 3707 de
352 3682 469 3708 l'Oreille
485 3684 514 3707 P.
530 3690 554 3707 ι..
571 3681 610 3706 ch.
626 3691 649 3712 4.
709 3685 725 3715 (
740 3682 754 3708 b
769 3683 779 3715 )
796 3692 821 3709 n.
838 3692 859 3714 ς.
876 3684 919 3710 cit.

256 3716 291 3738 De
306 3713 397 3739 Anima
414 3716 512 3739 Brutor.
526 3720 551 3738 e·
568 3721 607 3743 14.
668 3712 683 3743 (
696 3721 708 3738 ο
722 3714 737 3744 >
751 3723 777 3739 n.
796 3724 817 3746 5.
832 3716 876 3741 cit.

252 3745 288 3768 De
304 3744 415 3773 compos.
432 3744 524 3771 Medic.
541 3744 587 3770 sec.
603 3743 651 3768 loe.
669 3743 687 3768 1.
706 3751 727 3773 3.
742 3752 764 3770 c.
782 3754 803 3771 ι.

245 3775 353 3801 Praelest.
369 3776 395 3800 in
413 3777 489 3801 instit.
509 3776 533 3806 §.
552 3783 603 3805 ςςι.
620 3775 675 3802 698.
693 3776 748 3805 850.

249 3805 308 3833 Eph.
326 3808 360 3830 N.
379 3808 408 3831 C.
425 3810 482 3833 Dec.
499 3814 524 3832 2.
540 3809 571 3831 Α.
586 3810 611 3832 6,
627 3803 687 3829 obs.
705 3808 759 3830 162.

247 3837 327 3864 Trast.
345 3836 375 3862 de
390 3840 455 3864 Aure
471 3840 541 3865 hum.
557 3846 579 3864 e.
597 3845 620 3864 ι.
637 3842 663 3861 n.
681 3841 719 3861 ιι.

160 3652 233 3682 (x)
688 3654 730 3681 <5
747 3652 755 3681 )
771 3653 829 3679 Vid.
846 3652 922 3683 Epist.
938 3655 1014 3680 Anat.

160 3682 238 3742 κ),

161 3744 237 3774 (b)

161 3774 233 3834 25³)

163 3834 232 3868 (Υ)

780 3833 844 3867 (Ι)
861 3839 897 3863 Da
913 3837 1006 3863 Auditu
1024 3836 1046 3868 §.
1065 3844 1102 3867 ις.

1031 3662 1052 3685 ς.
1071 3661 1096 3677 n.
1113 3655 1153 3679 16.
1169 3652 1193 3677 8:
1209 3654 1273 3686 seqq.
1362 3685 1367 3689 1
1470 3687 1475 3691 ¹

980 3686 995 3715 (
1010 3685 1050 3739 cE)
1061 3683 1222 3740 isaii-Afflrtlos.
1239 3688 1295 3711 Soc.
1312 3687 1344 3709 R.
1361 3693 1386 3710 in
1402 3688 1491 3716 Anfllra
1508 3688 1536 3711 A.
1553 3688 1620 3711 1668.
1638 3694 1664 3710 n.
1682 3694 1704 3711 ι,

865 3746 880 3776 (
894 3746 905 3771 ἰ
921 3715 982 3776 fni
993 3716 1097 3770 iteriied.
1115 3734 1193 3775 parat:
1218 3747 1276 3772 aeis.
1293 3753 1314 3771 c.
1332 3754 1368 3771 ιο.

808 3776 864 3837 ‘63
876 3777 894 3835 3
907 3776 1157 3837 {{?i.”r„5;.⁰;¹‘st
1174 3778 1273 3832 {affl
1288 3779 1326 3801 ⁸¹·

1334 3654 1348 3684 (
1363 3661 1382 3683 z
1395 3654 1409 3684 )
1423 3656 1505 3681 Trast.
1521 3655 1552 3681 de
1566 3656 1631 3681 Aure
1647 3655 1713 3680 hum.
1731 3663 1752 3681 c.
1772 3664 1793 3686 ς.
1809 3663 1834 3681 n.
1851 3662 1864 3685 ς

1224 3734 1230 3740 .
1247 3725 1271 3741 n.
1290 3724 1324 3745 ¹4·
1384 3716 1399 3746 (
1411 3724 1431 3747 g
1446 3718 1460 3746 )
1477 3720 1514 3742 De
1530 3718 1627 3748 Sympt.
1645 3716 1714 3742 caus.
1732 3717 1750 3742 Ι.
1768 3724 1790 3742 ι.
1807 3723 1829 3742 e.
1846 3723 1870 3747 3.

1431 3748 1446 3778 ζ
1461 3748 1478 3773 k
1495 3749 1505 3778 J
1521 3750 1557 3772 De
1577 3748 1670 3773 Medic.
1687 3748 1705 3773 l.
1720 3752 1743 3773 6.
1759 3755 1783 3773 c.
1806 3756 1830 3777 7.
1847 3755 1871 3771 n.

1390 3776 1399 3808 (
1413 3786 1429 3802 n
1449 3779 1459 3809 l
1475 3787 1499 3804 n.
1514 3787 1537 3807 7.
1553 3777 1596 3803 cit.

1276 3808 1284 3839 (
1302 3815 1317 3837 q
1334 3807 1347 3836 )
1363 3810 1435 3833 Parte
1452 3809 1532 3840 sapius
1548 3809 1593 3834 cit.

1163 3838 1177 3867 (
1191 3845 1202 3862 ι
1222 3838 1326 3869 )Ερίίῖ.
1343 3841 1416 3865 Anat.
1435 3846 1471 3871 ις.
1488 3848 1512 3866 n.
1530 3848 1551 3870 3.
1613 3839 1622 3870 ί
1640 3840 1685 3870 u)
1702 3847 1728 3866 n.
1745 3847 1783 3867 u.
1798 3839 1842 3866 eit.
