2498 4075
383 239 524 275 mortem
549 232 733 280 praegressa,
756 236 908 269 notitiam
929 233 1041 270 haberi
1053 247 1125 269 cum
1151 248 1282 281 propter
1304 238 1380 271 alias

386 291 622 323 nonnunquam
645 277 751 313 causas
773 300 784 317 ,
817 288 886 312 tum
922 278 1008 313 haud
1047 281 1094 312 ita
1131 291 1203 315 raro
1235 282 1278 314 ob
1301 281 1381 314 hanc

383 325 475 369 quod
497 333 630 366 corpora
653 332 724 363 quae
746 321 946 364 'plerumque
977 321 1187 361 dissecamus,
1213 334 1247 358 ut
1272 324 1379 358 homi-

382 379 462 404 num
496 368 568 400 sunt
601 364 720 403 infimae
754 364 873 403 sortis,
906 365 948 398 sic
981 365 1081 399 multa
1132 366 1244 409 saepius
1286 379 1381 410 quarn

380 412 559 448 vellemus,
583 408 744 457 contingit
764 428 774 444 ‚
809 417 845 441 ut
871 417 1003 450 propter
1038 409 1195 443 summam
1220 419 1274 445 aut
1306 412 1379 444 ino-

380 457 468 500 piam
494 476 507 493 ,
536 460 593 485 aut
623 450 783 484 inscitiam
805 471 816 487 2
851 463 961 484 eorum
1005 453 1114 486 morbi
1147 464 1213 487 non
1257 454 1378 487 fuerint

381 498 439 532 aut'
471 493 670 534 observati,
703 502 757 528 aut
790 493 946 528 intellecti
969 518 977 527 .
1012 496 1093 529 Haec
1125 496 1191 538 ipsa
1224 497 1378 531 Meckelii

379 541 434 574 cl.
460 539 537 572 Viri
562 538 649 580 (o)
679 536 808 580 querela
842 537 886 571 est
912 562 921 577 ,
955 539 1066 580 primae
1101 538 1139 574 de
1176 541 1378 575 Sec‘sionibus

377 583 501 617 duabus
526 580 687 625 praefixae,
710 580 744 613 in
778 591 856 622 quas
887 580 1001 615 divisit
1022 592 1184 616 accuratas
1210 584 1378 626 alioquin,

378 628 412 659 δε
445 636 511 659 non
552 624 699 664 vulgares
736 623 804 656 suas
835 623 1029 659 Morborum
1060 627 1182 660 Cordis
1214 627 1378 661 Observa-

374 671 480 702 tiones
506 693 516 709 ,
549 667 651 711 spatio
683 667 824 709 plurium
856 678 1014 702 annorum
1044 669 1213 703 collet'stas.
1241 673 1303 705 Eas
1326 673 1378 704 ni-

374 712 554 747 hilominus
578 718 702 744 attente
726 710 867 752 perlege.
894 712 1010 752 Dignae
1034 714 1121 745 enirn
1136 737 1144 750 ,
1168 712 1264 756 siquae
1285 716 1373 753 aliae,

379 755 471 794 sunt,
495 758 526 789 ἃ.
551 753 637 794 huc,
661 755 691 786 &
713 753 751 786 ad
779 753 1024 794 Sepulchretum
1049 757 1187 789 maxime
1211 759 1374 798 pertinen-

375 809 421 833 tes
443 811 451 832 :
486 809 543 831 nec
567 806 677 829 omnes
698 795 795 838 signis
818 806 925 830 carent
950 798 1035 837 suis;
1054 802 1134 841 quin
1158 801 1274 842 aliquae
1288 812 1371 834 mor-

373 842 408 876 bi
441 840 606 886 historiam
639 838 758 872 habent
791 838 1035 882 diligentiffime
1060 842 1233 884 expressam
1257 868 1264 876 .
1297 845 1374 878 Huc

377 884 456 919 adde
490 882 698 925 interjedcas,
722 882 794 915 sane
834 895 1013 926 congruas,
1035 886 1285 928 explicationes,
1310 888 1375 921 uti-

377 928 484 971 lesque
525 925 811 960 animadversiones
843 927 882 961 ad
928 928 1168 970 propositorum
1212 932 1374 965 vitiorum

377 981 548 1008 naturam,
569 971 600 1002 &
627 968 729 1003 sedem
752 969 1053 1008 internoscendam
1076 982 1111 1005 ut
1136 983 1211 1015 puta
1235 985 1375 1016 nequan-

373 1015 420 1049 do
450 1024 610 1058 aegrorum
642 1012 834 1055 angoribus,
859 1016 889 1046 ἃ
912 1014 1084 1058 respirandi
1107 1016 1296 1051 difficultate
1319 1017 1375 1051 ab·

373 1060 489 1101 septi,
512 1058 676 1099 pulmones
710 1065 827 1090 temere
858 1057 1065 1096 incusemus;
1103 1060 1153 1094 sed
1176 1084 1190 1101 ,
1223 1060 1374 1094 omnibus

370 1103 455 1136 bene
488 1098 649 1144 perpensis
673 1122 682 1137 ,
714 1101 770 1132 ubi
803 1111 857 1133 eos
896 1102 1074 1136 incolumes
1114 1103 1340 1146 dignoscamus
1363 1128 1372 1144 ‚

375 1146 490 1182 cordi,
514 1153 549 1183 ut
585 1154 642 1185 par
672 1142 735 1181 est,
761 1143 912 1178 morbum
947 1146 1167 1189 imputemus3
1199 1146 1256 1180 nifi
1288 1146 1373 1180 forte

370 1195 387 1231 (
421 1189 501 1233 ficut
535 1188 615 1222 alibi
639 1189 727 1228 (p)
761 1196 832 1220 vere
865 1189 987 1230 pariter
1028 1189 1200 1224 admonuit
1229 1193 1245 1230 )
1286 1191 1373 1233 sym-

372 1241 558 1277 ptomatum
591 1229 723 1264 illorum
758 1230 849 1264 causa
883 1233 915 1264 in
953 1241 1064 1267 ventre
1088 1233 1127 1266 sit
1152 1255 1164 1271 ,
1206 1245 1278 1277 quae
1326 1245 1373 1267 res

373 1276 488 1318 saepius
521 1285 618 1317 quam
650 1272 813 1312 creditur,
840 1274 974 1309 minime
997 1277 1236 1314 animadversa,
1258 1277 1338 1311 facit
1361 1298 1372 1315 ‚

323 1352 327 1354 a
374 1330 412 1355 ut
445 1319 573 1352 curatio
605 1316 733 1351 thoraci
769 1317 936 1356 adhibita,
960 1330 1071 1354 noceat
1105 1322 1246 1363 potius,
1275 1332 1372 1364 quam

373 1363 464 1398 sanet
488 1387 495 1394 .
531 1362 607 1394 Illas
637 1360 741 1402 igitur
788 1361 1041 1396 Observationes
1075 1374 1166 1406 cum¹
1187 1365 1271 1407 leges
1313 1365 1376 1397 sive

375 1403 546 1451 pericardii
568 1426 577 1443 ,
612 1406 643 1437 &
677 1403 785 1437 cordis
819 1404 1116 1440 inflammationum
1136 1430 1150 1448 ‚
1180 1407 1342 1450 hujusque
1366 1432 1377 1447 ,

372 1450 425 1484 vel
449 1449 558 1492 potius
593 1447 804 1491 pinguedinis·
830 1460 893 1489 qua
929 1449 1136 1489 insternitur,
1169 1451 1375 1495 suppuratio-

371 1504 472 1531 num3
497 1492 561 1525 five
596 1490 764 1534 pericardii
787 1513 797 1530 ,
830 1493 860 1524 &
885 1493 991 1526 cordis
1014 1492 1230 1528 cohaesionum
1256 1496 1303 1528 vel
1324 1506 1377 1536 per

368 1533 656 1574 steatomatosam,
681 1534 743 1568 hoc
781 1534 909 1577 insuper
941 1541 1211 1580 comprimentem
1230 1560 1242 1577 ,
1276 1547 1378 1570 mate-

376 1583 482 1620 riam,
505 1578 576 1616 vel,
601 1587 636 1611 ut
674 1579 804 1621 saepius,
829 1589 884 1621 per
915 1580 992 1613 telas
1024 1580 1113 1622 quasi
1146 1581 1320 1624 quasdam,
1347 1583 1379 1614 &

372 1626 496 1662 fibras,
518 1621 633 1664 hasque
652 1621 688 1654 ad
713 1632 903 1656 mucronem
926 1623 1125 1666 potiffimum
1151 1625 1318 1667 alligatas3
1339 1624 1377 1657 si-

373 1680 412 1703 ve
436 1665 636 1700 valvularum
658 1663 698 1697 ad
722 1675 778 1698 cor
803 1666 1011 1699 attinentium
1035 1676 1089 1700 aut
1102 1678 1199 1709 quam
1211 1669 1379 1707 vocitant,

370 1709 621 1748 offificationis,
644 1715 698 1740 aut
719 1706 999 1749 intumescentiae,
1023 1718 1060 1742 ut
1072 1710 1275 1745 orificiorum
1291 1713 1379 1744 viam

369 1768 410 1791 ex
436 1761 526 1798 parte
547 1751 752 1794 impediant,
786 1760 842 1785 aut
864 1761 977 1786 contra
1000 1752 1227 1793 lacerationis,
1251 1757 1281 1787 &
1304 1765 1378 1796 pro-

373 1797 547 1844 pemodum
591 1793 850 1829 destructionis:
887 1795 950 1829 five
982 1797 1110 1836 unius,
1148 1807 1201 1831 aut
1247 1798 1379 1831 alterius

374 1850 546 1878 cavearum
567 1838 674 1872 cordis
707 1837 992 1881 amplificationi55
1016 1839 1080 1874 five
1114 1842 1304 1876 arteriarum
1338 1840 1379 1874 ab

373 1899 416 1921 eo
436 1883 671 1920 discedentium
703 1882 909 1916 dilatationis
930 1905 940 1923 ‚
973 1892 1030 1916 aut
1054 1884 1317 1925 constrictionum
1338 1884 1379 1917 fi-

373 1940 412 1965 ve
436 1930 568 1963 internae
603 1927 635 1959 in
670 1924 738 1968 ipsa
763 1925 884 1965 Magna
918 1927 1034 1960 arteria
1067 1927 1253 1968 scabritiei,
1276 1930 1305 1961 &
1328 1927 1377 1961 ul-

375 1973 599 2011 gusculorum,
625 1971 657 2002 &
687 1963 943 2007 offificationi53
974 1970 1038 2003 five
1070 1970 1200 2005 demum
1234 1982 1298 2004 non
1332 1970 1395 2004 al·-

343 2035 345 2039 ·
377 2017 555 2054 remmus,
578 2013 629 2047 sed
663 2011 856 2057 utriusque,
879 2013 911 2047 id
945 2013 988 2048 est
1026 2023 1097 2048 tum
1129 2014 1238 2049 cordis
1259 2037 1271 2055 ,
1305 2024 1375 2048 tum

373 2063 493 2096 „Aortae
525 2058 767 2104 dilatatioqi57·
802 2056 959 2100 ejusmodi
993 2058 1100 2099 igitur
1119 2058 1375 2092 Observationes

370 2118 447 2140 cum
483 2103 566 2145 leges
590 2123 599 2139 ‚
633 2099 655 2134 si
687 2101 774 2134 sorte
806 2100 1006 2143 quarundam
1039 2102 1072 2134 in
1105 2110 1246 2135 mentem
1281 2112 1376 2135 vene-

372 2151 439 2188 rit,
465 2159 482 2181 a
514 2157 564 2179 me
593 2145 674 2178 olim
707 2143 745 2178 ad
780 2151 811 2178 te
843 2143 1055 2186 scriptarum,
1077 2156 1151 2188 quae
1183 2144 1221 2179 ad
1259 2143 1373 2178 harum

374 2194 499 2236 aliquas
523 2189 654 2232 propius
689 2187 862 2226 accedant,
887 2198 951 2221 non
982 2187 1148 2222 illibenter
1180 2188 1374 2223 collaturum

373 2247 429 2274 xe,
450 2235 516 2270 scio
532 2258 540 2266 .
565 2233 649 2274 Qae
681 2230 772 2265 causa
805 2232 903 2264 etiam
938 2230 1025 2270 fuit,
1049 2242 1084 2266 ut
1108 2231 1163 2266 has
1200 2232 1264 2265 tibi
1287 2231 1374 2265 indi-

374 2290 502 2315 carem,
524 2275 680 2318 simulque
713 2273 758 2308 est
773 2296 784 2313 ‚
808 2284 843 2308 ut
878 2274 1137 2321 Descriptionem
1176 2287 1307 2319 quoque
1329 2276 1379 2308 in-

372 2327 477 2360 dicem
503 2318 749 2361 Aneurysmatis
771 2319 894 2351 arteriae
919 2316 1059 2358 eJusdem
1083 2320 1216 2362 Magnae
1232 2340 1241 2356 ‚
1264 2321 1378 2352 &cor-

374 2371 424 2403 dis
447 2364 599 2406 insuper,
618 2374 717 2405 quam
749 2363 831 2395 alter
853 2373 893 2395 ex
917 2362 1044 2405 Inclyta
1069 2363 1126 2396 illa
1164 2363 1270 2404 Regia
1293 2363 1379 2395 Aca-

373 2412 497 2448 demias
518 2409 675 2449 Egregius
696 2405 761 2438 Vir
795 2405 883 2439 dedit
917 2406 1077 2440 Roloffius
1111 2409 1124 2446 <
1148 2409 1220 2449 q).
1254 2407 1378 2439 Poteris

372 2458 559 2491 enimcum
592 2462 626 2483 ea
649 2447 798 2484 conferre-
818 2449 1032 2491 descriptione
1053 2461 1151 2493 quam
1189 2448 1228 2483 ad
1252 2458 1283 2482 te
1306 2450 1380 2482 mifi

376 2498 523 2543 ,Epistola
543 2494 670 2527 XXVI.
697 2497 707 2533 (
731 2496 781 2533 r)
806 2493 868 2525 viri
899 2503 995 2535 quem
1027 2493 1113 2527 idem
1147 2494 1259 2527 Aortae
1292 2504 1381 2525 mor-

376 2537 593 2581 bus,·iisdem
617 2548 656 2569 ex
680 2543 772 2582 parte
803 2535 921 2569 offibus
945 2535 1146 2579 absumptis,
1170 2538 1200 2570 &
1225 2536 1379 2578 sanguine

375 2587 494 2621 itidem
515 2579 695 2615 extrorsum
729 2577 831 2612 estuso
861 2581 1071 2612 interemerat
1094 2604 1105 2621 ,
1139 2582 1169 2613 δι
1192 2591 1248 2614 cur
1271 2588 1377 2612 tamen

376 2640 443 2665 non
476 2627 569 2660 illico
595 2648 605 2665 ,
638 2632 674 2658 ue
701 2632 789 2655 meus
811 2648 821 2663 ,
853 2623 984 2664 perierit
1019 2622 1076 2657 iste
1109 2623 1188 2656 alter
1212 2644 1222 2660 ‚
1255 2633 1378 2665 cogno-

378 2675 461 2709 scere
486 2695 494 2702 .
528 2665 629 2711 Qd
660 2677 738 2699 vero
771 2666 804 2698 in
841 2677 875 2699 ea
919 2665 1153 2701 Dissertatione
1200 2677 1296 2707 quam
1340 2666 1378 2698 de

377 2712 567 2751 Trombelli
597 2707 667 2744 casu
700 2708 794 2742 verba
829 2707 947 2743 faciens
980 2709 1090 2748 eadem
1124 2708 1270 2751 Epistola
1293 2708 1376 2750 (s)

378 2756 595 2797 memoravi,
628 2752 793 2795 sperabam
825 2762 856 2786 te
889 2753 1015 2795 aliquid
1049 2763 1120 2787 non-
1138 2753 1265 2795 prorsus
1296 2751 1380 2785 diss-

377 2803 459 2841 mile
493 2796 672 2834 Verlicchii
703 2796 952 2830 Observationis
994 2806 1232 2839 reperturum;
1263 2807 1298 2829 ea
1330 2796 1381 2837 spe

380 2845 522 2886 excidi,
553 2853 629 2876 cum
664 2837 930 2874 Dissertationem
955 2840 1044 2885 illam
1076 2838 1205 2873 tandem
1237 2839 1347 2872 nactus
1369 2862 1381 2879 ,

380 2902 450 2927 non
473 2888 512 2923 de
536 2884 779 2920 steatomatibus
812 2894 883 2926 quae
901 2885 934 2916 in
962 2883 1091 2926 Magnae
1116 2885 1241 2917 arteriae
1264 2883 1382 2916 tunicis

381 2930 610 2969 increvissent,
635 2930 712 2970 agi,
734 2928 896 2968 cognovi,
918 2926 968 2960 sed
990 2926 1029 2960 de
1061 2926 1321 2961 concretionibus
1346 2927 1379 2958 in

379 2979 433 3014 bis
466 2975 605 3009 dilatato
637 2970 732 3014 hujus
755 2970 836 3004 cavo
858 2969 1074 3007 haerentibus,
1099 2981 1156 3003 nec
1181 2970 1282 3004 ullum
1305 2980 1380 3003 cum

377 3023 506 3058 arteriae
531 3018 651 3060 pariete
683 3015 837 3047 intimum
857 3015 1086 3048 commercium
1108 3013 1320 3051 habentibus,
1346 3023 1380 3046 ut

379 3076 433 3102 ης
456 3074 515 3107 pro
549 3057 712 3102 polyposis
745 3066 817 3100 quae
848 3058 881 3090 in
914 3057 1190 3100 aneurysmatibus
1224 3056 1380 3100 paulatim

381 3119 441 3154 per
473 3105 567 3140 strata
601 3099 771 3135 crevissent
795 3122 806 3138 ,
839 3099 924 3142 posse
970 3102 1103 3143 accipi,
1145 3101 1380 3138 intellexerim,

507 3149 564 3181 ·De
585 3144 707 3179 duabus
739 3153 846 3177 autem
869 3167 881 3183 ,
914 3154 992 3186 quas
1034 3144 1095 3178 tibi
1120 3144 1289 3186 pollicitus
1313 3145 1382 3178 sum

380 3196 403 3239 ν(
421 3202 436 3229 t
457 3197 492 3234 ),
515 3190 604 3232 rupti
625 3187 731 3222 cordis
742 3187 1058 3228 Observationibus,
1082 3187 1194 3221 mihia
1221 3188 1380 3230 spec‘tato,

381 3240 461 3273 dum
494 3235 639 3273 viveret,
664 3229 804 3265 Medico
821 3253 832 3268 ,
869 3233 899 3263 δι
922 3240 1028 3265 vetere
1052 3232 1173 3264 Amico
1205 3232 1382 3265 Laurentio

381 3281 539 3317 Mariano
575 3272 781 3318 significatis,
805 3275 941 3316 primam
967 3274 1011 3314 >de
1042 3286 1103 3318 qua
1139 3274 1306 3317 scripserat
1339 3276 1380 3308 A.

380 3334 479 3368 ³750·
505 3320 748 3365 praetermittere
771 3328 854 3351 nunc
884 3318 960 3350 licet
976 3339 986 3354 ,
1006 3317 1135 3361 quando
1171 3317 1275 3360 postea
1311 3318 1382 3360 ipso

377 3369 441 3411 qui
464 3366 553 3400 illam
576 3363 756 3402 habuerat,
781 3361 934 3394 Galeatio
958 3371 1157 3403 proponente
1188 3364 1202 3400 (
1223 3372 1243 3394 u
1267 3366 1277 3401 )
1311 3373 1382 3404 per-

382 3411 524 3455 legeris,
548 3407 615 3441 fuse
639 3414 675 3439 ut
699 3403 740 3437 ab
763 3416 800 3438 eo
823 3405 881 3446 qui
903 3415 1024 3446 aegrum
1049 3414 1236 3441 curaverat,
1263 3408 1293 3439 &
1319 3405 1381 3439 hoc

382 3452 588 3499 potiffimum
621 3447 736 3492 agebat
758 3468 770 3486 ‚
810 3446 1049 3491 perscriptam.
1083 3449 1235 3483 Alteram
1270 3459 1346 3483 vero
1368 3470 1380 3487 ,

815 161 971 214 Liber
1005 162 1072 214 V·
1107 160 1192 213 De
1226 161 1479 216 addendis
1513 161 1588 216 ad'
1613 161 1796 216 Libros
1823 161 2131 229 superiores.

1430 236 1701 280 quemadmodum
1722 247 1761 270 ex
1783 237 1925 271 Mariani
1957 239 2074 271 litteris
2097 239 2226 281 accepi,
2248 240 2289 274 A.
2323 249 2416 283 1755.

1432 282 1528 314 XIV.
1555 281 1629 313 Kal.
1654 280 1790 315 Martias
1812 279 1851 314 ad
1873 293 1921 314 me
1932 280 2038 318 datis,
2060 282 2219 315 continuo
2239 281 2417 319 describam

1431 333 1524 357 tanto
1546 323 1699 358 libentius
1718 344 1729 360 ‚
1763 326 1839 366 quia
1863 323 1904 357 sic
1927 324 2096 366 augebitur
2129 336 2278 359 numerus
2312 339 2419 363 earum

1431 366 1735 405 Observationum,
1758 367 1791 399 in
1814 378 1916 409 quas;
1939 367 1960 400 si
1994 378 2030 400 ea
2061 378 2131 410 quae
2163 367 2383 411 praecesserunt
2407 394 2418 409 ,

1432 413 1463 444 &
1484 422 1555 453 quae
1588 409 1781 452 deprehensa
1806 411 1900 448 sunt,
1925 411 2152 453 perpendamus
2185 424 2259 446 cum
2293 412 2419 456 sanguis

1428 454 1513 486 intra
1537 454 1749 497 pericardium
1779 452 1893 487 effusus
1914 454 2098 496 conspec0tus
2118 454 2161 488 est
2184 468 2194 493 ;
2225 455 2336 489 cadere
2358 458 2420 491 du-

1429 497 1521 530 bium
1553 508 1618 530 non
1656 497 1749 540 poffit
1771 517 1782 534 ,
1817 506 1855 529 an
1901 497 1927 530 is
1972 505 2043 530 ante
2076 507 2215 533 mortem
2247 500 2279 532 vi
2310 501 2418 535 morbi

1428 542 1567 581 exierit,
1600 540 1776 582 anpostea
1811 539 2027 581 profectorum
2059 540 2228 575 dumtaxat
2259 543 2383 577 incuria
2406 567 2417 583 ,

1429 584 1563 617 minime
1587 584 1738 618 videlicet
1757 582 2103 621 animadvertentium,
2128 583 2156 618 se
2179 586 2256 619 dum
2280 589 2418 628 pericar-

1428 627 1520 660 dium
1552 629 1710 669 aperirent
1733 648 1744 664 ,
1776 624 1923 668 scalpello
1955 627 2047 660 simul
2070 638 2142 669 quae
2166 630 2346 670 pericardio
2368 632 2418 664 iu.

1428 670 1626 708 cluduntur,
1650 667 1826 704 vulnerasse
1849 681 1858 705 ;
1891 679 1993 711 neque
2025 672 2111 704 enim
2132 670 2245 705 desunt
2271 674 2334 715 qui
2368 675 2418 709 vel

1428 714 1463 746 in
1486 712 1643 756 plerisque
1660 736 1670 752 ,
1694 713 1714 746 fi
1740 712 1867 753 Superis
1889 712 1991 753 placet
2014 737 2024 753 ,
2054 712 2169 747 harum
2202 716 2419 751 Observatio-

1426 767 1503 790 num
1528 756 1569 790 sic
1603 756 1743 791 accidere
1773 754 1930 798 potuis-se,
1951 755 2168 798 suspicentur.

1473 810 1521 842 ¹5-
1545 800 1759 834 MEDICUS
1781 808 1880 833 annos
1913 808 2005 832 natus
2037 799 2327 844 duodesexaginta,
2351 804 2420 839 val-

1425 842 1464 876 de
1488 868 1498 883 ,
1532 844 1629 886 siquis
1661 842 1740 877 alius
1760 867 1770 883 ,
1801 840 2125 887 hypochondriacus‚
2148 844 2256 879 lurido
2288 847 2419 889 colore,

1426 897 1510 921 anno
1533 898 1628 928 quem
1662 887 1759 928 paulo
1781 894 1853 919 ante
1875 884 1966 925 dixi,
1989 887 2118 920 ineunte
2141 910 2151 926 ,
2181 887 2294 923 dolore
2327 892 2419 933 gravi

1427 940 1595 972 correptus
1630 930 1674 964 est
1697 930 1756 972 qui
1780 941 1795 962 e
1819 937 1928 961 ventre
1950 927 1989 962 ad
2013 928 2176 964 thoracem
2201 931 2385 970 ascendebat
2406 958 2420 975 ‚

1428 984 1495 1008 non
1519 972 1581 1007 fine
1604 973 1800 1007 convulfivis
1832 971 2024 1015 quibusdam
2048 974 2192 1008 motibus
2217 999 2227 1015 ,
2260 979 2419 1019 anxiaque

1428 1017 1636 1059 respiratione
1669 1041 1677 1049 .
1724 1017 1777 1049 Et·
1805 1014 1871 1048 haec
1894 1015 2025 1057 quidem
2058 1028 2113 1057 per
2146 1020 2316 1060 repetitam
2349 1020 2420 1053 san-

1425 1061 1535 1103 guinis
1579 1059 1754 1094 miffionem
1797 1059 1919 1092 leviora
1952 1059 2024 1093 sunt
2046 1059 2149 1094 faeta.
2175 1061 2231 1095 Sed
2265 1062 2420 1105 postridie

1424 1116 1497 1138 cum
1532 1105 1641 1138 omnia
1665 1102 1703 1136 ad
1727 1103 1866 1144 priorem
1900 1102 2033 1136 modum
2077 1103 2236 1138 rediissent
2257 1129 2271 1146 ‚
2311 1105 2419 1141 homi-

1423 1159 1496 1181 nem
1522 1148 1607 1180 intra
1652 1156 1777 1188 tempus
1809 1145 2022 1179 brevissimum
2052 1145 2284 1181 confecerunt.

1424 1189 1627 1224 VENTER
1652 1189 1734 1223 nihil
1758 1189 1833 1222 vitii
1855 1188 1994 1223 ostendit
2017 1199 2131 1232 praeter
2165 1203 2262 1233 quam
2295 1193 2328 1225 in
2364 1192 2421 1227 he-

1425 1244 1519 1277 pate,
1542 1236 1572 1267 &
1595 1233 1665 1267 Ileo
1688 1233 1860 1271 intestino,
1884 1244 2024 1274 quorum
2046 1231 2108 1266 hoc
2131 1233 2169 1267 ad
2191 1236 2329 1268 trac‘tum
2361 1238 2421 1270 ali-

1424 1289 1520 1320 quem
1544 1286 1609 1310 erat
1633 1275 1855 1322 sublividum,
1877 1275 1958 1322 illud
1983 1286 2059 1309 vero
2090 1278 2313 1319 magnitudine
2336 1283 2420 1314 mul-

1426 1331 1464 1354 to
1507 1332 1604 1363 quam
1639 1332 1693 1362 par
1724 1318 1798 1353 esset
1823 1340 1831 1356 ‚
1865 1321 2005 1360 majori.
2138 1320 2275 1365 Thorax
2312 1333 2419 1357 autem

1427 1363 1560 1399 effusum
1594 1364 1680 1396 intra
1717 1362 1931 1404 pericardium
1963 1362 2101 1396 habebat
2133 1363 2341 1406 sanguinem,
2362 1368 2421 1408 qui

1427 1408 1506 1442 illuc
1530 1418 1586 1448 per
1609 1408 1672 1440 tria
1704 1406 1862 1441 foramina
1895 1417 1934 1439 ex
1967 1404 2095 1440 finistro
2130 1408 2236 1441 cordis
2259 1411 2422 1443 ventricu-

1428 1451 1464 1484 lo
1496 1452 1615 1484 exierat
1637 1475 1647 1484 .
1683 1451 1714 1484 Is
1737 1451 1937 1483 ventriculus
1971 1449 2049 1483 adeo
2084 1461 2149 1484 erat
2184 1451 2361 1493 dilatatus,
2383 1462 2427 1487 ut

1429 1504 1543 1529 cavum
1569 1495 1671 1537 triplo
1694 1492 1795 1535 majus
1817 1504 1914 1536 qoam
1939 1490 2110 1527 secundum
2134 1504 2306 1537 naturam,
2329 1508 2422 1530 com-

1429 1538 1637 1582 prehenderet
1649 1560 1658 1570 .

1477 1586 1520 1614 ¹6.
1546 1582 1643 1616 Hunc
1666 1592 1726 1624 ego
1749 1579 1916 1614 Medicum
1938 1578 2035 1615 credo
2057 1603 2066 1618 ‚
2099 1590 2135 1615 ut
2166 1582 2206 1616 ad
2238 1582 2424 1617 Marianum

1430 1624 1572 1667 rescripsi
1586 1648 1598 1665 ‚
1622 1624 1678 1658 nisi
1701 1626 1747 1657 ita
1771 1624 1844 1657 esset
1867 1623 2155 1666 hypochondriacae
2179 1625 2343 1660 affeffloni
2363 1627 2424 1660 ob·-

1432 1669 1569 1704 noxius‚
1595 1679 1658 1701 non
1682 1679 1721 1702 ex
1744 1679 1782 1701 eo
1805 1667 1921 1701 morbo
1944 1689 1954 1705 ,
1986 1676 2041 1700 aut
2073 1667 2168 1702 serius
2199 1669 2309 1703 saltem
2333 1668 2422 1703 fuisse

1432 1713 1633 1745 moriturum
1658 1735 1668 1751 ,
1703 1720 1774 1744 tum
1805 1711 1879 1753 quia
1903 1720 1967 1743 non
1991 1712 2039 1744 ita
2062 1712 2183 1745 crebris
2206 1736 2216 1752 ,
2246 1712 2423 1754 validisque

1430 1754 1547 1797 pressus
1571 1752 1676 1788 fuisset
1691 1753 1985 1796 hypochondriacis
1996 1754 2130 1787 internis
2141 1755 2401 1789 convulfionibus
2413 1779 2422 1794 ‚

1431 1809 1448 1831 a
1471 1797 1590 1841 quibus
1612 1797 1726 1831 sinistri
1748 1797 1855 1831 cordis
1877 1796 2056 1830 ventriculi
2085 1798 2294 1839 aneurysma‚
2317 1801 2348 1831 &
2371 1799 2425 1832 de.

1431 1852 1520 1876 mum
1545 1839 1777 1883 perforationes
1810 1851 1940 1882 repeto,
1967 1839 2118 1882 sanguine
2142 1842 2290 1875 videlicet
2314 1841 2426 1884 saepius

1430 1884 1580 1919 cohibito
1599 1886 1687 1918 intra
1709 1895 1782 1917 eum
1807 1883 2046 1920 ventriculum,
2070 1885 2234 1918 irritatum
2258 1893 2427 1927 propterea

1430 1928 1469 1963 ad
1501 1928 1529 1961 se
1551 1927 1670 1962 fortius
1701 1927 1980 1966 contrahendum,
2003 1927 2161 1970 illumque
2184 1927 2403 1970 expellendum
2417 1953 2427 1969 ,

1430 1982 1499 2006 tum
1523 1972 1622 2005 etiam
1643 1972 1720 2014 quia
1743 1979 1867 2005 mature
1890 1968 2059 2004 occurrisse
2080 1972 2201 2009 initio,
2224 1974 2255 2003 δε
2279 1972 2426 2013 progres-

1430 2014 1732 2057 sui‘aneurysmatis
1756 2014 1804 2048 sui
1819 2035 1829 2051 ,
1851 2012 1908 2046 nisi
1931 2012 1998 2055 ejus
2020 2014 2140 2047 indicia
2163 2015 2201 2047 ad
2233 2013 2427 2056 hypochon-

1427 2060 1567 2093 driacam
1592 2057 1795 2091 affectionem
1811 2082 1819 2097 ‚
1842 2067 1877 2091 ut
1900 2055 1962 2094 fit,
1997 2056 2174 2091 retulisset.
2201 2058 2329 2091 Scilicet
2362 2059 2426 2093 hoc

1426 2103 1605 2136 maximum
1626 2111 1664 2134 ex
1686 2100 1742 2135 illa
1760 2101 1926 2134 affectione
1949 2099 2162 2142 saepenumero
2186 2100 2230 2135 est
2251 2102 2427 2136 detrimen-

1427 2154 1521 2185 tum,
1544 2155 1580 2179 ut
1607 2144 1655 2178 ‘ob
1678 2144 1827 2187 pleraque
1860 2145 1948 2186 signa
1970 2155 2041 2186 quae
2066 2145 2094 2176 ei
2119 2142 2217 2185 sunt,
2240 2146 2271 2177 δι
2294 2147 2426 2187 organi—

1428 2190 1585 2223 cis-vitiis
1598 2189 1808 2228 communia,
1831 2187 1955 2221 Medici
1976 2197 2052 2220 cum
2077 2189 2109 2220 in
2133 2187 2225 2227 aliis,
2249 2196 2320 2221 tum
2345 2201 2428 2231 prae-

1431 2232 1540 2266 sertim
1564 2233 1597 2264 in
1621 2231 1650 2264 se
1682 2230 1756 2274 ipsis
1779 2232 1826 2264 ita
1850 2240 1885 2265 ut
1919 2241 2000 2273 opus
2034 2229 2107 2264 esset
2132 2257 2142 2272 ,
2175 2230 2324 2267 curandis
2356 2233 2429 2266 diu-

1430 2271 1514 2310 tius'
1530 2274 1703 2315 haesitant,
1725 2276 1756 2307 &
1780 2276 1820 2308 de
1843 2274 1965 2308 morbis
1996 2272 2122 2308 duobus
2145 2287 2216 2308 eum
2240 2274 2298 2308 esse
2332 2287 2428 2318 quem

1431 2319 1584 2356 mallent,
1609 2319 1764 2352 nimirum
1788 2319 1960 2357 leviorem,
1992 2316 2121 2351 facilius
2144 2319 2320 2360 credunt„

1430 2364 1595 2397 Caeterum
1627 2360 1685 2395 etsi
1721 2373 1796 2395 cum
1829 2361 1909 2395 hanc
1941 2360 2003 2394 tibi
2051 2361 2118 2395 sum
2152 2362 2425 2397 Observationem

1432 2407 1619 2449 pollicitus,
1643 2405 1747 2442 multo
1781 2406 1903 2439 rariora
1925 2405 2073 2447 exempla
2110 2403 2167 2438 esse
2188 2428 2200 2445 ,
2232 2406 2391 2440 crederem
2417 2430 2428 2446 ,

1432 2449 1571 2492 disrupti
1596 2449 1766 2483 ventriculi
1797 2448 1902 2482 cordis
1926 2448 2076 2489 dexteri,
2097 2460 2196 2491 quarn
2221 2449 2352 2488 finistri3
2377 2462 2428 2483 ra-

1433 2494 1516 2526 riora
1547 2493 1680 2535 quidem
1714 2491 1793 2528 esse,
1817 2490 1922 2526 adhuc
1952 2492 2069 2529 credo,
2095 2491 2148 2526 sed
2171 2503 2235 2526 non
2258 2503 2350 2527 tanto
2374 2504 2427 2527 ra-

1430 2537 1516 2569 riora
1542 2559 1550 2567 .
1590 2537 1678 2569 Cum
1711 2536 1798 2569 enirn
1830 2537 1863 2577 in
1898 2536 2131 2570 Dissertatione
2163 2536 2300 2577 quadam
2336 2537 2426 2579 (x)

1430 2579 1483 2612 Cl.
1508 2578 1684 2612 Christiani
1708 2579 1826 2613 Vateri
1859 2577 1946 2613 aliud
1976 2578 2060 2612 forte
2082 2589 2255 2620 quaererem
2281 2604 2291 2619 ,
2326 2581 2427 2616 incidi

1430 2623 1465 2655 in
1490 2623 1605 2655 militis
1627 2622 1870 2663 disseffionem,
1901 2621 1985 2656 haud
2020 2621 2194 2654 absimilem
2227 2622 2294 2665 ejus
2328 2635 2426 2666 quam

1431 2677 1470 2699 ex
1494 2664 1624 2700 Bohnio
1648 2665 1859 2708 produxeram
1885 2670 1937 2707 (y
1957 2667 1994 2704 )‚
2020 2666 2054 2697 in
2076 2665 2152 2698 aestu
2176 2676 2310 2700 venereo
2343 2679 2427 2701 mor-

1432 2710 1508 2747 tui,
1534 2709 1591 2742 nisi
1619 2708 1704 2752 quod
1729 2709 1896 2743 vehemens
1917 2719 2046 2751 quoque
2078 2708 2113 2740 in
2136 2707 2288 2742 diuturna
2312 2710 2429 2745 chorea

1432 2752 1564 2786 saltatio
1575 2750 1786 2794 praecesserat,
1809 2754 1839 2784 &
1862 2752 1949 2795 quod
1973 2752 2083 2795 ruptio
2106 2753 2139 2784 in
2165 2754 2343 2789 ventriculo
2353 2754 2429 2788 dex.

1433 2805 1505 2830 tero
1529 2796 1658 2830 inventa
1680 2797 1742 2830 est.
1770 2796 1828 2830 Sed
1854 2805 1967 2839 praeter
1989 2794 2075 2836 hoc,
2097 2794 2162 2828 duo
2187 2795 2250 2830 alia
2285 2797 2323 2830 ab
2356 2799 2428 2833 aliis

1431 2838 1530 2874 caufis
1563 2841 1650 2882 rupti
1681 2838 1821 2881 ejusdem
1845 2839 2018 2873 ventriculi
2040 2838 2183 2880 exempla
2207 2839 2342 2874 indicari
2367 2852 2428 2874 nu-

1431 2894 1486 2926 per
1510 2881 1577 2916 vidi
1609 2883 1649 2915 ab
1683 2884 1802 2917 Illustri
1836 2883 1969 2915 Haliero
1991 2885 2005 2921 (
2027 2893 2052 2925 z
2072 2886 2106 2922 ).
2133 2883 2230 2924 Apud
2254 2895 2349 2926 quem
2371 2896 2429 2918 oc-

1431 2935 1561 2961 current
1593 2926 1654 2960 tibi
1678 2930 1860 2969 complures
1884 2927 2067 2961 Auetorurn
2100 2925 2325 2967 allegationes,
2345 2939 2429 2969 quo-

1433 2981 1505 3004 rum
1537 2980 1597 3012 ego
1622 2971 1759 3004 aliorum
1784 2969 1804 3003 fi
1830 2971 1929 3003 libros
1951 2968 2067 3002 habere
2089 2992 2099 3007 ,
2134 2969 2273 3003 aliorum
2306 2970 2329 3004 fi
2352 2971 2430 3004 Ob.

1434 3013 1632 3046 servationes
1657 3013 1695 3046 ad
1717 3014 1851 3047 intimos
1871 3013 2017 3047 ⁴thoracis
2042 3011 2172 3045 morbos
2196 3013 2386 3055 spe&antes‚
2412 3027 2429 3048 a

1431 3069 1483 3090 me
1505 3057 1667 3098 quondam
1691 3057 1785 3090 lectas
1800 3081 1809 3095 ‚
1831 3058 1964 3090 retinere
1987 3067 2097 3089 omnes
2120 3057 2274 3090 memoria
2306 3058 2428 3100 potuis-

1431 3101 1520 3134 sem:
1542 3110 1605 3132 non
1630 3112 1678 3133 eas
1701 3101 1763 3134 tibi
1789 3101 1874 3133 inter
1896 3110 2022 3133 caeteras
2045 3111 2122 3143 quas
2146 3100 2269 3141 protuli
2293 3122 2303 3138 ‚
2334 3099 2428 3135 facile

1421 3156 1518 3186 „eram
1543 3143 1732 3181 omissurus,
1757 3143 1805 3177 sed
1828 3142 1996 3177 nonnullas
2019 3152 2103 3176 certe
2125 3143 2335 3184 produfiurus
2357 3156 2429 3185 quae

1434 3189 1535 3229 magis
1558 3186 1595 3220 ad
1628 3186 1824 3228 propositum
1857 3197 1963 3220 meum
1986 3186 2146 3225 facerent,
2172 3186 2335 3228 magisque
2359 3188 2429 3230 spe—

1432 3230 1554 3264 &andae
1580 3228 1637 3264 esse
1661 3229 1863 3264 viderentur.
1997 3229 2052 3263 Ibi,
2073 3233 2088 3270 ”(
2109 3242 2127 3262 a
2151 3233 2162 3268 )
2195 3231 2297 3273 igitur
2330 3232 2428 3265 velim

1432 3284 1575 3315 quaeras,
1601 3276 1631 3306 δε
1656 3273 1765 3315 seligas
1790 3284 1868 3314 quas
1891 3270 2043 3315 adiungas
2064 3275 2104 3306 iis
2126 3285 2200 3316 quae
2223 3273 2326 3311 mihi,
2350 3274 2429 3309 dum

1433 3317 1601 3351 scriberem
1625 3317 1661 3350 ad
1675 3326 1705 3350 te
1717 3316 1894 3358 Epistolas,
1919 3316 2161 3356 succurrerunt,
2184 3316 2239 3350 ubi
2262 3328 2427 3352 cavearum

1432 3360 1537 3394 cordis
1559 3383 1572 3400 ,
1609 3360 1869 3402 adjectorumque
1899 3360 1976 3394 huic
2007 3360 2152 3398 vasorum
2185 3360 2393 3394 dilatationes
2417 3385 2428 3401 ,

1432 3403 1610 3447 harumque
1651 3413 1705 3437 aut
1748 3404 1854 3440 causas
1878 3425 1891 3443 ‚
1924 3403 1957 3436 in
2004 3402 2179 3445 primisque
2221 3405 2426 3439 valvularum

1432 3447 1513 3483 vitia
1538 3469 1549 3486 ‚
1581 3455 1637 3481 aut
1670 3445 1831 3487 effeftus,
1867 3455 1904 3480 ut
1938 3447 2215 3489 praeternaturales
2242 3447 2425 3490 respiratio÷

2306 3503 2381 3532 nes,

391 3591 2390 3612 *ww—Um*

444 3682 458 3708 (
474 3689 486 3704 0
504 3680 514 3707 Ἰ
535 3677 594 3703 Hist.
613 3679 640 3704 de
656 3678 758 3703 i‘Acad.
776 3676 807 3702 R.
826 3678 866 3701 des
883 3677 921 3700 Sc.
940 3674 970 3701 <ie
985 3674 1066 3701 Berlin
1085 3676 1113 3701 A.
1134 3684 1195 3706 ¹755-
1213 3677 1235 3701 Β(
1251 3675 1281 3700 Α.
1300 3679 1365 3705 1756.
1427 3675 1435 3703 s
1452 3683 1468 3705 p
1483 3675 1497 3704 )
1514 3675 1572 3699 Hist.
1590 3676 1619 3700 Α.
1638 3682 1705 3703 1757-
1767 3674 1807 3709 (st
1826 3674 1908 3703 )Hist.
1927 3677 1956 3709 ᾼ.
1973 3681 2043 3705 ¹757·
2104 3677 2118 3705 (
2133 3683 2144 3701 r
2158 3675 2173 3704 2
2189 3683 2214 3699 n.
2231 3682 2254 3704 9·

444 3711 459 3738 (
474 3711 514 3738 s)
530 3717 554 3732 n.
570 3717 612 3737 40.
676 3710 688 3736 (
706 3715 716 3732 t
731 3710 745 3737 )
762 3708 833 3737 Epist,
852 3715 888 3735 ²7·
906 3716 930 3731 n.
950 3714 984 3731 ιο.
1046 3708 1060 3737 (
1076 3715 1091 3730 ιι
1108 3707 1121 3735 )
1138 3707 1193 3731 Vid.
1210 3709 1348 3731 Comment.
1365 3705 1393 3730 de
1410 3707 1501 3731 Bonon.
1519 3708 1559 3731 Sc.
1576 3707 1632 3730 inst·
1647 3707 1720 3729 Tom.
1735 3713 1760 3733 4.
1777 3713 1801 3729 ιη
1818 3705 1961 3733 Opusculrs.

445 3741 460 3768 (
475 3748 490 3763 x
510 3744 515 3765 J
531 3741 567 3763 De
585 3742 663 3764 Mart.
681 3739 759 3763 Subit.
776 3746 825 3764 non
842 3738 905 3765 vulg.
923 3737 983 3763 caus.
1001 3737 1060 3764 thes.
1080 3743 1102 3766 8·
1164 3739 1178 3767 <
1190 3745 1207 3767 y
1225 3737 1238 3766 )
1256 3737 1327 3765 Epist.
1345 3743 1385 3767 ²7·
1401 3744 1424 3761 n.
1442 3744 1465 3763 1.
1526 3737 1535 3766 (
1553 3741 1571 3766 z
1586 3738 1593 3767 )
1609 3735 1687 3761 Elem.
1698 3735 1807 3766 Physrol.
1821 3743 1887 3765 corp.
1904 3735 1970 3761 hum.
1986 3736 2060 3762 Tum.
2077 3740 2102 3765 ιι.
2119 3735 2139 3762 Ι.
2153 3743 2178 3766 4-
2196 3737 2219 3762 S.
2234 3742 2261 3764 4.
2277 3731 2301 3765 §·
2318 3737 2359 3765 133

441 3769 453 3804 ί
472 3777 487 3794 a
502 3769 518 3799 2
535 3769 598 3794 lbid.
616 3770 641 3798 §.
659 3776 694 3794 10·
712 3776 749 3799 14.
767 3775 806 3796 16.
820 3770 859 3795 18.
874 3769 897 3795 ἃ
912 3770 936 3795 S.
951 3774 975 3798 3.
994 3766 1019 3798 §.
1035 3774 1074 3798 17.
1089 3769 1112 3793 a
1127 3769 1145 3792 1.
1162 3776 1185 3794 2.
1201 3769 1226 3793 S.
1241 3773 1266 3793 2.
1284 3766 1306 3798 §.
1321 3774 1344 3797 9.
1972 3790 1975 3791 e
