2498 4075
441 165 541 235 284

370 249 444 284 dem
468 258 506 281 ex
527 244 619 279 osseis
641 242 770 277 cellulis
792 242 988 276 constantem
1013 241 1099 281 vidi,
1123 243 1288 281 tnedullari
1301 246 1375 278 oleo

372 291 520 335 liquido,
544 291 576 321 ὃ(
599 287 683 322 flavo
705 285 917 323 scatentibus,
943 284 1013 320 offis
1024 295 1134 331 autem
1158 298 1272 323 cavum
1288 289 1374 329 quod

371 334 602 372 extuberantiae
625 330 673 365 illi
697 328 908 375 respondebat
931 350 942 366 ,
967 330 1082 369 majori
1105 331 1197 371 copia
1220 328 1375 367 refertum

369 381 433 414 olei
460 372 711 421 ejusdemmodi.
737 374 840 415 Cujus
862 372 1036 414 Utrobique
1060 371 1272 414 flavedinem,
1294 375 1376 412 &li-

367 423 564 465 quiditatem
599 416 809 450 adnotatione
832 414 962 455 dignam
997 413 1137 452 faciebat
1169 417 1308 453 medulla
1340 421 1373 450 in

368 466 521 501 ulteriore
541 460 611 494 offis
635 469 714 493 cavo
738 457 931 494 subrubeus,
957 467 1051 500 atque
1074 469 1221 494 concreta
1243 472 1253 499 3
1279 472 1375 503 auge-

370 510 491 551 batque
513 501 692 539 adnotandi
716 501 841 534 causam
866 501 1031 543 tempestas
1055 502 1240 544 praefrigida
1265 528 1274 543 ,
1308 517 1373 547 qua

367 564 442 589 cum
465 559 578 584 caetera
602 545 868 588 conglaciarent,
892 555 963 586 pars
986 544 1040 578 illa
1062 546 1125 585 olei
1150 557 1187 584 ne
1198 549 1372 587 minimum

366 595 498 642 quidem
520 587 746 628 concrevisset.

410 642 463 671 61.
490 634 638 670 Mutatio
661 633 718 667 illa
742 630 927 668 medullaris
949 631 1014 671 olei
1037 633 1070 664 in
1094 631 1252 672 exostofi,
1274 637 1306 669 δι
1330 633 1368 670 ad

367 680 535 717 exostofim
560 678 665 713 secuta
687 674 770 709 hanc
794 674 853 714 fit,
878 686 915 709 an
940 674 1155 717 praecesserit,
1178 675 1241 711 tibi.
1265 678 1368 720 conji-

366 725 513 762 ciendum
536 722 684 761 relinquo
708 742 716 750 .
742 719 823 752 Satis
849 719 936 753 enim
962 716 1115 761 superque
1138 718 1176 752 de
1201 720 1291 755 osseis
1315 733 1366 759 tu..

366 769 528 805 moribus,
552 772 710 808 quantum
734 760 1111 807 adpraesensinstitutum
1125 764 1240 800 attinet
1256 786 1264 801 ‚
1291 764 1367 800 scri-

366 811 454 859 pfiffe
478 821 527 847 me
550 832 564 849 ‚
599 806 702 839 sentio
725 828 737 845 ,
771 815 896 846 Jamque
919 803 974 837 has
1007 806 1144 840 Litteras
1177 806 1260 843 ultra
1293 820 1364 845 eum

363 867 459 895 quem
490 854 589 885 initio
614 858 802 892 putaveram
825 872 834 886 ,
870 846 1001 885 modum
1032 847 1127 889 longe
1159 851 1329 887 excrevisse
1353 878 1361 886 .

364 900 439 934 Nec
461 906 568 934 tamen
592 895 687 934 attigi
720 900 863 927 tumores
885 891 1017 927 cunffos
1051 892 1100 929 vel
1124 904 1162 927 ex
1184 893 1225 928 iis
1248 896 1304 939 qui
1327 897 1361 929 in

364 952 449 977 artus
472 939 640 975 inferiores
677 937 816 980 maxime
838 935 957 968 cadunt
981 957 989 970 ,
1023 935 1139 977 quibus
1163 937 1196 973 in
1234 938 1362 973 artubus

362 985 528 1021 noviffitne
552 980 678 1018 substiti
703 1003 712 1018 ‚
751 977 934 1020 cujusmodi
957 980 1042 1016 inter
1074 988 1206 1014 caeteros
1229 982 1362 1019 Varices

362 1029 459 1066 sunt,
484 1027 679 1065 OEdernata,
702 1026 733 1059 δε
756 1021 873 1064 pedum
897 1023 1018 1060 Clavi5
1042 1022 1167 1059 tametsi
1190 1024 1327 1059 viderim
1352 1048 1361 1063 ,

359 1072 465 1107 nullos
487 1082 527 1108 ex
549 1071 599 1104 his
621 1066 678 1101 esse
701 1068 734 1100 in
758 1064 958 1107 Sepulchreti
989 1065 1052 1100 huc
1076 1066 1285 1107 respondente
1309 1071 1364 1102 Se,

358 1117 464 1152 &ione
489 1109 733 1156 praetermisl'os.
758 1109 817 1144 Sed
841 1109 880 1144 de
906 1108 1171 1149 Varicibusnihil
1196 1109 1294 1147 ferme
1306 1115 1362 1146 ha-

358 1160 475 1193 bebam
499 1157 586 1201 quod
609 1155 746 1197 dignum
769 1151 845 1191 effet
869 1152 1076 1190 adnotatione
1101 1175 1109 1189 ‚
1134 1152 1191 1186 nisi
1216 1154 1300 1191 forte
1323 1156 1361 1191 ad

356 1201 513 1236 Bidloum
538 1203 552 1240 (
574 1212 597 1244 z
617 1202 632 1239 )
654 1197 783 1240 rejicere
807 1206 838 1231 te
863 1197 1003 1236 vellem,
1027 1207 1061 1229 ut
1087 1197 1262 1235 immanem
1278 1211 1358 1242 quo.

355 1245 490 1282 rundam
514 1245 659 1279 varicum
686 1241 942 1284 magnitudinem
952 1240 1181 1281 cognosceres3
1206 1241 1357 1285 adquam

353 1288 418 1332 jam
442 1288 574 1330 quidem
604 1284 723 1324 saetam
746 1281 991 1325 intelligendam
1013 1305 1026 1323 ,
1059 1283 1244 1321 tunicarum
1269 1297 1355 1325 venae

353 1333 542 1370 laxitatem,
565 1329 629 1364 five
654 1331 796 1366 atoniarn
820 1337 937 1371 ponere
961 1325 1078 1362 necesse
1089 1326 1154 1366 est,
1179 1329 1358 1364 violentio-

354 1386 403 1409 res
425 1375 694 1413 exercitationes,
719 1371 941 1408 diuturniores
964 1368 1114 1407 stationes
1136 1393 1145 1409 ‚
1160 1373 1357 1413 graviorum

350 1429 486 1455 onerum
509 1417 723 1461 gestationes,
746 1419 777 1450 &
799 1413 941 1454 adversas
965 1414 1070 1451 motui
1095 1413 1259 1456 sanguinis
1279 1428 1357 1450 cona

352 1462 530 1497 strifiiones
552 1484 564 1501 ‚
597 1459 879 1503 compreffionesve
902 1482 911 1495 ‚
946 1458 1046 1493 aliave
1068 1457 1101 1492 id
1123 1469 1223 1504 genus
1245 1460 1356 1496 conse..

350 1514 535 1549 quentem.
584 1505 638 1539 Ad
674 1515 743 1538 earn
777 1514 856 1541 vero
886 1513 957 1545 quae
981 1500 1049 1539 fieri
1085 1502 1228 1542 incipit,
1272 1504 1356 1537 dila.

351 1551 511 1586 tationem
536 1547 756 1591 assequendam
791 1558 856 1582 non
881 1547 1017 1582 attinere
1049 1544 1249 1583 valvularum
1274 1547 1355 1582 laxi„

350 1603 468 1631 tatem,
494 1594 565 1634 quis
588 1591 741 1631 concedat
764 1590 777 1625 ?
801 1593 875 1625 Imo
899 1590 938 1622 ad
962 1590 1185 1631 pervulgatum
1210 1590 1354 1624 valvula-

350 1648 422 1671 rum
444 1635 611 1674 officium,
636 1636 699 1670 huc
724 1636 862 1668 maxime
886 1633 1052 1675 (postam,
1075 1632 1211 1670 alterum
1235 1632 1354 1671 addena

349 1680 426 1713 dum
448 1679 641 1717 crediderim
674 1678 787 1716 eodem
811 1679 972 1719 pertinens
991 1700 1004 1717 ,
1040 1677 1195 1712 nimirum
1220 1688 1255 1712 ut
1279 1680 1352 1712 vin-

347 1723 496 1760 culorum
520 1723 635 1761 instari,
662 1721 724 1755 five
745 1722 1022 1764 ligamentorum,
1045 1720 1085 1755 ab
1099 1730 1173 1765 ‘uno
1197 1720 1234 1754 ad
1247 1733 1352 1764 oppo-

347 1768 445 1803 fitum
468 1766 572 1804 dustae
598 1767 754 1808 parietem
768 1766 788 1803 ‚v
803 1775 916 1798 venam
927 1775 993 1806 quo
1017 1762 1053 1796 ad
1076 1772 1143 1802 ejus
1155 1761 1258 1797 facere
1282 1765 1353 1806 pos-

347 1810 444 1852 sunt,
466 1810 618 1848 firment3
642 1820 678 1844 ut
702 1810 828 1848 minus,
852 1819 927 1844 cum
950 1807 1062 1843 laxataez
1087 1806 1181 1846 sunt,
1205 1807 1352 1845 autlace„

346 1862 424 1888 tatae
439 1878 447 1892 ‚
472 1853 652 1890 mirandum
668 1852 705 1887 fit
719 1877 727 1890 ,
751 1852 976 1887 dilatationem
986 1850 1113 1893 augeri.
1248 1852 1351 1887 (Ede.

345 1907 431 1931 mata
454 1907 559 1934 autem
584 1897 630 1930 ibi
654 1897 729 1935 satis
751 1894 902 1940 proposui
925 1918 938 1935 ‚
975 1893 1030 1930 ubi
1053 1893 1091 1927 de
1114 1890 1275 1926 chronicis
1301 1895 1349 1927 vi-

345 1940 488 1979 scerum,
512 1943 543 1974 δε
563 1939 600 1974 de
625 1940 814 1983 hydropicis
837 1937 1004 1973 affeffibus
1029 1933 1137 1978 scripfi
1163 1947 1173 1967 .·
1201 1948 1241 1971 ex
1264 1949 1348 1983 quo-

345 1996 417 2018 rum
441 1993 532 2024 antea
555 1984 676 2018 habitis
702 1982 951 2019 tractationibus
985 1990 1112 2022 accepta
1138 1978 1210 2015 sunt
1234 1981 1267 2012 in
1293 1982 1347 2014 Se-

345 2027 516 2075 pulchreto
540 2030 683 2071 exempla
706 2027 771 2063 fere
794 2027 904 2062 omnia
927 2036 998 2068 quae
1030 2024 1083 2061 hie
1108 2032 1346 2063 repeterentur²

476 2071 549 2115 Nec
572 2071 609 2106 de
633 2073 744 2110 Clavis
764 2070 945 2113 quidquam
969 2066 1043 2102 esset
1069 2067 1154 2110 quod
1178 2066 1344 2106 adderem,

344 2114 403 2151 nifi
437 2125 473 2148 tu
505 2115 544 2153 de
577 2117 671 2153 clavo
704 2115 764 2154 illo
804 2111 975 2152 insanabili
1009 2110 1200 2149 sententiam
1247 2121 1347 2153 nuper

344 2158 536 2201 quaefiviss'es
560 2171 683 2199 meam,
705 2158 797 2197 cujus
820 2157 906 2191 clavi
929 2154 1028 2193 taedio
1053 2155 1155 2189 vitam
1178 2153 1283 2191 inedia
1307 2153 1347 2187 fi-

344 2204 413 2239 nire
435 2201 568 2237 voluiss'e
592 2204 711 2237 Virum
733 2200 944 2238 Consularem
961 2221 969 2236 ‚
992 2198 1191 2247 eundemque
1217 2199 1347 2235 Poetam

344 2258 409 2280 non
444 2247 626 2288 ignobilem
658 2247 775 2279 Silium
809 2243 964 2281 Italicum
987 2266 995 2280 ‚
1031 2254 1047 2275 a
1081 2241 1190 2275 Plinio
1223 2242 1345 2274 minori

344 2292 361 2368 5
380 2302 398 2323 a
420 2294 434 2332 )
459 2289 614 2333 scriptum
631 2290 698 2328 est.
724 2286 820 2333 Causa
839 2289 976 2324 mortis,
999 2286 1129 2327 inquit,
1154 2286 1183 2319 ei
1207 2284 1271 2319 fuit
1287 2295 1346 2318 va!

359 2334 447 2367 etudo
462 2359 469 2366 .
494 2336 573 2367 Erat
595 2333 646 2368 illi
668 2341 760 2367 natus
783 2329 964 2374 ansanabilis
977 2328 1105 2362 clavus.
1133 2329 1166 2363 Si
1189 2328 1279 2370 plura
1295 2327 1346 2364 his

345 2375 534 2419 scripfiffet3
557 2379 662 2420 qualis
684 2378 739 2411 ille
763 2375 869 2412 clavus
885 2396 894 2411 ³
919 2383 972 2410 aut
996 2374 1052 2406 ubi
1076 2371 1173 2409 fuerit
1198 2397 1206 2410 5
1229 2371 1268 2405 de
1293 2383 1344 2405 me

345 2432 409 2455 non
434 2431 613 2462 quaereres,
636 2429 671 2454 ut
696 2420 833 2461 opinor.
860 2417 941 2455 Vis,
964 2416 1109 2450 divinem
1125 2416 1248 2456 igitur.
1275 2415 1346 2448 Ne=

344 2477 405 2508 que
429 2464 515 2500 enim
537 2475 608 2498 cum
630 2462 761 2501 Celsum
785 2461 838 2503 (b
859 2463 895 2500 )‚
921 2461 1117 2501 Aetiumque
1141 2462 1151 2496 (
1176 2469 1190 2490 c
1212 2460 1226 2497 )
1248 2459 1347 2499 perle-

344 2509 448 2551 geris,¹
474 2508 621 2549 ignoras,
646 2517 710 2540 non
736 2504 835 2538 modo
857 2505 890 2535 in
916 2503 1048 2543 pedibus
1072 2525 1083 2540 ,
1114 2500 1165 2534 sed
1191 2501 1288 2536 etiam
1312 2503 1348 2536 in

344 2551 466 2592 oculis,
489 2551 606 2588 nedum
619 2550 694 2585 alibi
710 2572 720 2587 ‚
745 2547 852 2582 clavos
874 2546 957 2582 nasci
985 2544 1090 2588 polle,
1113 2547 1145 2582 ὃς
1168 2555 1277 2579 eorum
1288 2546 1346 2588 qui

343 2596 378 2629 in
402 2595 504 2628 oculis
529 2593 701 2629 nascuntur
722 2615 734 2632 ‚
768 2591 865 2624 alium
889 2590 947 2623 ess'e
978 2591 1033 2631 qui
1067 2588 1107 2624 ab
1142 2589 1242 2620 Aetio
1267 2609 1275 2623 ,
1311 2599 1347 2621 ac

344 2639 403 2681 qui
428 2637 552 2675 aCelso
574 2632 1015 2675 elavinominedefignatur3
1040 2632 1095 2666 ille
1118 2632 1204 2664 enim
1218 2631 1345 2666 Uveam

344 2682 491 2715 tunicam
513 2691 601 2715 extra
624 2680 754 2715 oculum.
780 2688 845 2711 non
859 2688 955 2719 parva
980 2687 1018 2710 ex
1031 2683 1119 2718 parte
1143 2673 1343 2718 prolapsam,

344 2728 375 2759 &
399 2724 464 2766 jam
487 2723 600 2762 duram
622 2722 762 2759 saetam,
787 2732 851 2755 non
876 2722 962 2754 secus
985 2731 1019 2752 ac
1046 2718 1159 2756 Paulus
1182 2719 1196 2757 (
1217 2717 1237 2749 d
1259 2720 1293 2755 ),
1316 2720 1347 2751 δε

342 2769 520 2806 Αέΐυαϊίιιε
544 2769 593 2812 (e
617 2771 652 2807 ),
676 2765 832 2809 intelligit
857 2778 866 2802 ς
899 2762 1009 2798 Celsus
1033 2772 1140 2811 autern
1172 2761 1290 2796 callosa
1313 2762 1347 2797 in

344 2811 419 2845 albo
440 2813 527 2846 oculi
551 2811 716 2849 tubercula
741 2822 751 2841 .-
783 2809 841 2851 qui
864 2811 894 2845 &
925 2808 1033 2841 clavos
1057 2805 1135 2842 alibi
1168 2814 1313 2841 extantes
1337 2829 1347 2844 ‚

345 2866 410 2889 non
433 2854 536 2890 solum
567 2865 606 2890 ex
627 2852 814 2887 contusione
837 2873 847 2889 ,
881 2850 932 2884 sed
955 2861 993 2887 ex
1017 2850 1087 2882 aliis
1124 2850 1223 2883 etiam
1248 2849 1348 2880 inter-

345 2899 422 2934 dum
445 2897 544 2935 causis
566 2898 672 2936 oriri,
694 2895 809 2931 scribit
833 2920 842 2930 .
866 2895 938 2928 Hos
962 2903 1071 2930 tamen
1093 2903 1203 2928 omnes
1226 2890 1288 2923 five
1312 2892 1345 2924 in

674 164 832 219 Libet
865 164 957 218 IV.
991 163 1077 217 De
1114 165 1320 221 Morbis
1358 163 1711 234 enimi-greis,
1745 165 1801 219 δε
1848 165 2243 221 Universalibus

1424 241 1583 290 pedibus,
1605 242 1669 277 five
1689 242 1724 276 in
1744 241 1867 283 oculis,
1890 243 1955 278 sive
1976 243 2055 278 alibi
2078 254 2196 284 nat05,
2216 257 2231 278 a
2254 242 2365 287 figurae
2388 243 2429 276 fi-

1425 285 1614 322 militudine
1637 286 1745 322 clavos
1766 286 1827 321 effe
1849 288 1975 324 diuos,
1999 298 2074 323 cum
2097 287 2196 325 scias5
2219 289 2367 329 praeclare
2380 288 2431 318 vi—

1425 329 1500 367 des,
1523 340 1589 366 uno
1611 328 1674 364 hoc
1697 330 1828 366 nomine
1849 343 1947 373 quarn
1974 331 2070 366 variae
2093 333 2125 365 δι’
2148 341 2264 363 natura
2283 353 2291 367 ‚
2327 334 2357 364 δι
2381 329 2430 363 se-

1425 373 1463 412 de
1486 395 1498 413 ‚
1534 374 1564 405 δι
1585 370 1684 405 causis
1700 375 1755 406 'res
1776 373 2094 416 comprehendantur
2118 399 2126 413 ‚
2158 384 2216 409 nec
2241 374 2343 409 solum
2368 384 2428 416 pro

1425 416 1477 455 his
1502 415 1732 453 varietatibus,
1753 416 1809 450 ,sed
1832 420 1864 451 δε
1887 429 1946 459 pro
1969 416 2133 459 asperiore
2145 419 2278 452 curandi
2301 420 2429 453 ratione

1424 457 1510 502 (f')
1534 470 1631 502 quam
1654 457 1749 496 facile
1773 460 1965 497 insanabiles
1984 483 1992 497 ‚
2016 459 2160 495 &fltaedii
2184 485 2193 499 ,
2229 472 2325 504 atque
2347 461 2428 495 adeo

1423 503 1575 541 dolorum
1599 503 1686 544 pleni
1710 502 1768 539 effe
1793 503 1908 544 poffint
1931 504 2018 538 clavi
2041 503 2142 547 aliqui
2169 529 2178 545 ‚
2201 516 2240 538 ne
2262 506 2367 540 dicam
2390 517 2427 537 o-

1432 556 1519 579 mnes
1534 568 1544 586 2
1569 547 1603 578 in
1628 544 1759 581 homine
1782 546 1957 588 praescztim
1980 547 2038 590 qui
2059 557 2175 584 annum
2196 549 2358 590 quinfflum
2386 549 2430 583 ἔφ’

1418 589 1679 636 fhptuagefimum
1701 588 1885 634 excesserit,
1905 596 1939 625 ὄε
1960 591 2095 627 delicato
2117 589 2157 626 fit
2178 602 2325 634 corpore,
2347 604 2429 634 qua.

1425 633 1487 667 lem
1512 632 1628 668 Silium
1654 631 1766 680 fuisse,
1790 632 1875 667 idem
1899 634 2027 670 Auetor
2049 633 2162 667 docuit
2175 634 2297 671 Plinius
2312 636 2371 680 [g
2393 641 2426 680 ).

1418 678 1503 717 Quae
1525 678 1636 710 omnia
1660 676 1714 708 eth
1739 677 1786 710 ita
1809 674 1872 710 sint
1894 689 1904 715 ς
1938 686 2045 711 tamen
2069 677 2101 710 in
2137 686 2227 712 tanta
2251 690 2315 713 rem
2343 703 2352 718 ,
2390 691 2427 715 ut

1417 719 1554 762 quisque
1577 720 1683 759 velit,
1709 720 1888 761 accipiendi
1911 718 2085 757 facultate,
2109 723 2140 756 δέ
2162 745 2172 760 ,
2202 723 2291 764 quod
2315 723 2426 758 conse·-

1417 765 1550 805 quitur,
1575 764 1643 796 veri
1667 761 1848 806 assequendi
1872 762 2067 800 difficultate
2082 789 2090 803 ,
2115 765 2238 798 nemini
2259 766 2392 806 quidem
2414 789 2424 805 ,

1416 807 1510 839 aliter
1533 805 1732 843 existimanti
1756 829 1766 845 ‚
1790 805 1927 842 firmiter
1948 807 2107 842 adversari
2133 818 2182 842 me
2205 808 2291 850 poffe
2313 832 2326 849 ‚
2356 821 2426 844 cre-

1415 849 1488 897 dam
1513 860 1524 888 5
1548 849 1599 887 sed
1621 861 1685 883 non
1710 859 1878 891 propterea
1902 849 2033 885 fortasse
2057 850 2114 886 fiet
2136 873 2146 887 ‚
2182 852 2262 894 quin
2294 853 2331 887 ad
2357 855 2424 888 veri

1413 893 1659 932 similitudinem
1683 895 1818 936 propius
1840 894 1984 930 accedere
2007 894 2068 929 tibi
2092 894 2220 935 videar,
2244 895 2265 928 si
2284 898 2422 937 dixero,

1413 948 1479 971 non
1515 937 1614 973 alium
1647 935 1700 970 hic
1724 948 1741 970 a
1777 936 1886 971 Plinio
1932 937 2059 972 clavum
2094 937 2294 979 designatum
2326 940 2386 976 effe
2411 961 2421 980 ,-

1413 992 1512 1023 quain
1535 979 1649 1023 pedum
1663 999 1680 1015 .>
1697 980 1766 1021 Qui
1790 980 1874 1013 enim
1896 982 2049 1016 oriuntur
2072 982 2105 1013 in
2128 982 2229 1017 oculis
2254 1008 2262 1020 ‚
2284 986 2422 1019 rariores

1414 1025 1518 1062 sunt3·
1536 1025 1644 1061 caeteri
1672 1034 1781 1059 autem
1803 1033 2021 1066 nonnunquam
2046 1024 2167 1066 quidem
2189 1025 2287 1060 etiam
2309 1026 2389 1061 alibi
2410 1050 2423 1068 ,

1407 1067 1464 1109 sed
1484 1069 1516 1100 in
1538 1066 1670 1109 pedibus
1692 1074 1795 1102 tamen
1818 1067 1952 1104 maxime
1975 1066 2059 1109 nasci
2081 1092 2089 1105 ‚
2113 1070 2143 1101 ἃ(
2165 1067 2279 1105 Celsus
2306 1073 2320 1110 (
2343 1069 2364 1104 h
2386 1074 2396 1109 )
2409 1093 2422 1110 ,

1415 1111 1589 1154 Graecique
1610 1110 1661 1145 illi
1686 1113 1697 1151 (
1722 1111 1733 1144 i
1757 1112 1792 1150 )‚
1816 1112 1848 1143 δε
1872 1121 1918 1145 res
1942 1105 2009 1152 ipsa
2033 1110 2113 1145 adeo
2135 1112 2328 1147 confirmant
2353 1135 2361 1150 ‚
2385 1124 2422 1148 ut

1413 1155 1492 1197 qui,
1517 1154 1605 1192 nulla
1629 1152 1740 1189 addita
1765 1152 1845 1187 sedis
1870 1157 2056 1190 mentione,
2079 1156 2208 1188 clavum
2229 1155 2335 1194 dicit,
2357 1158 2383 1191 is
2408 1179 2420 1196 ‚

1413 1199 1593 1238 praesertim
1626 1197 1646 1230 fi
1671 1197 1821 1233 Medicus
1845 1209 1909 1231 non
1933 1196 1972 1231 fit
1996 1220 2004 1234 ‚
2036 1197 2126 1240 pedis
2149 1197 2275 1233 clavum
2309 1202 2420 1243 potius

1411 1252 1510 1282 quam
1534 1241 1665 1277 alterius
1689 1243 1813 1281 partis,
1836 1240 2016 1282 significare
2039 1240 2209 1277 videatur,-
2233 1254 2419 1285 quanquam

1410 1284 1618 1331 xie-Medicus
1651 1279 1784 1327 quidem
1810 1295 1880 1331 eam
1902 1283 1996 1318 facile
2029 1284 2224 1320 mentionem
2252 1309 2257 1322 ‚
2294 1287 2421 1322 aliudve

1411 1328 1598 1368 vadjune'cum
1623 1328 1759 1364 omittet
1783 1349 1793 1364 ,
1826 1328 1849 1363 ii
1872 1328 1956 1363 clavi
1991 1328 2122 1363 nomine
2145 1327 2308 1369 designare
2332 1332 2445 1367 aliud.

1410 1371 1489 1404 velit
1510 1371 1598 1414 quod
1622 1372 1726 1407 minus
1753 1370 1939 1414 frequenter
1963 1370 2057 1405 soleat
2079 1382 2117 1406 eo
2153 1373 2309 1407 vocabulo
2334 1374 2418 1408 indi.

1409 1415 1500 1455 cari,
1524 1415 1706 1457 cujusmodi
1734 1414 1804 1449 sunt
1823 1415 2099 1451 oculorumclavi
2116 1437 2125 1453 ‚
2152 1426 2205 1450 aut
2230 1414 2422 1454 furunculo.

1408 1469 1481 1492 rum
1504 1458 1674 1501 quoddam
1701 1469 1798 1500 genus
1821 1482 1830 1496 ,
1864 1458 1952 1499 quod
1975 1457 2138 1494 nonnullos
2172 1458 2296 1494 clavum
2321 1486 2327 1498 ,
2362 1468 2420 1496 aut

1400 1500 1528 1547 spinam
1562 1501 1718 1547 appellare
1739 1499 1923 1546 consueviſje
1946 1524 1955 1539 ‚
1991 1502 2077 1543 leges
2111 1502 2193 1544 apud
2230 1504 2417 1544 Ingraffiam

1408 1548 1419 1583 (
1442 1542 1518 1587 lq),
1541 1555 1594 1581 aut
1619 1545 1735 1587 pedum
1757 1546 1901 1587 ipsorum
1924 1545 2058 1589 quidam
2082 1547 2165 1577 clavi
2200 1544 2240 1582 fic
2264 1549 2384 1582 acceoti
2407 1573 2418 1588 ,

1407 1597 1443 1621 ut
1477 1588 1518 1624 ab
1543 1590 1686 1622 Αυᾶοτθ
1723 1588 1958 1627 Medicinam,
1990 1599 2062 1630 quae
2087 1589 2216 1625 Galerio
2250 1590 2418 1633 adscriptae

1406 1629 1480 1665 sunt
1502 1656 1511 1670 ‚
1546 1633 1754 1668 Finitionum
1776 1634 1789 1675 (
1812 1631 1824 1664 l
1846 1635 1857 1671 )
1882 1644 1892 1671 3
1926 1632 1961 1663 in
1984 1633 2024 1666 iis
2048 1633 2135 1666 enim
2171 1632 2238 1667 haec
2263 1633 2382 1675 legitur
2407 1657 2417 1673 ‚

1406 1673 1518 1708 clavus
1542 1675 1580 1713 est,l
1603 1674 1689 1708 ulcus
1711 1676 1743 1708 in
1767 1675 1853 1717 pedis
1875 1674 1986 1717 planta
1999 1674 2208 1708 orbiculatum
2224 1701 2231 1714 ‚
2257 1679 2338 1720 quod
2349 1678 2415 1713 cal.

1404 1716 1469 1750 lum
1492 1718 1653 1755 contraxit
1675 1742 1683 1750 .
1720 1718 1826 1759 Cujus
1849 1717 2053 1754 definitionis
2076 1718 2098 1752 fi
2124 1719 2259 1754 Medico
2282 1722 2417 1756 erudito¹

1404 1759 1576 1809 Lochnero
1598 1764 1613 1804 (
1634 1771 1665 1795 m
1683 1763 1699 1806 )
1736 1760 1868 1798 venisset
1906 1762 1938 1796 in
1964 1771 2103 1795 mentem
2129 1783 2137 1798 ‚
2176 1774 2248 1797 cum
2274 1764 2412 1805 speciem

1404 1803 1602 1845 maligniora}
1635 1803 1804 1844 cujusdam
1828 1803 1914 1838 clavi
1937 1804 1970 1837 iu
1996 1804 2084 1845 pedis
2107 1805 2216 1840 eadem
2241 1817 2332 1847 parte
2358 1808 2414 1841 sae-

1401 1856 1440 1887 pe
1464 1848 1503 1880 ab
1528 1846 1557 1880 se
1581 1858 1649 1882 non
1673 1845 1737 1884 fine
1758 1848 1929 1883 consecuta
1954 1847 2271 1887 morteconspefflam
2293 1850 2415 1890 descri-

1401 1889 1512 1929 beret;
1535 1890 1623 1926 illius
1647 1892 1871 1930 mentionem,
1897 1901 1933 1924 ut
1956 1894 2076 1932 opinor
2098 1914 2111 1931 ,
2142 1892 2296 1927 libentius
2319 1892 2417 1928 fecis-

1402 1932 1447 1966 set
1462 1955 1471 1970 ,
1494 1944 1592 1975 quam
1615 1934 1742 1971 morbi,
1770 1945 1786 1970 a
1806 1933 1921 1969 Priscis
1942 1934 2086 1977 gemursae
2100 1935 2414 1978 appellati,.urpo-

1399 1985 1432 2011 te
1452 1979 1533 2019 qui,
1556 1975 1578 2009 fi
1600 1978 1650 2014 vel
1673 1977 1758 2012 clavi
1781 1977 1888 2020 aliqua
1912 1977 2027 2019 species
2052 1977 2136 2016 fuit,
2160 1990 2224 2012 non
2251 1982 2407 2016 tamenin

1403 2020 1509 2069 planta
1523 2045 1532 2061 ,
1550 2019 1608 2069 *sed
1630 2020 1719 2063 quod
1743 2021 1789 2057 ait
1813 2020 1916 2056 Festus
1939 2019 1993 2064 (n
2015 2023 2029 2061 )
2049 2045 2060 2061 ‚
2088 2020 2148 2063 sub
2170 2022 2300 2058 minimo
2318 2025 2410 2066 pedis

1402 2062 1617 2105 d2g2t0‚-1m0
1638 2065 1722 2101 inter
1745 2064 1861 2106 digitos
1880 2063 1994 2106 pedum
2017 2063 2202 2106 nascebatur
2222 2088 2234 2105 ‚
2270 2077 2306 2101 ut
2332 2068 2413 2102 scri-

1403 2107 1505 2146 pietat
1530 2107 1633 2148 major
1658 2108 1803 2144 Plinius,
1827 2109 1948 2150 pariter
1971 2106 2011 2141 ab
2035 2106 2209 2142 Lochnero
2232 2109 2382 2146 laudatus
2399 2136 2412 2152 ,

1401 2149 1488 2184 libro
1512 2151 1645 2194 quidem
1668 2153 1718 2186 26.
1745 2149 1796 2185 sed
1820 2153 1924 2194 capite
1952 2160 1978 2183 1.
2004 2149 2043 2184 de
2067 2150 2214 2191 gemursa
2240 2152 2373 2196 loquens
2400 2179 2412 2195 ,

1401 2203 1439 2227 ut
1462 2192 1500 2228 de
1523 2194 1637 2228 morbo
1659 2193 1802 2230 celeriter
1824 2195 1857 2231 in
1880 2193 1977 2230 Italia
2002 2193 2142 2233 restincto
2164 2193 2230 2237 jam
2242 2196 2322 2232 olim
2335 2219 2348 2238 ,
2372 2206 2410 2232 ut

1401 2238 1500 2271 etiam*
1519 2248 1626 2274 nomen
1647 2235 1722 2277 esset
1746 2237 1948 2275 obliteratum
1973 2261 1980 2271 .
2013 2237 2098 2281 Quae
2123 2240 2233 2272 omnia
2267 2241 2409 2283 exempli

1400 2281 1491 2316 causa
1514 2292 1769 2317 commemorare
1794 2281 1885 2317 volui
1908 2293 1919 2320 5
1944 2291 2009 2315 non
2032 2280 2121 2323 quod
2146 2284 2282 2317 minoris
2307 2284 2410 2319 Plinii

1397 2337 1467 2361 aevo
1489 2334 1540 2361 tot
1553 2325 1635 2361 clavi
1659 2322 2012 2367 fignificationesfuiffe
2036 2325 2120 2366 apud
2145 2326 2319 2367 Medicos,
2343 2338 2416 2363 nori,

1396 2369 1496 2404 modo
1519 2367 1602 2409 apud
1625 2378 1758 2401 caeteros
1773 2390 1782 2405 ‚
1804 2367 1933 2403 credam
1955 2380 1964 2404 ε
1998 2376 2034 2403 ut
2066 2377 2150 2404 certe
2174 2379 2240 2405 erat
2264 2370 2347 2412 apud
2370 2383 2415 2404 0„‚

1400 2424 1488 2459 mnes
1511 2412 1566 2448 illa
1599 2423 1662 2454 qua
1688 2421 1857 2454 propterea
1889 2410 1992 2453 ipsum
2037 2422 2168 2454 quoque
2200 2412 2289 2449 usum
2323 2411 2414 2455 effes

1398 2456 1563 2497 conlicio.
1587 2456 1638 2490 Ex
1660 2467 1726 2499 quo
1741 2477 1749 2491 ,
1774 2457 1804 2487 &
1826 2466 1866 2489 ex
1887 2455 1987 2489 verbo
2010 2456 2108 2491 etiam
2132 2467 2198 2497 quo
2222 2468 2289 2489 rem
2304 2468 2406 2493 enun-

1400 2501 1501 2535 ciavit
1524 2523 1532 2537 ,
1565 2505 1658 2534 natus
1680 2521 1691 2537 ‚
1724 2496 1810 2534 haud
1833 2499 1880 2534 ita
1902 2500 2051 2532 omnium
2077 2524 2087 2539 ‚
2121 2508 2156 2532 ut
2182 2499 2407 2545 hujuscemodi

1400 2543 1590 2577 morborum
1611 2566 1620 2580 ‚
1644 2544 1778 2583 proprio
1802 2563 1812 2578 ‚
1843 2541 1923 2576 illud
1946 2540 2037 2578 fimul
2061 2542 2223 2584 intelliges
2244 2565 2258 2582 ,
2291 2554 2349 2578 cut
2372 2545 2406 2579 in

1399 2586 1589 2621 sententiam
1614 2595 1678 2620 non
1702 2585 1819 2620 iverim
1843 2606 1851 2621 ‚
1876 2594 1911 2620 ut
1937 2585 2011 2618 alias
2035 2584 2139 2618 facere
2162 2587 2275 2621 solitus
2300 2586 2369 2622 sum
2393 2610 2407 2628 ‚

1400 2628 1523 2662 Medici
1547 2629 1679 2664 alterius
1703 2627 1888 2663 Dostiffimi
1910 2651 1919 2666 ‚
1954 2628 2010 2669 qui
2036 2627 2186 2670 (iugulari
2223 2629 2370 2671 Epistola
2398 2655 2408 2671 ‚

1397 2673 1486 2706 annis
1511 2670 1730 2714 superioribus
1751 2670 1790 2704 de
1813 2671 1885 2707 Silii
1908 2672 2013 2704 Clavo
2035 2670 2120 2706 edita
2136 2696 2145 2710 ,
2169 2670 2262 2707 fuiffe
2275 2671 2370 2709 hunc
2398 2698 2408 2714 ,

1399 2715 1524 2756 censet,
1547 2715 1662 2758 capitis
1683 2713 1832 2749 dolorem
1857 2714 1951 2748 illurn
1977 2741 1986 2757 ‚
2018 2725 2112 2756 quem
2138 2714 2237 2750 Clavi
2264 2718 2406 2755 'nomine

1399 2770 1509 2794 tamen
1534 2768 1685 2794 vocatum
1711 2767 1783 2791 ante
1796 2757 1967 2794 valescum
1991 2758 2029 2792 de
2041 2759 2268 2799 Tarantasid
2291 2758 2335 2793 est
2348 2771 2406 2794 an-

1401 2813 1433 2837 te
1469 2802 1619 2839 saeculum
1643 2801 1737 2838 XIV·
1763 2799 1794 2836 se
1827 2802 1971 2838 invenire
1994 2812 2060 2834 non
2095 2802 2233 2845 potuisse
2266 2814 2326 2847 pro
2349 2802 2405 2841 sua

1401 2845 1558 2884 laudabili
1579 2845 1780 2890 ingenuitate
1802 2842 1944 2882 fatetur.
1969 2846 2054 2880 Vale
2069 2870 2078 2879 .

489 3051 546 3074 Dec.
563 3056 586 3074 1.
602 3047 710 3072 Exercit.
730 3049 804 3075 Anat.
820 3045 890 3073 Chir.
906 3048 931 3069 6.
992 3044 1006 3074 (
1022 3052 1037 3069 a
1054 3045 1064 3076 )
1080 3047 1098 3069 1.
1116 3052 1136 3074 3.
1154 3044 1227 3074 Epist.
1242 3050 1264 3072 7.

484 3079 577 3107 Medic.
592 3078 729 3104 Tetrabibl.
745 3087 769 3103 ιι.
785 3078 808 3100 S.
825 3085 848 3106 3.
863 3084 886 3100 e.
904 3083 949 3110 34..

489 3141 544 3169 Aet.
559 3139 698 3166 Tetrabibl.
712 3147 738 3168 4.
756 3139 832 3165 Sei-m.
849 3145 872 3161 2.
887 3144 907 3161 c.
924 3139 962 3161 82.
979 3136 1003 3161 δε
1018 3136 1085 3164 Paul⁰
1103 3137 1121 3161 l.
1138 3144 1160 3167 3.
1174 3137 1217 3161 eit.
1233 3142 1253 3160 e.
1270 3135 1308 3158 80.

435 3179 461 3197 m
474 3170 490 3201 3
505 3170 568 3202 El*-
586 3172 621 3197 N.
636 3171 669 3197 c.
683 3172 757 3197 Cent-
775 3176 797 3196 ι.
811 3168 835 3194 &
850 3176 874 3195 a,
889 3166 947 3193 ΟΜ.
965 3173 1020 3196 ⁸92·

849 3230 863 3245 1

1006 3075 1015 3102 (
1031 3075 1047 3099 d
1064 3077 1073 3105 J
1089 3078 1125 3102 De
1142 3078 1179 3100 Re
1195 3073 1266 3102 Med.
1283 3073 1301 3097 1.
1318 3081 1341 3104 3-
1357 3079 1377 3106 ⁶.-
1394 3080 1432 3096 ²²-
1448 3073 1490 3098 ubl
1506 3073 1535 3097 de
1551 3072 1652 3102 prolaps,
1667 3073 1734 3096 ocul.

486 3109 543 3136 Vid.
560 3111 674 3138 exempla
689 3112 758 3139 plura
773 3108 838 3137 apud
854 3114 911 3131 mox
927 3105 1052 3134 citandum
1067 3106 1234 3134 Lochnerum
1250 3105 1272 3132 Sc
1289 3103 1316 3130 in.
1330 3102 1436 3132 EP¹st⁰1³
1451 3103 1578 3130 indicimda
1589 3119 1595 3126 ·

1329 3042 1343 3071 (
1358 3042 1372 3066 b
1389 3043 1397 3070 )
1413 3044 1449 3067 De
1465 3042 1559 3067 Medic.
1577 3041 1595 3065 l.
1612 3049 1634 3070 ς.
1651 3048 1673 3067 c.
1689 3042 1729 3064 28.
1746 3041 1770 3065 S.
1787 3046 1825 3069 14.
1844 3040 1867 3066 8(
1882 3039 1899 3064 1.
1918 3047 1946 3075 7.¹
1961 3047 1983 3065 e.
2000 3048 2023 3069 7.
2041 3041 2064 3064 S.
2083 3046 2121 3066 ιι.

1796 3070 1806 3097 (
1822 3079 1834 3094 e
1854 3072 1862 3099 l
1878 3070 1970 3098 Medic.
1989 3071 2006 3097 l.
2024 3078 2049 3095 2.
2064 3076 2085 3094 c.
2101 3077 2129 3099 7.

1938 3102 1945 3131 (
1964 3103 1978 3127 la
1996 3103 2009 3134 2
2027 3101 2089 3126 sect.
2108 3107 2146 3133 ‚¹⁴-
2163 3100 2208 3128 cit.

2018 3133 2032 3164 ζ
2048 3132 2058 3157 1
2073 3131 2088 3161 )
2107 3137 2159 3159 ram
2174 3130 2275 3162 propius
2291 3129 2382 3158 finem.

1656 3103 1665 3132 (
1680 3110 1699 3132 g
1716 3105 1724 3131 )
1741 3100 1814 3130 Epist.
1831 3101 1874 3126 cit.

1369 3135 1383 3162 (
1400 3133 1416 3157 k
1432 3133 1446 3161 )
1461 3136 1498 3159 De
1513 3136 1618 3162 Tumor.
1634 3140 1659 3166 p.
1674 3140 1702 3158 n.
1718 3132 1760 3158 ubi
1777 3132 1808 3159 de
1823 3132 1957 3161 Furuncui.

1080 3165 1091 3199 (
1106 3176 1123 3194 n
1139 3170 1150 3199 )
1165 3169 1202 3194 De
1218 3165 1318 3194 verbor.
1333 3163 1443 3194 Signifie.
1460 3165 1476 3191 1.
1495 3175 1520 3198 7·

2181 3742 2275 3785 ΕΡ
2306 3740 2345 3784 1-
