2498 4075
428 48 585 110 ixxu
972 57 1339 112 INDEX
1408 47 2002 117 NOMINUM

488 133 728 177 TympanitesL
752 135 832 170 Vid.
857 135 1096 180 Tympanites.
1538 139 1578 174 ab
1601 138 1758 180 hepaticis
1777 138 1907 173 calculis
1929 138 2059 182 quando
2082 138 2139 174 fiat
2164 149 2220 176 aut
2243 151 2307 175 non
2329 138 2415 173 fiat:

490 177 689 226 Pericardi-i.
716 179 794 212 Vid.
818 180 1011 215 pericardii.
1590 181 1675 215 Ibid.
1711 193 1759 214 11.
1784 184 1815 215 ὃς
1840 182 1927 226 seqq.

487 222 677 254 Peritonaei-
703 221 784 255 Vid.
812 224 1004 257 Peritonaei.
1536 225 1704 268 quomodo
1727 236 1962 268 nonnunquam
1986 227 2123 261 alterum
2145 227 2314 264 dumtaxat
2337 226 2412 258 infi-

356 277 360 280 -
490 265 712 297 Ovariorum.
738 266 819 299 Vid.
845 269 946 299 Ovar.
1581 279 1653 301 cere
1675 270 1820 310 potuerit
1843 270 1990 313 corporis
2013 271 2119 303 latus.
2147 272 2205 304 XI.
2235 283 2281 314 ¹4·

361 308 541 353 Hydropes
562 308 918 355 Saccati3XXXVIII.
942 311 994 347 63.
1020 309 1051 339 ὃ(
1077 306 1164 353 seqq.
1542 311 1717 346 Causarum
1743 325 1759 345 a
1783 313 1901 353 quibus
1923 314 1994 346 fieri
2019 314 2152 346 iflerum
2178 326 2285 349 recens
2315 321 2410 346 nato-

484 352 538 384 De
561 361 676 383 eorum
700 351 930 393 signiaslbid.
955 355 1009 392 57.
1034 352 1136 384 LXV.
1152 354 1200 383 16.
1225 354 1256 385 &
1272 353 1359 396 seqq.
1588 366 1681 392 rum,
1706 354 1908 397 conjiciunt,
1932 368 2086 389 examen.
2113 358 2268 393 XLV111.
2293 359 2348 389 60.

426 428 431 431 ,
486 394 540 430 De
563 403 675 426 eorum
697 397 864 428 curatione
885 420 891 426 .
930 393 1017 428 Ibid.
1042 397 1072 427 δι
1098 396 1284 427 XXXVIII.
1307 398 1360 431 68.
1408 399 1509 445 Jecur
1533 397 1652 439 duplex
1674 398 1904 432 observatum.
1931 400 2094 432 XLVIII.
2120 408 2172 440 55.

487 436 598 470 Unius
613 457 622 473 ,
648 448 702 478 per
726 437 755 470 se
780 448 878 481 rupto
902 438 993 472 sacco
1031 439 1065 470 in
1088 436 1234 471 Ascitern
1268 439 1362 481 dcge-
1541 440 1694 483 fingulari
1717 442 1819 484 figura
1840 468 1846 474 .
1873 444 2061 476 XXXVIII.
2082 453 2136 484 42.
2161 444 2261 475 LXV.
2284 445 2315 478 8.

532 491 642 513 nerare
665 481 876 522 incipientis,
900 484 929 515 &
956 492 1033 516 mox
1057 479 1216 515 redeuntis
1240 484 1361 516 Obser=
1542 483 1620 519 sulci
1645 488 1679 519 in
1704 484 1772 527 ejus
1794 496 1937 518 convexa
1961 484 2044 519 facie
2068 487 2413 522 interdumoccurren-

532 525 642 556 vatio.
672 524 755 557 Ibid.
780 525 833 565 69.
1586 538 1652 567 tes,
1678 529 1762 562 unde
1785 526 1915 562 fortalle
1937 531 2101 572 originem
2126 528 2285 564 habeant.
2312 531 2409 565 LVI.

356 565 638 609 Hydrorachitis.
664 566 742 600 Vid.
769 567 866 607 Spina
889 567 988 601 bifida
1004 592 1012 601 .
1592 582 1639 613 17.

356 610 493 652 Hymen
516 613 550 644 in
574 609 715 652 quadam
739 621 807 652 quo
830 611 971 645 u'rethrae
995 610 1131 654 propior
1148 635 1156 650 ‚
1180 622 1219 643 eo
1241 610 1363 647 latior.
1409 614 1536 659 jecoris
1557 623 1627 648 tum
1654 614 1744 654 sani,
1769 623 1838 649 tum
1863 614 2002 648 morbofi
2025 613 2167 650 insolitas
2191 617 2224 649 in
2250 614 2336 649 sedes
2360 627 2414 649 ex-

446 654 542 687 LVI.
567 664 616 687 20.
1499 658 1602 691 tensio
1625 668 1689 690 non
1714 657 1891 700 ignoranda
1916 670 1926 690 .·
1956 660 1989 691 &
2021 658 2087 692 sani
2120 659 2287 702 quomodo
2309 659 2414 703 conji-

355 695 519 738 Hymenis
543 696 688 730 foramen
712 695 865 730 bifariam
887 697 1028 731 divisum
1044 718 1052 732 ‚
1075 699 1107 729 3(
1129 697 1357 742 columnam&
1496 701 1608 735 cienda
1624 724 1631 731 .
1654 702 1806 735 XXXVI.
1833 712 1863 744 3.

444 741 621 774 carunculae
645 750 727 772 nunc
759 739 853 772 dietae
877 752 893 772 a
926 739 1118 783 quibusdam
1142 739 1322 790 pillsprrnes
1345 767 1353 775 .
1539 744 1676 778 arteria.
1702 745 1782 778 Vid.
1807 746 1991 786 Hepatica.

443 785 494 817 De
516 782 564 817 his
588 782 762 825 quiddam.
789 784 860 815 XV.
889 794 935 816 12.
964 785 1053 815 XXI.
1076 793 1125 823 29.
1218 796 1219 799 ¹
1533 786 1628 823 craffa
1652 797 1753 827 vena,
1776 788 1816 820 ab
1838 800 1877 821 eo
1889 789 2050 831 pertinens
2061 788 2095 822 in
2108 788 2335 832 Emulgentern
2360 801 2412 824 ca-

354 825 500 868 Hyoidis
512 827 810 868 offisligamentum
823 826 1055 867 suspensorium
1068 837 1145 859 num
1158 836 1232 860 cum
1246 827 1351 862 Weit.
1581 830 1667 864 tellae
1684 855 1691 862 .
1716 831 1788 864 XL.
1819 841 1869 873 14.

444 868 578 903 brechto
602 868 806 911 negandum.
831 871 960 903 LXIII.
990 879 1036 910 14.
1535 876 1574 910 ab
1597 886 1636 907 eo
1660 873 1698 906 ad
1722 875 1871 908 intestina
1896 875 1947 907 via
1973 873 2097 917 semper
2126 883 2238 917 patens
2261 877 2346 910 male
2371 879 2407 911 in

482 913 535 946 De
558 911 672 945 eodem
695 934 722 961 ,.
744 911 844 961 &de
865 913 1007 946 officulis
1029 938 1036 950 ,
1068 911 1126 955 ipfi
1152 937 1164 955 ,
1187 924 1241 947 aut
1264 914 1352 948 brevi
1577 916 1768 962 quibusdam
1794 918 2066 961 explicationibus
2089 917 2202 952 omissa
2224 944 2232 951 .
2260 921 2411 954 XXXVI.

527 956 583 989 alii
607 954 738 998 hyoidis
771 955 950 999 ligamento
982 958 1102 990 innatis
1128 981 1137 996 ,
1170 959 1317 999 quaedam
1344 984 1353 992 .
1582 972 1630 996 10-

528 998 616 1033 Ibid.
1538 1006 1578 1040 ab
1601 1016 1641 1038 eo
1664 1005 1783 1038 vitiato
1806 1017 1878 1048 quae
1901 1005 2114 1039 detrimenta.
2138 1005 2223 1040 Ibid.
2249 1008 2300 1039 26.
2335 1006 2340 1011 “

349 1041 650 1085 Hypochondriaca
675 1040 803 1077 affefflo
824 1043 987 1086 quodnam
1012 1044 1091 1086 soepe
1115 1044 1293 1077 maximum
1306 1044 1354 1078 af·
1400 1049 1500 1093 jecur
1522 1049 1610 1092 quasi
1635 1048 1756 1082 elixum
1780 1049 1813 1082 in
1839 1049 1957 1092 quibus
1979 1048 2018 1082 fit
2042 1048 2246 1083 observatum
2269 1073 2277 1081 .
2301 1049 2410 1083 XLV.

438 1086 520 1121 ferat
543 1086 797 1120 detrimentum.
825 1088 951 1122 LXIV.
979 1089 1026 1119 16.
1492 1103 1541 1126 22.

349 1128 694 1173 Hypochondriorum
716 1131 853 1173 querelae
874 1141 939 1164 non
964 1130 1084 1172 semper
1110 1129 1271 1168 aMedico
1283 1130 1352 1165 sunt
1535 1135 1601 1177 ejus
1624 1134 1728 1168 lobuli
1752 1134 1928 1176 glandulofi
1953 1136 1985 1168 vi
2012 1135 2118 1169 morbi
2143 1136 2356 1170 evidentiores
2389 1148 2405 1170 a

438 1173 657 1216 negligendae.
684 1174 784 1206 XLV.
809 1185 859 1215 27.
1578 1189 1722 1220 quonam
1746 1179 1827 1211 olim
1850 1179 2033 1213 observati.
2057 1179 2254 1214 XXXVIII.
2279 1190 2327 1223 3¹·

347 1215 686 1258 Hypochondriorum
713 1217 810 1251 dolor
835 1217 1012 1260 aliquando
1034 1215 1093 1250 effe
1118 1217 1221 1258 potest
1254 1227 1309 1251 aut
1333 1230 1349 1251 a
1529 1233 1603 1266 quae
1624 1222 1819 1255 detrimenta
1843 1222 1916 1255 inde
1931 1245 1940 1259 ‚
1963 1225 1995 1256 δι
2018 1234 2095 1256 cur.
2120 1223 2206 1255 Ibid.

434 1258 590 1302 subjeffls
614 1268 670 1293 aut
693 1272 709 1293 a
754 1260 960 1304 superpositis
991 1260 1145 1294 Partibus
1161 1284 1169 1293 .
1197 1263 1345 1292 XXXVI.
1533 1274 1600 1300 rete
1623 1265 1767 1299 albidum
1791 1276 1856 1307 quo
1880 1266 1904 1297 ii
1929 1265 2035 1300 lobuli
2060 1267 2317 1307 intercipiuntur
2339 1290 2348 1306 ,
2373 1267 2408 1300 vi

435 1312 488 1337 21.
871 1316 890 1325 J
1577 1309 1686 1342 morbi
1711 1310 1744 1341 in
1771 1308 1822 1342 sue
1846 1307 1972 1342 craffius
1995 1307 2136 1342 fafitum.
2160 1309 2244 1342 Ibid.
2270 1320 2323 1352 42.

475 1346 556 1380 Inde
581 1346 749 1381 ascendens
774 1359 848 1381 ³01³
871 1328 891 1385 s
913 1349 945 1380 &
967 1345 1030 1378 ³15²
1053 1345 1213 1388 eiusmodi
1246 1350 1347 1381 inter-
1395 1352 1496 1398 Jecur
1518 1352 1687 1394 quomodo
1708 1351 1961 1395 deglutitionetn
1985 1350 2089 1386 facere
2101 1351 2267 1385 difficilem
2290 1352 2405 1394 poffit.

521 1390 599 1423 dum
622 1392 656 1423 in
681 1392 843 1432 organicis
865 1391 1007 1424 thoracis
1030 1391 1348 1434 morbisdecipiunt.
1486 1396 1654 1430 XXVIII.
1681 1405 1729 1438 17.
1890 1415 1893 1418 -

522 1434 652 1467 XVIII,
680 1444 728 1475 17·
757 1435 806 1467 18·
1529 1441 1581 1474 Eo
1606 1448 1777 1479 tumente,
1799 1450 1857 1477 cur
1880 1438 2014 1482 saepius‚
2041 1450 2106 1473 non
2131 1437 2251 1482 semper
2273 1461 2283 1477 ‚
2317 1439 2405 1482 splen

343 1476 526 1521 Hystericae
551 1477 738 1513 affeffiones
761 1477 841 1521 quid
866 1479 996 1522 proprie
1018 1476 1101 1511 sint.
1127 1479 1346 1523 XLV.17.20.
1572 1493 1721 1516 tumeat.
1747 1484 1894 1517 XXXVI.
1921 1485 1972 1515 26.
1996 1485 2027 1516 ὃ(
2052 1483 2142 1526 seqq.

431 1531 485 1566 27.
1617 1527 1686 1558 imo
1706 1538 1763 1560 cur
1788 1537 2020 1568 nonnunquam
2043 1526 2212 1559 exilescat.
2237 1524 2323 1558 Ibid.
2348 1537 2401 1567 27.

470 1564 549 1611 quid
575 1564 773 1606 potiffirnum
797 1576 970 1599 commune
992 1565 1131 1600 habeant
1142 1576 1218 1600 cum
1239 1566 1346 1609 hypo·
1528 1568 1609 1612 Ejus
1631 1578 1743 1602 tumor
1766 1569 1933 1611 quomodo
1956 1569 2013 1602 elle
2037 1570 2070 1602 in
2102 1569 2286 1602 abdominis
2318 1570 2405 1603 mus—

517 1608 743 1642 chondriacis.
769 1609 853 1642 Ibid.
883 1618 933 1652 17.
1570 1612 1652 1646 culis
1675 1613 1849 1653 aliquando
1871 1613 2038 1646 videatur.
2064 1613 2216 1646 XXXVI.
2239 1615 2270 1643 6.

466 1661 545 1685 num
570 1651 648 1685 adeo
671 1652 800 1685 evidens
825 1651 886 1690 fit,
909 1661 945 1686 ut
960 1652 1107 1686 nonnulli
1120 1652 1344 1693 contendunt,
1531 1655 1608 1699 Ejus
1632 1654 1807 1689 absceffus.
1831 1656 1883 1689 De
1907 1655 2051 1689 vericulis
2073 1659 2107 1688 in
2131 1656 2191 1689 hoc
2229 1655 2394 1690 interdum

513 1693 571 1728 has
594 1695 634 1729 ab
661 1695 726 1728 illis
749 1694 806 1729 ess‘e
828 1695 1232 1738 omninodistinguendas.
1259 1696 1347 1730 Ibid.
1574 1698 1704 1733 inclufis
1726 1698 1875 1741 quaedam
1899 1699 2123 1740 attinguntur.
2150 1699 2235 1732 Ibid.
2260 1711 2291 1740 9.

515 1749 567 1771 20·
1616 1754 1655 1776 ex
1678 1744 1795 1785 capitis
1820 1741 2005 1779 vulneribus
2027 1752 2091 1774 non
2117 1741 2201 1776 visus
2226 1764 2235 1780 ,
2270 1751 2306 1775 ut
2330 1753 2402 1776 cre-

470 1790 681 1825 utrarumque
704 1782 843 1816 insultus
869 1782 1004 1825 quidam
1030 1782 1185 1824 periodici
1208 1793 1348 1825 quomo·=
1663 1785 1746 1820 dunt
1771 1786 1878 1826 plures
1894 1807 1902 1821 ‚
1926 1797 1941 1818 a
1965 1784 2134 1818 Ballonio.
2161 1786 2216 1817 LI.
2243 1795 2292 1817 22.

512 1825 556 1859 do
580 1837 635 1867 per
658 1827 773 1869 opium
798 1825 921 1860 fuerint
935 1827 1150 1869 praeoccupati
1167 1851 1175 1858 .
1202 1827 1344 1871 Ibid.i7.
1620 1841 1694 1873 quae
1714 1829 1851 1863 fallaciae
1875 1827 1935 1862 esse
1959 1827 2076 1871 poffint
2098 1830 2130 1863 iu
2156 1840 2195 1862 eo
2218 1837 2293 1862 tunc
2318 1840 2401 1872 prae-

509 1871 540 1902 δι
565 1868 653 1912 feciq-
1661 1872 1819 1907 dicendo.
1845 1871 1931 1906 naid.
1954 1874 1986 1905 δι
2008 1882 2059 1915 23.

335 1912 503 1991 Hystffiicii
528 1914 669 1947 insultus
691 1924 744 1955 per
767 1924 838 1958 quae
862 1912 1026 1947 interdum
1039 1912 1160 1946 fuerint
1185 1913 1338 1947 excitati.
1528 1915 1611 1960 Ejus
1634 1916 1787 1950 abscessus
1811 1927 1866 1958 per
1889 1914 2100 1958 di‘aphragma
2123 1917 2157 1950 in
2180 1914 2345 1950 thoracem
2366 1928 2399 1950 a...

467 1958 474 1989 i
501 1981 508 1988 .
537 1967 587 1990 ιο.
1594 1970 1704 1994 ertus.
1728 1961 1873 1991 XXXVI.
1920 1985 1928 1992 .

334 2001 516 2044 Hystericae
537 2000 707 2034 mulieres.
735 2001 786 2034 De
809 2000 928 2043 quibus
951 2010 1063 2033 earum
1087 2001 1196 2034 minus
1227 1999 1338 2034 deccat
1570 1972 1590 2002 p
1612 2005 1646 2037 in
1670 2013 1779 2037 ventre
1801 1971 1941 2045 disi-agri
1964 2001 2049 2044 figna
2075 2003 2107 2035 in
2139 2002 2299 2044 plerisque
2324 2004 2399 2037 013..

422 2043 593 2079 Medicum
617 2042 679 2078 effe
705 2042 868 2077 securum.
893 2043 977 2077 Ibid.
1004 2053 1056 2084 27.
1651 2047 1886 2081 servationibus
1907 2047 2181 2080 Anatomicorum
2216 2047 2320 2080 minus
2343 2047 2396 2080 di-

462 2087 546 2124 Quae
570 2099 609 2121 ex
633 2086 793 2130 ejusmodi
818 2086 987 2121 affefflone
1009 2087 1177 2122 dicebatur
1189 2097 1313 2120 mortua
1330 2107 1339 2121 3
1651 2091 1790 2132 iigenter
1813 2089 1886 2122 sunt
1910 2090 2082 2122 adnotata.
2110 2090 2195 2123 Ibid.
2223 2100 2251 2130 5.
2275 2093 2306 2122 6.

503 2141 541 2164 an
566 2141 673 2164 revera
699 2139 830 2164 mortua
855 2130 948 2171 effa,
970 2139 1077 2173 quot,
1102 2131 1258 2174 quibusve
1270 2139 1340 2163 τηε)ᾖ
1609 2144 1687 2168 num
1709 2129 1872 2176 disruptio
1894 2133 1933 2166 fit
1955 2143 2011 2175 per
2036 2140 2161 2165 motum
2174 2133 2394 2168 acceleranda.

507 2173 559 2208 dis
579 2173 617 2209 sit
640 2173 868 2216 exploratum.
897 2173 985 2209 Ibid.
1012 2183 1069 2218 23.
1655 2176 1742 2212 Ibid.
1768 2179 1800 2210 6.

1612 2219 1780 2263 quomodo
1807 2219 1930 2254 sanatus
1952 2218 2012 2254 fit.
2036 2218 2122 2254 Ibid.

813 2262 858 2343 I
1386 2263 1517 2308 Jecoris
1540 2265 1678 2298 calculi.
1703 2263 1785 2297 Vid.
1810 2263 1985 2305 Hepatici.
2249 2305 2255 2309 ι

1053 2331 1055 2334 >
1385 2309 1514 2353 Jecoris
1536 2307 1646 2351 Cystis
1669 2308 1703 2339 in
1726 2306 1962 2346 transversum,
1985 2308 2016 2339 &
2038 2313 2107 2339 tota
2131 2314 2220 2339 extra
2242 2307 2396 2348 Jecurlo-

1479 2362 1572 2386 cata.
1598 2351 1716 2383 XXIV.
1729 2353 1792 2384 ⁴6.

381 2392 587 2429 Ctericorum
603 2391 728 2436 sanguis
739 2402 802 2426 non
815 2391 936 2435 semper
951 2392 994 2426 est
1007 2392 1144 2428 fluidus.
1170 2392 1333 2422 XXXVII.
1519 2393 1605 2438 quasi
1629 2395 1664 2427 in
1687 2392 1764 2427 duas
1786 2392 1910 2426 divisa.
1936 2392 2056 2423 XXIX.
2085 2392 2132 2424 18.
2193 2433 2199 2438 ,

330 2401 368 2480 Ι
393 2442 425 2472 6·
1513 2439 1576 2473 fine
1603 2437 1677 2472 ullis
1700 2437 1776 2469 bilis
1798 2434 2001 2469 vasculorum
2013 2445 2084 2475 quae
2108 2434 2146 2467 ad
2170 2445 2236 2475 eJus
2247 2434 2384 2472 fundum

546 2479 721 2523 aliquando
744 2478 828 2513 fellis
850 2478 946 2512 instar
971 2479 1071 2513 flavus
1094 2480 1144 2515 vel
1182 2478 1262 2512 olim
1285 2478 1334 2511 in.
1563 2482 1761 2524 pertinerent
1776 2505 1785 2519 ,
1808 2479 1955 2513 indiciis.
1984 2478 2102 2511 XXIV.
2131 2480 2194 2527 16.-

590 2533 706 2558 ventus
723 2546 732 2554 .
757 2523 843 2556 Ibid.
867 2534 897 2565 7.
1516 2527 1555 2559 Iu
1579 2523 1894 2562 Observationibus‚
1915 2524 1946 2555 &
1971 2522 2211 2562 Experimentis
2245 2522 2384 2563 quibus-

458 2568 663 2605 cerebrum,
686 2567 859 2601 oculorum
883 2565 1057 2606 humores,
1082 2568 1111 2599 δι
1135 2577 1246 2599 cornea
1269 2576 1326 2598 cur
1559 2568 1633 2602 dam
1666 2570 1750 2601 circa
1773 2567 1862 2600 illam
1885 2564 2007 2599 habitis
2041 2564 2111 2606 quis
2135 2564 2255 2599 subesse
2279 2578 2386 2601 errror

499 2611 564 2644 sine
589 2612 651 2644 ulla
676 2610 834 2645 flavedine
857 2609 969 2652 saepius
990 2610 1071 2642 (int.
1097 2608 1323 2651 Ibid.&seqq.
1553 2612 1667 2653 poffit.
1696 2612 1861 2643 XXXVII.
1887 2619 1936 2641 21.

461 2655 552 2700 Qid
577 2655 737 2693 Vetffi‘ess
759 2656 791 2686 δί
814 2653 971 2694 quosdam
994 2654 1075 2686 alios
1099 2654 1237 2686 moverit
1256 2677 1264 2691 ‚
1288 2662 1324 2685 Ut
1504 2655 1614 2697 Cystis
1639 2663 1760 2689 meatus
1785 2652 1868 2698 apud
1892 2652 2026 2685 Veteres
2056 2652 2187 2687 ductum
2225 2652 2386 2695 cysticurn

502 2697 632 2739 objecta
655 2698 795 2731 ietericis
818 2696 904 2731 flava
927 2707 1104 2739 apparere,
1127 2697 1290 2730 crederent
1315 2720 1323 2727 .
1552 2709 1617 2732 non
1640 2697 1817 2740 fignificat.
1842 2695 1926 2730 Ibid.
1952 2707 2003 2739 33.

504 2741 644 2778 Ibid.r8.
1504 2741 1615 2784 Cystis
1639 2741 1747 2775 nimiae
1784 2740 1993 2783 plenitudinis
2024 2750 2120 2782 quam
2157 2740 2250 2774 variae
2281 2740 2383 2774 causae

546 2784 623 2822 sunt
643 2784 770 2827 aliqua,
794 2782 855 2821 sed.
871 2793 941 2816 rara
963 2781 1124 2824 ejusmodi
1159 2784 1300 2826 exempla
1315 2806 1328 2823 ‚
1555 2786 1614 2818 esse
1641 2785 1754 2828 poliint
1769 2810 1776 2815 .
1803 2783 1931 2816 LVIII.
1955 2793 1985 2825 3.

586 2829 724 2862 &unde
740 2853 747 2860 .
773 2827 858 2860 Ibid.
883 2829 915 2860 &
939 2826 1002 2867 seq.
1510 2827 1622 2871 Cyflis
1645 2842 1661 2862 a
1684 2828 1802 2870 quibus
1825 2827 1905 2860 olim
1931 2848 1939 2862 ,
1974 2827 2004 2857 Sc
2029 2826 2138 2868 postea
2170 2826 2288 2869 insigni
2313 2837 2383 2861 ma·-

327 2872 448 2907 merus
480 2871 650 2913 quomodo
685 2871 725 2904 ab
765 2871 867 2903 animi
913 2868 1078 2905 affefflbus
1121 2868 1294 2905 inducatur
1317 2894 1325 2901 .
1550 2872 1719 2914 gnitudine
1743 2871 1782 2904 fit
1805 2869 2020 2912 deprehensa.
2047 2871 2210 2901 XXXVII.
2239 2881 2287 2911 13.

418 2916 591 2947 XXXVII.
618 2925 648 2956 3.
1599 2916 1678 2959 quid
1713 2917 1746 2948 in
1780 2913 1876 2954 huius
1907 2913 1982 2946 vitii
2010 2912 2155 2955 diagnoli
2190 2914 2286 2956 poffit
2310 2915 2374 2948 im.

454 2970 534 2992 num
555 2957 755 2996 cacheffici,
780 2959 812 2991 &
836 2955 1045 3000 phlegmatici
1068 2956 1109 2991 ab
1131 2966 1170 2989 eo
1192 2954 1327 2991 fintim-
1637 2969 1777 3001 ponere.
1802 2956 1928 2989 Ibidem
1944 2979 1951 2986 .

501 3013 634 3036 munes.
661 3000 747 3034 Ibid.
773 3014 803 3042 9.
1508 3001 1620 3045 Cystis
1643 3003 1718 3036 bilis
1739 3000 1900 3038 tinum,
1929 3009 2001 3041 quae
2025 2999 2136 3041 saepius
2160 3001 2193 3033 in
2219 2999 2378 3042 cystisvi-

459 3046 542 3079 unde
565 3047 648 3078 olim
671 3053 781 3078 ortum
805 3042 844 3077 fit
865 3043 1028 3086 quoddam
1052 3043 1090 3078 de
1113 3044 1207 3078 ieteri
1232 3043 1324 3080 causa
1552 3047 1637 3080 cinia
1661 3044 1817 3087 reperitur
1833 3064 1842 3079 ‚
1868 3054 1964 3080 num.
1988 3045 2019 3076 δέ
2043 3044 2172 3085 quando
2196 3044 2294 3077 noxia
2319 3044 2378 3078 csse

503 3089 687 3134 I-Ielmontii
710 3095 954 3121 commentum.
979 3088 1063 3122 Ibid.
1089 3098 1120 3130 7.
1553 3099 1673 3130 queat.
1698 3089 1793 3116 XXX.
1823 3098 1871 3127 19.
1897 3089 1928 3118 δέ
1952 3085 2039 3128 seqq.
2391 3108 2393 3110 -

460 3132 627 3175 quomodo
651 3139 805 3174 augeatur
827 3132 859 3163 in
885 3129 1036 3172 sanguine
1059 3131 1195 3164 materia
1227 3132 1327 3172 bilis,
1508 3131 1616 3175 Cystis
1642 3131 1715 3168 bilis
1739 3128 1801 3163 fine
1823 3130 1891 3163 ullo
1925 3131 2033 3162 colore
2057 3155 2066 3170 ,
2100 3139 2153 3163 aut
2189 3129 2325 3164 albicans
2360 3144 2377 3165 a

501 3176 639 3208 icterum
667 3175 807 3209 faciens.
835 3174 920 3208 Ibid.
943 3186 974 3216 9.
1550 3176 1669 3215 quibus
1701 3173 1784 3208 olim
1804 3194 1813 3210 ²
1844 3175 1875 3205 &
1914 3173 2063 3216 deinceps
2098 3172 2264 3207 observata
2299 3176 2338 3209 fit
2366 3199 2376 3207 -

459 3217 581 3256 causae‚
608 3218 685 3252 bilis
707 3220 793 3251 viam
819 3217 860 3250 ab
882 3217 997 3259 hepate
1021 3217 1059 3251 ad
1080 3217 1229 3251 intestina
1261 3219 1326 3253 im-
1553 3218 1743 3251 XXXVIII.
1764 3227 1817 3260 42.

503 3261 684 3302 pedientes.
711 3261 795 3295 Ibid.
822 3271 870 3293 10.
894 3271 946 3303 33.
970 3264 1000 3295 δι
1024 3261 1111 3304 seqq.
1507 3262 1617 3303 Cystis
1639 3273 1709 3304 quae
1731 3260 1927 3294 detrimenta
1952 3260 1992 3293 ab
2014 3259 2250 3294 innafcentibus
2270 3261 2377 3296 calcu-

457 3305 531 3346 quis
556 3306 740 3343 monuerit,
764 3315 829 3338 non
853 3304 926 3337 satis
950 3303 1008 3337 effe
1032 3305 1069 3338 ad
1092 3305 1184 3338 ι’ᾶεῐί
1207 3304 1328 3347 produ-
1552 3305 1591 3339 lis
1615 3305 1708 3348 poffit
1730 3314 1841 3345 capere
1857 3327 1865 3334 .
1893 3307 1992 3335 XXX.
2018 3314 2069 3338 20.

501 3348 643 3381 &ionem
666 3349 834 3390 Cysticum
859 3358 999 3381 meatum
1023 3348 1147 3383 obstrui
1167 3371 1177 3386 ,
1213 3348 1271 3382 nisi
1295 3352 1327 3381 δε
1422 3389 1428 3394 .
1510 3348 1618 3391 Cystis
1640 3347 1779 3382 calculi.
1804 3344 1883 3378 Vid.
1903 3347 2051 3390 Cystici.

501 3392 699 3424 Communis
721 3392 926 3425 obstruatur.
952 3392 1098 3425 Ibidem.
1276 3431 1278 3433 .
1373 3390 1563 3435 Jejunium.
1589 3393 1668 3425 Vid.
1695 3390 1916 3423 Abstinentia.
1943 3389 2114 3424 Famelici.

458 3434 628 3476 quomodo
651 3434 714 3468 hoc
749 3434 917 3469 obstruffo
940 3456 950 3472 ‚
982 3435 1097 3469 istcrus
1130 3444 1240 3469 tamen
1265 3436 1326 3469 ali·
1372 3433 1546 3478 Jejunium
1560 3446 1630 3477 quae
1643 3444 1754 3469 aetates
1771 3435 1881 3475 magis,
1897 3435 2065 3468 autminus
2077 3432 2201 3467 ferant.
2220 3433 2377 3468 XXVIIL

501 3477 629 3520 quando
651 3488 715 3510 non
741 3476 816 3510 fiat.
842 3477 928 3511 Ibid.
951 3488 1004 3521 34.
1462 3479 1492 3508 6.
1518 3489 1550 3520 7.

461 3532 477 3552 a
501 3521 606 3554 morsu
631 3522 746 3563 viperae
771 3521 885 3553 idterus
896 3522 1027 3563 quando
1050 3522 1093 3554 ob
1105 3532 1170 3555 eam
1195 3521 1319 3553 obstru·
1507 3522 1651 3564 exempla
1673 3519 1820 3563 quaedam
1843 3532 1881 3554 ex
1903 3522 2048 3554 Romana
2072 3518 2203 3554 historia
2218 3519 2325 3554 .Ibid.
2338 3532 2370 3561 7.

500 3563 643 3597 &ionem
668 3563 739 3597 fieri
762 3562 936 3598 credendus
960 3563 997 3597 fit
1022 3589 1029 3596 .
1055 3566 1139 3599 Ibid.
1166 3574 1212 3597 lo.
1241 3564 1321 3598 Vid.
1507 3565 1644 3598 Pernelii
1669 3564 1887 3602 Observatio‚
1910 3576 1981 3608 quae
2004 3563 2130 3598 obstare
2154 3563 2368 3602 videtur‚ex-

503 3607 601 3639 etiam
624 3608 765 3649 Vipera.
1551 3608 1686 3650 plicata.
1710 3607 1797 3643 Ibid.

2239 3649 2329 3696 ij·-
