2498 4075
385 135 477 184 190

322 203 492 245 mulieris,
516 200 637 237 oblaedi
665 204 857 246 potuerint,
880 202 956 236 alibi
980 202 1031 244 (ὲ
1054 204 1068 241 )
1090 199 1306 250 indicavimus
1322 226 1329 235 .

318 258 369 292 Hi
395 252 497 294 igitur
521 244 712 291 pulmonum
735 248 821 280 vitio
843 244 989 280 suffocati
1012 244 1104 285 sunt,
1127 252 1163 278 ut
1187 246 1271 277 vitio
1285 245 1331 277 la-

319 298 461 343 ryngis,
483 295 515 327 &
538 289 668 332 Asperae
692 292 816 324 arteriae
841 290 896 323 alii
947 287 987 322 de
1008 287 1126 331 quibus
1149 295 1264 329 praeter
1296 299 1329 320 ea

318 354 389 387 quae
415 351 453 372 ex
476 336 605 368 Platero
626 337 640 372 (
663 346 679 367 c
701 337 740 376 ),
764 336 795 367 &
822 313 1044 374 Kercl'tringio
1068 334 1082 370 (
1102 332 1123 364 d
1146 334 1156 370 )
1181 330 1294 374 legeris
1317 354 1330 371 ,

319 389 388 420 alio
412 385 485 417 loco
507 378 725 421 opportunius
749 377 788 411 ad
812 386 842 410 te
868 375 1039 409 scribemus
1061 376 1100 413 (e
1115 378 1150 415 ),
1173 385 1227 407 aut
1252 374 1328 407 scri-

317 430 436 474 pfimus
462 423 573 468 (f).
599 422 667 455 Hic
691 433 767 456 vero
792 420 913 454 nullam
938 427 1084 461 praeterea
1117 416 1329 451 Observatio-

316 487 389 509 nem
413 469 624 513 adjiciemus,
648 466 706 500 nisi
729 476 823 507 quam
847 463 885 496 ab
909 460 1192 510 Exercitatislimq
1215 462 1330 494 Santo-

314 521 391 553 rino
414 514 595 557 accepimus
618 510 731 545 eodem
754 520 819 551 quo
843 506 998 541 habuerat
1019 506 1092 540 die.
1108 507 1250 538 Pertinet
1273 515 1328 537 au-

312 572 377 597 tem
403 560 441 595 ad
465 556 708 591 suffocationem
730 563 769 585 ex
792 551 878 584 vitio
903 550 1025 583 arteriae
1049 550 1197 591 Magnae.
1286 583 1288 585 ³

359 618 413 650 51.
439 601 597 638 VIRGO
615 622 628 640 ,
650 598 703 631 cui
727 595 790 639 jam
815 595 981 637 aliquanto
1004 594 1092 636 prius
1116 592 1241 640 sanguis
1274 600 1329 642 aut

311 652 441 690 minus,
465 655 519 681 aut
543 641 627 676 1111111
665 652 720 684 per
752 647 879 673 uterum
911 635 1121 679 respondebat
1142 658 1170 683 ,Ι
1188 633 1329 669 difficilis

312 705 419 730 autern
434 715 447 733 ,
467 700 543 725 cum
567 687 596 721 se
619 691 786 723 moveret,
810 682 895 716 faeta
928 688 994 728 erat
1026 679 1194 721 respiratio
1213 700 1227 718 ,
1260 686 1330 710 tan-

312 739 388 773 dem
410 736 496 770 velut
520 743 558 764 ex
579 726 840 765 convulsionibus
856 752 863 764 ‚
890 725 1042 758 suflocata
1053 722 1114 755 est.
1195 764 1203 771 .
1249 721 1330 771 ᾼΒ-

309 778 513 818 DOMINE
537 773 698 811 didufto,
735 767 987 802 animadversum
1020 767 1160 800 exterius
1193 775 1229 797 in
1258 764 1324 807 ipsa

306 827 390 864 uteri
413 817 584 858 substantia
607 814 649 850 est
673 812 900 851 tuberculum,
923 821 1034 844 eorum
1056 808 1158 844 simile
1169 819 1240 852 quae
1253 816 1326 841 nat.

310 878 341 904 te
364 868 569 901 vocitantur.
705 855 859 891 Thorace
882 865 987 887 autem
1012 852 1135 886 recluso
1161 877 1169 890 ‚
1194 852 1322 893 Magnae

306 913 432 947 ai·teriae
456 908 590 941 initium
614 910 777 945 repertum
801 899 843 932 est
866 910 899 931 ea
923 899 1083 941 parietum
1097 893 1322 936 craffitudine‚

307 966 343 992 ut
368 952 446 988 vasis
469 950 680 993 capacitatem
703 955 767 977 non
793 953 908 986 parum
931 942 1090 975 minueret
1112 964 1118 971 .
1146 939 1184 973 In
1208 949 1240 988 ea
1254 948 1321 972 erat

305 1000 422 1034 arteria
447 995 594 1038 sanguis3
619 989 670 1025 sed
693 987 800 1023 multo
822 984 980 1029 copiosius
1015 986 1049 1018 in
1082 981 1287 1028 pulmonibus
1308 1006 1321 1023 ‚

303 1054 386 1088 quos
410 1037 647 1084 praegravabat.
1022 1073 1029 1079 ι
1099 1071 1105 1078 .
1250 1071 1256 1077 ο

356 1097 406 1129 52.
433 1085 647 1126 Qaecunque
670 1075 797 1111 demum
820 1073 914 1108 cansa
947 1071 1049 1106 fuerit
1095 1082 1129 1104 in
1163 1069 1323 1120 arteriosis

305 1128 486 1174 parietibus
530 1121 688 1167 ejusmodi
742 1118 953 1166 crassitudinis
980 1126 1082 1166 Uquae
1135 1115 1212 1163 vasis
1260 1125 1323 1146 mi-

306 1181 417 1208 nueret
442 1170 680 1212 capacitatem,
703 1174 792 1206 cnjus
817 1163 862 1195 rei
887 1162 920 1194 in
945 1160 1016 1193 aliis
1045 1167 1177 1208 ¹arteriis
1216 1168 1321 1190 exem-

305 1218 395 1261 plum
420 1214 514 1248 habes
538 1210 623 1254 apud
647 1210 808 1241 Littrium
830 1209 885 1248 (g
908 1208 943 1244 );
968 1200 1167 1251 manifestum
1192 1199 1258 1242 est,
1279 1201 1322 1251 qb

303 1259 467 1294 anoustius
490 1256 613 1290 fabium
637 1252 758 1285 arteriae
784 1251 940 1285 initium,
968 1247 1151 1295 sanguinem
1174 1255 1240 1276 non
1263 1244 1321 1277 111ίῖ

303 1288 425 1340 minori
450 1301 569 1343 copia,
593 1299 624 1330 &
648 1295 766 1329 minori
793 1294 826 1325 vi
851 1303 907 1334 per
933 1290 1014 1324 hanc
1038 1297 1173 1326 emitti,
1198 1289 1227 1320 8<
1244 1298 1321 1330 pro-

305 1348 429 1384 moveri
454 1340 610 1388 potuisse.
636 1341 750 1382 Itaque
775 1338 807 1370 in
831 1335 891 1369 hac
914 1337 1064 1367 inventus
1087 1332 1152 1382 6115
1176 1330 1226 1377 sed
1249 1332 1320 1365 lon-

300 1404 343 1438 ge
367 1389 481 1434 majori
505 1386 600 1430 copia
624 1384 658 1417 in
682 1380 918 1425 pulmonibus,
939 1388 1076 1421 quorum
1100 1386 1135 1408 in
1158 1376 1320 1425 131151311-

305 1446 346 1470 to
369 1435 440 1478 plus
465 1431 532 1475 ejus
554 1427 712 1470 congeri,
734 1423 850 1458 necesse
873 1432 964 1469 erat,
988 1429 1111 1471 quanto
1136 1429 1324 1469 minuspo-

304 1488 389 1513 terat
414 1480 449 1511 in
471 1478 617 1510 Aortam
641 1470 804 1503 immitti.
830 1469 883 1501 Ex
904 1465 1000 1508 hujus
1024 1466 1125 1508 igitur
1138 1462 1322 1505 angustia&

298 1521 470 1560 difficilis,
494 1516 673 1561 praesertim
697 1521 791 1546 moto
814 1522 972 1554 corpore,
997 1509 1160 1543 oriebatur
1183 1505 1318 1556 respira-

303 1569 374 1603 tio,
401 1569 432 1600 &
458 1561 631 1599 iuffocatio
654 1557 792 1599 denique
817 1563 890 1588 nata
915 1554 975 1588 est.
1001 1551 1061 1586 Sed
1085 1552 1123 1586 de
1149 1550 1207 1584 hac
1243 1552 1318 1583 satis

300 1611 478 1653 superque.
613 1601 790 1642 Reliquum
815 1598 886 1639 est,
918 1609 955 1630 nc
986 1596 1030 1629 ob
1061 1605 1216 1645 perpauca
1247 1605 1318 1645 {1¹³5ae

301 1654 340 1687 de
366 1652 437 1687 ruffi
463 1646 626 1684 scribenda
651 1643 754 1678 habeo
777 1666 789 1683 ,
823 1642 1017 1685 peculiarem
1040 1639 1211 1673 conficiam
1236 1638 1319 1680 Lpi-

298 1697 434 1735 stolam,
460 1703 497 1730 ut
524 1691 601 1726 huic
627 1689 683 1723 illa
718 1686 832 1721 addam
865 1686 977 1730 potius
996 1707 1009 1725 ‚
1045 1680 1319 1727 quemadmodum

300 1742 401 1778 initio
426 1738 595 1783 pollicitus
621 1732 689 1768 sum
706 1755 716 1771 ‚
1171 1770 1178 1778 .
1235 1769 1241 1775 ·
1292 1769 1299 1775 .

349 1796 400 1829 53.
427 1781 534 1818 Tuffis
557 1778 680 1816 causae‚
704 1787 771 1810 non
794 1775 879 1810 secus
903 1785 939 1807 ac
962 1772 1042 1814 laesae
1080 1769 1316 1814 Respirationis

299 1834 315 1870 (
337 1828 356 1863 h
377 1829 417 1872 ),
443 1826 513 1860 aliae
537 1821 669 1866 quidem
692 1820 726 1853 in
747 1817 957 1862 pulmonibus
981 1816 1056 1861 sunt
1076 1839 1085 1854 ,
1121 1815 1190 1863 aliae
1227 1822 1317 1846 extra

324 1873 488 1907 ulmones.
513 1869 642 1902 Harum
666 1874 771 1898 autem
794 1864 863 1896 aliae
887 1863 921 1894 in
944 1861 1099 1908 thorace,
1123 1858 1192 1907 aliae
1206 1865 1315 1906 extra.

299 1885 347 1953 {t
372 1915 479 1951 rursus
503 1923 572 1953 quae
597 1918 687 1943 extra
712 1907 880 1942 thoracem
904 1904 1006 1943 sunt,
1029 1903 1098 1935 aliae
1121 1912 1155 1934 in
1171 1902 1316 1943 Capite,

300 1962 370 1995 aliae
395 1962 429 1993 in
453 1955 556 1992 Collo
576 1976 585 1992 ‚
612 1954 681 1986 aliae
706 1952 739 1984 in
764 1954 909 1985 Ventre.
936 1948 1023 1981 Cum
1049 1953 1155 1979 autem
1179 1955 1196 1976 a
1239 1954 1315 1993 cau-

294 2006 353 2043 sis,
377 2013 429 2038 tot
444 2025 455 2043 ‚
479 2004 512 2035 &
535 2008 601 2033 tam
623 1998 724 2030 varias
749 1993 836 2028 sedes
854 1990 1079 2034 habentibus,
1103 1986 1188 2021 tuffis
1227 1998 1309 2037 oria-

290 2059 366 2088 tur3
391 2048 432 2082 est
457 2045 534 2079 alias
555 2054 629 2077 cuin
654 2038 820 2079 febribus,
842 2047 879 2071 ut
903 2034 1087 2082 appellant,
1112 2040 1310 2080 corruptivis

291 2095 412 2127 semper
435 2086 648 2130 comparanda
663 2109 675 2126 ,
699 2094 776 2117 tunc
801 2090 908 2116 autem
934 2079 1039 2127 solum
1063 2087 1137 2125 cum
1172 2074 1309 2122 salubri-

288 2130 373 2173 bus',
397 2137 427 2168 &
452 2132 672 2175 depurativis,
695 2125 826 2170 quando
850 2136 864 2157 a
891 2131 1025 2157 materia
1050 2128 1158 2168 oritur
1182 2128 1252 2160 qua:
1272 2126 1304 2148 v1

289 2180 388 2223 ipsius
412 2176 497 2212 tussis
519 2173 650 2208 extrudi
675 2180 792 2214 queat.
818 2165 889 2202 Etsi
914 2167 1001 2199 enim
1025 2162 1123 2196 febris
1139 2185 1148 2201 ,
1175 2163 1207 2194 &
1240 2159 1306 2194 tus-

287 2224 351 2265 sis,
374 2230 508 2264 utraque
533 2229 587 2261 per
612 2216 640 2250 se
665 2216 787 2249 malurn
811 2211 854 2245 est
870 2223 888 2260 5·
915 2220 993 2243 tunc
1027 2216 1161 2256 utraque
1198 2213 1305 2237 tamen

288 2268 332 2303 est
354 2266 431 2300 boni
455 2262 549 2297 causa
564 2275 573 2293 .·
599 2267 795 2304 quapropter
817 2267 856 2288 ex
879 2253 947 2296 ipsa
980 2261 1128 2293 corporis
1163 2256 1273 2281 natura
1294 2270 1307 2287 ,

290 2316 323 2346 &
347 2308 579 2344 constitutione.
609 2328 618 2343 ,
643 2313 747 2346 -quam
776 2308 923 2334 naturam
960 2305 1109 2344 vocamus
1133 2315 1143 2330 ‚
1174 2301 1308 2333 utraque

292 2354 421 2394 existit,
444 2354 475 2385 &
501 2348 633 2392 peffimo
656 2356 734 2380 tunc
757 2342 893 2377 consilio
919 2339 1133 2388 supprimitur
1155 2358 1164 2373 ,
1197 2346 1306 2384 quaet,

290 2398 313 2433 fi
339 2408 403 2431 11011
427 2393 568 2432 adesset,
591 2389 732 2433 optanda
756 2387 843 2420 foret
861 2409 868 2416 .
895 2383 953 2416 Est
975 2392 1061 2414 enim
1074 2377 1250 2422 aliquando
1273 2388 1308 2410 in

291 2439 501 2487 pulmonibus
525 2435 657 2470 materia
684 2441 838 2474 peccans,
863 2437 918 2460 nec
945 2435 1069 2467 pauca,
1093 2426 1123 2455 ὃ(
1149 2433 1218 2464 quae
1252 2431 1309 2452 ex-

294 2486 371 2530 pelli
397 2481 513 2527 poffit‚·
537 2478 589 2513 sed
613 2476 701 2511 nulla
726 2473 769 2507 est
793 2471 890 2520 tuffis,
905 2477 1041 2518 proptei·
1068 2464 1216 2514 hebetem
1236 2485 1246 2502 ,
1274 2474 1308 2496 ac

294 2529 497 2564 deficientem
522 2520 643 2557 sensum
667 2520 702 2552 in
736 2518 847 2550 tunica
881 2522 999 2546 intima
1034 2506 1271 2557 bronchiorum
1296 2519 1305 2539 :

293 2585 363 2618 quo
386 2566 516 2605 fortasse
540 2566 679 2599 attinent
702 2560 772 2596 duae
796 2561 830 2592 in
856 2555 1069 2605 Sepulchreto
1093 2550 1311 2601 Observatio-

294 2629 348 2652 nes
371 2614 477 2649 XXV.
503 2613 535 2644 δί
558 2609 704 2643 XXVII.
729 2605 812 2638 Sest.
841 2603 868 2635 I.
906 2596 1034 2648 secundi
1068 2597 1165 2642 hujus
1199 2594 1275 2627 libri
1299 2617 1308 2624 .

295 2664 421 2696 Contra
447 2664 574 2690 autem,
600 2651 769 2695 pulmones
806 2647 883 2680 alias
916 2651 1049 2693 materia
1085 2638 1207 2674 obsidet
1240 2649 1311 2679 quae

296 2705 385 2739 nulla
408 2700 476 2735 tuffi
502 2696 595 2742 possit
620 2696 743 2732 everri,
771 2701 831 2730 ut,
854 2687 995 2738 exempli
1031 2683 1123 2718 causa
1146 2704 1156 2720 ‚
1191 2681 1313 2730 Obser-

295 2750 425 2781 vatione
447 2745 526 2777 XII.
551 2739 645 2784 hujus
674 2739 736 2772 ΙΙΙ.
763 2733 945 2771 Sestionis,
970 2738 1024 2764 aut
1048 2740 1081 2761 ea
1106 2737 1203 2769 quam
1241 2725 1314 2757 aliis

298 2790 438 2827 Litteris
460 2790 474 2826 (
496 2785 542 2828 i)
574 2779 724 2825 descripsi
747 2803 759 2820 ,
807 2777 997 2821 pulmonum
1043 2769 1278 2814 tophaceorum
1304 2792 1311 2799 .

429 2831 501 2865 Nec
525 2828 608 2862 secus
632 2826 694 2860 tibi
719 2821 933 2866 cogitandum
956 2817 998 2851 est
1022 2815 1061 2849 de
1083 2814 1169 2848 tuffis
1195 2811 1316 2848 causis,

299 2890 377 2923 quas
400 2886 438 2908 ex
462 2872 624 2915 superiore
649 2871 700 2902 via
726 2869 830 2906 aeris,
854 2874 907 2898 aut
931 2859 1059 2895 aliunde
1081 2858 1194 2909 <valeat
1217 2879 1229 2896 ,
1263 2863 1317 2888 aut

300 2927 438 2965 nequeat
462 2915 528 2959 ipsa
553 2913 638 2948 tuffis
661 2920 832 2946 excutere:
860 2915 1047 2951 quanquam
1063 2902 1184 2935 ,11111135
1217 2898 1282 2932 fere
1306 2921 1315 2935 ‚

301 2966 375 3000 sitas
399 2971 486 2995 exrra
509 2960 575 2991 vias
599 2958 677 2990 aeris
693 2983 700 2995 ‚
725 2967 744 2998 p
994 2994 998 2998 ι
1279 2987 1285 2993 ⁸

301 3021 377 3044 cum
402 3007 435 3039 in
460 3001 554 3046 hujus
578 3000 724 3043 hydrope
749 2998 766 3040 (
786 2996 805 3037 l<
828 3000 838 3035 )
862 2994 967 3028 tuffim
990 2989 1175 3029 interdum,
1200 2987 1252 3021 sed
1276 2996 1321 3019 ir-

305 3054 425 3087 ritam,
449 3047 504 3080 aut
530 3044 616 3079 nihil
639 3052 725 3077 certe
751 3040 817 3084 ejus
841 3049 929 3082 aquae
952 3034 1141 3070 educentem
1165 3041 1322 3066 memora-

304 3098 408 3131 vimus
423 3117 434 3132 ,
459 3089 522 3123 sive
546 3088 652 3123 sedem
679 3086 817 3121 habeant
841 3091 930 3115 extra
956 3079 1121 3127 thoracem
1143 3100 1150 3108 .
1188 3073 1321 3108 Habent

308 3142 394 3173 enim
418 3139 451 3169 in
475 3134 618 3176 Capite,
640 3140 676 3165 ut
699 3129 842 3164 diximus
859 3148 867 3162 ‚
893 3126 926 3158 111
951 3122 1069 3173 Collo,
1093 3132 1127 3153 in
1161 3121 1285 3153 Ventre
1311 3128 1321 3148 .·

305 3195 376 3227 quce
400 3178 521 3221 singula
545 3176 700 3218 exemplis
722 3170 951 3218 declarabimus
965 3191 972 3199 .
1053 3209 1059 3216 ἢ

352 3238 402 3267 54.
429 3225 474 3256 Et
498 3222 639 3263 primurn
664 3217 749 3252 tuffis
773 3215 898 3248 causam
921 3222 954 3244 in
977 3213 1094 3251 Capite
1118 3204 1175 3241 effe
1198 3203 1318 3253 posse,

307 3270 356 3303 vel
380 3281 419 3302 ex
441 3277 479 3299 eo
502 3263 653 3297 omnibus
677 3259 878 3295 manifestum
902 3254 943 3288 est
967 3252 1053 3296 quod
1078 3253 1179 3301 levem
1214 3246 1321 3282 Audi-

308 3314 388 3346 torii
413 3312 541 3345 Meatus
565 3307 603 3340 ab
627 3304 820 3346 auriscalpio
841 3299 1060 3347 irritationem
1083 3298 1197 3337 laepius
1231 3289 1317 3325 tussis

311 3355 539 3398 consequitur3
563 3350 624 3383 five
649 3349 794 3382 irritatio
828 3356 883 3388 per
918 3345 1088 3375 interiores
1123 3336 1317 3388 membranas

309 3401 419 3439 auris,
443 3396 611 3436 Tubaeque
635 3391 860 3426 Eustachianae
876 3414 884 3428 ,
911 3390 942 3433 ὃς
977 3384 1154 3433 pharyngis
1187 3380 1317 3428 demum

312 3442 351 3476 ad
373 3443 536 3484 laryngem
558 3437 655 3480 usqne
681 3443 899 3479 propagatur,
922 3432 982 3463 sive
1005 3427 1126 3467 eflicit,
1149 3433 1184 3459 ut
1197 3420 1322 3465 aliquid

748 2953 828 2987 otest
845 2975 853 2991 ,
878 2950 938 2984 five
963 2951 995 2982 in
1018 2946 1152 2980 thorace
1175 2944 1235 2978 sint
1251 2966 1262 2982 ,
1283 2950 1319 2975 ut
1370 2952 1391 2984 g

889 120 1046 174 Liber
1081 119 1148 173 11.
1182 119 1269 173 De
1304 119 1514 174 Morbis
1547 119 1805 174 Thoracis

1382 212 1421 233 ex
1443 211 1477 232 ea
1501 199 1596 234 Tuba
1619 200 1653 231 in
1678 199 1875 242 pharyngem
1889 199 2036 242 protinus
2047 199 2236 234 deturbetur
2247 225 2259 241 ,
2283 199 2384 237 hanc,

1383 246 1416 277 &
1439 243 1605 285 laryngem
1629 242 1863 276 stimulaturum
1876 266 1888 283 ,
1910 241 1971 275 five
1993 243 2123 276 tandem
2154 252 2258 277 certos
2289 241 2386 288 quos-

1384 286 1455 320 dam
1480 297 1596 319 nervos
1619 286 1653 318 in
1676 284 1860 318 consensum
1885 286 2009 326 trahit,
2031 297 2068 320 ut
2092 296 2169 329 puta
2192 287 2384 321 membranis

1379 330 1584 364 inservientes
1606 340 1676 372 quae
1701 330 1847 371 proxime
1870 340 1944 363 cum
1967 331 2083 362 intima
2107 331 2250 374 laryngis
2275 331 2385 365 tunica

1379 374 1611 407 continuantur
1633 396 1640 402 .
1675 373 1783 415 Atque
1807 395 1820 412 ,
1849 381 1885 405 ut
1908 372 1978 406 dixi
2001 398 2011 414 ,
2044 372 2198 416 ejusmodi
2223 375 2306 408 1111115
2330 386 2384 407 ex-

1381 418 1500 451 citatio
1523 416 1642 449 nemini
1668 426 1733 448 non
1757 416 1888 458 cognita
1913 416 1979 454 est«,
2001 418 2208 451 Anatomicis
2232 427 2337 452 autem
2348 431 2384 453 ea

1381 472 1511 504 quoque
1534 469 1609 493 nota
1632 457 1695 498 est,
1718 471 1788 500 quae
1814 460 1950 493 irritatis
1973 458 2010 493 fit
2034 461 2140 494 initiis
2175 472 2347 497 nervorum
2370 486 2382 503 ‚

1380 505 1466 538 velut
1489 502 1652 537 interdum
1673 504 1706 535 in
1730 501 1999 545 hydrocephalis.
2026 504 2193 547 Perlegesis
2216 506 2249 537 in
2274 507 2384 549 Sepul-

1381 547 1483 581 chreti
1510 546 1670 590 superiore
1695 546 1779 580 libro
1801 549 1815 586 (
1837 546 1849 579 l
1869 549 1884 587 >
1906 547 2027 580 Vesalii
2051 548 2321 583 Observationem
2343 549 2382 583 ad

1380 591 1415 625 id
1439 591 1516 625 mali
1540 591 1776 633 pertinentem3
1800 594 1830 623 &
1863 588 1901 622 ad
1934 590 2035 623 levem
2071 593 2189 635 capitis
2220 603 2347 627 motum
2370 616 2380 631 ‚

1379 646 1506 678 gravem
1529 634 1621 667 illico
1644 633 1750 667 tuffim
1771 633 1943 666 excitatam
1966 636 2123 677 reperies,
2145 647 2219 669 cum
2242 638 2275 669 in
2310 639 2383 681 pul-

1381 678 1531 712 monibus
1554 677 1640 711 nihil
1663 679 1738 710 vitii
1772 686 1964 711 memoretur
1988 703 1998 712 .
2028 679 2080 712 Sic
2112 680 2210 712 etiam
2241 681 2273 712 in
2308 680 2381 714 Ob-

1380 724 1556 757 servatione
1579 720 1723 754 Lechelii
1747 721 1814 764 (m
1835 724 1849 761 )
1881 722 1987 755 tuffim
2019 721 2102 765 leges
2121 745 2134 763 ,
2166 734 2239 757 cum
2273 733 2380 759 tamen

1378 775 1494 809 praeter
1516 764 1704 804 cerebrum,
1728 764 1816 798 nulla
1839 764 1902 797 alia
1932 765 2048 799 viscera
2082 766 2162 798 male
2194 767 2348 801 haberent
2368 793 2381 809 ,

1378 813 1411 843 &
1434 810 1630 844 nominatim
1653 808 1822 852 pulmones
1846 829 1856 845 ‚
1890 807 1941 842 sed
1973 807 2180 843 laudabiliter
2202 833 2215 851 ,
2239 813 2379 854 optime-

1374 865 1437 897 que
1468 851 1641 887 constituta
1663 876 1675 893 ,
1708 854 1741 886 &
1774 850 1887 894 absque
1919 853 2009 887 omni
2033 852 2127 897 culpa
2150 851 2243 888 fuisse
2269 854 2380 889 dicau-

1373 908 1445 933 tur-

1417 952 1468 984 55.
1494 942 1533 973 In
1556 940 1655 973 Collo
1679 948 1808 979 autem,
1830 950 1896 972 non
1920 937 1962 973 est
1974 941 2029 983 qui
2040 939 2183 982 nesciat,
2205 942 2290 976 1111115
2303 954 2379 978 6311-

1372 983 1418 1018 sas
1441 985 1656 1026 saepenumero
1678 982 1834 1023 infidere,
1856 984 2011 1017 nimirum
2033 984 2067 1016 in
2090 987 2203 1018 arteria
2225 985 2344 1028 Aspera
2367 1010 2376 1025 ,

1370 1028 1549 1070 praesertim
1570 1038 1644 1060 vero
1669 1027 1869 1070 inlarynge‚
1893 1026 2023 1069 illasque
2040 1028 2202 1062 interdum
2214 1029 2377 1072 peripsam

1372 1071 1500 1111 tuffim,
1523 1081 1755 1114 nonnunquam
1777 1071 1877 1105 nullis
1908 1070 2082 1105 Medicinae
2116 1070 2270 1114 praesidiis
2302 1073 2379 1107 tolli

1373 1113 1483 1158 poss‘e,
1509 1123 1544 1146 ut
1567 1125 1642 1148 cum
1665 1116 1710 1146 ita
1734 1115 1848 1157 larynx
1870 1115 1986 1149 vitiata
2009 1114 2053 1148 est
2075 1137 2084 1153 ‚
2108 1115 2380 1158 quemadmodum

1374 1157 1442 1200 post
1466 1168 1601 1190 annuam
1626 1157 1801 1191 tufficulam
1818 1181 1831 1198 ,
1855 1161 1886 1191 &
1909 1159 1989 1191 varii
2015 1159 2160 1193 humoris
2183 1159 2379 1194 exscreatum

1374 1199 1536 1244 descripsit
1560 1200 1624 1234 Vir
1646 1200 1700 1232 Cl.
1724 1202 1886 1235 Pantonus
1919 1205 1930 1241 (
1955 1214 1973 1235 n
1996 1206 2010 1242 >
2033 1227 2040 1234 .
2078 1202 2240 1237 Lancifius
2272 1199 2380 1238 autem

1374 1246 1407 1277 in
1430 1245 1565 1286 quadam
1589 1244 1626 1277 ad
1650 1255 1708 1277 nos
1732 1244 1863 1286 epistola
1888 1244 2010 1288 scripsit
2027 1270 2038 1286 ‚
2061 1247 2269 1290 Malpighio,
2293 1246 2380 1281 &fi-

1373 1289 1405 1321 bi
1429 1287 1467 1321 de
1490 1288 1681 1332 quibusiam
1703 1287 1936 1321 violentiffimis
1959 1289 2088 1323 tussibus
2098 1291 2177 1323 olim
2191 1290 2380 1333 colloquen-

1372 1332 1491 1374 tibus,
1524 1343 1601 1374 quas
1639 1332 1694 1364 alii
1727 1342 1889 1375 perperam
1924 1333 2007 1365 inter
2038 1332 2233 1368 convulsivas
2265 1332 2380 1367 refere-

1373 1376 1475 1417 bant,
1496 1376 1601 1409 vilum
1625 1374 1682 1408 esse
1705 1375 1790 1408 inter
1811 1387 1860 1409 eas
1885 1377 1995 1417 potius
2027 1375 2231 1410 collocandas
2254 1400 2267 1417 ,
2300 1387 2377 1421 quas

1374 1429 1561 1453 commovet
1610 1430 1726 1460 aucus,
1751 1419 1801 1453 sed
1826 1418 1920 1453 salsus
1944 1423 1976 1453 ὅ(
2002 1432 2090 1458 acer,
2114 1420 2233 1455 humor
2257 1443 2265 1457 ,
2299 1433 2380 1464 qua-

1375 1465 1437 1497 lem
1460 1463 1510 1496 illi
1535 1475 1572 1496 ex
1588 1463 1735 1496 creabant
1757 1464 1860 1507 aegri,
1888 1463 1925 1496 ab
1947 1465 2090 1507 laryngis
2113 1463 2273 1508 glandulis
2297 1476 2380 1507 prae-

1370 1518 1420 1540 ter
1443 1517 1591 1541 naturam
1617 1509 1775 1540 secretus:
1799 1506 1915 1550 quibus
1947 1507 2079 1549 quidem
2115 1507 2276 1551 glandulis
2314 1508 2379 1550 ipse

1372 1549 1570 1584 accensuisset
1594 1551 1698 1593 postea
1722 1550 1980 1593 Arytaenoidaeas
2001 1551 2120 1585 nostras
2154 1564 2191 1584 eo
2224 1551 2378 1587 libentius

1371 1594 1459 1637 quod
1484 1593 1539 1628 has
1563 1596 1595 1627 in
1619 1594 1758 1637 quodam
1782 1593 1933 1626 cadavere
1967 1593 2167 1638 aliquantum
2200 1594 2380 1638 monstrosas

1370 1637 1536 1672 invenisset
1551 1664 1559 1671 .
1585 1637 1722 1671 Nosti-as
1746 1646 1853 1671 autern
1875 1637 2019 1671 diximus
2043 1648 2113 1672 tum
2137 1638 2214 1682 quia
2252 1639 2376 1680 primus

1370 1682 1458 1724 ipse,
1481 1683 1545 1714 Vir
1568 1680 1806 1715 Eruditiffimus
1821 1706 1829 1719 ‚
1854 1681 1950 1715 nobis
1973 1681 2091 1715 tribuit
2113 1685 2128 1721 (
2152 1693 2168 1714 o
2192 1685 2226 1722 J,
2250 1692 2319 1715 tum
2333 1692 2380 1716 et-

1371 1727 1437 1759 iam
1460 1727 1534 1768 quia
1559 1736 1623 1757 non
1647 1724 1732 1757 idem
1755 1724 1873 1763 nobis,
1898 1735 1931 1756 ac
1956 1736 2054 1767 nuper
2077 1727 2163 1759 Viro
2175 1726 2265 1758 alteri
2284 1749 2295 1766 ,
2317 1737 2381 1759 cae-

1370 1779 1439 1803 tero
1467 1769 1522 1802 uin
1547 1768 1764 1809 Dofflffimo,
1788 1779 1928 1809 unquam
1951 1769 2054 1802 visum
2079 1768 2142 1809 est,
2166 1769 2288 1802 scilicet
2323 1770 2379 1805 has

1370 1814 1444 1857 glan
1470 1813 1537 1846 ulas
1560 1824 1575 1846 a
1599 1814 1729 1855 Carpo,
1754 1814 1785 1845 &
1810 1810 2073 1846 Schelhammero
2095 1811 2186 1846 fuisse
2219 1824 2379 1855 praemon-

1369 1859 1499 1891 stratas.
1525 1857 1579 1889 Ne
1602 1867 1695 1898 grave
1714 1879 1726 1896 ‚
1752 1854 1907 1896 obsecro,
1932 1854 1970 1889 fit
1993 1856 2078 1895 tibi,
2102 1854 2123 1889 si
2149 1856 2246 1898 paulo
2279 1856 2380 1898 proli-

1369 1902 1443 1935 xius
1468 1911 1533 1933 rem
1556 1900 1802 1937 examinaverm
1826 1908 1920 1940 tanto
1943 1900 2029 1933 enim
2050 1898 2239 1942 diligentius
2260 1898 2381 1933 facien-

1369 1944 1445 1979 dum
1469 1942 1532 1977 hoc
1557 1943 1620 1981 est,
1643 1952 1767 1986 quanto
1791 1943 1862 1986 plus
1887 1943 2077 1977 auctoritati
2103 1953 2235 1987 uterque
2258 1943 2380 1978 tribui-

1369 2000 1439 2022 mus
1464 1986 1600 2021 Illustris
1625 1988 1720 2021 Viri·
1854 1989 1971 2028 Carpm
1996 1987 2143 2028 dixerat,
2175 1988 2285 2030 inquit
2319 1989 2346 2021 is
2368 2013 2379 2029 ‚

1354 2033 1450 2074 super
1470 2031 1637 2073 glottiaem
1660 2039 1782 2063 carnem
1801 2029 2016 2072 glandulosam
2033 2030 2376 2074 sederep.CCCXCIII.

1362 2074 1547 2110 Addiderat
1591 2073 1863 2107 schelhammerus
1885 2096 1897 2113 ‚
1922 2073 2133 2118 substantiam
2164 2073 2380 2119 glandulosam

1361 2116 1544 2160 arytaenoidi
1566 2115 1695 2158 insidere
1719 2115 1741 2149 l.
1768 2128 1794 2149 c.
1816 2126 1850 2158 p.
1878 2126 1927 2149 11.
1953 2118 2009 2151 Tu
2032 2128 2109 2151 vero
2132 2126 2304 2161 utrumque
2328 2119 2378 2150 in-

1360 2162 1471 2205 spice:
1495 2160 1587 2193 locos
1612 2158 1678 2202 ipse
1714 2158 1803 2192 ultro
1835 2158 1987 2193 indicabo
2007 2183 2020 2200 ,
2051 2172 2089 2193 116
2123 2160 2296 2194 retrorsum
2330 2161 2378 2195 ibi

1360 2202 1535 2248 quaerendo
1559 2214 1615 2246 per
1638 2202 1756 2236 multas
1782 2203 1912 2245 paginas
1928 2227 1941 2244 ,
1963 2203 2089 2238 labores
2112 2228 2125 2245 ,
2158 2216 2233 2237 neve
2265 2203 2306 2236 sic
2343 2207 2380 2238 in

1363 2247 1451 2281 aliud
1475 2245 1562 2279 forte
1583 2245 1709 2279 incidas
1731 2244 1796 2279 huc
1820 2247 1925 2280 minus
1950 2249 2089 2281 attinens
2124 2246 2379 2283 Schelhammeri

1362 2289 1570 2334 opusculum.
1598 2287 1780 2332 Dissertatio
1802 2289 1901 2331 hujus
1925 2289 1967 2324 est
1989 2291 2200 2334 intelligenda
2223 2292 2257 2325 de
2280 2293 2379 2333 Voce,

1361 2336 1397 2367 in
1421 2332 1513 2375 cujus
1537 2334 1564 2366 I.
1590 2334 1706 2371 Parte,
1729 2343 1799 2375 cap.
1836 2343 1867 2375 3.
1904 2333 1942 2366 de
1978 2334 2255 2377 Arytaenoidibus
2286 2335 2379 2369 verba

1363 2378 1504 2414 faciens,
1524 2373 1748 2420 fulcimentum
1771 2375 1815 2408 hae
1831 2375 1931 2417 sunt,
1956 2378 2063 2420 inquit
2080 2399 2090 2416 ‚
2107 2377 2285 2420 substantiae
2318 2379 2380 2412 ali-

1361 2422 1452 2463 cujus
1473 2418 1667 2461 peculiaris,
1693 2430 1756 2461 quae
1779 2419 1893 2453 nullibi
1919 2419 2001 2453 alias
2036 2431 2068 2453 in
2101 2429 2228 2463 corpore
2263 2423 2379 2461 reperi·-

1360 2472 1438 2503 tur,
1460 2473 1553 2505 quam
1576 2462 1730 2496 commode
1754 2461 1894 2505 expressit
1917 2464 2075 2501 Galenus,
2100 2463 2173 2496 dum
2196 2463 2378 2505 adiposam,

1362 2504 1643 2548 cartilaginofiam,
1666 2509 1708 2542 &⁶
1731 2504 1974 2549 membranosam
1997 2507 2082 2540 dixit
2105 2519 2113 2538 :
2147 2506 2378 2549 nonnullisque

1363 2549 1403 2584 de
1426 2548 1484 2583 hac
1509 2548 1681 2582 substantia
1704 2547 1903 2591 interjecftis,
1929 2559 1965 2583 ut
1990 2547 2251 2585 fimilaremesse‚
2276 2550 2379 2584 osten-

1365 2593 1420 2627 dat
1436 2617 1448 2633 ,
1472 2590 1644 2634 medioque
1670 2590 1697 2624 se
1721 2590 1836 2625 habere
1861 2592 1960 2626 modo
1995 2594 2080 2626 inter
2116 2593 2175 2626 illa
2211 2595 2277 2626 tria
2308 2605 2379 2637 quoe

1366 2636 1557 2671 memoravit
1580 2635 1744 2674 Galenus,
1766 2634 1808 2668 fic
1832 2637 1982 2677 protinus
2007 2636 2148 2669 indicata
2174 2637 2292 2678 pagina
2328 2648 2381 2673 11.

1365 2679 1533 2715 concludit
1558 2692 1568 2711 .·
1602 2683 1676 2712 Haec
1709 2679 1813 2722 itaque
1839 2677 2012 2721 substantia
2045 2679 2163 2723 duplici
2198 2682 2380 2722 arytaenoidi

1366 2722 1572 2766 cartilagini,
1596 2733 1650 2755 ceu
1673 2722 1786 2765 duplex
1808 2721 1898 2761 crista
1921 2722 2047 2756 inhaeret
2073 2746 2085 2763 ,
2116 2722 2245 2763 mollis,
2269 2723 2343 2758 laxa
2366 2748 2380 2764 ,

1367 2768 1472 2804 levis,
1498 2767 1598 2808 magis
1622 2778 1639 2798 a
1656 2765 1691 2808 se
1714 2765 1827 2806 distans
1850 2766 1921 2799 dum
1939 2765 2123 2808 spiramus,
2159 2767 2198 2799 ad
2231 2765 2266 2809 sc
2297 2769 2381 2802 invi-

1369 2822 1434 2845 cem
1458 2810 1602 2843 accedens
1615 2831 1626 2848 ,
1651 2808 1705 2842 ubi
1726 2819 1834 2842 vocem
1858 2809 1999 2846 edimus,
2022 2809 2115 2852 plane
2139 2809 2285 2852 occlusa,
2308 2812 2382 2845 dum

1364 2854 1517 2898 spiritum
1535 2853 1730 2894 premimus.
1756 2856 1847 2885 Hanc
1868 2859 1993 2894 partem
2017 2853 2117 2886 medio
2143 2850 2178 2894 se
2215 2853 2381 2889 habentem

1371 2898 1460 2932 modo
1484 2894 1633 2930 rimulam
1657 2895 1798 2929 vocalem
1822 2895 2004 2938 appellant,
2029 2896 2069 2929 ὠ
2090 2895 2279 2939 glottidem.
2304 2898 2380 2931 Lin-

1394 2940 1479 2974 ulam
1503 2938 1614 2972 Caleni
1635 2939 1821 2981 interpretes
1841 2945 2028 2972 verterunt.
2054 2940 2149 2972 Num
2177 2951 2252 2983 ergo
2275 2940 2379 2978 dicit,

1368 2983 1576 3028 substantiam
1596 2981 1811 3024 glandulosam
1835 2983 2018 3028 arytoenpidi
2040 2981 2193 3025 insidere?
2217 2995 2255 3016 ne
2278 2985 2380 3027 potest

1374 3026 1534 3070 quidem,
1557 3036 1630 3058 cum
1656 3025 1745 3058 illam
1768 3024 1888 3057 dixerit
1912 3025 1969 3057 6116
1990 3025 2147 3067 ejusmodi
2171 3051 2181 3067 ,
2214 3037 2250 3060 ut
2283 3027 2381 3061 nulli-

1374 3071 1408 3104 ln·
1432 3070 1513 3104 alias
1537 3070 1569 3103 in
1592 3079 1717 3110 corpore
1742 3068 1917 3110 reperiatur
1940 3093 1948 3107 ‚
1980 3069 2075 3112 idque
2110 3070 2208 3103 etiam
2243 3071 2380 3111 61111ηὲὶο

1373 3115 1481 3157 capite
1514 3122 1658 3146 extremo
1692 3115 1784 3154 (p)
1823 3111 1993 3145 confirmet
2023 3139 2030 3146 .
2062 3111 2141 3147 Istas
2175 3115 2277 3155 igitur
2321 3115 2382 3148 cri-

1367 3158 1433 3198 stas
1461 3180 1470 3195 ‚
1510 3156 1559 3190 vel
1602 3155 1784 3189 eminentias
1815 3156 2069 3197 arirtaenoidum;
2100 3154 2142 3189 sic
2174 3160 2262 3190 enim
2297 3157 2378 3191 alibi

1375 3205 1466 3244 (q)
1501 3208 1594 3233 vocat
1620 3211 1630 3237 3
1661 3209 1717 3231 nec
1749 3197 1879 3241 usquam
1914 3199 1986 3233 satis
2019 3199 2212 3242 explicatam
2256 3200 2382 3242 glotti-

1372 3245 1445 3279 dem
1477 3242 1737 3278 Schelhammero
1771 3243 1987 3285 relinquamus
2012 3267 2024 3284 ,
2055 3243 2265 3287 undecunque
2302 3245 2382 3278 illas

1374 3288 1550 3322 confecerit
1573 3310 1599 3331 ,Β
1618 3288 1647 3318 δέ
1681 3296 1871 3329 quocunque
1905 3285 1985 3319 hanc
2021 3287 2120 3319 modo
2152 3289 2382 3328 intellexerit3

1370 3344 1445 3365 nam
1471 3334 1503 3364 &
1528 3328 1706 3364 musculum
1729 3339 1818 3371 quem
1852 3331 2096 3371 aiytlenoidaeum
2130 3333 2295 3373 proprium
2328 3343 2383 3365 no-

1372 3377 1495 3410 minant
1517 3397 1527 3412 ,
1561 3373 1616 3407 ille
1641 3376 1651 3411 (
1677 3383 1692 3405 r
1716 3374 1726 3411 >
1752 3372 1845 3415 ipsius
1866 3373 2029 3415 gutturnii
2047 3371 2256 3413 substantiam
2287 3384 2384 3417 puta-

1372 3419 1447 3453 bat.
1471 3418 1556 3451 Satis
1577 3417 1663 3450 6111111
1685 3415 1751 3456 eiii,
1773 3426 1907 3458 aperte,
1940 3425 1978 3450 ut
2013 3415 2096 3448 mihi
2131 3419 2263 3459 quidem
2296 3418 2384 3451 vide-

2267 3470 2340 3499 tur,

313 3553 2370 3590 *ms—m

431 3660 443 3688 )
461 3657 533 3685 Epist.
553 3659 624 3682 Anat.
643 3663 665 3684 9.
684 3661 707 3677 n.
729 3660 751 3682 9.
770 3653 792 3675 a
809 3658 847 3676 xo.

435 3694 440 3718 )
458 3687 530 3715 Epist.
552 3696 586 3717 ις.
605 3693 629 3710 11.
646 3692 680 3713 13.
700 3686 721 3707 8:
738 3682 802 3711 seqq.

439 3720 454 3748 )
492 3718 541 3746 pist.
562 3721 589 3741 16
660 3714 768 3743 (1)1.
787 3711 848 3735 See’t.
869 3713 905 3733 16.
922 3706 981 3731 Obs.
997 3710 1019 3729 6.

436 3751 449 3780 )

373 3660 383 3689 (
399 3659 414 3673 *k

375 3690 424 3750 {³2
468 3720 488 3742 a

379 3757 385 3782 ι
406 3760 419 3776 ο
466 3751 502 3774 De
520 3748 599 3774 Subit.
614 3747 694 3771 Moit.
711 3743 769 3768 edii.
786 3744 872 3768 Venet.
889 3739 906 3763 1.
925 3745 945 3763 ,1.
962 3744 984 3762 t.
1004 3738 1039 3762 18.
1057 3736 1086 3760 ad
1103 3742 1128 3758 n.
1146 3740 1168 3762 3.

909 3645 918 3675 (
935 3653 946 3670 t
961 3644 975 3674 >
992 3644 1052 3669 Sea,
1069 3643 1114 3667 hae
1131 3648 1152 3664 2.
1168 3637 1293 3668 ,sepulcrm
1313 3634 1373 3663 obs.
1390 3641 1414 3663 4.

869 3678 914 3708 (g
931 3676 945 3704 )
962 3677 1043 3699 Mem.
1060 3675 1089 3698 de
1106 3669 1203 3696 l'Acad.
1215 3672 1250 3703 .R·
1266 3670 1308 3702 des
1325 3671 1368 3700 Sc..
1381 3668 1409 3689 A.
1429 3672 1498 3695 ¹71²·

1082 3707 1097 3733 ς
1112 3711 1135 3726 m
1151 3702 1164 3730 2
1182 3700 1247 3725 ibid.
1263 3708 1289 3723 in
1307 3700 1435 3723 Additam.
1452 3693 1509 3719 Obs-
1527 3702 1550 3722 4.

1232 3731 1276 3761 (p
1294 3730 1302 3761 )
1319 3732 1387 3755 Part.
1406 3727 1428 3751 l.

1476 3634 1491 3663 (
1507 3632 1523 3657 d
1540 3630 1549 3664 )
1568 3631 1631 3656 Ibid.
1648 3631 1708 3655 obs.
1728 3640 1750 3656 ο.
1814 3632 1823 3660 (
1841 3640 1852 3656 e
1869 3631 1882 3660 )
1899 3631 1972 3661 Epist.
1988 3635 2025 3658 28.
2043 3641 2067 3657 n.
2086 3641 2108 3660 9-
2126 3633 2149 3656 81
2165 3640 2202 3656 lo.

1561 3664 1575 3692 (
1592 3664 1606 3686 h
1624 3664 1631 3692 J
1649 3663 1703 3686 Vid.
1723 3663 1793 3692 Epist.
1812 3670 1848 3691 15.
1866 3671 1880 3686 n
1909 3670 1932 3691 3.
1994 3665 2009 3694 (
2027 3664 2035 3687 ι’
2051 3664 2065 3692 )
2080 3663 2153 3692 Epist.
2175 3672 2209 3693 ις,
2228 3673 2250 3689 n.
2267 3672 2306 3689 ιι.

1613 3694 1627 3722 ς
1642 3702 1657 3716 n
1675 3694 1688 3721 )
1707 3695 1742 3718 De
1760 3693 1884 3718 Observat.
1903 3693 1971 3719 Med.
1986 3697 2009 3719 86
2024 3696 2098 3719 Anat.
2116 3695 2189 3723 Epist.
2207 3697 2228 3720 8.
2247 3704 2273 3720 n.
2289 3698 2312 3720 8.

1489 3727 1496 3755 (
1517 3733 1532 3755 q
1547 3724 1561 3754 >
1579 3723 1641 3748 lbid.
1656 3731 1677 3747 c.
1693 3733 1716 3753 4.
1778 3725 1794 3754 (
1809 3731 1821 3748 r
1839 3723 1926 3754 )1bi=i.
1944 3731 1968 3748 c.
1985 3733 2010 3755 3.
