2498 4075
439 74 530 142 138

382 156 472 197 haud
492 155 571 190 -satis
599 151 774 194 ,convenire
799 163 877 193 ‘curn
902 152 1040 186 aliorum
1074 157 1171 187 ,antea
1198 152 1295 186 editis
1326 148 1382 183 de-

381 196 621 242 scriptionibus
652 197 755 239 prima
796 197 854 230 illa
888 193 1052 238 Ruyschii
1080 194 1285 228 -Observatio
1317 193 1383 226 visa

376 242 458 282 ,est3
482 253 545 276 non
571 250 713 284 repugno
738 264 748 280 ,
769 241 849 281 quin
872 239 1043 276 secundam
1066 247 1126 279 pro
1147 237 1208 271 alia
1231 237 1349 272 habeas
1373 261 1383 276 ,

374 290 412 325 7&
439 286 569 327 ‚caeteris
600 294 790 326 *annumeres
819 294 891 327 quae
925 280 1020 326 supra
1052 281 1071 327 (
1088 277 1107 312 b
1121 279 1141 323 )
1173 280 1246 316 sunt
1278 290 1386 314 recen-

382 330 453 365 fitae
472 352 483 368 ,-

407 368 488 414 Η46.
522 372 573 405 De
603 370 776 411 [curatione
807 368 940 406 tandem
970 366 1054 409 ,quid
1099 368 1206 409 primo
1239 377 1384 410 tempore

375 415 536 457 ,censuerit
559 435 571 451 2
606 416 638 446 &
661 413 741 456 quid
765 412 948 455 praestiterit
984 411 1139 450 Riolantts
1162 412 1247 453 (c)
1269 434 1281 451 ‚
1313 423 1385 453 quae

378 462 457 494 item
481 482 490 498 ‚
525 456 607 498 liene
638 456 839 499 hypogastrii
871 453 1018 501 partibus
1051 453 1117 502 jam
1149 453 1244 488 affixo
1267 477 1278 492 ‚
1310 465 1386 495 pro-

382 501 530 550 posuerit
555 524 566 541 ,
593 512 667 543 ‚quae
700 499 874 539 vetuerit,
908 509 949 532 ex
971 498 1043 541 ipso
1072 496 1248 540 cognosces
1270 522 1279 532 .
1309 498 1384 535 No-

1014 70 1174 130 Liber
1206 70 1299 127 ΙΙΙ.
1336 71 1418 125 De
1451 70 1661 128 Morbis
1686 71 1904 125 Ventris

1432 151 1584 198 filo-enim
1602 148 1671 195 jam
1702 150 1835 193 longam
1868 148 2059 198 Epistolamj
2088 151 2269 194 longiorem
2302 154 2434 201 facere,

1432 205 1526 237 cujus
1556 203 1591 227 tu
1623 194 1895 235 prolixitudinem
1920 216 1930 231 ‚
1964 204 2028 226 non
2053 202 2157 228 tamen
2180 207 2256 232 cum
2289 198 2440 244 superio-

1434 240 1479 275 ris
1513 236 1667 280 Epistolae
1701 237 1939 280 prolixitudine
1971 238 2224 278 comparandam
2249 265 2259 280 ,
2291 243 2374 280 feres
2396 258 2439 281 ae-

1431 282 1549 325 quiore
1573 281 1707 320 animo,
1731 292 1804 314 cum
1825 279 2092 317 animadverteris
2106 305 2115 319 ,
2133 281 2193 318 hac
2215 294 2297 323 flos,
2320 292 2442 331 repeti-

1435 327 1563 358 tionum
1583 322 1711 363 osores,
1731 335 1798 357 non
1821 324 1922 358 modo
1942 335 2016 367 quae
2041 323 2078 356 ad
2091 324 2274 361 Sefflionem
2295 328 2439 372 spectant

1434 370 1472 402 de
1489 368 1617 407 Ventris
1638 369 1770 406 Tumore
1791 390 1801 404 ,
1828 367 1880 402 sed
1902 370 1934 402 ,δε
1954 377 2029 409 qnae
2050 365 2090 400 ad
2113 367 2246 403 alteram
2277 372 2313 406 de
2334 377 2441 416 Hypo.

1428 411 1542 488 {ssftlrii
1578 408 1696 457 *Dolore
1736 412 1879 450 attinent
1906 432 1926 454 ὦ
1968 410 2209 457 propemodum
2239 413 2408 454 absolvisse
2427 442 2440 453 .
2495 446 2496 449 ,

1446 487 1449 488 ⁷
1474 467 1489 489 a
1505 467 1520 489 e
1542 479 1550 487 .

396 690 946 791 EPJSToLn
1016 639 2419 785 ΑΝΑΤΟΜΙὸΟ-ΜΕΒΙΟΑΧΒ,

420 881 474 889 x

378 979 382 984 ·
454 982 461 986 ’
485 985 490 988 -
510 971 632 1011 Entum
654 969 699 1008 est
722 969 760 1004 ad
783 971 951 1009 morbos—2
985 982 1125 1014 quorum
1149 975 1321 1018 peculiaris
1343 974 1388 1011 se-

519 1014 576 1050 des
599 1038 608 1054 ,
643 1017 674 1053 &
697 1012 790 1048 causa
814 1014 895 1057 [φρει
919 1015 1092 1051 admodum
1117 1016 1188 1051 sunt
1211 1019 1353 1053 obscurae
1378 1041 1388 1056 ‚

519 1058 558 1099 ad
580 1069 633 1092 eos
654 1058 804 1093 videlicet
827 1059 885 1100 qui
908 1059 946 1095 ad
969 1060 1075 1093 urinas
1086 1058 1250 1100 spectant,
1274 1062 1388 1097 Osten-

376 1102 430 1137 det
462 1103 526 1145 hoc
550 1102 598 1136 vel
623 1101 688 1145 ipse
714 1127 723 1142 ‚
754 1114 770 1136 a
793 1112 860 1144 quo
881 1103 1055 1149 incipimus
1078 1125 1089 1141 ‚
1112 1105 1301 1143 Lumborum
1323 1110 1386 1138 Do-

373 1146 420 1180 lor
445 1172 453 1186 ,
488 1147 556 1180 Hic
579 1146 665 1180 enim
688 1144 773 1183 haud
798 1156 872 1179 raro
895 1146 931 1180 ad
956 1157 1044 1181 renes
1067 1148 1185 1182 attinet
1207 1161 1290 1192 quos
1316 1159 1383 1184 are·

376 1200 426 1227 nae
450 1200 505 1225 aut
530 1190 644 1226 calculi
670 1191 751 1225 male
775 1188 894 1227 habent
918 1202 926 1224 :
961 1200 1146 1232 quanquam
1180 1202 1245 1225 non
1281 1194 1386 1226 minus

375 1234 456 1275 saepe
480 1245 536 1268 aut
560 1235 625 1270 alio
649 1235 784 1271 attinere
805 1255 820 1272 2
843 1241 896 1269 aut
920 1232 958 1269 ,ad
983 1243 1070 1265 renes
1092 1232 1247 1276 quidem,
1271 1235 1321 1270 sed
1346 1236 1386 1271 ab

373 1278 443 1310 aliis
476 1276 576 1312 causis
611 1275 739 1313 affectos
762 1300 771 1314 ,
806 1277 838 1308 &
869 1275 938 1319 ipse
971 1275 1054 1312 nosti
1078 1299 1088 1314 ,
1120 1279 1151 1312 δι
1185 1280 1311 1320 planius
1334 1281 1385 1313 in.

378 1321 505 1363 telliges
528 1330 566 1354 ex
589 1320 628 1352 iis
651 1330 729 1360 quas
754 1318 853 1355 modo
878 1319 940 1357 tibi
975 1318 1154 1357 describam
1176 1344 1189 1361 ,
1222 1315 1384 1359 Oblerxia-

375 1366 523 1409 ,tionibus
549 1372 620 1399 tum
644 1362 805 1399 Valsalrae
830 1384 843 1401 ,
877 1370 949 1397 turn
973 1364 1052 1401 meis
1076 1387 1083 1394 .
1109 1364 1198 1399 Nam
1223 1378 1261 1399 ex
1285 1367 1383 1402 utris.

374 1420 437 1452 que
462 1410 574 1451 primae
599 1406 637 1440 ad
660 1417 770 1445 renes,
793 1405 1021 1449 calculosque,
1046 1405 1231 1448 posteriores
1258 1411 1297 1443 ad
1322 1411 1382 1447 alia

376 1462 430 1486 aut
455 1463 567 1491 renum
592 1475 602 1494 ‚
628 1459 684 1484 aut
708 1451 843 1484 aliarum
868 1453 1011 1491 partium
1036 1450 1118 1482 vitia
1140 1454 1348 1493 pertinebunt
1372 1480 1380 1488 .

373 1497 546 1547 Initium·³
572 1506 606 1533 ut
632 1506 687 1542 par
710 1492 752 1533 est
775 1515 785 1532 ‚
807 1494 838 1526 &
862 1493 952 1532 ‚soliti
975 1493 1081 1533 sumus
1106 1515 1116 1532 ,
1141 1496 1182 1533 ab
1204 1496 1292 1531 illius
1316 1499 1381 1543 pri,

374 1550 436 1577 mis
458 1550 643 1581 capiemus,
1287 1572 1290 1574 ,

429 1595 459 1620 2.
495 1584 600 1618 SAC
619 1582 687 1616 ER
704 1582 811 1615 DOS
848 1593 1008 1618 annorum
1040 1582 1276 1627 quinquaginta
1298 1605 1308 1623 ‚
1342 1583 1382 1621 ab

372 1629 461 1665 annis
485 1626 553 1669 jam
578 1629 657 1665 bene
683 1625 794 1657 multis
817 1647 826 1662 ,
853 1625 1031 1660 arthriticis
1053 1648 1063 1663 ‚
1087 1626 1271 1669 digitorum
1302 1638 1382 1669 prae,

372 1672 482 1709 iertim
506 1693 516 1710 ,
551 1670 713 1709 obnoxius
740 1669 910 1705 doloribus
935 1694 944 1711 ,
977 1670 1108 1704 tandem
1143 1674 1174 1704 δε
1198 1671 1382 1715 nephritico

373 1715 416 1753 ‚est
438 1722 605 1756 correptus
633 1737 640 1745 .
673 1712 832 1757 Vomitus
863 1723 927 1749 non
965 1712 1068 1749 solum
1092 1713 1214 1749 biliosae
1239 1717 1382 1751 materiae

372 1758 487 1795 crebro
509 1780 519 1801 ‚
556 1756 606 1795 sed
629 1758 661 1802 5&
686 1754 781 1793 {esriel
805 1755 968 1798 tanguinis
991 1755 1055 1789 fuit
1077 1778 1090 1795 ,
1122 1758 1179 1802 qui
1214 1769 1272 1800 per
1295 1769 1382 1792 nares

372 1813 505 1850 quoque
527 1800 596 1843 jam
624 1802 705 1841 laepe
729 1797 931 1845 profluxerat
955 1823 964 1835 .
997 1800 1203 1842 Posteaquam
1228 1802 1319 1836 urina
1343 1813 1382 1839 ex

381 1856 480 1888 pauca
505 1847 581 1884 ‚‘&
615 1841 764 1885 aquosa,
803 1844 923 1887 majori
954 1845 1050 1884 copia
1082 1844 1275 1880 reddebatur
1306 1857 1381 1879 cum

375 1887 636 1933 mucilaginosa,
658 1895 754 1928 atque
776 1897 876 1929 opaca
901 1888 1053 1926 materia,
1078 1896 1209 1929 repente
1246 1889 1382 1923 convul-

373 1933 433 1967 sivi
458 1933 562 1970 totius
596 1931 740 1973 corporis
775 1939 884 1967 motus
917 1928 1100 1967 acceslere;
1134 1931 1191 1977 qui
1223 1931 1343 1967 iterum
1369 1957 1380 1973 ‚

373 1976 427 2016 sed
449 1976 691 2018 vehementius,
717 1971 910 2013 redeuntes,
934 1983 1108 2009 necarunt.
1242 1975 1275 2010 V
1289 1975 1382 2008 EN„

371 2021 496 2060 ’.ΓΒΕ
528 2029 640 2062 ,aperto
666 2043 676 2059 ‚
709 2020 818 2054 omnia
841 2015 991 2054 intestina
1013 2026 1139 2059 reperta
1164 2016 1239 2054 sunt
1270 2019 1380 2053 colore

372 2064 412 2099 ad
450 2065 588 2102 lividum
623 2061 803 2099 inclinante
827 2084 834 2095 .
869 2060 1081 2097 Ventriculus
1114 2071 1221 2097 autem
1255 2061 1345 2097 ianus
1368 2084 1377 2101 ‚

373 2107 464 2142 nullo
497 2115 669 2150 apparente
704 2105 767 2142 loci
802 2103 937 2145 vestigio
971 2103 1054 2141 unde
1088 2103 1215 2147 ,sanguis
1238 2105 1379 2147 procliis.

371 2152 420 2191 ,set
444 2176 452 2187 ,
487 2152 525 2188 in
550 2151 683 2189 renibus
707 2148 857 2194 minimi-
873 2146 1016 2182 latebant
1042 2147 1156 2184 calculi
1181 2171 1194 2190 ‚
1227 2150 1381 2184 nonnulli

373 2196 463 2238 nigri
487 2216 497 2233 ‚
522 2193 577 2228 alii
602 2194 775 2230 albicantes
801 2215 809 2231 ‚
835 2189 969 2227 imuosae
993 2200 1145 2233 praeterea
1176 2203 1280 2228 caveae
1303 2217 1313 2232 ,
1347 2193 1382 2228 in

371 2238 501 2277 sinistro
523 2236 701 2280 praesertim
726 2257 735 2273 ,
759 2235 853 2271 urina
876 2234 999 2280 plenae:
1022 2245 1096 2276 quae
1118 2235 1171 2271 sua
1195 2237 1289 2278 copia
1313 2236 1383 2279 pel-

375 2285 442 2317 vim
468 2307 477 2326 ,
500 2284 531 2319 &
554 2282 631 2320 huic
658 2280 886 2314 continuatum
911 2287 1069 2314 ,ureterem
1092 2280 1234 2316 multum
1268 2279 1386 2315 dilata-

373 2335 464 2361 verat
482 2350 489 2362 ,.
625 2326 663 2362 ln
686 2323 807 2367 Capite
829 2322 955 2370 interna
976 2321 1098 2359 cerebri
1113 2322 1288 2358 substantia
1302 2334 1383 2365 qua-

373 2369 532 2409 dantenus
556 2392 566 2408 ‚
592 2367 688 2409 hujus
713 2374 819 2403 autem
842 2375 1002 2407 praecipue
1025 2367 1200 2402 ventriculi
1222 2366 1292 2403 sero
1317 2367 1383 2400 sca-

373 2415 486 2453 tebant
510 2439 518 2450 ‚
654 2412 804 2451 Denique
828 2406 865 2440 ad
889 2407 1074 2448 digitorum
1100 2409 1255 2445 articulos
1278 2432 1287 2446 ‚
1325 2421 1383 2445 cu-

376 2468 409 2492 te
435 2457 557 2491 sublata
573 2481 582 2496 ‚
604 2454 694 2491 illico
715 2454 749 2489 in
774 2452 977 2488 membrana,
1002 2450 1148 2486 tendines
1170 2452 1380 2492 obvolvente,

379 2512 518 2537 tartarea
542 2499 677 2533 materia
700 2493 893 2538 deprehensa
915 2493 978 2539 est,
1002 2505 1074 2541 quae
1097 2505 1135 2530 ex
1158 2497 1234 2533 albo
1265 2497 1300 2531 in
1325 2496 1382 2530 fla-

381 2557 458 2584 vum
483 2544 627 2580 colorem
651 2540 803 2582 vergebat
828 2560 835 2570 .

422 2600 454 2633 3.
480 2589 568 2624 Cum
593 2587 684 2629 plura
709 2581 824 2625 poffint
847 2593 857 2621 3
889 2578 978 2622 quod
1001 2579 1035 2615 in
1059 2579 1118 2615 hac
1142 2604 1153 2620 ‚
1178 2583 1313 2626 aliisque
1335 2581 1389 2616 ἷκ-

383 2642 561 2676 penumero
598 2628 654 2667 fiet
689 2624 842 2669 Epistolis
867 2635 877 2661 3
910 2624 1147 2672 exnproposita
1172 2627 1389 2663 Observatioa

384 2688 423 2710 ne
457 2673 609 2714 deduci5
655 2681 725 2708 turn
757 2668 841 2704 illud
874 2677 1037 2709 praecipue
1087 2668 1279 2706 confirmare
1313 2671 1389 2703 licet

381 2718 470 2763 quod
494 2719 527 2754 jn
550 2716 710 2754 medicina
733 2710 904 2747 exercenda
929 2709 1044 2752 saepius
1067 2714 1209 2748 occurrit
1234 2738 1243 2756 ,
1278 2713 1316 2747 ad
1342 2724 1392 2747 ar-

381 2763 562 2799 ticulorum
586 2760 713 2796 dolores
746 2755 894 2793 accedere
919 2765 1032 2789 renum
1066 2754 1193 2790 dolores
1215 2780 1225 2798 ‚
1263 2757 1301 2791 ad
1333 2755 1391 2791 hos

383 2806 523 2847 denique
547 2801 746 2847 gravissimos
768 2797 892 2836 cerebri
918 2797 1049 2832 morbos
1075 2822 1082 2833 ,
1106 2799 1237 2843 Nempe
1260 2801 1316 2843 qui
1343 2811 1394 2833 ar-

380 2849 514 2885 thritidi
535 2847 674 2885 obnoxii
698 2845 770 2879 sunt
794 2865 804 2882 ‚
828 2849 954 2890 quanto
977 2843 1083 2876 minus
1107 2845 1157 2879 uti
1180 2843 1306 2886 possunt
1321 2854 1393 2876 cor..

382 2895 469 2936 poris
493 2901 586 2928 motu
609 2912 620 2927 ‚
643 2898 737 2925 tanto
760 2888 866 2923 minus
892 2893 1097 2935 agitant-eos
1123 2887 1283 2924 musculos
1306 2899 1390 2929 quo-

383 2948 456 2973 rum
479 2935 624 2972 motibus
649 2942 736 2966 renes
759 2940 889 2973 quoque
922 2937 1038 2971 attigui
1073 2941 1129 2963 coa
1158 2931 1280 2966 itantur
1305 2952 1315 2968 ,
1352 2941 1392 2963 ne

386 2979 481 3016 facile
504 2980 538 3014 in
566 2978 616 3015 his
641 2977 733 3012 urina
756 2971 922 3011 subsistat,
945 2974 975 3003 &
1000 2941 1163 3013 arenuladg,
1184 2975 1306 3017 quibus
1331 2972 1394 3007 foe-

387 3031 421 3057 ta
458 3020 503 3055 est
525 3044 540 3062 ,
575 3021 716 3061 deponat
738 3041 746 3051 .
782 3014 910 3050 Videfis
945 3014 1181 3052 Boerhaavium
1205 3021 1218 3060 (
1240 3030 1257 3054 a
1280 3021 1294 3058 )
1320 3042 1328 3056 ‚
1364 3021 1394 3052 δι

388 3066 540 3109 Magistri
563 3061 648 3101 sensa
671 3061 754 3096 reRe
777 3060 1044 3101 interpretantem
1069 3083 1078 3098 ,,
1113 3063 1147 3096 &
1179 3061 1392 3098 illustrantem

388 3109 560 3147 Hallerum
582 3111 592 3146 (
615 3105 635 3143 b
656 3107 688 3145 ).
714 3101 800 3138 Vide
823 3103 918 3138 etiam
936 3102 1048 3137 Littrii
1073 3108 1083 3145 (
1106 3116 1122 3136 c
1143 3107 1156 3147 )
1179 3104 1395 3140 Observatio-

393 3164 467 3191 nem
491 3154 525 3186 in
549 3161 650 3196 puero
673 3172 682 3187 ‚
720 3147 773 3181 cui
798 3145 842 3181 ob
866 3143 1038 3195 plrimofim
1061 3158 1136 3182 curn
1160 3149 1215 3182 vix
1238 3148 1396 3192 guttatim

390 3197 568 3232 destillaret
592 3194 682 3227 urina
707 3216 717 3234 ,
749 3201 852 3232 eoque
886 3197 969 3222 inter
993 3191 1141 3233 glandem
1164 3216 1177 3233 ,
1209 3194 1240 3225 &
1275 3201 1402 3233 praepu-

397 3242 483 3276 tium
517 3238 678 3280 restitaret
701 3258 711 3275 ,
757 3231 978 3268 incredibilem
1010 3234 1057 3267 ibi
1089 3245 1249 3270 creaverat
1273 3234 1403 3275 lapillo-

398 3295 469 3322 rum
503 3290 673 3319 numerum
695 3301 707 3318 ,
741 3287 883 3321 quorum
904 3297 916 3314 ,
949 3275 1074 3311 sublata
1119 3278 1255 3321 phin-rofi
1281 3299 1290 3314 ‚
1328 3278 1401 3313 nul-

400 3328 448 3365 lus
472 3326 608 3368 amplius
631 3322 804 3366 productus
827 3319 887 3353 est.
982 3325 990 3333 ⁸
1021 3322 1186 3355 Concreto
1211 3331 1318 3355 autem
1339 3321 1402 3361 jam

401 3373 434 3408 jn
468 3369 597 3408 senibus
619 3363 743 3405 calculo
768 3390 777 3409 ,
813 3361 908 3400 sicuti
943 3359 1029 3399 haud
1063 3374 1137 3400 raro
1159 3366 1233 3402 inde
1255 3364 1402 3401 obstacu-

542 3635 623 3683 nntzue'
636 3656 668 3682 ad
686 3661 809 3687 primum,
828 3655 851 3681 δι
866 3653 882 3677 d
897 3654 927 3682 ad
944 3656 1050 3681 alterum
1067 3654 1109 3681 vit.
1124 3652 1211 3682 Boeth.
1230 3652 1329 3676 locum.

540 3684 616 3720 Epist(
631 3695 668 3718 4²·
686 3693 711 3713 n.
728 3692 767 3717 33,

687 3625 696 3655 t
715 3630 727 3649 e
742 3623 757 3653 )
772 3620 885 3651 Encheir.
903 3623 926 3649 ἃ
943 3624 1044 3652 Antrop.
1062 3622 1161 3653 capitib.
1179 3620 1207 3645 ad
1224 3627 1249 3645 n.
1266 3628 1307 3649 4⁴·
1324 3619 1394 3649 supra
1412 3621 1454 3646 cit.
1506 3650 1511 3655 .

716 3654 721 3658 ·
1393 3653 1405 3680 (
1422 3654 1452 3683 ε]
1478 3651 1538 3675 Hist,
1556 3651 1585 3677 de
1606 3650 1621 3673 l’
1637 3652 1711 3675 Acad.
1730 3654 1759 3676 R.
1777 3655 1816 3676 dns
1834 3655 1870 3677 Sc.
1888 3654 1918 3675 A.
1938 3655 2006 3679 1706·
2023 3651 2082 3676 ΟΜ.
2099 3655 2171 3677 Anat.
2189 3656 2213 3676 6.

878 822 1054 883 Verba
1088 824 1221 882 fiunt
1253 824 1687 882 de⁵Lumborum
1723 805 1952 884 Dolore.

1436 977 1508 1011 lum
1550 974 1588 1009 fit
1622 976 1706 1010 lotio
1725 998 1737 1016 ‚
1781 975 1950 1020 minusque
1982 982 2151 1018 propterea
2184 972 2290 1011 serum
2322 975 2439 1010 inutile

1438 1033 1454 1054 e
1480 1020 1629 1062 sanguine
1661 1020 1851 1060 eliminatur
1871 1043 1880 1058 ‚
1912 1021 1957 1053 ita
1990 1018 2055 1054 hoc
2086 1016 2258 1051 redundare
2288 1018 2324 1050 in
2352 1031 2440 1053 cere-

1440 1065 1537 1098 brum
1569 1063 1708 1106 potest;
1743 1074 1796 1097 aut
1830 1066 1929 1097 etiam
1961 1062 2110 1106 asperitas
2142 1059 2254 1093 calculi
2278 1072 2365 1095 renes
2388 1065 2441 1096 in-
2476 1063 2485 1071 '

1438 1107 1564 1142 terdum
1587 1106 1808 1141 vehementius
1828 1106 2008 1144 irritando,
2030 1102 2250 1140 convulfiones
2271 1112 2345 1142 toto
2367 1117 2442 1140 cor-

1437 1162 1514 1193 pore
1545 1151 1629 1184 ciere
1651 1174 1661 1189 ,
1696 1161 1791 1193 atque
1825 1151 2015 1185 ideointra
2047 1149 2192 1184 cranium
2217 1158 2364 1189 quoque.
2389 1149 2441 1181 U-

1436 1204 1487 1228 tra
1522 1194 1669 1229 malueris
1702 1197 1829 1228 ratione
1860 1185 2064 1228 coflvuffivos
2098 1201 2206 1227 motus
2238 1191 2291 1226 in.
2318 1202 2440 1233 propo.

1437 1237 1498 1271 fito
1529 1236 1698 1272 Sacerdote
1724 1260 1735 1275 ,
1774 1247 1978 1279 mortemque
2001 1237 2101 1281 ipsam
2132 1234 2292 1276 explicare
2316 1260 2326 1276 ‚
2352 1235 2438 1268 arbi-

1438 1283 1540 1315 trium
1573 1291 1667 1316 tuum·
1690 1279 1777 1315 facio
1800 1293 1808 1317 :
1840 1291 2025 1324 quanquam
2051 1277 2222 1313 secundam
2241 1278 2438 1319 comproba-

1435 1337 1468 1358 re
1501 1325 1629 1359 videtur
1665 1325 1780 1358 mierus
1804 1322 2046 1365 mucilaginosae
2079 1322 2222 1356 materiae
2245 1342 2256 1359 ,
2292 1322 2345 1354 cui
2377 1322 2441 1354 mi-

1434 1369 1579 1407 &uiilla
1603 1366 1814 1403 successerunt
1838 1388 1846 1400 -.
1883 1369 2011 1401 Scilicet
2045 1367 2073 1402 is
2098 1364 2348 1406 mucilaginosus
2380 1365 2441 1399 hu-

1433 1422 1507 1448 mor
1532 1434 1540 1449 ‚
1567 1424 1634 1455 quo
1659 1411 1818 1445 ut*vefica
1841 1434 1851 1449 ,
1875 1413 1906 1444 a&
1931 1421 2069 1446 ureteres
2090 1435 2107 1455 ‚⁴
2128 1409 2169 1443 fic
2192 1410 2291 1441 etiam
2309 1431 2323 1447 ,,
2345 1409 2439 1451 quip-v

1434 1466 1474 1497 pe
1507 1467 1545 1489 ex
1576 1455 1685 1490 eadem
1718 1457 1911 1490 continuata
1945 1455 2054 1489 tunica
2090 1453 2170 1489 iaz-Oti
2194 1451 2340 1495 ,pelvis
2363 1473 2374 1489 ‚
2406 1453 2438 1485 δε

1434 1499 1472 1533 ad
1505 1498 1590 1535 lnanc
1627 1499 1825 1542 pertinentes
1856 1499 1963 1533 tubuli
2007 1497 2068 1540 qui⁴
2110 1496 2278 1538 excipiunt
2326 1505 2439 1529 renum

1433 1543 1568 1585 papillas
1593 1568 1603 1585 ‚
1631 1544 1722 1576 intus
1754 1543 1959 1577 obliniuntur
1993 1539 2141 1576 adversus
2175 1541 2276 1574 urinae
2299 1540 2441 1573 acrimo-

1434 1588 1523 1620 niam
1546 1610 1559 1627 ,
1603 1587 1629 1622 is
1665 1587 1768 1627 igitur
1800 1585 1919 1620 humor
1964 1585 2075 1618 austus
2098 1604 2109 1621 ‚
2152 1586 2184 1616 δι
2216 1581 2346 1616 craffior
2390 1579 2440 1616 fa-

1433 1630 1503 1663 &us
1534 1642 1550 1663 a
1584 1631 1699 1666 calculi
1732 1630 1918 1663 irritatione
1941 1641 1959 1666 ‚·
1985 1626 2092 1673 hujus·
2115 1627 2183 1659 vim
2224 1627 2348 1660 minuit
2381 1625 2442 1661 do-

1434 1684 1490 1706 nec
1514 1674 1640 1708 calculo
1679 1673 1818 1708 adhaeret
1841 1696 1850 1712 ‚
1882 1675 2031 1714 interque
2064 1681 2130 1712 clus
2153 1667 2273 1711 asperas
2307 1667 2402 1704 facies
2429 1692 2440 1709 ,

1433 1718 1464 1751 ἃ
1488 1717 1576 1748 illam
1610 1717 1755 1753 tunicam
1774 1716 1807 1750 se
1828 1716 2033 1756 interponit.
2057 1716 2104 1747 At
2127 1712 2217 1757 quod
2239 1710 2302 1746 five
2326 1725 2342 1746 a
2366 1718 2441 1755 ρει-ὲ

1434 1770 1541 1799 peram
1563 1760 1645 1794 datis
1659 1759 1901 1794 medicamentis
1923 1770 1995 1800 quae
2007 1757 2134 1790 urinam
2158 1757 2344 1798 importune
2367 1768 2441 1790 mo-

1433 1812 1530 1836 veant
1553 1825 1563 1841 ,
1595 1802 1658 1837 five
1681 1815 1696 1836 a
1720 1804 1811 1838 causa
1835 1804 1896 1836 alia
1920 1803 2028 1841 aliqua
2053 1800 2146 1832 illinc
2167 1798 2317 1836 detrusus
2344 1821 2353 1836 ,
2387 1809 2441 1833 tu-

1432 1847 1539 1879 nicam
1563 1848 1718 1880 inermem
1743 1847 1922 1891 relinquit5
1946 1855 2025 1878 tunc
2049 1854 2126 1877 vero
2151 1843 2274 1876 acriora
2300 1842 2439 1877 fiantir-

1431 1890 1602 1924 ritamenta
1617 1912 1628 1928 ‚
1651 1888 1768 1924 necess'e
1791 1889 1835 1923 est
1852 1914 1859 1924 .
1885 1889 1994 1925 Prima
2019 1899 2095 1921 vero
2124 1885 2162 1919 de
2185 1886 2310 1920 duabus
2336 1885 2441 1928 expli-

1431 1934 1613 1966 cationibus
1636 1934 1695 1967 uti,
1710 1934 1878 1973 malueris,
1903 1940 1939 1967 ut
1962 1932 2102 1976 opinor,
2127 1931 2161 1964 in
2184 1941 2219 1966 ea
2241 1941 2341 1975 quam
2366 1940 2441 1974 pro·

1433 1977 1522 2009 tinus
1546 1987 1685 2009 attexam
1698 1997 1708 2013 ‚
1733 1975 1863 2010 historia
1879 2000 1887 2010 .
2228 2005 2231 2006 γ
2374 1986 2376 1989 ’

1473 2030 1507 2062 4.
1534 2020 1685 2055 ViRO
1709 2018 1872 2062 sexaginta
1888 2025 1995 2052 ‘anuos
2017 2026 2116 2056 nato,
2140 2015 2280 2050 obefiori
2302 2039 2315 2059 ,
2347 2016 2406 2056 qui
2428 2038 2442 2057 ‚

1432 2061 1511 2096 dum
1536 2061 1658 2106 juvenis
1682 2073 1746 2096 erat
1770 2086 1780 2103 ‚
1814 2062 1984 2097 difficulter
2031 2061 2200 2101 mingebat
2222 2082 2235 2101 ‚
2266 2069 2303 2095 ut
2342 2060 2443 2095 eleva·-

1433 2107 1476 2139 tis
1501 2107 1633 2148 pedibus
1666 2106 1840 2148 aliquando
1875 2108 2018 2146 mingere
2057 2112 2226 2148 cogeretur
2249 2128 2258 2143 ‚
2296 2114 2335 2137 ex
2366 2112 2442 2138 toto

1434 2150 1527 2182 urina
1571 2150 1783 2192 supprimitur
1825 2160 1914 2184 cum-
1944 2148 2058 2182 dolore
2095 2144 2370 2181 vehementiffimo
2402 2144 2443 2180 ad

1434 2193 1563 2228 lumbos
1586 2214 1597 2233 2
1632 2203 1736 2229 tamen
1761 2192 1824 2228 fine
1847 2194 1916 2226 ullo
1948 2192 2076 2225 vomitu
2101 2214 2109 2221 .
2144 2191 2268 2232 Magna
2291 2189 2443 2232 quotidie

1434 2236 1535 2271 febris
1554 2258 1564 2274 ‚
1602 2237 1712 2278 rigore
1737 2259 1746 2275 ‚
1783 2239 1815 2269 &
1839 2235 1962 2276 frigore
1988 2235 2026 2269 ad
2063 2232 2143 2278 duas
2174 2233 2269 2270 horas
2294 2234 2444 2269 duranti-

1436 2280 1495 2313 bus
1519 2304 1526 2312 .
1563 2280 1741 2315 Cathetere
1774 2279 1917 2315 immiffo
1942 2301 1950 2317 ‚
1995 2277 2276 2320 sanguinolentam
2322 2278 2444 2321 mitigit

1436 2323 1628 2363 materiam,
1653 2335 1777 2366 unaque
1799 2324 1958 2357 calculum
1982 2333 2087 2364 parvae
2112 2321 2291 2364 amygdalae
2316 2322 2445 2363 magni-

1434 2366 1547 2401 tudine
1572 2391 1578 2399 .
1613 2367 1859 2408 Huncffexcipit
1883 2366 2002 2399 inicius
2025 2365 2214 2408 purulentus
2237 2389 2245 2395 -
2272 2365 2330 2399 Sed
2354 2364 2444 2408 post-

1433 2410 1568 2445 modum
1592 2410 1738 2444 clarescit
1761 2411 1856 2446 urina
1879 2435 1888 2451 ,
1912 2408 2014 2451 fitque
2049 2406 2198 2441 sanorum
2222 2408 2353 2448 similis,
2375 2417 2444 2442 non

1432 2453 1497 2486 fine
1521 2453 1634 2494 aliquo
1655 2464 1765 2488 tamen
1788 2451 1931 2489 foetme:
1958 2451 2143 2494 semperque
2166 2452 2284 2493 perstat
2307 2451 2346 2485 ad
2359 2451 2447 2489 lum-r

1433 2496 1492 2530 bos
1514 2496 1608 2531 dolor
1622 2522 1629 2533 ,
1654 2497 1798 2536 Motha,
1821 2495 1901 2531 ficut
1924 2495 2066 2530 diximus
2080 2517 2092 2534 ‚
2115 2495 2151 2528 in·
2174 2495 2310 2537 speciem
2333 2493 2447 2527 remis-

1440 2540 1496 2576 so,
1520 2551 1556 2575 ea
1578 2539 1672 2574 ηοᾶε
1696 2552 1767 2583 quae
1793 2540 1831 2574 ad
1854 2540 2026 2582 quinfium
2047 2538 2133 2571 diem
2158 2539 2340 2574 attinebat,
2363 2548 2446 2579 qua-

1439 2582 1514 2617 dam
1537 2584 1709 2624 ingruente
1742 2582 1830 2626 quali
1863 2584 2038 2625 epileptica
2075 2582 2178 2616 totius
2200 2581 2344 2624 corporis
2367 2592 2449 2614 con-

1439 2625 1578 2661 cuffioue
1593 2649 1605 2667 ‚
1626 2637 1701 2662 cum
1726 2626 1969 2668 sanguinolenta
1996 2624 2034 2658 ad
2057 2635 2092 2656 os
2117 2622 2226 2667 spuma
2249 2635 2333 2666 aeger
2355 2635 2448 2658 exce-

1441 2669 1493 2703 dit
1515 2681 1533 2703 e
1555 2670 1622 2702 vita
1635 2694 1643 2702 .
1776 2670 1808 2705 V
1822 2670 1849 2703 E
1863 2670 1894 2703 N
1910 2670 1943 2704 T
1957 2670 1986 2702 R
2002 2669 2030 2703 E
2054 2666 2186 2702 diffefio
2199 2691 2209 2707 ,
2233 2670 2335 2704 vesica
2349 2681 2447 2712 appa«

1442 2714 1509 2749 ruit
1533 2715 1633 2747 urinae
1656 2714 1748 2755 plena
1775 2734 1785 2752 2
1805 2713 1861 2746 nisi
1885 2713 1974 2754 quod
2000 2710 2080 2746 male
2101 2712 2213 2746 olebat
2236 2735 2246 2752 ‚
2271 2711 2447 2747 secundum

1443 2766 1612 2799 naturam,
1638 2765 1673 2790 ut
1687 2757 1867 2794 videbatur,
1879 2756 1906 2791 se
1919 2755 2083 2791 habentiS.
2106 2755 2228 2789 Crassae
2251 2755 2343 2793 faetae
2356 2761 2448 2791 erant

1444 2807 1564 2834 carneae
1588 2799 1696 2834 vesicae
1720 2800 1837 2840 fibrae,
1858 2809 1896 2833 ut
1919 2800 2024 2842 cordis
2048 2799 2219 2833 lacertulos
2243 2799 2449 2843 repraesenta-

1445 2854 1537 2877 rent.
1562 2844 1660 2877 Circa
1683 2842 1748 2888 ejus
1771 2845 1931 2879 cervice-m
1954 2841 2106 2876 nonnulla
2132 2843 2269 2877 arenulae
2281 2855 2378 2886 grana
2401 2856 2448 2878 re.

1451 2896 1542 2928 perta
1566 2886 1637 2922 sunt
1663 2912 1672 2920 .
1704 2889 1869 2921 Caeterum
1893 2888 1926 2921 in
1962 2885 2060 2920 vesica
2084 2886 2191 2920 nullus
2221 2888 2371 2923 inventus
2404 2889 2449 2922 est

1444 2931 1531 2964 obex
1553 2942 1619 2973 quo
1643 2931 1757 2965 mietio
1781 2931 2026 2974 prohiberetur.
2053 2930 2225 2973 Ureteres‚
2247 2933 2280 2964 &
2302 2942 2391 2965 renes
2412 2943 2452 2965 o-

1445 2976 1559 3007 mnino
1583 2974 1669 3008 sani.
1807 2976 1845 3008 In
1869 2972 2021 3008 Thorace
2046 2973 2215 3016 pulmones
2239 2975 2417 3016 turgebant
2442 3000 2453 3015 ,

1445 3028 1579 3060 atroque
1603 3027 1691 3054 erant
1713 3017 1822 3050 colore
1843 3015 1980 3051 infefti:
2006 3017 2126 3051 sinister
2149 3027 2253 3051 autem
2280 3017 2453 3061 diaphrag-

1445 3063 1526 3095 mati
1550 3062 1632 3097 arcte
1656 3060 1855 3094 adhaerebat.
1881 3061 2000 3095 Cordis
2013 3060 2207 3095 ventriculus
2220 3059 2331 3094 dexter
2356 3063 2452 3104 poly-

1448 3104 1558 3146 posam
1581 3105 1821 3147 concretionem
1842 3104 2001 3142 habebam
2024 3103 2145 3139 finister
2170 3101 2274 3142 fluido
2298 3106 2452 3149 sanguine

1447 3158 1515 3182 erat
1540 3149 1669 3190 plenus.
2362 3148 2366 3150 ’

1499 3202 1527 3233 5.
1551 3192 1764 3233 Qaecunque·
1783 3192 1864 3225 olim
1889 3189 1995 3225 fuisset
2018 3190 2110 3224 causa
2134 3191 2252 3225 mitius
2276 3191 2417 3228 difficilis
2439 3217 2448 3232 ‚

1453 3247 1468 3269 a
1503 3246 1570 3277 quo
1607 3237 1673 3269 veri
1706 3234 1805 3270 limile
1837 3236 1879 3267 est
1906 3259 1915 3274 ‚
1948 3245 1984 3267 ut
2019 3234 2096 3267 alias
2140 3238 2153 3276 (
2184 3235 2203 3266 d
2233 3238 2247 3273 )
2295 3235 2451 3271 indicabi-

1454 3287 1507 3311 tur
1532 3300 1541 3316 ,
1593 3278 1746 3311 fibrarum
1793 3278 1899 3313 vesicae
1956 3277 2190 3312 crassitudinem
2238 3276 2330 3312 fuisse
2375 3281 2450 3313 reli,

1452 3322 1572 3361 &am;
1604 3321 1823 3361 novillimu53
1868 3321 1957 3363 quod
1992 3322 2029 3354 ad
2065 3325 2219 3357 urinarias
2252 3325 2358 3354 Partes
2403 3334 2452 3355 at·-

1453 3366 1570 3405 tinet2·
1615 3365 1747 3401 morbus
1778 3378 1794 3399 a
1838 3366 1964 3401 calculo
1998 3363 2124 3402 videtur
2167 3365 2384 3409 repetendus.
2423 3369 2454 3399 Is

2325 3418 2411 3444 enim

1516 3621 1530 3649 (
1545 3628 1560 3645 a
1578 3623 1588 3646 )
1604 3619 1709 3644 Praelec‘h
1726 3621 1754 3646 ad
1774 3621 1797 3651 ὗ.
1818 3629 1868 3652 351,
1887 3620 1966 3645 Instit.
1984 3622 2006 3646 8(
2022 3617 2051 3645 ad
2071 3620 2093 3650 §.
2112 3625 2164 3651 355.
