<?xml version="1.0" encoding="UTF-8"?>
<!DOCTYPE html PUBLIC "-//W3C//DTD XHTML 1.0 Transitional//EN"
    "http://www.w3.org/TR/xhtml1/DTD/xhtml1-transitional.dtd">
<html xmlns="http://www.w3.org/1999/xhtml" xml:lang="en" lang="en">
 <head>
  <title>
</title>
<meta http-equiv="Content-Type" content="text/html;charset=utf-8" />
  <meta name='ocr-system' content='tesseract 3.04.00' />
  <meta name='ocr-capabilities' content='ocr_page ocr_carea ocr_par ocr_line ocrx_word'/>
</head>
<body>
  <div class='ocr_page' id='page_1' title='image "./desedibusetcausi00morg_0451.png"; bbox 0 0 2498 4075; ppageno 0'>
   <div class='ocr_carea' id='block_1_1' title="bbox 476 191 1814 261">
    <p class='ocr_par' dir='ltr' id='par_1_1' title="bbox 476 191 1814 261">
     <span class='ocr_line' id='line_1_1' title="bbox 476 191 1814 261; baseline -0.001 -12"><span class='ocrx_word' id='word_1_1' title='bbox 476 193 628 261; x_wconf 82' lang='lat' dir='ltr'>Epist·</span> <span class='ocrx_word' id='word_1_2' title='bbox 665 195 829 249; x_wconf 88' lang='lat' dir='ltr'>Anat.</span> <span class='ocrx_word' id='word_1_3' title='bbox 864 194 1075 248; x_wconf 81' lang='lat' dir='ltr'>Medica</span> <span class='ocrx_word' id='word_1_4' title='bbox 1111 191 1378 247; x_wconf 81' lang='lat' dir='ltr'>XXXIV.</span> <span class='ocrx_word' id='word_1_5' title='bbox 1411 192 1530 245; x_wconf 87' lang='lat' dir='ltr'>Art.</span> <span class='ocrx_word' id='word_1_6' title='bbox 1557 211 1634 258; x_wconf 73' lang='lat'>30,</span> <span class='ocrx_word' id='word_1_7' title='bbox 1656 196 1710 249; x_wconf 72' lang='grc' dir='ltr'>δι</span> <span class='ocrx_word' id='word_1_8' title='bbox 1736 210 1814 259; x_wconf 62' lang='lat'>3¹⁴</span> 
     </span>
    </p>
   </div>
   <div class='ocr_carea' id='block_1_2' title="bbox 123 274 1149 1754">
    <p class='ocr_par' dir='ltr' id='par_1_2' title="bbox 133 274 1146 702">
     <span class='ocr_line' id='line_1_2' title="bbox 134 274 1145 319; baseline -0.001 -10"><span class='ocrx_word' id='word_1_9' title='bbox 134 282 285 319; x_wconf 81' lang='lat' dir='ltr'>quartam</span> <span class='ocrx_word' id='word_1_10' title='bbox 295 274 462 311; x_wconf 88' lang='lat' dir='ltr'>Gabrielis</span> <span class='ocrx_word' id='word_1_11' title='bbox 472 274 632 310; x_wconf 88' lang='lat' dir='ltr'>Clauderi</span> <span class='ocrx_word' id='word_1_12' title='bbox 657 276 726 313; x_wconf 87' lang='lat' dir='ltr'>(n),</span> <span class='ocrx_word' id='word_1_13' title='bbox 749 275 916 316; x_wconf 64' lang='lat' dir='ltr'>quinemm</span> <span class='ocrx_word' id='word_1_14' title='bbox 931 275 1072 317; x_wconf 84' lang='lat' dir='ltr'>denique</span> <span class='ocrx_word' id='word_1_15' title='bbox 1085 276 1145 308; x_wconf 82' lang='lat' dir='ltr'>Pe-</span> 
     </span>
     <span class='ocr_line' id='line_1_3' title="bbox 135 319 1146 362; baseline -0.002 -9"><span class='ocrx_word' id='word_1_16' title='bbox 135 320 181 353; x_wconf 91' lang='lat' dir='ltr'>tri</span> <span class='ocrx_word' id='word_1_17' title='bbox 205 319 386 353; x_wconf 86' lang='lat' dir='ltr'>Rommelii</span> <span class='ocrx_word' id='word_1_18' title='bbox 408 323 423 359; x_wconf 88' lang='lat'><strong>(</strong></span> <span class='ocrx_word' id='word_1_19' title='bbox 445 331 461 353; x_wconf 89' lang='lat' dir='ltr'>o</span> <span class='ocrx_word' id='word_1_20' title='bbox 484 320 519 358; x_wconf 82' lang='lat'>);</span> <span class='ocrx_word' id='word_1_21' title='bbox 543 328 593 352; x_wconf 87' lang='lat' dir='ltr'>tot</span> <span class='ocrx_word' id='word_1_22' title='bbox 616 319 703 350; x_wconf 84' lang='lat' dir='ltr'>enim</span> <span class='ocrx_word' id='word_1_23' title='bbox 726 328 815 351; x_wconf 86' lang='lat' dir='ltr'>erant</span> <span class='ocrx_word' id='word_1_24' title='bbox 839 329 975 360; x_wconf 85' lang='lat' dir='ltr'>quarum</span> <span class='ocrx_word' id='word_1_25' title='bbox 1007 323 1039 353; x_wconf 92' lang='lat' dir='ltr'>in</span> <span class='ocrx_word' id='word_1_26' title='bbox 1064 330 1146 362; x_wconf 83' lang='lat' dir='ltr'>prae-</span> 
     </span>
     <span class='ocr_line' id='line_1_4' title="bbox 135 360 1144 404; baseline -0.003 -7"><span class='ocrx_word' id='word_1_27' title='bbox 135 362 235 397; x_wconf 82' lang='lat' dir='ltr'>sentia</span> <span class='ocrx_word' id='word_1_28' title='bbox 262 363 473 397; x_wconf 85' lang='lat' dir='ltr'>recordabar.</span> <span class='ocrx_word' id='word_1_29' title='bbox 498 362 590 395; x_wconf 79' lang='lat' dir='ltr'>Alias</span> <span class='ocrx_word' id='word_1_30' title='bbox 615 360 681 404; x_wconf 88' lang='lat' dir='ltr'>ipse</span> <span class='ocrx_word' id='word_1_31' title='bbox 706 360 799 396; x_wconf 79' lang='lat' dir='ltr'>facile</span> <span class='ocrx_word' id='word_1_32' title='bbox 825 364 984 397; x_wconf 83' lang='lat' dir='ltr'>iuvenies.</span> <span class='ocrx_word' id='word_1_33' title='bbox 1021 363 1144 397; x_wconf 86' lang='lat' dir='ltr'>Verum</span> 
     </span>
     <span class='ocr_line' id='line_1_5' title="bbox 136 404 1145 448; baseline -0.001 -9"><span class='ocrx_word' id='word_1_34' title='bbox 136 405 159 439; x_wconf 85' lang='lat' dir='ltr'>fi</span> <span class='ocrx_word' id='word_1_35' title='bbox 184 405 234 439; x_wconf 90' lang='lat' dir='ltr'>vel</span> <span class='ocrx_word' id='word_1_36' title='bbox 258 405 402 441; x_wconf 88' lang='lat' dir='ltr'>totidem</span> <span class='ocrx_word' id='word_1_37' title='bbox 427 407 603 448; x_wconf 87' lang='lat' dir='ltr'>reperires;</span> <span class='ocrx_word' id='word_1_38' title='bbox 638 415 704 438; x_wconf 92' lang='lat' dir='ltr'>non</span> <span class='ocrx_word' id='word_1_39' title='bbox 742 404 924 439; x_wconf 82' lang='lat' dir='ltr'>rariffimam</span> <span class='ocrx_word' id='word_1_40' title='bbox 949 431 958 445; x_wconf 89' lang='lat'><em>‚</em></span> <span class='ocrx_word' id='word_1_41' title='bbox 991 408 1111 448; x_wconf 80' lang='lat' dir='ltr'>opinor</span> <span class='ocrx_word' id='word_1_42' title='bbox 1133 426 1145 445; x_wconf 91' lang='lat'><em>‚</em></span> 
     </span>
     <span class='ocr_line' id='line_1_6' title="bbox 135 446 1145 492; baseline 0 -11"><span class='ocrx_word' id='word_1_43' title='bbox 135 449 313 491; x_wconf 77' lang='lat' dir='ltr'>clysterum</span> <span class='ocrx_word' id='word_1_44' title='bbox 338 461 393 492; x_wconf 91' lang='lat' dir='ltr'>per</span> <span class='ocrx_word' id='word_1_45' title='bbox 415 461 452 484; x_wconf 85' lang='lat' dir='ltr'>os</span> <span class='ocrx_word' id='word_1_46' title='bbox 476 448 683 490; x_wconf 65' lang='lat' dir='ltr'>rejectionem</span> <span class='ocrx_word' id='word_1_47' title='bbox 706 446 1064 492; x_wconf 80' lang='lat' dir='ltr'>diceres5frequentem</span> <span class='ocrx_word' id='word_1_48' title='bbox 1080 459 1145 482; x_wconf 88' lang='lat' dir='ltr'>non</span> 
     </span>
     <span class='ocr_line' id='line_1_7' title="bbox 133 491 1145 536; baseline -0.002 -9"><span class='ocrx_word' id='word_1_49' title='bbox 133 493 274 528; x_wconf 81' lang='lat' dir='ltr'>diceres.</span> <span class='ocrx_word' id='word_1_50' title='bbox 303 494 447 536; x_wconf 81' lang='lat' dir='ltr'>Plerique</span> <span class='ocrx_word' id='word_1_51' title='bbox 470 494 556 524; x_wconf 84' lang='lat' dir='ltr'>enim</span> <span class='ocrx_word' id='word_1_52' title='bbox 583 491 730 532; x_wconf 86' lang='lat' dir='ltr'>Medici,</span> <span class='ocrx_word' id='word_1_53' title='bbox 754 496 850 525; x_wconf 83' lang='lat' dir='ltr'>etiarn</span> <span class='ocrx_word' id='word_1_54' title='bbox 870 492 1145 533; x_wconf 78' lang='lat' dir='ltr'>exercitariffimi,</span> 
     </span>
     <span class='ocr_line' id='line_1_8' title="bbox 135 534 1140 578; baseline 0.003 -9"><span class='ocrx_word' id='word_1_55' title='bbox 135 546 304 578; x_wconf 84' lang='lat' dir='ltr'>nunquam</span> <span class='ocrx_word' id='word_1_56' title='bbox 329 537 505 570; x_wconf 81' lang='lat' dir='ltr'>viderunt:</span> <span class='ocrx_word' id='word_1_57' title='bbox 529 534 618 576; x_wconf 79' lang='lat' dir='ltr'>quod</span> <span class='ocrx_word' id='word_1_58' title='bbox 642 547 753 570; x_wconf 87' lang='lat' dir='ltr'>eorum</span> <span class='ocrx_word' id='word_1_59' title='bbox 777 537 911 578; x_wconf 22' lang='lat' dir='ltr'>Scripta*</span> <span class='ocrx_word' id='word_1_60' title='bbox 937 537 1108 570; x_wconf 83' lang='lat' dir='ltr'>ostendunt</span> <span class='ocrx_word' id='word_1_61' title='bbox 1132 557 1140 572; x_wconf 73' lang='lat'>2</span> 
     </span>
     <span class='ocr_line' id='line_1_9' title="bbox 134 578 1143 619; baseline -0.002 -6"><span class='ocrx_word' id='word_1_62' title='bbox 134 580 195 613; x_wconf 73' lang='lat' dir='ltr'>ubi</span> <span class='ocrx_word' id='word_1_63' title='bbox 217 579 255 614; x_wconf 90' lang='lat' dir='ltr'>de</span> <span class='ocrx_word' id='word_1_64' title='bbox 281 578 365 614; x_wconf 86' lang='lat' dir='ltr'>hisce</span> <span class='ocrx_word' id='word_1_65' title='bbox 387 578 683 613; x_wconf 80' lang='lat' dir='ltr'>Observationibus</span> <span class='ocrx_word' id='word_1_66' title='bbox 730 580 852 614; x_wconf 87' lang='lat' dir='ltr'>mentio</span> <span class='ocrx_word' id='word_1_67' title='bbox 886 579 1028 619; x_wconf 84' lang='lat' dir='ltr'>incidit,</span> <span class='ocrx_word' id='word_1_68' title='bbox 1061 581 1143 612; x_wconf 90' lang='lat' dir='ltr'>alio-</span> 
     </span>
     <span class='ocr_line' id='line_1_10' title="bbox 135 620 1145 666; baseline -0.001 -9"><span class='ocrx_word' id='word_1_69' title='bbox 135 635 208 657; x_wconf 88' lang='lat' dir='ltr'>rum</span> <span class='ocrx_word' id='word_1_70' title='bbox 241 624 375 665; x_wconf 87' lang='lat' dir='ltr'>quidem</span> <span class='ocrx_word' id='word_1_71' title='bbox 411 621 637 657; x_wconf 85' lang='lat' dir='ltr'>testimonium</span> <span class='ocrx_word' id='word_1_72' title='bbox 660 645 671 662; x_wconf 88' lang='lat'><em>,</em></span> <span class='ocrx_word' id='word_1_73' title='bbox 716 634 782 657; x_wconf 90' lang='lat' dir='ltr'>non</span> <span class='ocrx_word' id='word_1_74' title='bbox 815 624 905 658; x_wconf 88' lang='lat' dir='ltr'>suum</span> <span class='ocrx_word' id='word_1_75' title='bbox 929 644 939 661; x_wconf 86' lang='lat'><strong>,</strong></span> <span class='ocrx_word' id='word_1_76' title='bbox 977 620 1145 666; x_wconf 69' lang='lat' dir='ltr'>proferen-</span> 
     </span>
     <span class='ocr_line' id='line_1_11' title="bbox 136 675 1146 702; baseline -0.001 -1"><span class='ocrx_word' id='word_1_77' title='bbox 136 675 221 702; x_wconf 80' lang='lat' dir='ltr'>tium</span> <span class='ocrx_word' id='word_1_78' title='bbox 246 692 255 701; x_wconf 73' lang='grc'>,</span> <span class='ocrx_word' id='word_1_79' title='bbox 1144 678 1146 681; x_wconf 80' lang='grc'><strong>’</strong></span> 
     </span>
    </p>

    <p class='ocr_par' dir='ltr' id='par_1_3' title="bbox 123 708 1149 1754">
     <span class='ocr_line' id='line_1_12' title="bbox 184 708 1147 754; baseline -0.002 -10"><span class='ocrx_word' id='word_1_80' title='bbox 184 722 234 751; x_wconf 82' lang='lat'>30.</span> <span class='ocrx_word' id='word_1_81' title='bbox 259 708 435 745; x_wconf 84' lang='lat' dir='ltr'>Videamus</span> <span class='ocrx_word' id='word_1_82' title='bbox 459 719 571 746; x_wconf 74' lang='lat' dir='ltr'>nunc,</span> <span class='ocrx_word' id='word_1_83' title='bbox 597 720 660 751; x_wconf 81' lang='lat' dir='ltr'>qua</span> <span class='ocrx_word' id='word_1_84' title='bbox 683 721 768 744; x_wconf 87' lang='lat' dir='ltr'>nova</span> <span class='ocrx_word' id='word_1_85' title='bbox 793 710 919 743; x_wconf 87' lang='lat' dir='ltr'>ratione</span> <span class='ocrx_word' id='word_1_86' title='bbox 952 709 1147 754; x_wconf 83' lang='lat' dir='ltr'>clysmatum</span> 
     </span>
     <span class='ocr_line' id='line_1_13' title="bbox 135 751 1149 797; baseline 0 -11"><span class='ocrx_word' id='word_1_87' title='bbox 135 765 192 797; x_wconf 85' lang='lat' dir='ltr'>per</span> <span class='ocrx_word' id='word_1_88' title='bbox 215 765 251 786; x_wconf 86' lang='lat' dir='ltr'>os</span> <span class='ocrx_word' id='word_1_89' title='bbox 273 752 408 793; x_wconf 66' lang='lat' dir='ltr'>rejectio</span> <span class='ocrx_word' id='word_1_90' title='bbox 433 753 597 794; x_wconf 80' lang='lat' dir='ltr'>explicata</span> <span class='ocrx_word' id='word_1_91' title='bbox 620 751 658 785; x_wconf 78' lang='lat' dir='ltr'>sit</span> <span class='ocrx_word' id='word_1_92' title='bbox 679 776 687 784; x_wconf 88' lang='lat'>.</span> <span class='ocrx_word' id='word_1_93' title='bbox 724 752 865 787; x_wconf 83' lang='lat' dir='ltr'>Positum</span> <span class='ocrx_word' id='word_1_94' title='bbox 889 753 932 787; x_wconf 88' lang='lat' dir='ltr'>est</span> <span class='ocrx_word' id='word_1_95' title='bbox 956 775 965 790; x_wconf 92' lang='lat'><em>‚</em></span> <span class='ocrx_word' id='word_1_96' title='bbox 998 752 1149 787; x_wconf 87' lang='lat' dir='ltr'>intestina</span> 
     </span>
     <span class='ocr_line' id='line_1_14' title="bbox 135 795 1149 841; baseline -0.002 -10"><span class='ocrx_word' id='word_1_97' title='bbox 135 798 247 831; x_wconf 85' lang='lat' dir='ltr'>omnia</span> <span class='ocrx_word' id='word_1_98' title='bbox 273 798 307 830; x_wconf 87' lang='lat' dir='ltr'>in</span> <span class='ocrx_word' id='word_1_99' title='bbox 331 796 485 841; x_wconf 76' lang='lat' dir='ltr'>Volvulo</span> <span class='ocrx_word' id='word_1_100' title='bbox 508 795 599 837; x_wconf 86' lang='lat' dir='ltr'>plena</span> <span class='ocrx_word' id='word_1_101' title='bbox 622 796 705 834; x_wconf 78' lang='lat' dir='ltr'>effa,</span> <span class='ocrx_word' id='word_1_102' title='bbox 729 807 783 830; x_wconf 86' lang='lat' dir='ltr'>aut</span> <span class='ocrx_word' id='word_1_103' title='bbox 807 795 904 830; x_wconf 78' lang='lat' dir='ltr'>ferme</span> <span class='ocrx_word' id='word_1_104' title='bbox 929 798 1017 838; x_wconf 87' lang='lat' dir='ltr'>plena</span> <span class='ocrx_word' id='word_1_105' title='bbox 1030 796 1149 831; x_wconf 90' lang='lat' dir='ltr'>humo-</span> 
     </span>
     <span class='ocr_line' id='line_1_15' title="bbox 134 840 1147 882; baseline 0 -8"><span class='ocrx_word' id='word_1_106' title='bbox 134 852 208 875; x_wconf 85' lang='lat' dir='ltr'>rum</span> <span class='ocrx_word' id='word_1_107' title='bbox 232 850 301 875; x_wconf 88' lang='lat' dir='ltr'>tum</span> <span class='ocrx_word' id='word_1_108' title='bbox 325 841 357 872; x_wconf 91' lang='lat' dir='ltr'>in</span> <span class='ocrx_word' id='word_1_109' title='bbox 385 840 451 880; x_wconf 85' lang='lat' dir='ltr'>ipsa</span> <span class='ocrx_word' id='word_1_110' title='bbox 474 841 595 880; x_wconf 71' lang='lat' dir='ltr'>jugiter</span> <span class='ocrx_word' id='word_1_111' title='bbox 618 840 830 874; x_wconf 72' lang='lat' dir='ltr'>influentium</span> <span class='ocrx_word' id='word_1_112' title='bbox 846 865 854 879; x_wconf 89' lang='lat'>‚</span> <span class='ocrx_word' id='word_1_113' title='bbox 877 849 948 873; x_wconf 84' lang='lat' dir='ltr'>tum</span> <span class='ocrx_word' id='word_1_114' title='bbox 983 841 1022 873; x_wconf 87' lang='lat' dir='ltr'>ab</span> <span class='ocrx_word' id='word_1_115' title='bbox 1053 841 1147 882; x_wconf 60' lang='lat' dir='ltr'>agris</span> 
     </span>
     <span class='ocr_line' id='line_1_16' title="bbox 137 882 1148 927; baseline -0.002 -9"><span class='ocrx_word' id='word_1_116' title='bbox 137 884 350 927; x_wconf 83' lang='lat' dir='ltr'>ingestorum:</span> <span class='ocrx_word' id='word_1_117' title='bbox 378 882 437 915; x_wconf 74' lang='lat' dir='ltr'>esse</span> <span class='ocrx_word' id='word_1_118' title='bbox 459 892 566 916; x_wconf 86' lang='lat' dir='ltr'>autem</span> <span class='ocrx_word' id='word_1_119' title='bbox 591 884 628 916; x_wconf 90' lang='lat' dir='ltr'>ad</span> <span class='ocrx_word' id='word_1_120' title='bbox 655 882 805 925; x_wconf 86' lang='lat' dir='ltr'>podicem</span> <span class='ocrx_word' id='word_1_121' title='bbox 830 883 1028 917; x_wconf 84' lang='lat' dir='ltr'>obstaculum</span> <span class='ocrx_word' id='word_1_122' title='bbox 1042 883 1148 926; x_wconf 89' lang='lat' dir='ltr'>quod-</span> 
     </span>
     <span class='ocr_line' id='line_1_17' title="bbox 139 925 1148 970; baseline -0.001 -10"><span class='ocrx_word' id='word_1_123' title='bbox 139 929 254 970; x_wconf 80' lang='lat' dir='ltr'>piam,</span> <span class='ocrx_word' id='word_1_124' title='bbox 277 927 410 960; x_wconf 87' lang='lat' dir='ltr'>illorum</span> <span class='ocrx_word' id='word_1_125' title='bbox 433 925 567 967; x_wconf 89' lang='lat' dir='ltr'>quidem</span> <span class='ocrx_word' id='word_1_126' title='bbox 592 925 769 968; x_wconf 84' lang='lat' dir='ltr'>impediens</span> <span class='ocrx_word' id='word_1_127' title='bbox 790 930 933 967; x_wconf 84' lang='lat' dir='ltr'>exitum,</span> <span class='ocrx_word' id='word_1_128' title='bbox 957 928 997 960; x_wconf 88' lang='lat' dir='ltr'>ab</span> <span class='ocrx_word' id='word_1_129' title='bbox 1021 927 1148 960; x_wconf 89' lang='lat' dir='ltr'>immit-</span> 
     </span>
     <span class='ocr_line' id='line_1_18' title="bbox 123 968 1146 1012; baseline -0.001 -7"><span class='ocrx_word' id='word_1_130' title='bbox 123 971 277 1009; x_wconf 52' lang='lat' dir='ltr'>tentibus</span> <span class='ocrx_word' id='word_1_131' title='bbox 301 979 408 1004; x_wconf 78' lang='lat' dir='ltr'>autem</span> <span class='ocrx_word' id='word_1_132' title='bbox 435 969 593 1010; x_wconf 81' lang='lat' dir='ltr'>clysmata</span> <span class='ocrx_word' id='word_1_133' title='bbox 617 970 795 1010; x_wconf 69' lang='lat' dir='ltr'>superabile</span> <span class='ocrx_word' id='word_1_134' title='bbox 812 995 820 1004; x_wconf 92' lang='lat'>.</span> <span class='ocrx_word' id='word_1_135' title='bbox 844 972 945 1004; x_wconf 91' lang='lat' dir='ltr'>Tunc</span> <span class='ocrx_word' id='word_1_136' title='bbox 968 971 1072 1012; x_wconf 85' lang='lat' dir='ltr'>igitur</span> <span class='ocrx_word' id='word_1_137' title='bbox 1104 968 1146 1005; x_wconf 85' lang='lat' dir='ltr'>sic</span> 
     </span>
     <span class='ocr_line' id='line_1_19' title="bbox 135 1013 1147 1056; baseline 0.001 -10"><span class='ocrx_word' id='word_1_138' title='bbox 135 1013 277 1056; x_wconf 56' lang='lat' dir='ltr'>injetffi,</span> <span class='ocrx_word' id='word_1_139' title='bbox 301 1013 538 1056; x_wconf 81' lang='lat' dir='ltr'>plenitudinem</span> <span class='ocrx_word' id='word_1_140' title='bbox 563 1013 788 1047; x_wconf 83' lang='lat' dir='ltr'>intestinorum</span> <span class='ocrx_word' id='word_1_141' title='bbox 806 1036 819 1053; x_wconf 82' lang='lat'><em>‚</em></span> <span class='ocrx_word' id='word_1_142' title='bbox 850 1016 881 1046; x_wconf 75' lang='grc' dir='ltr'>δε</span> <span class='ocrx_word' id='word_1_143' title='bbox 915 1014 1147 1048; x_wconf 83' lang='lat' dir='ltr'>distentionem</span> 
     </span>
     <span class='ocr_line' id='line_1_20' title="bbox 134 1055 1148 1099; baseline -0.003 -7"><span class='ocrx_word' id='word_1_144' title='bbox 134 1059 311 1099; x_wconf 80' lang='lat' dir='ltr'>augentia,</span> <span class='ocrx_word' id='word_1_145' title='bbox 333 1057 505 1091; x_wconf 78' lang='lat' dir='ltr'>accedente</span> <span class='ocrx_word' id='word_1_146' title='bbox 529 1055 755 1091; x_wconf 81' lang='lat' dir='ltr'>musculorum</span> <span class='ocrx_word' id='word_1_147' title='bbox 781 1057 987 1098; x_wconf 79' lang='lat' dir='ltr'>abdominis,</span> <span class='ocrx_word' id='word_1_148' title='bbox 1012 1060 1044 1090; x_wconf 81' lang='grc' dir='ltr'>δι</span> <span class='ocrx_word' id='word_1_149' title='bbox 1077 1056 1148 1090; x_wconf 85' lang='lat' dir='ltr'>dia-</span> 
     </span>
     <span class='ocr_line' id='line_1_21' title="bbox 132 1100 1149 1145; baseline -0.002 -10"><span class='ocrx_word' id='word_1_150' title='bbox 132 1101 335 1145; x_wconf 74' lang='lat' dir='ltr'>phragmatis</span> <span class='ocrx_word' id='word_1_151' title='bbox 358 1101 482 1133; x_wconf 85' lang='lat' dir='ltr'>alterna</span> <span class='ocrx_word' id='word_1_152' title='bbox 505 1100 757 1142; x_wconf 83' lang='lat' dir='ltr'>compreffione‚</span> <span class='ocrx_word' id='word_1_153' title='bbox 779 1111 846 1143; x_wconf 89' lang='lat' dir='ltr'>quo</span> <span class='ocrx_word' id='word_1_154' title='bbox 871 1102 978 1136; x_wconf 88' lang='lat' dir='ltr'>minor</span> <span class='ocrx_word' id='word_1_155' title='bbox 1002 1101 1149 1135; x_wconf 85' lang='lat' dir='ltr'>resisten-</span> 
     </span>
     <span class='ocr_line' id='line_1_22' title="bbox 131 1143 1140 1185; baseline 0 -7"><span class='ocrx_word' id='word_1_156' title='bbox 131 1147 180 1178; x_wconf 87' lang='lat' dir='ltr'>tia</span> <span class='ocrx_word' id='word_1_157' title='bbox 203 1143 247 1178; x_wconf 85' lang='lat' dir='ltr'>est</span> <span class='ocrx_word' id='word_1_158' title='bbox 263 1167 272 1182; x_wconf 87' lang='lat'>‚</span> <span class='ocrx_word' id='word_1_159' title='bbox 296 1144 375 1179; x_wconf 90' lang='lat' dir='ltr'>illuc</span> <span class='ocrx_word' id='word_1_160' title='bbox 398 1145 530 1185; x_wconf 76' lang='lat' dir='ltr'>urgeri,</span> <span class='ocrx_word' id='word_1_161' title='bbox 555 1145 584 1176; x_wconf 81' lang='grc' dir='ltr'>δι</span> <span class='ocrx_word' id='word_1_162' title='bbox 610 1143 779 1177; x_wconf 84' lang='lat' dir='ltr'>commista</span> <span class='ocrx_word' id='word_1_163' title='bbox 811 1156 885 1179; x_wconf 82' lang='lat' dir='ltr'>cum</span> <span class='ocrx_word' id='word_1_164' title='bbox 920 1147 959 1179; x_wconf 82' lang='lat' dir='ltr'>iis</span> <span class='ocrx_word' id='word_1_165' title='bbox 993 1144 1140 1181; x_wconf 87' lang='lat' dir='ltr'>humori-</span> 
     </span>
     <span class='ocr_line' id='line_1_23' title="bbox 131 1187 1143 1229; baseline -0.001 -6"><span class='ocrx_word' id='word_1_166' title='bbox 131 1188 191 1223; x_wconf 84' lang='lat' dir='ltr'>bus</span> <span class='ocrx_word' id='word_1_167' title='bbox 224 1200 280 1229; x_wconf 87' lang='lat' dir='ltr'>per</span> <span class='ocrx_word' id='word_1_168' title='bbox 314 1188 478 1221; x_wconf 80' lang='lat' dir='ltr'>vomitum</span> <span class='ocrx_word' id='word_1_169' title='bbox 509 1187 649 1228; x_wconf 84' lang='lat' dir='ltr'>denique</span> <span class='ocrx_word' id='word_1_170' title='bbox 683 1187 844 1222; x_wconf 83' lang='lat' dir='ltr'>extrudi.</span> <span class='ocrx_word' id='word_1_171' title='bbox 883 1188 963 1222; x_wconf 88' lang='lat' dir='ltr'>Non</span> <span class='ocrx_word' id='word_1_172' title='bbox 1007 1187 1143 1222; x_wconf 82' lang='lat' dir='ltr'>resistere</span> 
     </span>
     <span class='ocr_line' id='line_1_24' title="bbox 132 1229 1143 1275; baseline -0.003 -8"><span class='ocrx_word' id='word_1_173' title='bbox 132 1242 240 1267; x_wconf 83' lang='lat' dir='ltr'>autem</span> <span class='ocrx_word' id='word_1_174' title='bbox 264 1229 409 1265; x_wconf 85' lang='lat' dir='ltr'>Bauhini</span> <span class='ocrx_word' id='word_1_175' title='bbox 435 1231 618 1264; x_wconf 61' lang='lat' dir='ltr'>&#39;valvulam</span> <span class='ocrx_word' id='word_1_176' title='bbox 635 1252 644 1267; x_wconf 86' lang='lat'>‚</span> <span class='ocrx_word' id='word_1_177' title='bbox 668 1233 791 1274; x_wconf 79' lang='lat' dir='ltr'>quippe</span> <span class='ocrx_word' id='word_1_178' title='bbox 823 1243 917 1275; x_wconf 77' lang='lat' dir='ltr'>quae,</span> <span class='ocrx_word' id='word_1_179' title='bbox 955 1232 1056 1275; x_wconf 82' lang='lat' dir='ltr'>posita</span> <span class='ocrx_word' id='word_1_180' title='bbox 1091 1234 1143 1265; x_wconf 94' lang='lat' dir='ltr'>in-</span> 
     </span>
     <span class='ocr_line' id='line_1_25' title="bbox 131 1274 1145 1318; baseline 0 -9"><span class='ocrx_word' id='word_1_181' title='bbox 131 1275 325 1310; x_wconf 86' lang='lat' dir='ltr'>testinorum</span> <span class='ocrx_word' id='word_1_182' title='bbox 349 1274 497 1308; x_wconf 80' lang='lat' dir='ltr'>omnium</span> <span class='ocrx_word' id='word_1_183' title='bbox 522 1274 727 1316; x_wconf 80' lang='lat' dir='ltr'>plenitudine</span> <span class='ocrx_word' id='word_1_184' title='bbox 743 1296 753 1314; x_wconf 86' lang='lat'>‚</span> <span class='ocrx_word' id='word_1_185' title='bbox 777 1286 884 1318; x_wconf 84' lang='lat' dir='ltr'>aperta</span> <span class='ocrx_word' id='word_1_186' title='bbox 897 1277 1057 1311; x_wconf 80' lang='lat' dir='ltr'>servetur.</span> <span class='ocrx_word' id='word_1_187' title='bbox 1073 1276 1145 1310; x_wconf 88' lang='lat' dir='ltr'>Nec</span> 
     </span>
     <span class='ocr_line' id='line_1_26' title="bbox 131 1316 1144 1365; baseline 0 -13"><span class='ocrx_word' id='word_1_188' title='bbox 131 1320 261 1353; x_wconf 80' lang='lat' dir='ltr'>inverso</span> <span class='ocrx_word' id='word_1_189' title='bbox 284 1317 402 1365; x_wconf 81' lang='lat' dir='ltr'>horum</span> <span class='ocrx_word' id='word_1_190' title='bbox 428 1328 521 1352; x_wconf 86' lang='lat' dir='ltr'>motu</span> <span class='ocrx_word' id='word_1_191' title='bbox 547 1329 628 1361; x_wconf 87' lang='lat' dir='ltr'>opus</span> <span class='ocrx_word' id='word_1_192' title='bbox 665 1316 724 1352; x_wconf 82' lang='lat' dir='ltr'>esse</span> <span class='ocrx_word' id='word_1_193' title='bbox 744 1342 754 1357; x_wconf 94' lang='lat'><em>‚</em></span> <span class='ocrx_word' id='word_1_194' title='bbox 793 1322 969 1362; x_wconf 79' lang='lat' dir='ltr'>psaelertim</span> <span class='ocrx_word' id='word_1_195' title='bbox 998 1331 1074 1354; x_wconf 86' lang='lat' dir='ltr'>cum</span> <span class='ocrx_word' id='word_1_196' title='bbox 1109 1323 1144 1353; x_wconf 93' lang='lat' dir='ltr'>in</span> 
     </span>
     <span class='ocr_line' id='line_1_27' title="bbox 130 1362 1144 1405; baseline 0.001 -9"><span class='ocrx_word' id='word_1_197' title='bbox 130 1362 260 1403; x_wconf 89' lang='lat' dir='ltr'>bestiis,</span> <span class='ocrx_word' id='word_1_198' title='bbox 285 1362 329 1395; x_wconf 78' lang='lat' dir='ltr'>ob</span> <span class='ocrx_word' id='word_1_199' title='bbox 353 1362 506 1405; x_wconf 68' lang='lat' dir='ltr'>injcfium</span> <span class='ocrx_word' id='word_1_200' title='bbox 533 1362 603 1396; x_wconf 90' lang='lat' dir='ltr'>Ileo</span> <span class='ocrx_word' id='word_1_201' title='bbox 627 1363 797 1398; x_wconf 83' lang='lat' dir='ltr'>vinculum</span> <span class='ocrx_word' id='word_1_202' title='bbox 815 1362 883 1405; x_wconf 78' lang='lat' dir='ltr'>jam</span> <span class='ocrx_word' id='word_1_203' title='bbox 912 1366 1039 1399; x_wconf 82' lang='lat' dir='ltr'>vomitu</span> <span class='ocrx_word' id='word_1_204' title='bbox 1071 1375 1144 1397; x_wconf 89' lang='lat' dir='ltr'>cor-</span> 
     </span>
     <span class='ocr_line' id='line_1_28' title="bbox 131 1406 1145 1449; baseline 0 -8"><span class='ocrx_word' id='word_1_205' title='bbox 131 1407 260 1449; x_wconf 87' lang='lat' dir='ltr'>reptis,</span> <span class='ocrx_word' id='word_1_206' title='bbox 286 1416 351 1440; x_wconf 84' lang='lat' dir='ltr'>non</span> <span class='ocrx_word' id='word_1_207' title='bbox 377 1407 523 1449; x_wconf 68' lang='lat' dir='ltr'>potuerit</span> <span class='ocrx_word' id='word_1_208' title='bbox 548 1407 573 1439; x_wconf 90' lang='lat' dir='ltr'>is</span> <span class='ocrx_word' id='word_1_209' title='bbox 599 1414 704 1439; x_wconf 83' lang='lat' dir='ltr'>motus</span> <span class='ocrx_word' id='word_1_210' title='bbox 730 1406 970 1446; x_wconf 75' lang='lat' dir='ltr'>animadverti5</span> <span class='ocrx_word' id='word_1_211' title='bbox 1003 1409 1072 1441; x_wconf 88' lang='lat' dir='ltr'>imo</span> <span class='ocrx_word' id='word_1_212' title='bbox 1108 1418 1145 1441; x_wconf 85' lang='lat' dir='ltr'>ne</span> 
     </span>
     <span class='ocr_line' id='line_1_29' title="bbox 129 1449 1146 1495; baseline -0.001 -11"><span class='ocrx_word' id='word_1_213' title='bbox 129 1450 344 1494; x_wconf 85' lang='lat' dir='ltr'>peristalticus</span> <span class='ocrx_word' id='word_1_214' title='bbox 367 1450 518 1491; x_wconf 83' lang='lat' dir='ltr'>quidem,</span> <span class='ocrx_word' id='word_1_215' title='bbox 547 1450 575 1495; x_wconf 49' lang='lat' dir='ltr'>sia</span> <span class='ocrx_word' id='word_1_216' title='bbox 596 1460 667 1491; x_wconf 77' lang='lat' dir='ltr'>qua:</span> <span class='ocrx_word' id='word_1_217' title='bbox 691 1450 728 1483; x_wconf 92' lang='lat' dir='ltr'>ad</span> <span class='ocrx_word' id='word_1_218' title='bbox 754 1449 848 1484; x_wconf 89' lang='lat' dir='ltr'>finem</span> <span class='ocrx_word' id='word_1_219' title='bbox 874 1450 945 1485; x_wconf 89' lang='lat' dir='ltr'>sunt</span> <span class='ocrx_word' id='word_1_220' title='bbox 968 1450 1063 1493; x_wconf 70' lang='lat' dir='ltr'>huius</span> <span class='ocrx_word' id='word_1_221' title='bbox 1080 1452 1146 1484; x_wconf 84' lang='lat' dir='ltr'>Ex-</span> 
     </span>
     <span class='ocr_line' id='line_1_30' title="bbox 128 1493 1146 1538; baseline 0 -12"><span class='ocrx_word' id='word_1_222' title='bbox 128 1494 339 1538; x_wconf 83' lang='lat' dir='ltr'>plicationis,</span> <span class='ocrx_word' id='word_1_223' title='bbox 366 1493 531 1531; x_wconf 80' lang='lat' dir='ltr'>attendas,</span> <span class='ocrx_word' id='word_1_224' title='bbox 559 1495 632 1526; x_wconf 77' lang='lat' dir='ltr'>satis</span> <span class='ocrx_word' id='word_1_225' title='bbox 655 1494 689 1525; x_wconf 86' lang='lat' dir='ltr'>in</span> <span class='ocrx_word' id='word_1_226' title='bbox 716 1494 822 1532; x_wconf 86' lang='lat' dir='ltr'>vivis,</span> <span class='ocrx_word' id='word_1_227' title='bbox 846 1494 990 1536; x_wconf 80' lang='lat' dir='ltr'>sanisque</span> <span class='ocrx_word' id='word_1_228' title='bbox 1002 1497 1146 1527; x_wconf 84' lang='lat' dir='ltr'>animan-</span> 
     </span>
     <span class='ocr_line' id='line_1_31' title="bbox 128 1534 1146 1579; baseline -0.001 -7"><span class='ocrx_word' id='word_1_229' title='bbox 128 1538 227 1572; x_wconf 35' lang='lat' dir='ltr'>tibus*</span> <span class='ocrx_word' id='word_1_230' title='bbox 253 1535 383 1579; x_wconf 78' lang='lat' dir='ltr'>agnosci</span> <span class='ocrx_word' id='word_1_231' title='bbox 421 1537 562 1578; x_wconf 86' lang='lat' dir='ltr'>amplius</span> <span class='ocrx_word' id='word_1_232' title='bbox 595 1534 747 1571; x_wconf 87' lang='lat' dir='ltr'>videntur</span> <span class='ocrx_word' id='word_1_233' title='bbox 771 1562 780 1571; x_wconf 94' lang='lat'><strong><em>.</em></strong></span> <span class='ocrx_word' id='word_1_234' title='bbox 912 1539 995 1573; x_wconf 84' lang='lat' dir='ltr'>Haec</span> <span class='ocrx_word' id='word_1_235' title='bbox 1031 1538 1146 1571; x_wconf 88' lang='lat' dir='ltr'>omnia</span> 
     </span>
     <span class='ocr_line' id='line_1_32' title="bbox 127 1578 1147 1624; baseline -0.003 -8"><span class='ocrx_word' id='word_1_236' title='bbox 127 1593 203 1616; x_wconf 90' lang='lat' dir='ltr'>cum</span> <span class='ocrx_word' id='word_1_237' title='bbox 227 1584 371 1623; x_wconf 85' lang='lat' dir='ltr'>primum</span> <span class='ocrx_word' id='word_1_238' title='bbox 395 1579 483 1622; x_wconf 83' lang='lat' dir='ltr'>legi,</span> <span class='ocrx_word' id='word_1_239' title='bbox 508 1578 561 1614; x_wconf 87' lang='lat' dir='ltr'>etsi</span> <span class='ocrx_word' id='word_1_240' title='bbox 586 1580 734 1621; x_wconf 68' lang='lat' dir='ltr'>quaedam</span> <span class='ocrx_word' id='word_1_241' title='bbox 758 1588 849 1614; x_wconf 88' lang='lat' dir='ltr'>erant</span> <span class='ocrx_word' id='word_1_242' title='bbox 871 1592 943 1624; x_wconf 81' lang='lat' dir='ltr'>quae</span> <span class='ocrx_word' id='word_1_243' title='bbox 967 1592 1033 1614; x_wconf 89' lang='lat' dir='ltr'>non</span> <span class='ocrx_word' id='word_1_244' title='bbox 1067 1578 1147 1614; x_wconf 87' lang='lat' dir='ltr'>faci-</span> 
     </span>
     <span class='ocr_line' id='line_1_33' title="bbox 129 1622 1146 1669; baseline -0.003 -9"><span class='ocrx_word' id='word_1_245' title='bbox 129 1625 160 1660; x_wconf 86' lang='lat' dir='ltr'>le</span> <span class='ocrx_word' id='word_1_246' title='bbox 185 1624 319 1669; x_wconf 84' lang='lat' dir='ltr'>probari</span> <span class='ocrx_word' id='word_1_247' title='bbox 347 1623 453 1665; x_wconf 82' lang='lat' dir='ltr'>polle,</span> <span class='ocrx_word' id='word_1_248' title='bbox 477 1622 694 1664; x_wconf 83' lang='lat' dir='ltr'>intelligerem</span> <span class='ocrx_word' id='word_1_249' title='bbox 719 1635 730 1661; x_wconf 80' lang='lat'>3</span> <span class='ocrx_word' id='word_1_250' title='bbox 763 1633 868 1658; x_wconf 85' lang='lat' dir='ltr'>tamen</span> <span class='ocrx_word' id='word_1_251' title='bbox 889 1648 902 1666; x_wconf 87' lang='lat'><strong><em>,</em></strong></span> <span class='ocrx_word' id='word_1_252' title='bbox 934 1624 1023 1669; x_wconf 86' lang='lat' dir='ltr'>quod</span> <span class='ocrx_word' id='word_1_253' title='bbox 1064 1635 1146 1658; x_wconf 89' lang='lat' dir='ltr'>nun-</span> 
     </span>
     <span class='ocr_line' id='line_1_34' title="bbox 129 1664 1148 1711; baseline -0.002 -8"><span class='ocrx_word' id='word_1_254' title='bbox 129 1679 232 1711; x_wconf 82' lang='lat' dir='ltr'>quam</span> <span class='ocrx_word' id='word_1_255' title='bbox 255 1669 289 1702; x_wconf 91' lang='lat' dir='ltr'>in</span> <span class='ocrx_word' id='word_1_256' title='bbox 316 1668 383 1700; x_wconf 89' lang='lat' dir='ltr'>veri</span> <span class='ocrx_word' id='word_1_257' title='bbox 406 1664 618 1708; x_wconf 82' lang='lat' dir='ltr'>inquifitione</span> <span class='ocrx_word' id='word_1_258' title='bbox 639 1666 865 1702; x_wconf 88' lang='lat' dir='ltr'>omittendum</span> <span class='ocrx_word' id='word_1_259' title='bbox 888 1669 932 1703; x_wconf 81' lang='lat' dir='ltr'>est</span> <span class='ocrx_word' id='word_1_260' title='bbox 955 1693 965 1709; x_wconf 92' lang='lat'>,</span> <span class='ocrx_word' id='word_1_261' title='bbox 996 1669 1029 1702; x_wconf 86' lang='lat' dir='ltr'>id</span> <span class='ocrx_word' id='word_1_262' title='bbox 1061 1669 1148 1710; x_wconf 88' lang='lat' dir='ltr'>coepi</span> 
     </span>
     <span class='ocr_line' id='line_1_35' title="bbox 130 1709 1148 1754; baseline -0.001 -8"><span class='ocrx_word' id='word_1_263' title='bbox 130 1713 259 1747; x_wconf 86' lang='lat' dir='ltr'>facere,</span> <span class='ocrx_word' id='word_1_264' title='bbox 282 1718 319 1744; x_wconf 90' lang='lat' dir='ltr'>ut</span> <span class='ocrx_word' id='word_1_265' title='bbox 344 1719 410 1743; x_wconf 89' lang='lat' dir='ltr'>non</span> <span class='ocrx_word' id='word_1_266' title='bbox 434 1709 534 1743; x_wconf 87' lang='lat' dir='ltr'>modo</span> <span class='ocrx_word' id='word_1_267' title='bbox 557 1720 631 1751; x_wconf 79' lang='lat' dir='ltr'>quae</span> <span class='ocrx_word' id='word_1_268' title='bbox 654 1721 791 1750; x_wconf 84' lang='lat' dir='ltr'>contra,</span> <span class='ocrx_word' id='word_1_269' title='bbox 817 1723 927 1746; x_wconf 81' lang='lat' dir='ltr'>verum</span> <span class='ocrx_word' id='word_1_270' title='bbox 952 1713 1051 1746; x_wconf 88' lang='lat' dir='ltr'>etiam</span> <span class='ocrx_word' id='word_1_271' title='bbox 1075 1724 1148 1754; x_wconf 78' lang='lat' dir='ltr'>quae</span> 
     </span>
    </p>
   </div>
   <div class='ocr_carea' id='block_1_3' title="bbox 68 1751 1149 1798">
    <p class='ocr_par' dir='ltr' id='par_1_4' title="bbox 68 1751 1149 1798">
     <span class='ocr_line' id='line_1_36' title="bbox 68 1751 1149 1798; baseline 0 -10"><span class='ocrx_word' id='word_1_272' title='bbox 68 1785 74 1795; x_wconf 54' lang='lat'>„</span> <span class='ocrx_word' id='word_1_273' title='bbox 127 1766 191 1798; x_wconf 88' lang='lat' dir='ltr'>pro</span> <span class='ocrx_word' id='word_1_274' title='bbox 213 1752 270 1788; x_wconf 87' lang='lat' dir='ltr'>ista</span> <span class='ocrx_word' id='word_1_275' title='bbox 295 1753 526 1796; x_wconf 81' lang='lat' dir='ltr'>Explicatione</span> <span class='ocrx_word' id='word_1_276' title='bbox 550 1751 661 1788; x_wconf 85' lang='lat' dir='ltr'>afferri</span> <span class='ocrx_word' id='word_1_277' title='bbox 707 1753 833 1798; x_wconf 81' lang='lat' dir='ltr'>possent</span> <span class='ocrx_word' id='word_1_278' title='bbox 857 1777 867 1794; x_wconf 92' lang='lat'>,</span> <span class='ocrx_word' id='word_1_279' title='bbox 915 1756 1112 1789; x_wconf 81' lang='lat' dir='ltr'>attenderem</span> <span class='ocrx_word' id='word_1_280' title='bbox 1140 1780 1149 1788; x_wconf 91' lang='lat'><strong>.</strong></span> 
     </span>
    </p>
   </div>
   <div class='ocr_carea' id='block_1_4' title="bbox 98 1796 1152 3585">
    <p class='ocr_par' dir='ltr' id='par_1_5' title="bbox 98 1796 1152 3585">
     <span class='ocr_line' id='line_1_37' title="bbox 128 1796 1151 1841; baseline 0 -8"><span class='ocrx_word' id='word_1_281' title='bbox 128 1800 245 1841; x_wconf 85' lang='lat' dir='ltr'>Itaque</span> <span class='ocrx_word' id='word_1_282' title='bbox 270 1796 431 1831; x_wconf 86' lang='lat' dir='ltr'>nonnulla</span> <span class='ocrx_word' id='word_1_283' title='bbox 455 1805 567 1831; x_wconf 84' lang='lat' dir='ltr'>eorum</span> <span class='ocrx_word' id='word_1_284' title='bbox 591 1808 664 1839; x_wconf 83' lang='lat' dir='ltr'>quae</span> <span class='ocrx_word' id='word_1_285' title='bbox 689 1796 753 1832; x_wconf 82' lang='lat' dir='ltr'>luis</span> <span class='ocrx_word' id='word_1_286' title='bbox 765 1807 836 1832; x_wconf 88' lang='lat' dir='ltr'>tum</span> <span class='ocrx_word' id='word_1_287' title='bbox 853 1800 1056 1840; x_wconf 79' lang='lat' dir='ltr'>rationibus,</span> <span class='ocrx_word' id='word_1_288' title='bbox 1078 1808 1151 1833; x_wconf 90' lang='lat' dir='ltr'>tum</span> 
     </span>
     <span class='ocr_line' id='line_1_38' title="bbox 133 1840 1152 1885; baseline -0.002 -9"><span class='ocrx_word' id='word_1_289' title='bbox 133 1841 368 1885; x_wconf 82' lang='lat' dir='ltr'>experimentis</span> <span class='ocrx_word' id='word_1_290' title='bbox 389 1840 644 1874; x_wconf 76' lang='lat' dir='ltr'>confirmaverat</span> <span class='ocrx_word' id='word_1_291' title='bbox 679 1840 864 1883; x_wconf 82' lang='lat' dir='ltr'>ingeniosus</span> <span class='ocrx_word' id='word_1_292' title='bbox 887 1843 1015 1876; x_wconf 70' lang='grc' dir='ltr'>Αυᾶοτ</span> <span class='ocrx_word' id='word_1_293' title='bbox 1034 1866 1047 1884; x_wconf 84' lang='grc'>,</span> <span class='ocrx_word' id='word_1_294' title='bbox 1083 1844 1152 1876; x_wconf 86' lang='lat' dir='ltr'>ani.</span> 
     </span>
     <span class='ocr_line' id='line_1_39' title="bbox 129 1884 1151 1929; baseline 0.002 -10"><span class='ocrx_word' id='word_1_295' title='bbox 129 1885 294 1921; x_wconf 84' lang='lat' dir='ltr'>madverti</span> <span class='ocrx_word' id='word_1_296' title='bbox 311 1906 322 1922; x_wconf 90' lang='lat'><em>‚</em></span> <span class='ocrx_word' id='word_1_297' title='bbox 344 1884 427 1919; x_wconf 85' lang='lat' dir='ltr'>meis</span> <span class='ocrx_word' id='word_1_298' title='bbox 451 1894 584 1926; x_wconf 82' lang='lat' dir='ltr'>quoque</span> <span class='ocrx_word' id='word_1_299' title='bbox 606 1884 814 1926; x_wconf 84' lang='lat' dir='ltr'>comprobari</span> <span class='ocrx_word' id='word_1_300' title='bbox 839 1911 848 1919; x_wconf 92' lang='lat'><strong>.</strong></span> <span class='ocrx_word' id='word_1_301' title='bbox 883 1886 972 1919; x_wconf 89' lang='lat' dir='ltr'>Nam</span> <span class='ocrx_word' id='word_1_302' title='bbox 997 1886 1087 1929; x_wconf 86' lang='lat' dir='ltr'>quod</span> <span class='ocrx_word' id='word_1_303' title='bbox 1110 1887 1151 1921; x_wconf 88' lang='lat' dir='ltr'>ad</span> 
     </span>
     <span class='ocr_line' id='line_1_40' title="bbox 131 1925 1147 1972; baseline 0.002 -10"><span class='ocrx_word' id='word_1_304' title='bbox 131 1927 361 1963; x_wconf 85' lang='lat' dir='ltr'>intestinorum</span> <span class='ocrx_word' id='word_1_305' title='bbox 385 1925 427 1961; x_wconf 66' lang='lat' dir='ltr'>ab</span> <span class='ocrx_word' id='word_1_306' title='bbox 448 1926 616 1960; x_wconf 82' lang='lat' dir='ltr'>obstaculo</span> <span class='ocrx_word' id='word_1_307' title='bbox 639 1927 681 1960; x_wconf 86' lang='lat' dir='ltr'>ad</span> <span class='ocrx_word' id='word_1_308' title='bbox 704 1929 922 1963; x_wconf 78' lang='lat' dir='ltr'>ventriculum</span> <span class='ocrx_word' id='word_1_309' title='bbox 946 1928 1044 1972; x_wconf 89' lang='lat' dir='ltr'>usque</span> <span class='ocrx_word' id='word_1_310' title='bbox 1080 1930 1147 1972; x_wconf 87' lang='lat' dir='ltr'>ple-</span> 
     </span>
     <span class='ocr_line' id='line_1_41' title="bbox 129 1968 1148 2013; baseline 0.001 -7"><span class='ocrx_word' id='word_1_311' title='bbox 129 1971 317 2006; x_wconf 86' lang='lat' dir='ltr'>nitudinem</span> <span class='ocrx_word' id='word_1_312' title='bbox 328 1968 450 2013; x_wconf 69' lang='lat' dir='ltr'>spestat</span> <span class='ocrx_word' id='word_1_313' title='bbox 466 1992 476 2008; x_wconf 78' lang='lat'>‚</span> <span class='ocrx_word' id='word_1_314' title='bbox 499 1969 570 2005; x_wconf 82' lang='lat' dir='ltr'>haec</span> <span class='ocrx_word' id='word_1_315' title='bbox 585 1971 662 2003; x_wconf 80' lang='lat' dir='ltr'>meis</span> <span class='ocrx_word' id='word_1_316' title='bbox 673 1982 805 2013; x_wconf 85' lang='lat' dir='ltr'>quoque</span> <span class='ocrx_word' id='word_1_317' title='bbox 817 1970 1038 2007; x_wconf 87' lang='lat' dir='ltr'>humanorum</span> <span class='ocrx_word' id='word_1_318' title='bbox 1053 1974 1148 2007; x_wconf 89' lang='lat' dir='ltr'>cada-</span> 
     </span>
     <span class='ocr_line' id='line_1_42' title="bbox 132 2012 1146 2061; baseline 0 -11"><span class='ocrx_word' id='word_1_319' title='bbox 132 2026 247 2051; x_wconf 84' lang='lat' dir='ltr'>verum</span> <span class='ocrx_word' id='word_1_320' title='bbox 261 2040 271 2056; x_wconf 90' lang='lat'>‚</span> <span class='ocrx_word' id='word_1_321' title='bbox 289 2013 414 2061; x_wconf 42' lang='lat' dir='ltr'>,quibus</span> <span class='ocrx_word' id='word_1_322' title='bbox 437 2012 505 2057; x_wconf 85' lang='lat' dir='ltr'>ipse</span> <span class='ocrx_word' id='word_1_323' title='bbox 529 2012 664 2047; x_wconf 81' lang='lat' dir='ltr'>caruiffe</span> <span class='ocrx_word' id='word_1_324' title='bbox 685 2017 839 2056; x_wconf 83' lang='lat' dir='ltr'>queritur</span> <span class='ocrx_word' id='word_1_325' title='bbox 854 2040 863 2056; x_wconf 91' lang='lat'>,</span> <span class='ocrx_word' id='word_1_326' title='bbox 888 2016 1146 2050; x_wconf 89' lang='lat' dir='ltr'>Observationi-</span> 
     </span>
     <span class='ocr_line' id='line_1_43' title="bbox 125 2056 1151 2102; baseline 0 -8"><span class='ocrx_word' id='word_1_327' title='bbox 125 2059 187 2094; x_wconf 90' lang='lat' dir='ltr'>bus</span> <span class='ocrx_word' id='word_1_328' title='bbox 208 2061 243 2092; x_wconf 90' lang='lat' dir='ltr'>in</span> <span class='ocrx_word' id='word_1_329' title='bbox 266 2056 428 2099; x_wconf 72' lang='lat' dir='ltr'>ejusmodi</span> <span class='ocrx_word' id='word_1_330' title='bbox 453 2057 577 2091; x_wconf 77' lang='lat' dir='ltr'>morbis</span> <span class='ocrx_word' id='word_1_331' title='bbox 600 2067 765 2099; x_wconf 79' lang='lat' dir='ltr'>comperta</span> <span class='ocrx_word' id='word_1_332' title='bbox 790 2057 833 2092; x_wconf 89' lang='lat' dir='ltr'>est</span> <span class='ocrx_word' id='word_1_333' title='bbox 848 2084 856 2097; x_wconf 92' lang='lat'><strong><em>‚</em></strong></span> <span class='ocrx_word' id='word_1_334' title='bbox 881 2067 917 2092; x_wconf 90' lang='lat' dir='ltr'>ut</span> <span class='ocrx_word' id='word_1_335' title='bbox 941 2059 1003 2092; x_wconf 92' lang='lat' dir='ltr'>tibi</span> <span class='ocrx_word' id='word_1_336' title='bbox 1028 2071 1151 2102; x_wconf 88' lang='lat' dir='ltr'>propo-</span> 
     </span>
     <span class='ocr_line' id='line_1_44' title="bbox 98 2100 1151 2146; baseline -0.002 -9"><span class='ocrx_word' id='word_1_337' title='bbox 98 2122 101 2123; x_wconf 32' lang='lat'><em>*</em></span> <span class='ocrx_word' id='word_1_338' title='bbox 127 2103 196 2137; x_wconf 75' lang='lat' dir='ltr'>sitae</span> <span class='ocrx_word' id='word_1_339' title='bbox 219 2100 393 2137; x_wconf 85' lang='lat' dir='ltr'>ostendunt</span> <span class='ocrx_word' id='word_1_340' title='bbox 419 2100 587 2142; x_wconf 81' lang='lat' dir='ltr'>Agricolae</span> <span class='ocrx_word' id='word_1_341' title='bbox 611 2100 666 2146; x_wconf 85' lang='lat' dir='ltr'>(p</span> <span class='ocrx_word' id='word_1_342' title='bbox 687 2100 724 2141; x_wconf 86' lang='lat'>),</span> <span class='ocrx_word' id='word_1_343' title='bbox 749 2101 858 2144; x_wconf 87' lang='lat' dir='ltr'>Bajuli</span> <span class='ocrx_word' id='word_1_344' title='bbox 883 2106 893 2141; x_wconf 90' lang='lat'>(</span> <span class='ocrx_word' id='word_1_345' title='bbox 918 2113 937 2143; x_wconf 81' lang='lat' dir='ltr'>q</span> <span class='ocrx_word' id='word_1_346' title='bbox 960 2105 998 2142; x_wconf 87' lang='lat'>)‚</span> <span class='ocrx_word' id='word_1_347' title='bbox 1023 2105 1055 2135; x_wconf 84' lang='lat'>&amp;</span> <span class='ocrx_word' id='word_1_348' title='bbox 1079 2114 1151 2136; x_wconf 88' lang='lat' dir='ltr'>ma-</span> 
     </span>
     <span class='ocr_line' id='line_1_45' title="bbox 126 2143 1150 2190; baseline -0.001 -10"><span class='ocrx_word' id='word_1_349' title='bbox 126 2156 189 2190; x_wconf 83' lang='lat' dir='ltr'>gna</span> <span class='ocrx_word' id='word_1_350' title='bbox 211 2157 251 2180; x_wconf 86' lang='lat' dir='ltr'>ex</span> <span class='ocrx_word' id='word_1_351' title='bbox 275 2151 368 2187; x_wconf 87' lang='lat' dir='ltr'>parte</span> <span class='ocrx_word' id='word_1_352' title='bbox 391 2144 546 2178; x_wconf 85' lang='lat' dir='ltr'>Mulieris</span> <span class='ocrx_word' id='word_1_353' title='bbox 569 2143 735 2184; x_wconf 75' lang='lat' dir='ltr'>cujusdam</span> <span class='ocrx_word' id='word_1_354' title='bbox 761 2148 771 2183; x_wconf 95' lang='lat'>(</span> <span class='ocrx_word' id='word_1_355' title='bbox 797 2155 812 2176; x_wconf 91' lang='lat' dir='ltr'>r</span> <span class='ocrx_word' id='word_1_356' title='bbox 833 2149 847 2185; x_wconf 88' lang='lat'><em>)</em></span> <span class='ocrx_word' id='word_1_357' title='bbox 871 2144 1036 2178; x_wconf 85' lang='lat' dir='ltr'>historiae.</span> <span class='ocrx_word' id='word_1_358' title='bbox 1062 2145 1150 2179; x_wconf 83' lang='lat' dir='ltr'>Pofi-</span> 
     </span>
     <span class='ocr_line' id='line_1_46' title="bbox 127 2185 1151 2227; baseline -0.003 -3"><span class='ocrx_word' id='word_1_359' title='bbox 127 2200 164 2226; x_wconf 83' lang='lat' dir='ltr'>ta</span> <span class='ocrx_word' id='word_1_360' title='bbox 187 2198 299 2225; x_wconf 86' lang='lat' dir='ltr'>autem</span> <span class='ocrx_word' id='word_1_361' title='bbox 323 2196 389 2220; x_wconf 87' lang='lat' dir='ltr'>non</span> <span class='ocrx_word' id='word_1_362' title='bbox 414 2186 582 2222; x_wconf 87' lang='lat' dir='ltr'>Tenuium</span> <span class='ocrx_word' id='word_1_363' title='bbox 609 2186 733 2227; x_wconf 90' lang='lat' dir='ltr'>modo,</span> <span class='ocrx_word' id='word_1_364' title='bbox 754 2186 805 2220; x_wconf 87' lang='lat' dir='ltr'>sed</span> <span class='ocrx_word' id='word_1_365' title='bbox 830 2190 861 2220; x_wconf 87' lang='lat'>&amp;</span> <span class='ocrx_word' id='word_1_366' title='bbox 883 2185 1074 2222; x_wconf 81' lang='lat' dir='ltr'>Crassorum</span> <span class='ocrx_word' id='word_1_367' title='bbox 1098 2191 1151 2222; x_wconf 89' lang='lat' dir='ltr'>in-</span> 
     </span>
     <span class='ocr_line' id='line_1_47' title="bbox 129 2229 1146 2272; baseline -0.004 -4"><span class='ocrx_word' id='word_1_368' title='bbox 129 2233 324 2268; x_wconf 83' lang='lat' dir='ltr'>testinorum</span> <span class='ocrx_word' id='word_1_369' title='bbox 347 2229 572 2272; x_wconf 85' lang='lat' dir='ltr'>plenitudine,</span> <span class='ocrx_word' id='word_1_370' title='bbox 596 2229 686 2263; x_wconf 89' lang='lat' dir='ltr'>ultro</span> <span class='ocrx_word' id='word_1_371' title='bbox 708 2240 857 2271; x_wconf 87' lang='lat' dir='ltr'>apparere</span> <span class='ocrx_word' id='word_1_372' title='bbox 889 2230 1146 2272; x_wconf 81' lang='lat' dir='ltr'>impedimentum</span> 
     </span>
     <span class='ocr_line' id='line_1_48' title="bbox 129 2272 1149 2317; baseline -0.006 -7"><span class='ocrx_word' id='word_1_373' title='bbox 129 2276 214 2311; x_wconf 92' lang='lat' dir='ltr'>illud</span> <span class='ocrx_word' id='word_1_374' title='bbox 239 2274 409 2311; x_wconf 83' lang='lat' dir='ltr'>videbam,</span> <span class='ocrx_word' id='word_1_375' title='bbox 444 2274 535 2314; x_wconf 90' lang='lat' dir='ltr'>quod</span> <span class='ocrx_word' id='word_1_376' title='bbox 570 2272 605 2305; x_wconf 89' lang='lat' dir='ltr'>in</span> <span class='ocrx_word' id='word_1_377' title='bbox 640 2272 842 2306; x_wconf 86' lang='lat' dir='ltr'>Adversariis</span> <span class='ocrx_word' id='word_1_378' title='bbox 878 2274 982 2317; x_wconf 88' lang='lat' dir='ltr'><em>(f),</em></span> <span class='ocrx_word' id='word_1_379' title='bbox 1016 2285 1149 2316; x_wconf 82' lang='lat' dir='ltr'>genera-</span> 
     </span>
     <span class='ocr_line' id='line_1_49' title="bbox 126 2313 1147 2362; baseline -0.005 -6"><span class='ocrx_word' id='word_1_380' title='bbox 126 2322 211 2359; x_wconf 86' lang='lat' dir='ltr'>tim,</span> <span class='ocrx_word' id='word_1_381' title='bbox 236 2316 448 2361; x_wconf 80' lang='lat' dir='ltr'>quaerendurn</span> <span class='ocrx_word' id='word_1_382' title='bbox 469 2315 529 2362; x_wconf 75' lang='lat' dir='ltr'>esse</span> <span class='ocrx_word' id='word_1_383' title='bbox 546 2337 559 2354; x_wconf 93' lang='lat'><em>‚</em></span> <span class='ocrx_word' id='word_1_384' title='bbox 585 2313 831 2355; x_wconf 84' lang='lat' dir='ltr'>indicaveram,</span> <span class='ocrx_word' id='word_1_385' title='bbox 853 2328 920 2359; x_wconf 88' lang='lat' dir='ltr'>quo</span> <span class='ocrx_word' id='word_1_386' title='bbox 933 2319 1147 2359; x_wconf 87' lang='lat' dir='ltr'>impedimen-</span> 
     </span>
     <span class='ocr_line' id='line_1_50' title="bbox 129 2358 1147 2402; baseline -0.002 -5"><span class='ocrx_word' id='word_1_387' title='bbox 129 2373 168 2398; x_wconf 89' lang='lat' dir='ltr'>to</span> <span class='ocrx_word' id='word_1_388' title='bbox 191 2363 230 2397; x_wconf 84' lang='lat' dir='ltr'>ad</span> <span class='ocrx_word' id='word_1_389' title='bbox 255 2368 380 2402; x_wconf 82' lang='lat' dir='ltr'>tempus</span> <span class='ocrx_word' id='word_1_390' title='bbox 402 2358 565 2400; x_wconf 69' lang='lat' dir='ltr'>interjecfio</span> <span class='ocrx_word' id='word_1_391' title='bbox 589 2358 732 2393; x_wconf 87' lang='lat' dir='ltr'>Bauhini</span> <span class='ocrx_word' id='word_1_392' title='bbox 767 2359 894 2393; x_wconf 83' lang='lat' dir='ltr'>valvula</span> <span class='ocrx_word' id='word_1_393' title='bbox 931 2360 993 2393; x_wconf 81' lang='lat' dir='ltr'>rite</span> <span class='ocrx_word' id='word_1_394' title='bbox 1027 2361 1147 2395; x_wconf 81' lang='lat' dir='ltr'>occludi</span> 
     </span>
     <span class='ocr_line' id='line_1_51' title="bbox 129 2401 1145 2449; baseline -0.002 -8"><span class='ocrx_word' id='word_1_395' title='bbox 129 2417 189 2441; x_wconf 78' lang='lat' dir='ltr'>non</span> <span class='ocrx_word' id='word_1_396' title='bbox 208 2403 330 2449; x_wconf 72' lang='lat' dir='ltr'>poffit,·</span> <span class='ocrx_word' id='word_1_397' title='bbox 352 2401 391 2436; x_wconf 89' lang='lat' dir='ltr'>ad</span> <span class='ocrx_word' id='word_1_398' title='bbox 415 2410 567 2445; x_wconf 85' lang='lat' dir='ltr'>tempus,</span> <span class='ocrx_word' id='word_1_399' title='bbox 593 2403 754 2445; x_wconf 62' lang='lat' dir='ltr'>inquiritis</span> <span class='ocrx_word' id='word_1_400' title='bbox 787 2413 862 2436; x_wconf 88' lang='lat' dir='ltr'>nam</span> <span class='ocrx_word' id='word_1_401' title='bbox 893 2402 916 2437; x_wconf 86' lang='lat' dir='ltr'>s1</span> <span class='ocrx_word' id='word_1_402' title='bbox 952 2415 1145 2446; x_wconf 81' lang='lat' dir='ltr'>perpetuum</span> 
     </span>
     <span class='ocr_line' id='line_1_52' title="bbox 128 2444 1141 2492; baseline 0 -9"><span class='ocrx_word' id='word_1_403' title='bbox 128 2449 188 2488; x_wconf 81' lang='lat' dir='ltr'>sit,</span> <span class='ocrx_word' id='word_1_404' title='bbox 213 2459 281 2482; x_wconf 90' lang='lat' dir='ltr'>non</span> <span class='ocrx_word' id='word_1_405' title='bbox 305 2445 529 2487; x_wconf 75' lang='lat' dir='ltr'>intelligetur,</span> <span class='ocrx_word' id='word_1_406' title='bbox 550 2456 617 2492; x_wconf 79' lang='lat' dir='ltr'>qua</span> <span class='ocrx_word' id='word_1_407' title='bbox 641 2447 766 2481; x_wconf 82' lang='lat' dir='ltr'>ratione</span> <span class='ocrx_word' id='word_1_408' title='bbox 799 2444 868 2488; x_wconf 86' lang='lat' dir='ltr'>post</span> <span class='ocrx_word' id='word_1_409' title='bbox 902 2445 1054 2489; x_wconf 61' lang='lat' dir='ltr'>trajeuos</span> <span class='ocrx_word' id='word_1_410' title='bbox 1087 2459 1141 2490; x_wconf 88' lang='lat' dir='ltr'>per</span> 
     </span>
     <span class='ocr_line' id='line_1_53' title="bbox 127 2487 1142 2532; baseline -0.001 -6"><span class='ocrx_word' id='word_1_411' title='bbox 127 2493 222 2527; x_wconf 84' lang='lat' dir='ltr'>illam</span> <span class='ocrx_word' id='word_1_412' title='bbox 245 2491 415 2532; x_wconf 83' lang='lat' dir='ltr'>clysteres‚</span> <span class='ocrx_word' id='word_1_413' title='bbox 440 2490 480 2522; x_wconf 87' lang='lat' dir='ltr'>ad</span> <span class='ocrx_word' id='word_1_414' title='bbox 503 2487 650 2522; x_wconf 83' lang='lat' dir='ltr'>officium</span> <span class='ocrx_word' id='word_1_415' title='bbox 672 2489 740 2532; x_wconf 90' lang='lat' dir='ltr'>ipsa</span> <span class='ocrx_word' id='word_1_416' title='bbox 764 2491 815 2523; x_wconf 91' lang='lat' dir='ltr'>vel</span> <span class='ocrx_word' id='word_1_417' title='bbox 839 2491 1002 2525; x_wconf 85' lang='lat' dir='ltr'>continuo</span> <span class='ocrx_word' id='word_1_418' title='bbox 1037 2492 1142 2526; x_wconf 87' lang='lat' dir='ltr'>redie-</span> 
     </span>
     <span class='ocr_line' id='line_1_54' title="bbox 126 2531 1141 2578; baseline -0.005 -5"><span class='ocrx_word' id='word_1_419' title='bbox 126 2538 193 2573; x_wconf 83' lang='lat' dir='ltr'>rit,</span> <span class='ocrx_word' id='word_1_420' title='bbox 216 2544 253 2570; x_wconf 92' lang='lat' dir='ltr'>ut</span> <span class='ocrx_word' id='word_1_421' title='bbox 275 2536 310 2567; x_wconf 90' lang='lat' dir='ltr'>in</span> <span class='ocrx_word' id='word_1_422' title='bbox 334 2531 528 2576; x_wconf 81' lang='lat' dir='ltr'>quibusdam</span> <span class='ocrx_word' id='word_1_423' title='bbox 551 2543 589 2565; x_wconf 87' lang='lat' dir='ltr'>ex</span> <span class='ocrx_word' id='word_1_424' title='bbox 612 2533 653 2566; x_wconf 81' lang='lat' dir='ltr'>iis</span> <span class='ocrx_word' id='word_1_425' title='bbox 676 2532 802 2568; x_wconf 76' lang='lat' dir='ltr'>casibus</span> <span class='ocrx_word' id='word_1_426' title='bbox 835 2532 939 2567; x_wconf 89' lang='lat' dir='ltr'>visum</span> <span class='ocrx_word' id='word_1_427' title='bbox 973 2533 1016 2568; x_wconf 82' lang='lat' dir='ltr'>est</span> <span class='ocrx_word' id='word_1_428' title='bbox 1038 2557 1048 2573; x_wconf 91' lang='lat'>,</span> <span class='ocrx_word' id='word_1_429' title='bbox 1082 2536 1141 2578; x_wconf 89' lang='lat' dir='ltr'>qui</span> 
     </span>
     <span class='ocr_line' id='line_1_55' title="bbox 128 2573 1142 2623; baseline -0.002 -9"><span class='ocrx_word' id='word_1_430' title='bbox 128 2579 227 2623; x_wconf 84' lang='lat' dir='ltr'>paulo</span> <span class='ocrx_word' id='word_1_431' title='bbox 251 2587 325 2612; x_wconf 87' lang='lat' dir='ltr'>ante</span> <span class='ocrx_word' id='word_1_432' title='bbox 346 2579 361 2618; x_wconf 88' lang='lat'><strong>(</strong></span> <span class='ocrx_word' id='word_1_433' title='bbox 383 2583 398 2608; x_wconf 75' lang='lat' dir='ltr'>r</span> <span class='ocrx_word' id='word_1_434' title='bbox 421 2578 432 2615; x_wconf 87' lang='lat'><em>)</em></span> <span class='ocrx_word' id='word_1_435' title='bbox 457 2576 529 2609; x_wconf 90' lang='lat' dir='ltr'>sunt</span> <span class='ocrx_word' id='word_1_436' title='bbox 555 2573 714 2610; x_wconf 81' lang='lat' dir='ltr'>indicati.</span> <span class='ocrx_word' id='word_1_437' title='bbox 739 2578 780 2609; x_wconf 90' lang='lat' dir='ltr'>In</span> <span class='ocrx_word' id='word_1_438' title='bbox 803 2577 869 2611; x_wconf 88' lang='lat' dir='ltr'>illis</span> <span class='ocrx_word' id='word_1_439' title='bbox 892 2578 979 2611; x_wconf 89' lang='lat' dir='ltr'>enim</span> <span class='ocrx_word' id='word_1_440' title='bbox 1004 2589 1067 2611; x_wconf 91' lang='lat' dir='ltr'>non</span> <span class='ocrx_word' id='word_1_441' title='bbox 1093 2579 1142 2612; x_wconf 84' lang='lat' dir='ltr'>sa-</span> 
     </span>
     <span class='ocr_line' id='line_1_56' title="bbox 127 2619 1141 2663; baseline -0.003 -5"><span class='ocrx_word' id='word_1_442' title='bbox 127 2625 173 2659; x_wconf 86' lang='lat' dir='ltr'>tis</span> <span class='ocrx_word' id='word_1_443' title='bbox 194 2621 314 2657; x_wconf 79' lang='lat' dir='ltr'>faceret</span> <span class='ocrx_word' id='word_1_444' title='bbox 338 2630 449 2653; x_wconf 79' lang='lat' dir='ltr'>eorum</span> <span class='ocrx_word' id='word_1_445' title='bbox 472 2619 647 2661; x_wconf 80' lang='lat' dir='ltr'>explicatio</span> <span class='ocrx_word' id='word_1_446' title='bbox 671 2620 729 2663; x_wconf 89' lang='lat' dir='ltr'>qui</span> <span class='ocrx_word' id='word_1_447' title='bbox 767 2621 801 2653; x_wconf 86' lang='lat' dir='ltr'>in</span> <span class='ocrx_word' id='word_1_448' title='bbox 836 2619 941 2654; x_wconf 87' lang='lat' dir='ltr'>ileofis</span> <span class='ocrx_word' id='word_1_449' title='bbox 978 2622 1141 2655; x_wconf 82' lang='lat' dir='ltr'>valvulam</span> 
     </span>
     <span class='ocr_line' id='line_1_57' title="bbox 128 2662 1141 2710; baseline 0 -10"><span class='ocrx_word' id='word_1_450' title='bbox 128 2667 264 2710; x_wconf 84' lang='lat' dir='ltr'>rumpi,</span> <span class='ocrx_word' id='word_1_451' title='bbox 286 2672 342 2699; x_wconf 87' lang='lat' dir='ltr'>aut</span> <span class='ocrx_word' id='word_1_452' title='bbox 366 2662 583 2708; x_wconf 71' lang='lat' dir='ltr'>paralyticam</span> <span class='ocrx_word' id='word_1_453' title='bbox 618 2663 686 2697; x_wconf 85' lang='lat' dir='ltr'>fieri</span> <span class='ocrx_word' id='word_1_454' title='bbox 708 2686 722 2703; x_wconf 87' lang='lat'><em>,</em></span> <span class='ocrx_word' id='word_1_455' title='bbox 753 2662 964 2706; x_wconf 85' lang='lat' dir='ltr'>conjecerunt</span> <span class='ocrx_word' id='word_1_456' title='bbox 987 2689 994 2698; x_wconf 87' lang='lat'>.</span> <span class='ocrx_word' id='word_1_457' title='bbox 1028 2665 1141 2709; x_wconf 83' lang='lat' dir='ltr'>Quam</span> 
     </span>
     <span class='ocr_line' id='line_1_58' title="bbox 130 2706 1141 2754; baseline -0.003 -8"><span class='ocrx_word' id='word_1_458' title='bbox 130 2722 193 2754; x_wconf 81' lang='lat' dir='ltr'>ego</span> <span class='ocrx_word' id='word_1_459' title='bbox 214 2709 371 2744; x_wconf 83' lang='lat' dir='ltr'>ultimam</span> <span class='ocrx_word' id='word_1_460' title='bbox 394 2706 621 2747; x_wconf 65' lang='lat' dir='ltr'>conjeeturam</span> <span class='ocrx_word' id='word_1_461' title='bbox 643 2718 681 2740; x_wconf 87' lang='lat' dir='ltr'>ne</span> <span class='ocrx_word' id='word_1_462' title='bbox 705 2716 783 2741; x_wconf 89' lang='lat' dir='ltr'>tunc</span> <span class='ocrx_word' id='word_1_463' title='bbox 806 2707 939 2750; x_wconf 88' lang='lat' dir='ltr'>quidem</span> <span class='ocrx_word' id='word_1_464' title='bbox 962 2707 1078 2742; x_wconf 85' lang='lat' dir='ltr'>habere</span> <span class='ocrx_word' id='word_1_465' title='bbox 1093 2710 1141 2743; x_wconf 93' lang='lat' dir='ltr'>lo-</span> 
     </span>
     <span class='ocr_line' id='line_1_59' title="bbox 130 2750 1144 2794; baseline 0 -8"><span class='ocrx_word' id='word_1_466' title='bbox 130 2765 229 2792; x_wconf 85' lang='lat' dir='ltr'>cum,</span> <span class='ocrx_word' id='word_1_467' title='bbox 251 2751 368 2789; x_wconf 85' lang='lat' dir='ltr'>credo,</span> <span class='ocrx_word' id='word_1_468' title='bbox 388 2761 463 2784; x_wconf 89' lang='lat' dir='ltr'>curn</span> <span class='ocrx_word' id='word_1_469' title='bbox 486 2750 622 2785; x_wconf 84' lang='lat' dir='ltr'>initium</span> <span class='ocrx_word' id='word_1_470' title='bbox 646 2750 724 2783; x_wconf 93' lang='lat' dir='ltr'>Coli</span> <span class='ocrx_word' id='word_1_471' title='bbox 751 2750 890 2793; x_wconf 84' lang='lat' dir='ltr'>plurima</span> <span class='ocrx_word' id='word_1_472' title='bbox 913 2752 1062 2794; x_wconf 82' lang='lat' dir='ltr'>congesta</span> <span class='ocrx_word' id='word_1_473' title='bbox 1076 2765 1144 2786; x_wconf 82' lang='lat' dir='ltr'>ma-</span> 
     </span>
     <span class='ocr_line' id='line_1_60' title="bbox 132 2795 1143 2836; baseline -0.001 -5"><span class='ocrx_word' id='word_1_474' title='bbox 132 2798 215 2834; x_wconf 84' lang='lat' dir='ltr'>teria</span> <span class='ocrx_word' id='word_1_475' title='bbox 261 2795 433 2830; x_wconf 85' lang='lat' dir='ltr'>dilatatum</span> <span class='ocrx_word' id='word_1_476' title='bbox 476 2795 613 2835; x_wconf 89' lang='lat' dir='ltr'>ponitur</span> <span class='ocrx_word' id='word_1_477' title='bbox 647 2804 765 2836; x_wconf 87' lang='lat' dir='ltr'>praeter</span> <span class='ocrx_word' id='word_1_478' title='bbox 789 2796 946 2829; x_wconf 85' lang='lat' dir='ltr'>modum.</span> <span class='ocrx_word' id='word_1_479' title='bbox 972 2795 1063 2829; x_wconf 83' lang='lat' dir='ltr'>Nam</span> <span class='ocrx_word' id='word_1_480' title='bbox 1086 2795 1143 2830; x_wconf 76' lang='lat' dir='ltr'>etsi</span> 
     </span>
     <span class='ocr_line' id='line_1_61' title="bbox 131 2837 1144 2881; baseline 0 -8"><span class='ocrx_word' id='word_1_481' title='bbox 131 2838 261 2876; x_wconf 77' lang='lat' dir='ltr'>valvula</span> <span class='ocrx_word' id='word_1_482' title='bbox 285 2838 330 2872; x_wconf 89' lang='lat' dir='ltr'>ob</span> <span class='ocrx_word' id='word_1_483' title='bbox 352 2837 504 2871; x_wconf 79' lang='lat' dir='ltr'>resolutas</span> <span class='ocrx_word' id='word_1_484' title='bbox 526 2839 666 2871; x_wconf 84' lang='lat' dir='ltr'>duorum</span> <span class='ocrx_word' id='word_1_485' title='bbox 681 2859 690 2874; x_wconf 88' lang='lat'>,</span> <span class='ocrx_word' id='word_1_486' title='bbox 714 2849 754 2871; x_wconf 85' lang='lat' dir='ltr'>ex</span> <span class='ocrx_word' id='word_1_487' title='bbox 776 2839 896 2880; x_wconf 82' lang='lat' dir='ltr'>quibus</span> <span class='ocrx_word' id='word_1_488' title='bbox 908 2842 1120 2881; x_wconf 86' lang='lat' dir='ltr'>componitur</span> <span class='ocrx_word' id='word_1_489' title='bbox 1134 2863 1144 2878; x_wconf 93' lang='lat'><em>‚</em></span> 
     </span>
     <span class='ocr_line' id='line_1_62' title="bbox 132 2878 1145 2925; baseline -0.003 -6"><span class='ocrx_word' id='word_1_490' title='bbox 132 2882 362 2919; x_wconf 84' lang='lat' dir='ltr'>intestinorum</span> <span class='ocrx_word' id='word_1_491' title='bbox 383 2891 509 2915; x_wconf 85' lang='lat' dir='ltr'>carneas</span> <span class='ocrx_word' id='word_1_492' title='bbox 534 2878 632 2914; x_wconf 85' lang='lat' dir='ltr'>fibras</span> <span class='ocrx_word' id='word_1_493' title='bbox 658 2892 725 2914; x_wconf 85' lang='lat' dir='ltr'>eam</span> <span class='ocrx_word' id='word_1_494' title='bbox 740 2905 749 2920; x_wconf 89' lang='lat'>,</span> <span class='ocrx_word' id='word_1_495' title='bbox 772 2880 1005 2925; x_wconf 83' lang='lat' dir='ltr'>qualiscunque</span> <span class='ocrx_word' id='word_1_496' title='bbox 1038 2881 1110 2916; x_wconf 84' lang='lat' dir='ltr'>esset</span> <span class='ocrx_word' id='word_1_497' title='bbox 1132 2905 1145 2922; x_wconf 90' lang='lat'>‚</span> 
     </span>
     <span class='ocr_line' id='line_1_63' title="bbox 133 2924 1145 2969; baseline -0.001 -8"><span class='ocrx_word' id='word_1_498' title='bbox 133 2929 207 2963; x_wconf 81' lang='lat' dir='ltr'>vim</span> <span class='ocrx_word' id='word_1_499' title='bbox 229 2926 397 2960; x_wconf 83' lang='lat' dir='ltr'>amitteret</span> <span class='ocrx_word' id='word_1_500' title='bbox 419 2924 450 2958; x_wconf 91' lang='lat' dir='ltr'>se</span> <span class='ocrx_word' id='word_1_501' title='bbox 472 2924 736 2965; x_wconf 79' lang='lat' dir='ltr'>constringendi5</span> <span class='ocrx_word' id='word_1_502' title='bbox 758 2924 825 2958; x_wconf 82' lang='lat' dir='ltr'>duo</span> <span class='ocrx_word' id='word_1_503' title='bbox 849 2935 980 2963; x_wconf 85' lang='lat' dir='ltr'>tamen,</span> <span class='ocrx_word' id='word_1_504' title='bbox 1004 2937 1075 2969; x_wconf 85' lang='lat' dir='ltr'>quae</span> <span class='ocrx_word' id='word_1_505' title='bbox 1088 2938 1145 2960; x_wconf 79' lang='lat' dir='ltr'>nos</span> 
     </span>
     <span class='ocr_line' id='line_1_64' title="bbox 131 2967 1145 3008; baseline -0.001 -4"><span class='ocrx_word' id='word_1_506' title='bbox 131 2968 342 3008; x_wconf 74' lang='lat' dir='ltr'>addidimus,</span> <span class='ocrx_word' id='word_1_507' title='bbox 364 2969 473 3002; x_wconf 82' lang='lat' dir='ltr'>Fraena</span> <span class='ocrx_word' id='word_1_508' title='bbox 496 2969 542 3001; x_wconf 90' lang='lat' dir='ltr'>ita</span> <span class='ocrx_word' id='word_1_509' title='bbox 566 2967 638 3002; x_wconf 88' lang='lat' dir='ltr'>sunt</span> <span class='ocrx_word' id='word_1_510' title='bbox 662 2968 740 3002; x_wconf 90' lang='lat' dir='ltr'>hinc</span> <span class='ocrx_word' id='word_1_511' title='bbox 762 2992 772 3008; x_wconf 90' lang='lat'><em>,</em></span> <span class='ocrx_word' id='word_1_512' title='bbox 804 2971 835 3001; x_wconf 84' lang='lat'>&amp;</span> <span class='ocrx_word' id='word_1_513' title='bbox 871 2969 945 3004; x_wconf 78' lang='lat' dir='ltr'>hinc</span> <span class='ocrx_word' id='word_1_514' title='bbox 979 2971 1011 3002; x_wconf 82' lang='lat' dir='ltr'>in</span> <span class='ocrx_word' id='word_1_515' title='bbox 1043 2970 1145 3003; x_wconf 88' lang='lat' dir='ltr'>trans-</span> 
     </span>
     <span class='ocr_line' id='line_1_65' title="bbox 134 3009 1143 3057; baseline -0.001 -10"><span class='ocrx_word' id='word_1_516' title='bbox 134 3014 263 3057; x_wconf 69' lang='lat' dir='ltr'>versum</span> <span class='ocrx_word' id='word_1_517' title='bbox 283 3022 342 3055; x_wconf 84' lang='lat' dir='ltr'>per</span> <span class='ocrx_word' id='word_1_518' title='bbox 363 3013 525 3047; x_wconf 80' lang='lat' dir='ltr'>internam</span> <span class='ocrx_word' id='word_1_519' title='bbox 547 3012 627 3045; x_wconf 85' lang='lat' dir='ltr'>coli</span> <span class='ocrx_word' id='word_1_520' title='bbox 657 3009 774 3045; x_wconf 86' lang='lat' dir='ltr'>faciem</span> <span class='ocrx_word' id='word_1_521' title='bbox 807 3012 912 3046; x_wconf 88' lang='lat' dir='ltr'>locata</span> <span class='ocrx_word' id='word_1_522' title='bbox 946 3014 960 3052; x_wconf 89' lang='lat'>(</span> <span class='ocrx_word' id='word_1_523' title='bbox 983 3023 1003 3045; x_wconf 85' lang='lat' dir='ltr'>u</span> <span class='ocrx_word' id='word_1_524' title='bbox 1027 3016 1037 3051; x_wconf 89' lang='lat'><em>)</em></span> <span class='ocrx_word' id='word_1_525' title='bbox 1061 3036 1070 3052; x_wconf 93' lang='lat'>‚</span> <span class='ocrx_word' id='word_1_526' title='bbox 1106 3022 1143 3048; x_wconf 89' lang='lat' dir='ltr'>ut</span> 
     </span>
     <span class='ocr_line' id='line_1_66' title="bbox 134 3054 1141 3101; baseline -0.002 -8"><span class='ocrx_word' id='word_1_527' title='bbox 134 3056 321 3094; x_wconf 82' lang='lat' dir='ltr'>admirabili</span> <span class='ocrx_word' id='word_1_528' title='bbox 344 3055 402 3089; x_wconf 85' lang='lat' dir='ltr'>usu</span> <span class='ocrx_word' id='word_1_529' title='bbox 424 3064 548 3097; x_wconf 85' lang='lat' dir='ltr'>quanto</span> <span class='ocrx_word' id='word_1_530' title='bbox 572 3057 673 3097; x_wconf 82' lang='lat' dir='ltr'>magis</span> <span class='ocrx_word' id='word_1_531' title='bbox 695 3054 758 3089; x_wconf 88' lang='lat' dir='ltr'>hoc</span> <span class='ocrx_word' id='word_1_532' title='bbox 768 3054 941 3093; x_wconf 85' lang='lat' dir='ltr'>dilatatur,</span> <span class='ocrx_word' id='word_1_533' title='bbox 970 3057 1141 3101; x_wconf 87' lang='lat' dir='ltr'>tantoipsa</span> 
     </span>
     <span class='ocr_line' id='line_1_67' title="bbox 134 3098 1141 3144; baseline 0 -9"><span class='ocrx_word' id='word_1_534' title='bbox 134 3102 238 3144; x_wconf 83' lang='lat' dir='ltr'>magis</span> <span class='ocrx_word' id='word_1_535' title='bbox 260 3101 377 3134; x_wconf 86' lang='lat' dir='ltr'>rimam</span> <span class='ocrx_word' id='word_1_536' title='bbox 400 3098 536 3133; x_wconf 80' lang='lat' dir='ltr'>valvulae</span> <span class='ocrx_word' id='word_1_537' title='bbox 560 3098 758 3142; x_wconf 74' lang='lat' dir='ltr'>adstringant</span> <span class='ocrx_word' id='word_1_538' title='bbox 783 3121 796 3139; x_wconf 81' lang='grc'>,</span> <span class='ocrx_word' id='word_1_539' title='bbox 827 3111 924 3142; x_wconf 86' lang='lat' dir='ltr'>quam</span> <span class='ocrx_word' id='word_1_540' title='bbox 958 3100 1141 3135; x_wconf 81' lang='lat' dir='ltr'>utilitatem</span> 
     </span>
     <span class='ocr_line' id='line_1_68' title="bbox 135 3140 1141 3189; baseline -0.002 -9"><span class='ocrx_word' id='word_1_541' title='bbox 135 3145 276 3189; x_wconf 70' lang='lat' dir='ltr'>pers&#39;aepe</span> <span class='ocrx_word' id='word_1_542' title='bbox 293 3145 330 3177; x_wconf 87' lang='lat' dir='ltr'>in</span> <span class='ocrx_word' id='word_1_543' title='bbox 352 3142 422 3178; x_wconf 78' lang='lat' dir='ltr'>vita</span> <span class='ocrx_word' id='word_1_544' title='bbox 446 3140 616 3184; x_wconf 67' lang='lat' dir='ltr'>praestare,</span> <span class='ocrx_word' id='word_1_545' title='bbox 639 3143 753 3177; x_wconf 87' lang='lat' dir='ltr'>censeo</span> <span class='ocrx_word' id='word_1_546' title='bbox 769 3165 779 3181; x_wconf 82' lang='lat'><em>‚</em></span> <span class='ocrx_word' id='word_1_547' title='bbox 813 3154 887 3176; x_wconf 92' lang='lat' dir='ltr'>cum</span> <span class='ocrx_word' id='word_1_548' title='bbox 921 3143 1020 3177; x_wconf 89' lang='lat' dir='ltr'>multa</span> <span class='ocrx_word' id='word_1_549' title='bbox 1055 3143 1141 3178; x_wconf 82' lang='lat' dir='ltr'>forte</span> 
     </span>
     <span class='ocr_line' id='line_1_69' title="bbox 133 3186 1145 3228; baseline -0.001 -5"><span class='ocrx_word' id='word_1_550' title='bbox 133 3191 172 3225; x_wconf 82' lang='lat' dir='ltr'>in</span> <span class='ocrx_word' id='word_1_551' title='bbox 193 3200 227 3222; x_wconf 86' lang='lat' dir='ltr'>ca</span> <span class='ocrx_word' id='word_1_552' title='bbox 251 3187 330 3221; x_wconf 91' lang='lat' dir='ltr'>Coli</span> <span class='ocrx_word' id='word_1_553' title='bbox 353 3193 444 3228; x_wconf 87' lang='lat' dir='ltr'>parte</span> <span class='ocrx_word' id='word_1_554' title='bbox 466 3188 600 3219; x_wconf 86' lang='lat' dir='ltr'>materia</span> <span class='ocrx_word' id='word_1_555' title='bbox 624 3187 692 3226; x_wconf 83' lang='lat' dir='ltr'>est,</span> <span class='ocrx_word' id='word_1_556' title='bbox 717 3186 852 3220; x_wconf 84' lang='lat' dir='ltr'>musculi</span> <span class='ocrx_word' id='word_1_557' title='bbox 877 3197 982 3221; x_wconf 83' lang='lat' dir='ltr'>autem</span> <span class='ocrx_word' id='word_1_558' title='bbox 998 3187 1145 3222; x_wconf 84' lang='lat' dir='ltr'>abdomi-</span> 
     </span>
     <span class='ocr_line' id='line_1_70' title="bbox 135 3231 1140 3273; baseline -0.002 -6"><span class='ocrx_word' id='word_1_559' title='bbox 135 3235 188 3267; x_wconf 81' lang='lat' dir='ltr'>nis</span> <span class='ocrx_word' id='word_1_560' title='bbox 210 3239 332 3266; x_wconf 87' lang='lat' dir='ltr'>conatu</span> <span class='ocrx_word' id='word_1_561' title='bbox 356 3238 473 3270; x_wconf 80' lang='lat' dir='ltr'>magno</span> <span class='ocrx_word' id='word_1_562' title='bbox 494 3232 757 3265; x_wconf 79' lang='lat' dir='ltr'>contenduntur:</span> <span class='ocrx_word' id='word_1_563' title='bbox 783 3242 853 3273; x_wconf 81' lang='lat' dir='ltr'>quae</span> <span class='ocrx_word' id='word_1_564' title='bbox 877 3241 986 3265; x_wconf 86' lang='lat' dir='ltr'>autem</span> <span class='ocrx_word' id='word_1_565' title='bbox 1008 3232 1046 3264; x_wconf 89' lang='lat' dir='ltr'>de</span> <span class='ocrx_word' id='word_1_566' title='bbox 1081 3231 1140 3265; x_wconf 85' lang='lat' dir='ltr'>hu-</span> 
     </span>
     <span class='ocr_line' id='line_1_71' title="bbox 136 3271 1142 3321; baseline -0.002 -11"><span class='ocrx_word' id='word_1_567' title='bbox 136 3276 189 3319; x_wconf 80' lang='lat' dir='ltr'>jus</span> <span class='ocrx_word' id='word_1_568' title='bbox 212 3274 369 3321; x_wconf 62' lang='lat' dir='ltr'>siradiura</span> <span class='ocrx_word' id='word_1_569' title='bbox 395 3271 550 3312; x_wconf 80' lang='lat' dir='ltr'>valvulae‚</span> <span class='ocrx_word' id='word_1_570' title='bbox 574 3274 613 3308; x_wconf 89' lang='lat' dir='ltr'>de</span> <span class='ocrx_word' id='word_1_571' title='bbox 636 3274 765 3318; x_wconf 85' lang='lat' dir='ltr'>ejusque</span> <span class='ocrx_word' id='word_1_572' title='bbox 788 3275 908 3308; x_wconf 74' lang='lat' dir='ltr'>Fraenis</span> <span class='ocrx_word' id='word_1_573' title='bbox 941 3276 974 3307; x_wconf 87' lang='lat' dir='ltr'>in</span> <span class='ocrx_word' id='word_1_574' title='bbox 1012 3274 1142 3308; x_wconf 86' lang='lat' dir='ltr'>Adver-</span> 
     </span>
     <span class='ocr_line' id='line_1_72' title="bbox 137 3317 1141 3362; baseline -0.002 -9"><span class='ocrx_word' id='word_1_575' title='bbox 137 3319 230 3356; x_wconf 80' lang='lat' dir='ltr'>sariis</span> <span class='ocrx_word' id='word_1_576' title='bbox 252 3318 382 3360; x_wconf 66' lang='grc' dir='ltr'>[ει-ἱρὴ,</span> <span class='ocrx_word' id='word_1_577' title='bbox 405 3317 438 3349; x_wconf 86' lang='lat'>&amp;</span> <span class='ocrx_word' id='word_1_578' title='bbox 461 3317 578 3357; x_wconf 74' lang='lat' dir='ltr'>pinxi,</span> <span class='ocrx_word' id='word_1_579' title='bbox 601 3325 636 3351; x_wconf 90' lang='lat' dir='ltr'>ut</span> <span class='ocrx_word' id='word_1_580' title='bbox 660 3320 762 3362; x_wconf 85' lang='lat' dir='ltr'>accipi</span> <span class='ocrx_word' id='word_1_581' title='bbox 788 3330 803 3351; x_wconf 88' lang='lat' dir='ltr'>a</span> <span class='ocrx_word' id='word_1_582' title='bbox 829 3329 881 3358; x_wconf 88' lang='lat' dir='ltr'>te,</span> <span class='ocrx_word' id='word_1_583' title='bbox 905 3330 970 3352; x_wconf 92' lang='lat' dir='ltr'>non</span> <span class='ocrx_word' id='word_1_584' title='bbox 993 3318 1110 3353; x_wconf 85' lang='lat' dir='ltr'>dubito</span> <span class='ocrx_word' id='word_1_585' title='bbox 1131 3330 1141 3357; x_wconf 82' lang='lat'><em>3</em></span> 
     </span>
     <span class='ocr_line' id='line_1_73' title="bbox 138 3359 1146 3405; baseline -0.002 -7"><span class='ocrx_word' id='word_1_586' title='bbox 138 3364 182 3400; x_wconf 83' lang='lat' dir='ltr'>sic</span> <span class='ocrx_word' id='word_1_587' title='bbox 206 3375 263 3404; x_wconf 89' lang='lat' dir='ltr'>ea,</span> <span class='ocrx_word' id='word_1_588' title='bbox 287 3364 319 3395; x_wconf 85' lang='lat'>&amp;</span> <span class='ocrx_word' id='word_1_589' title='bbox 342 3359 488 3403; x_wconf 85' lang='lat' dir='ltr'>quaedam</span> <span class='ocrx_word' id='word_1_590' title='bbox 512 3359 573 3392; x_wconf 84' lang='lat' dir='ltr'>alia</span> <span class='ocrx_word' id='word_1_591' title='bbox 595 3372 667 3405; x_wconf 77' lang='lat' dir='ltr'>qua:</span> <span class='ocrx_word' id='word_1_592' title='bbox 695 3366 734 3396; x_wconf 85' lang='lat' dir='ltr'>ad</span> <span class='ocrx_word' id='word_1_593' title='bbox 757 3373 807 3396; x_wconf 86' lang='lat' dir='ltr'>me</span> <span class='ocrx_word' id='word_1_594' title='bbox 832 3364 993 3402; x_wconf 82' lang='lat' dir='ltr'>attinent,</span> <span class='ocrx_word' id='word_1_595' title='bbox 1028 3363 1146 3396; x_wconf 89' lang='lat' dir='ltr'>vellem</span> 
     </span>
     <span class='ocr_line' id='line_1_74' title="bbox 140 3403 1146 3448; baseline -0.004 -5"><span class='ocrx_word' id='word_1_596' title='bbox 140 3408 181 3443; x_wconf 90' lang='lat' dir='ltr'>ab</span> <span class='ocrx_word' id='word_1_597' title='bbox 202 3404 392 3441; x_wconf 81' lang='lat' dir='ltr'>nonnnullis</span> <span class='ocrx_word' id='word_1_598' title='bbox 416 3403 514 3445; x_wconf 85' lang='lat' dir='ltr'>paulo</span> <span class='ocrx_word' id='word_1_599' title='bbox 537 3406 691 3439; x_wconf 87' lang='lat' dir='ltr'>attentius</span> <span class='ocrx_word' id='word_1_600' title='bbox 715 3404 845 3439; x_wconf 79' lang='lat' dir='ltr'>fuiss‘ent</span> <span class='ocrx_word' id='word_1_601' title='bbox 860 3406 1022 3448; x_wconf 50' lang='lat' dir='ltr'>spectatu</span> <span class='ocrx_word' id='word_1_602' title='bbox 1046 3405 1095 3440; x_wconf 80' lang='lat' dir='ltr'>sed</span> <span class='ocrx_word' id='word_1_603' title='bbox 1108 3407 1146 3439; x_wconf 91' lang='lat' dir='ltr'>de</span> 
     </span>
     <span class='ocr_line' id='line_1_75' title="bbox 139 3446 1152 3493; baseline -0.001 -9"><span class='ocrx_word' id='word_1_604' title='bbox 139 3452 191 3491; x_wconf 82' lang='lat' dir='ltr'>his</span> <span class='ocrx_word' id='word_1_605' title='bbox 213 3450 313 3484; x_wconf 86' lang='lat' dir='ltr'>alibi.</span> <span class='ocrx_word' id='word_1_606' title='bbox 441 3446 615 3489; x_wconf 82' lang='lat' dir='ltr'>Denique,</span> <span class='ocrx_word' id='word_1_607' title='bbox 639 3459 675 3482; x_wconf 89' lang='lat' dir='ltr'>ut</span> <span class='ocrx_word' id='word_1_608' title='bbox 698 3450 759 3483; x_wconf 86' lang='lat' dir='ltr'>alia</span> <span class='ocrx_word' id='word_1_609' title='bbox 782 3451 956 3487; x_wconf 82' lang='lat' dir='ltr'>omittam3</span> <span class='ocrx_word' id='word_1_610' title='bbox 981 3449 1069 3493; x_wconf 87' lang='lat' dir='ltr'>quod</span> <span class='ocrx_word' id='word_1_611' title='bbox 1095 3450 1152 3483; x_wconf 85' lang='lat' dir='ltr'>ab-</span> 
     </span>
     <span class='ocr_line' id='line_1_76' title="bbox 139 3490 1151 3540; baseline -0.004 -10"><span class='ocrx_word' id='word_1_612' title='bbox 139 3495 285 3531; x_wconf 83' lang='lat' dir='ltr'>dominis</span> <span class='ocrx_word' id='word_1_613' title='bbox 307 3490 458 3527; x_wconf 86' lang='lat' dir='ltr'>musculis</span> <span class='ocrx_word' id='word_1_614' title='bbox 468 3512 490 3540; x_wconf 43' lang='lat'>‚·</span> <span class='ocrx_word' id='word_1_615' title='bbox 505 3491 535 3523; x_wconf 85' lang='lat'>&amp;</span> <span class='ocrx_word' id='word_1_616' title='bbox 559 3490 797 3540; x_wconf 79' lang='lat' dir='ltr'>diaphragmati</span> <span class='ocrx_word' id='word_1_617' title='bbox 820 3494 875 3527; x_wconf 83' lang='lat' dir='ltr'>illa</span> <span class='ocrx_word' id='word_1_618' title='bbox 885 3494 1051 3529; x_wconf 78' lang='lat' dir='ltr'>tribuatur</span> <span class='ocrx_word' id='word_1_619' title='bbox 1064 3495 1151 3527; x_wconf 71' lang='lat' dir='ltr'>afflo</span> 
     </span>
     <span class='ocr_line' id='line_1_77' title="bbox 140 3533 1152 3585; baseline -0.011 -11"><span class='ocrx_word' id='word_1_620' title='bbox 140 3550 213 3585; x_wconf 84' lang='lat' dir='ltr'>quae</span> <span class='ocrx_word' id='word_1_621' title='bbox 235 3535 364 3573; x_wconf 87' lang='lat' dir='ltr'>inverso</span> <span class='ocrx_word' id='word_1_622' title='bbox 385 3543 492 3569; x_wconf 81' lang='lat' dir='ltr'>motui</span> <span class='ocrx_word' id='word_1_623' title='bbox 513 3533 742 3571; x_wconf 81' lang='lat' dir='ltr'>intestinorum</span> <span class='ocrx_word' id='word_1_624' title='bbox 763 3537 868 3573; x_wconf 86' lang='lat' dir='ltr'>tribui</span> <span class='ocrx_word' id='word_1_625' title='bbox 894 3537 996 3575; x_wconf 86' lang='lat' dir='ltr'>solet,</span> <span class='ocrx_word' id='word_1_626' title='bbox 1020 3548 1085 3570; x_wconf 84' lang='lat' dir='ltr'>non</span> <span class='ocrx_word' id='word_1_627' title='bbox 1110 3536 1152 3570; x_wconf 86' lang='lat' dir='ltr'>fi-</span> 
     </span>
    </p>
   </div>
   <div class='ocr_carea' id='block_1_5' title="bbox 2071 210 2127 262">
    <p class='ocr_par' dir='ltr' id='par_1_6' title="bbox 2071 210 2127 262">
     <span class='ocr_line' id='line_1_78' title="bbox 2071 210 2127 262; baseline 0.107 -6"><span class='ocrx_word' id='word_1_628' title='bbox 2071 210 2127 262; x_wconf 80' lang='lat'>53</span> 
     </span>
    </p>
   </div>
   <div class='ocr_carea' id='block_1_6' title="bbox 1194 271 2200 529">
    <p class='ocr_par' dir='ltr' id='par_1_7' title="bbox 1194 271 2200 529">
     <span class='ocr_line' id='line_1_79' title="bbox 1195 271 2198 313; baseline -0.001 -7"><span class='ocrx_word' id='word_1_629' title='bbox 1195 284 1234 306; x_wconf 88' lang='lat' dir='ltr'>ne</span> <span class='ocrx_word' id='word_1_630' title='bbox 1257 271 1383 305; x_wconf 84' lang='lat' dir='ltr'>ratione</span> <span class='ocrx_word' id='word_1_631' title='bbox 1406 272 1468 307; x_wconf 88' lang='lat' dir='ltr'>hoc</span> <span class='ocrx_word' id='word_1_632' title='bbox 1492 272 1586 312; x_wconf 82' lang='lat' dir='ltr'>fieri,</span> <span class='ocrx_word' id='word_1_633' title='bbox 1608 273 1634 304; x_wconf 87' lang='lat' dir='ltr'>ii</span> <span class='ocrx_word' id='word_1_634' title='bbox 1669 271 1796 313; x_wconf 81' lang='lat' dir='ltr'>possunt</span> <span class='ocrx_word' id='word_1_635' title='bbox 1828 271 1919 307; x_wconf 82' lang='lat' dir='ltr'>casus</span> <span class='ocrx_word' id='word_1_636' title='bbox 1949 271 2164 313; x_wconf 83' lang='lat' dir='ltr'>comprobare</span> <span class='ocrx_word' id='word_1_637' title='bbox 2184 275 2198 309; x_wconf 77' lang='grc'>,’</span> 
     </span>
     <span class='ocr_line' id='line_1_80' title="bbox 1194 314 2199 358; baseline -0.001 -10"><span class='ocrx_word' id='word_1_638' title='bbox 1194 317 1228 348; x_wconf 91' lang='lat' dir='ltr'>in</span> <span class='ocrx_word' id='word_1_639' title='bbox 1251 315 1474 357; x_wconf 83' lang='lat' dir='ltr'>quibuslleon</span> <span class='ocrx_word' id='word_1_640' title='bbox 1498 316 1685 357; x_wconf 75' lang='lat' dir='ltr'>contingere</span> <span class='ocrx_word' id='word_1_641' title='bbox 1708 315 1754 348; x_wconf 89' lang='lat' dir='ltr'>ob</span> <span class='ocrx_word' id='word_1_642' title='bbox 1776 316 1844 351; x_wconf 84' lang='lat' dir='ltr'>vim</span> <span class='ocrx_word' id='word_1_643' title='bbox 1877 315 2088 358; x_wconf 83' lang='lat' dir='ltr'>expultricem</span> <span class='ocrx_word' id='word_1_644' title='bbox 2120 314 2199 347; x_wconf 76' lang='lat' dir='ltr'>aba·</span> 
     </span>
     <span class='ocr_line' id='line_1_81' title="bbox 1196 357 2198 398; baseline -0.004 -7"><span class='ocrx_word' id='word_1_645' title='bbox 1196 361 1312 398; x_wconf 87' lang='lat' dir='ltr'>litam,</span> <span class='ocrx_word' id='word_1_646' title='bbox 1337 357 1399 391; x_wconf 78' lang='lat' dir='ltr'>sive</span> <span class='ocrx_word' id='word_1_647' title='bbox 1422 360 1467 393; x_wconf 89' lang='lat' dir='ltr'>ob</span> <span class='ocrx_word' id='word_1_648' title='bbox 1490 361 1634 393; x_wconf 84' lang='lat' dir='ltr'>atoniam</span> <span class='ocrx_word' id='word_1_649' title='bbox 1659 358 1886 393; x_wconf 83' lang='lat' dir='ltr'>intestinorum</span> <span class='ocrx_word' id='word_1_650' title='bbox 1911 383 1920 398; x_wconf 92' lang='lat'>,</span> <span class='ocrx_word' id='word_1_651' title='bbox 1955 359 1995 392; x_wconf 89' lang='lat' dir='ltr'>de</span> <span class='ocrx_word' id='word_1_652' title='bbox 2027 357 2135 396; x_wconf 84' lang='lat' dir='ltr'>Salii,</span> <span class='ocrx_word' id='word_1_653' title='bbox 2165 359 2198 388; x_wconf 76' lang='grc' dir='ltr'>δι</span> 
     </span>
     <span class='ocr_line' id='line_1_82' title="bbox 1198 400 2198 445; baseline -0.005 -9"><span class='ocrx_word' id='word_1_654' title='bbox 1198 401 1355 444; x_wconf 76' lang='lat' dir='ltr'>Ruyschii</span> <span class='ocrx_word' id='word_1_655' title='bbox 1380 402 1534 436; x_wconf 86' lang='lat' dir='ltr'>sententia</span> <span class='ocrx_word' id='word_1_656' title='bbox 1559 402 1702 443; x_wconf 82' lang='lat' dir='ltr'>superius</span> <span class='ocrx_word' id='word_1_657' title='bbox 1728 405 1737 439; x_wconf 85' lang='lat'>(</span> <span class='ocrx_word' id='word_1_658' title='bbox 1760 403 1816 445; x_wconf 71' lang='lat' dir='ltr'>x)</span> <span class='ocrx_word' id='word_1_659' title='bbox 1840 402 2023 436; x_wconf 87' lang='lat' dir='ltr'>indicatum</span> <span class='ocrx_word' id='word_1_660' title='bbox 2046 400 2198 437; x_wconf 79' lang='lat' dir='ltr'>est.Qu0</span> 
     </span>
     <span class='ocr_line' id='line_1_83' title="bbox 1196 443 2200 488; baseline -0.005 -8"><span class='ocrx_word' id='word_1_661' title='bbox 1196 447 1294 486; x_wconf 84' lang='lat' dir='ltr'>loco,</span> <span class='ocrx_word' id='word_1_662' title='bbox 1318 444 1507 480; x_wconf 73' lang='lat' dir='ltr'>ssoerhaavii</span> <span class='ocrx_word' id='word_1_663' title='bbox 1531 449 1600 488; x_wconf 81' lang='lat' dir='ltr'>(y)</span> <span class='ocrx_word' id='word_1_664' title='bbox 1623 456 1753 487; x_wconf 82' lang='lat' dir='ltr'>quoque</span> <span class='ocrx_word' id='word_1_665' title='bbox 1777 447 1950 479; x_wconf 67' lang='lat' dir='ltr'>austoritas</span> <span class='ocrx_word' id='word_1_666' title='bbox 1973 443 2106 487; x_wconf 78' lang='lat' dir='ltr'>produci</span> <span class='ocrx_word' id='word_1_667' title='bbox 2139 454 2200 485; x_wconf 58' lang='lat' dir='ltr'>poa-</span> 
     </span>
     <span class='ocr_line' id='line_1_84' title="bbox 1197 487 2199 529; baseline -0.004 -6"><span class='ocrx_word' id='word_1_668' title='bbox 1197 489 1280 529; x_wconf 85' lang='lat' dir='ltr'>test‚</span> <span class='ocrx_word' id='word_1_669' title='bbox 1304 487 1527 528; x_wconf 79' lang='lat' dir='ltr'>asseverantis,</span> <span class='ocrx_word' id='word_1_670' title='bbox 1554 488 1583 522; x_wconf 90' lang='lat' dir='ltr'>se</span> <span class='ocrx_word' id='word_1_671' title='bbox 1607 490 1639 521; x_wconf 79' lang='lat' dir='ltr'>in</span> <span class='ocrx_word' id='word_1_672' title='bbox 1673 487 1791 522; x_wconf 63' lang='lat' dir='ltr'>Crassis</span> <span class='ocrx_word' id='word_1_673' title='bbox 1822 488 1973 528; x_wconf 74' lang='lat' dir='ltr'>intestinis</span> <span class='ocrx_word' id='word_1_674' title='bbox 2004 497 2161 528; x_wconf 67' lang='lat' dir='ltr'>nunquam</span> <span class='ocrx_word' id='word_1_675' title='bbox 2186 508 2199 525; x_wconf 84' lang='lat'>,</span> 
     </span>
    </p>
   </div>
   <div class='ocr_carea' id='block_1_7' title="bbox 1188 528 2200 578">
    <p class='ocr_par' dir='ltr' id='par_1_8' title="bbox 1188 528 2200 578">
     <span class='ocr_line' id='line_1_85' title="bbox 1188 528 2200 578; baseline -0.005 -12"><span class='ocrx_word' id='word_1_676' title='bbox 1188 534 1227 567; x_wconf 19' lang='lat' dir='ltr'>rin</span> <span class='ocrx_word' id='word_1_677' title='bbox 1250 531 1414 575; x_wconf 71' lang='lat' dir='ltr'>numerosis</span> <span class='ocrx_word' id='word_1_678' title='bbox 1437 533 1582 566; x_wconf 60' lang='lat' dir='ltr'>vivorum</span> <span class='ocrx_word' id='word_1_679' title='bbox 1605 531 1790 566; x_wconf 78' lang='lat' dir='ltr'>animalium</span> <span class='ocrx_word' id='word_1_680' title='bbox 1806 530 1995 574; x_wconf 70' lang='lat' dir='ltr'>src‘t&#39;ionibm</span> <span class='ocrx_word' id='word_1_681' title='bbox 2016 528 2124 578; x_wconf 56' lang='lat' dir='ltr'>vidistit</span> <span class='ocrx_word' id='word_1_682' title='bbox 2135 539 2200 562; x_wconf 88' lang='lat' dir='ltr'>mo-</span> 
     </span>
    </p>
   </div>
   <div class='ocr_carea' id='block_1_8' title="bbox 1196 573 2201 620">
    <p class='ocr_par' dir='ltr' id='par_1_9' title="bbox 1196 573 2201 620">
     <span class='ocr_line' id='line_1_86' title="bbox 1196 573 2201 620; baseline -0.006 -10"><span class='ocrx_word' id='word_1_683' title='bbox 1196 585 1264 610; x_wconf 78' lang='lat' dir='ltr'>tum</span> <span class='ocrx_word' id='word_1_684' title='bbox 1294 574 1537 618; x_wconf 56' lang='lat' dir='ltr'>fflerzstzzhimm</span> <span class='ocrx_word' id='word_1_685' title='bbox 1559 601 1568 615; x_wconf 91' lang='lat'><em>‚</em></span> <span class='ocrx_word' id='word_1_686' title='bbox 1613 576 1751 620; x_wconf 85' lang='lat' dir='ltr'>ideoque</span> <span class='ocrx_word' id='word_1_687' title='bbox 1797 575 1979 614; x_wconf 80' lang='lat' dir='ltr'>mirantis,</span> <span class='ocrx_word' id='word_1_688' title='bbox 2022 573 2112 612; x_wconf 71' lang='lat' dir='ltr'>renti</span> <span class='ocrx_word' id='word_1_689' title='bbox 2148 580 2201 604; x_wconf 77' lang='lat' dir='ltr'>ta-</span> 
     </span>
    </p>
   </div>
   <div class='ocr_carea' id='block_1_9' title="bbox 1184 614 2202 660">
    <p class='ocr_par' dir='ltr' id='par_1_10' title="bbox 1184 614 2202 660">
     <span class='ocr_line' id='line_1_87' title="bbox 1184 614 2202 660; baseline 0 -11"><span class='ocrx_word' id='word_1_690' title='bbox 1184 630 1270 654; x_wconf 25' lang='lat' dir='ltr'>imen</span> <span class='ocrx_word' id='word_1_691' title='bbox 1305 629 1362 660; x_wconf 85' lang='lat' dir='ltr'>per</span> <span class='ocrx_word' id='word_1_692' title='bbox 1406 629 1442 651; x_wconf 88' lang='lat' dir='ltr'>os</span> <span class='ocrx_word' id='word_1_693' title='bbox 1475 628 1512 651; x_wconf 81' lang='lat' dir='ltr'>ex</span> <span class='ocrx_word' id='word_1_694' title='bbox 1555 616 1663 659; x_wconf 76' lang='lat' dir='ltr'>Craffls</span> <span class='ocrx_word' id='word_1_695' title='bbox 1707 616 1892 660; x_wconf 61' lang='lat' dir='ltr'>cljfmata3</span> <span class='ocrx_word' id='word_1_696' title='bbox 1925 617 1987 650; x_wconf 69' lang='lat' dir='ltr'>hcc</span> <span class='ocrx_word' id='word_1_697' title='bbox 2020 617 2106 649; x_wconf 74' lang='lat' dir='ltr'>euim</span> <span class='ocrx_word' id='word_1_698' title='bbox 2139 614 2202 649; x_wconf 75' lang='lat' dir='ltr'>ali-</span> 
     </span>
    </p>
   </div>
   <div class='ocr_carea' id='block_1_10' title="bbox 1192 656 2226 3534">
    <p class='ocr_par' dir='ltr' id='par_1_11' title="bbox 1199 656 2202 740">
     <span class='ocr_line' id='line_1_88' title="bbox 1199 656 2202 704; baseline -0.006 -8"><span class='ocrx_word' id='word_1_699' title='bbox 1199 663 1318 704; x_wconf 78' lang='lat' dir='ltr'>quando</span> <span class='ocrx_word' id='word_1_700' title='bbox 1344 661 1508 702; x_wconf 82' lang='lat' dir='ltr'>accidere,</span> <span class='ocrx_word' id='word_1_701' title='bbox 1530 656 1657 702; x_wconf 70' lang='lat' dir='ltr'>testibus</span> <span class='ocrx_word' id='word_1_702' title='bbox 1675 659 1866 704; x_wconf 59' lang='lat' dir='ltr'>gravissimis</span> <span class='ocrx_word' id='word_1_703' title='bbox 1889 660 1995 700; x_wconf 68' lang='lat' dir='ltr'>viris,</span> <span class='ocrx_word' id='word_1_704' title='bbox 2018 670 2083 693; x_wconf 89' lang='lat' dir='ltr'>non</span> <span class='ocrx_word' id='word_1_705' title='bbox 2105 657 2202 692; x_wconf 88' lang='lat' dir='ltr'>dubi-</span> 
     </span>
     <span class='ocr_line' id='line_1_89' title="bbox 1199 707 1310 740; baseline 0.009 -1"><span class='ocrx_word' id='word_1_706' title='bbox 1199 707 1310 740; x_wconf 82' lang='lat' dir='ltr'>tabat.</span> 
     </span>
    </p>

    <p class='ocr_par' dir='ltr' id='par_1_12' title="bbox 1192 744 2226 3534">
     <span class='ocr_line' id='line_1_90' title="bbox 1242 744 2204 793; baseline -0.005 -11"><span class='ocrx_word' id='word_1_707' title='bbox 1242 760 1294 793; x_wconf 88' lang='lat'>31.</span> <span class='ocrx_word' id='word_1_708' title='bbox 1319 749 1443 782; x_wconf 87' lang='lat' dir='ltr'>Verum</span> <span class='ocrx_word' id='word_1_709' title='bbox 1466 758 1540 782; x_wconf 87' lang='lat' dir='ltr'>cum</span> <span class='ocrx_word' id='word_1_710' title='bbox 1566 746 1633 781; x_wconf 79' lang='lat' dir='ltr'>haec</span> <span class='ocrx_word' id='word_1_711' title='bbox 1658 745 1828 789; x_wconf 76' lang='lat' dir='ltr'>propofitae</span> <span class='ocrx_word' id='word_1_712' title='bbox 1861 745 2084 788; x_wconf 83' lang='lat' dir='ltr'>Explicationi</span> <span class='ocrx_word' id='word_1_713' title='bbox 2117 744 2204 781; x_wconf 85' lang='lat' dir='ltr'>fave-</span> 
     </span>
     <span class='ocr_line' id='line_1_91' title="bbox 1201 787 2205 833; baseline -0.003 -9"><span class='ocrx_word' id='word_1_714' title='bbox 1201 803 1255 829; x_wconf 88' lang='lat' dir='ltr'>re,</span> <span class='ocrx_word' id='word_1_715' title='bbox 1281 791 1592 828; x_wconf 80' lang='lat' dir='ltr'>animadvertissem3</span> <span class='ocrx_word' id='word_1_716' title='bbox 1617 791 1678 823; x_wconf 86' lang='lat' dir='ltr'>alia</span> <span class='ocrx_word' id='word_1_717' title='bbox 1702 792 1730 823; x_wconf 88' lang='lat' dir='ltr'>se</span> <span class='ocrx_word' id='word_1_718' title='bbox 1753 790 1955 833; x_wconf 70' lang='lat' dir='ltr'>objiciebant</span> <span class='ocrx_word' id='word_1_719' title='bbox 1977 799 2049 832; x_wconf 87' lang='lat' dir='ltr'>quae</span> <span class='ocrx_word' id='word_1_720' title='bbox 2072 787 2205 822; x_wconf 72' lang='lat' dir='ltr'>eviden-</span> 
     </span>
     <span class='ocr_line' id='line_1_92' title="bbox 1203 831 2205 878; baseline -0.004 -11"><span class='ocrx_word' id='word_1_721' title='bbox 1203 836 1317 871; x_wconf 84' lang='lat' dir='ltr'>tiffime</span> <span class='ocrx_word' id='word_1_722' title='bbox 1341 834 1583 869; x_wconf 83' lang='lat' dir='ltr'>adversarentur</span> <span class='ocrx_word' id='word_1_723' title='bbox 1598 859 1605 867; x_wconf 92' lang='lat'><em>.</em></span> <span class='ocrx_word' id='word_1_724' title='bbox 1632 834 1686 868; x_wconf 87' lang='lat' dir='ltr'>Ne</span> <span class='ocrx_word' id='word_1_725' title='bbox 1710 834 1841 878; x_wconf 83' lang='lat' dir='ltr'>longior</span> <span class='ocrx_word' id='word_1_726' title='bbox 1865 835 1947 873; x_wconf 84' lang='lat' dir='ltr'>fim,·</span> <span class='ocrx_word' id='word_1_727' title='bbox 1967 831 2049 867; x_wconf 89' lang='lat' dir='ltr'>illud</span> <span class='ocrx_word' id='word_1_728' title='bbox 2072 833 2106 865; x_wconf 87' lang='lat' dir='ltr'>in</span> <span class='ocrx_word' id='word_1_729' title='bbox 2139 832 2205 873; x_wconf 87' lang='lat' dir='ltr'>pri-</span> 
     </span>
     <span class='ocr_line' id='line_1_93' title="bbox 1201 875 2206 922; baseline -0.006 -9"><span class='ocrx_word' id='word_1_730' title='bbox 1201 881 1260 913; x_wconf 88' lang='lat' dir='ltr'>mis</span> <span class='ocrx_word' id='word_1_731' title='bbox 1276 904 1284 919; x_wconf 95' lang='lat'>‚</span> <span class='ocrx_word' id='word_1_732' title='bbox 1308 879 1396 922; x_wconf 90' lang='lat' dir='ltr'>quod</span> <span class='ocrx_word' id='word_1_733' title='bbox 1422 880 1443 911; x_wconf 92' lang='lat' dir='ltr'>si</span> <span class='ocrx_word' id='word_1_734' title='bbox 1469 881 1586 922; x_wconf 86' lang='lat' dir='ltr'>plena,</span> <span class='ocrx_word' id='word_1_735' title='bbox 1608 887 1661 912; x_wconf 87' lang='lat' dir='ltr'>aut</span> <span class='ocrx_word' id='word_1_736' title='bbox 1696 875 1761 911; x_wconf 87' lang='lat' dir='ltr'>fere</span> <span class='ocrx_word' id='word_1_737' title='bbox 1793 878 1885 920; x_wconf 82' lang='lat' dir='ltr'>plena</span> <span class='ocrx_word' id='word_1_738' title='bbox 1918 877 2065 910; x_wconf 85' lang='lat' dir='ltr'>intestina</span> <span class='ocrx_word' id='word_1_739' title='bbox 2095 876 2206 909; x_wconf 75' lang='lat' dir='ltr'>omnia</span> 
     </span>
     <span class='ocr_line' id='line_1_94' title="bbox 1199 921 2206 968; baseline -0.004 -13"><span class='ocrx_word' id='word_1_740' title='bbox 1199 932 1387 965; x_wconf 75' lang='lat' dir='ltr'>ponuntur3</span> <span class='ocrx_word' id='word_1_741' title='bbox 1411 934 1474 955; x_wconf 91' lang='lat' dir='ltr'>non</span> <span class='ocrx_word' id='word_1_742' title='bbox 1500 921 1603 964; x_wconf 86' lang='lat' dir='ltr'>potest</span> <span class='ocrx_word' id='word_1_743' title='bbox 1628 922 1791 963; x_wconf 78' lang='lat' dir='ltr'>intelligi,</span> <span class='ocrx_word' id='word_1_744' title='bbox 1814 921 1983 964; x_wconf 86' lang='lat' dir='ltr'>quomodo</span> <span class='ocrx_word' id='word_1_745' title='bbox 2015 930 2082 954; x_wconf 86' lang='lat' dir='ltr'>nou</span> <span class='ocrx_word' id='word_1_746' title='bbox 2113 929 2206 968; x_wconf 46' lang='lat' dir='ltr'>com-</span> 
     </span>
     <span class='ocr_line' id='line_1_95' title="bbox 1198 961 2207 1004; baseline -0.005 -5"><span class='ocrx_word' id='word_1_747' title='bbox 1198 966 1284 999; x_wconf 85' lang='lat' dir='ltr'>misti</span> <span class='ocrx_word' id='word_1_748' title='bbox 1299 988 1307 1003; x_wconf 92' lang='lat'>‚</span> <span class='ocrx_word' id='word_1_749' title='bbox 1332 976 1368 1000; x_wconf 91' lang='lat' dir='ltr'>ut</span> <span class='ocrx_word' id='word_1_750' title='bbox 1380 967 1557 1004; x_wconf 77' lang='lat' dir='ltr'>dicuntur,</span> <span class='ocrx_word' id='word_1_751' title='bbox 1581 975 1655 998; x_wconf 87' lang='lat' dir='ltr'>cum</span> <span class='ocrx_word' id='word_1_752' title='bbox 1679 965 1749 998; x_wconf 81' lang='lat' dir='ltr'>aliis</span> <span class='ocrx_word' id='word_1_753' title='bbox 1772 964 1963 999; x_wconf 82' lang='lat' dir='ltr'>humoribus</span> <span class='ocrx_word' id='word_1_754' title='bbox 1983 985 1992 1000; x_wconf 90' lang='lat'><strong>,</strong></span> <span class='ocrx_word' id='word_1_755' title='bbox 2018 962 2069 997; x_wconf 81' lang='lat' dir='ltr'>sed</span> <span class='ocrx_word' id='word_1_756' title='bbox 2093 961 2207 996; x_wconf 77' lang='lat' dir='ltr'>fineen</span> 
     </span>
     <span class='ocr_line' id='line_1_96' title="bbox 1195 1006 2207 1052; baseline -0.007 -9"><span class='ocrx_word' id='word_1_757' title='bbox 1195 1009 1344 1052; x_wconf 82' lang='lat' dir='ltr'>clysteres</span> <span class='ocrx_word' id='word_1_758' title='bbox 1367 1010 1495 1043; x_wconf 88' lang='lat' dir='ltr'>vomitu</span> <span class='ocrx_word' id='word_1_759' title='bbox 1519 1009 1736 1050; x_wconf 81' lang='lat' dir='ltr'>rejiciantur,</span> <span class='ocrx_word' id='word_1_760' title='bbox 1760 1008 1849 1052; x_wconf 80' lang='lat' dir='ltr'>iique</span> <span class='ocrx_word' id='word_1_761' title='bbox 1870 1019 1936 1042; x_wconf 87' lang='lat' dir='ltr'>non</span> <span class='ocrx_word' id='word_1_762' title='bbox 1973 1009 2073 1048; x_wconf 85' lang='lat' dir='ltr'>longo</span> <span class='ocrx_word' id='word_1_763' title='bbox 2103 1006 2207 1052; x_wconf 77' lang='lat' dir='ltr'>inter.</span> 
     </span>
     <span class='ocr_line' id='line_1_97' title="bbox 1202 1048 2209 1095; baseline -0.005 -10"><span class='ocrx_word' id='word_1_764' title='bbox 1202 1052 1309 1095; x_wconf 81' lang='lat' dir='ltr'>posito</span> <span class='ocrx_word' id='word_1_765' title='bbox 1336 1062 1502 1095; x_wconf 86' lang='lat' dir='ltr'>tempore,</span> <span class='ocrx_word' id='word_1_766' title='bbox 1528 1062 1631 1094; x_wconf 88' lang='lat' dir='ltr'>neque</span> <span class='ocrx_word' id='word_1_767' title='bbox 1656 1051 1876 1092; x_wconf 66' lang='lat' dir='ltr'>praecedente,</span> <span class='ocrx_word' id='word_1_768' title='bbox 1899 1050 2069 1095; x_wconf 87' lang='lat' dir='ltr'>postquam</span> <span class='ocrx_word' id='word_1_769' title='bbox 2090 1048 2209 1091; x_wconf 62' lang='lat' dir='ltr'>inyecti</span> 
     </span>
     <span class='ocr_line' id='line_1_98' title="bbox 1201 1092 2209 1136; baseline -0.005 -5"><span class='ocrx_word' id='word_1_770' title='bbox 1201 1098 1298 1132; x_wconf 82' lang='lat' dir='ltr'>sunt,</span> <span class='ocrx_word' id='word_1_771' title='bbox 1323 1097 1458 1129; x_wconf 87' lang='lat' dir='ltr'>immani</span> <span class='ocrx_word' id='word_1_772' title='bbox 1482 1094 1656 1129; x_wconf 84' lang='lat' dir='ltr'>humorum</span> <span class='ocrx_word' id='word_1_773' title='bbox 1680 1096 1736 1136; x_wconf 86' lang='lat' dir='ltr'>qui</span> <span class='ocrx_word' id='word_1_774' title='bbox 1760 1107 1774 1127; x_wconf 87' lang='lat' dir='ltr'>a</span> <span class='ocrx_word' id='word_1_775' title='bbox 1801 1095 1906 1128; x_wconf 64' lang='lat' dir='ltr'>Recto</span> <span class='ocrx_word' id='word_1_776' title='bbox 1929 1092 1968 1128; x_wconf 89' lang='lat' dir='ltr'>ad</span> <span class='ocrx_word' id='word_1_777' title='bbox 1992 1092 2209 1128; x_wconf 79' lang='lat' dir='ltr'>ventriculum</span> 
     </span>
     <span class='ocr_line' id='line_1_99' title="bbox 1202 1136 2210 1181; baseline -0.005 -8"><span class='ocrx_word' id='word_1_778' title='bbox 1202 1139 1352 1174; x_wconf 81' lang='lat' dir='ltr'>intestina</span> <span class='ocrx_word' id='word_1_779' title='bbox 1377 1140 1557 1181; x_wconf 83' lang='lat' dir='ltr'>impleant,</span> <span class='ocrx_word' id='word_1_780' title='bbox 1583 1147 1638 1170; x_wconf 90' lang='lat' dir='ltr'>aut</span> <span class='ocrx_word' id='word_1_781' title='bbox 1660 1136 1748 1179; x_wconf 81' lang='lat' dir='ltr'>quasi</span> <span class='ocrx_word' id='word_1_782' title='bbox 1782 1137 1938 1179; x_wconf 86' lang='lat' dir='ltr'>impleant</span> <span class='ocrx_word' id='word_1_783' title='bbox 1962 1159 1972 1173; x_wconf 88' lang='lat'>‚</span> <span class='ocrx_word' id='word_1_784' title='bbox 2003 1136 2175 1179; x_wconf 72' lang='lat' dir='ltr'>rejeffione</span> <span class='ocrx_word' id='word_1_785' title='bbox 2198 1159 2210 1169; x_wconf 87' lang='lat'><strong>.</strong></span> 
     </span>
     <span class='ocr_line' id='line_1_100' title="bbox 1196 1178 2211 1227; baseline -0.007 -9"><span class='ocrx_word' id='word_1_786' title='bbox 1196 1186 1282 1227; x_wconf 62' lang='lat' dir='ltr'>Lege</span> <span class='ocrx_word' id='word_1_787' title='bbox 1307 1185 1391 1217; x_wconf 89' lang='lat' dir='ltr'>enim</span> <span class='ocrx_word' id='word_1_788' title='bbox 1404 1182 1539 1221; x_wconf 81' lang='lat' dir='ltr'>Roscii,</span> <span class='ocrx_word' id='word_1_789' title='bbox 1563 1179 1733 1215; x_wconf 80' lang='lat' dir='ltr'>Schr&#39;ockii</span> <span class='ocrx_word' id='word_1_790' title='bbox 1759 1185 1878 1222; x_wconf 83' lang='lat' dir='ltr'>patris,</span> <span class='ocrx_word' id='word_1_791' title='bbox 1901 1180 2127 1214; x_wconf 69' lang='lat' dir='ltr'>Colle&amp;orum</span> <span class='ocrx_word' id='word_1_792' title='bbox 2154 1178 2211 1211; x_wconf 86' lang='lat' dir='ltr'>Bi·</span> 
     </span>
     <span class='ocr_line' id='line_1_101' title="bbox 1198 1223 2211 1267; baseline -0.006 -6"><span class='ocrx_word' id='word_1_793' title='bbox 1198 1226 1372 1262; x_wconf 81' lang='lat' dir='ltr'>bliothecae</span> <span class='ocrx_word' id='word_1_794' title='bbox 1400 1225 1610 1260; x_wconf 82' lang='lat' dir='ltr'>Anatomicae</span> <span class='ocrx_word' id='word_1_795' title='bbox 1634 1235 1712 1266; x_wconf 84' lang='lat' dir='ltr'>quas</span> <span class='ocrx_word' id='word_1_796' title='bbox 1735 1223 1826 1266; x_wconf 80' lang='lat' dir='ltr'>supra</span> <span class='ocrx_word' id='word_1_797' title='bbox 1851 1224 1912 1267; x_wconf 63' lang='lat' dir='ltr'>(z</span> <span class='ocrx_word' id='word_1_798' title='bbox 1933 1226 1945 1263; x_wconf 84' lang='lat'>&gt;</span> <span class='ocrx_word' id='word_1_799' title='bbox 1967 1223 2211 1262; x_wconf 76' lang='lat' dir='ltr'>indicavimus,</span> 
     </span>
     <span class='ocr_line' id='line_1_102' title="bbox 1198 1266 2210 1313; baseline -0.006 -9"><span class='ocrx_word' id='word_1_800' title='bbox 1198 1271 1477 1313; x_wconf 84' lang='lat' dir='ltr'>Observationes,</span> <span class='ocrx_word' id='word_1_801' title='bbox 1502 1270 1535 1302; x_wconf 90' lang='lat' dir='ltr'>in</span> <span class='ocrx_word' id='word_1_802' title='bbox 1560 1267 1711 1301; x_wconf 89' lang='lat' dir='ltr'>Volvulo</span> <span class='ocrx_word' id='word_1_803' title='bbox 1735 1266 1885 1308; x_wconf 60' lang='lat' dir='ltr'>habitas:</span> <span class='ocrx_word' id='word_1_804' title='bbox 1909 1267 1977 1309; x_wconf 82' lang='lat' dir='ltr'>lege</span> <span class='ocrx_word' id='word_1_805' title='bbox 1999 1267 2096 1300; x_wconf 87' lang='lat' dir='ltr'>etiam</span> <span class='ocrx_word' id='word_1_806' title='bbox 2129 1275 2210 1309; x_wconf 78' lang='lat' dir='ltr'>quas</span> 
     </span>
     <span class='ocr_line' id='line_1_103' title="bbox 1197 1310 2211 1355; baseline -0.007 -7"><span class='ocrx_word' id='word_1_807' title='bbox 1197 1328 1238 1348; x_wconf 81' lang='lat' dir='ltr'>ex</span> <span class='ocrx_word' id='word_1_808' title='bbox 1264 1314 1393 1355; x_wconf 77' lang='lat' dir='ltr'>Loffio,</span> <span class='ocrx_word' id='word_1_809' title='bbox 1417 1316 1535 1355; x_wconf 73' lang='lat' dir='ltr'>segem</span> <span class='ocrx_word' id='word_1_810' title='bbox 1550 1338 1559 1353; x_wconf 93' lang='lat'>,</span> <span class='ocrx_word' id='word_1_811' title='bbox 1582 1311 1773 1351; x_wconf 80' lang='lat' dir='ltr'>Claudero,</span> <span class='ocrx_word' id='word_1_812' title='bbox 1797 1312 1986 1346; x_wconf 80' lang='lat' dir='ltr'>Rommelio</span> <span class='ocrx_word' id='word_1_813' title='bbox 2009 1310 2211 1345; x_wconf 79' lang='lat' dir='ltr'>memoravi-</span> 
     </span>
     <span class='ocr_line' id='line_1_104' title="bbox 1198 1353 2211 1400; baseline -0.008 -8"><span class='ocrx_word' id='word_1_814' title='bbox 1198 1371 1269 1393; x_wconf 85' lang='lat' dir='ltr'>mus</span> <span class='ocrx_word' id='word_1_815' title='bbox 1294 1357 1407 1400; x_wconf 76' lang='grc' dir='ltr'><em>(α),</em></span> <span class='ocrx_word' id='word_1_816' title='bbox 1434 1358 1488 1391; x_wconf 90' lang='lat' dir='ltr'>ubi</span> <span class='ocrx_word' id='word_1_817' title='bbox 1515 1367 1572 1390; x_wconf 85' lang='lat' dir='ltr'>nec</span> <span class='ocrx_word' id='word_1_818' title='bbox 1599 1355 1763 1388; x_wconf 80' lang='lat' dir='ltr'>Volvulus</span> <span class='ocrx_word' id='word_1_819' title='bbox 1801 1363 1871 1388; x_wconf 83' lang='lat' dir='ltr'>erat</span> <span class='ocrx_word' id='word_1_820' title='bbox 1897 1375 1906 1390; x_wconf 87' lang='lat'>,</span> <span class='ocrx_word' id='word_1_821' title='bbox 1952 1363 1988 1389; x_wconf 89' lang='lat' dir='ltr'>ut</span> <span class='ocrx_word' id='word_1_822' title='bbox 2035 1353 2211 1388; x_wconf 77' lang='lat' dir='ltr'>validiores</span> 
     </span>
     <span class='ocr_line' id='line_1_105' title="bbox 1199 1395 2213 1443; baseline -0.007 -8"><span class='ocrx_word' id='word_1_823' title='bbox 1199 1401 1420 1436; x_wconf 88' lang='lat' dir='ltr'>musculorum</span> <span class='ocrx_word' id='word_1_824' title='bbox 1445 1397 1692 1441; x_wconf 79' lang='lat' dir='ltr'>compressiones</span> <span class='ocrx_word' id='word_1_825' title='bbox 1713 1397 1800 1433; x_wconf 88' lang='lat' dir='ltr'>credi</span> <span class='ocrx_word' id='word_1_826' title='bbox 1822 1395 1970 1443; x_wconf 80' lang='lat' dir='ltr'>possent,</span> <span class='ocrx_word' id='word_1_827' title='bbox 2006 1409 2065 1433; x_wconf 88' lang='lat' dir='ltr'>nec</span> <span class='ocrx_word' id='word_1_828' title='bbox 2095 1404 2213 1439; x_wconf 64' lang='lat' dir='ltr'>praeter</span> 
     </span>
     <span class='ocr_line' id='line_1_106' title="bbox 1199 1439 2215 1484; baseline -0.009 -4"><span class='ocrx_word' id='word_1_829' title='bbox 1199 1448 1304 1481; x_wconf 86' lang='lat' dir='ltr'>levem</span> <span class='ocrx_word' id='word_1_830' title='bbox 1327 1447 1361 1479; x_wconf 90' lang='lat' dir='ltr'>in</span> <span class='ocrx_word' id='word_1_831' title='bbox 1386 1457 1477 1484; x_wconf 70' lang='grc' dir='ltr'>ωηο,</span> <span class='ocrx_word' id='word_1_832' title='bbox 1501 1452 1555 1477; x_wconf 86' lang='lat' dir='ltr'>aut</span> <span class='ocrx_word' id='word_1_833' title='bbox 1579 1443 1681 1476; x_wconf 85' lang='lat' dir='ltr'>altero</span> <span class='ocrx_word' id='word_1_834' title='bbox 1703 1442 1768 1476; x_wconf 88' lang='lat' dir='ltr'>alvi</span> <span class='ocrx_word' id='word_1_835' title='bbox 1791 1440 2032 1476; x_wconf 65' lang='lat' dir='ltr'>adstrietionem</span> <span class='ocrx_word' id='word_1_836' title='bbox 2055 1440 2142 1475; x_wconf 84' lang='lat' dir='ltr'>obex</span> <span class='ocrx_word' id='word_1_837' title='bbox 2164 1439 2215 1472; x_wconf 89' lang='lat' dir='ltr'>ul-</span> 
     </span>
     <span class='ocr_line' id='line_1_107' title="bbox 1200 1483 2215 1532; baseline -0.008 -8"><span class='ocrx_word' id='word_1_838' title='bbox 1200 1491 1248 1524; x_wconf 83' lang='lat' dir='ltr'>lus</span> <span class='ocrx_word' id='word_1_839' title='bbox 1271 1491 1329 1532; x_wconf 87' lang='lat' dir='ltr'>qui</span> <span class='ocrx_word' id='word_1_840' title='bbox 1352 1487 1504 1524; x_wconf 80' lang='lat' dir='ltr'>humores</span> <span class='ocrx_word' id='word_1_841' title='bbox 1525 1488 1562 1521; x_wconf 89' lang='lat' dir='ltr'>in</span> <span class='ocrx_word' id='word_1_842' title='bbox 1591 1495 1665 1520; x_wconf 90' lang='lat' dir='ltr'>toto</span> <span class='ocrx_word' id='word_1_843' title='bbox 1689 1496 1768 1529; x_wconf 86' lang='lat' dir='ltr'>pene</span> <span class='ocrx_word' id='word_1_844' title='bbox 1790 1483 2017 1519; x_wconf 85' lang='lat' dir='ltr'>intestinorum</span> <span class='ocrx_word' id='word_1_845' title='bbox 2041 1485 2124 1519; x_wconf 87' lang='lat' dir='ltr'>tubo</span> <span class='ocrx_word' id='word_1_846' title='bbox 2156 1494 2215 1516; x_wconf 86' lang='lat' dir='ltr'>co-</span> 
     </span>
     <span class='ocr_line' id='line_1_108' title="bbox 1200 1529 2211 1573; baseline -0.008 -6"><span class='ocrx_word' id='word_1_847' title='bbox 1200 1531 1346 1567; x_wconf 75' lang='lat' dir='ltr'>ercuisset</span> <span class='ocrx_word' id='word_1_848' title='bbox 1362 1555 1370 1563; x_wconf 90' lang='lat'><strong>.</strong></span> <span class='ocrx_word' id='word_1_849' title='bbox 1397 1533 1544 1565; x_wconf 77' lang='lat' dir='ltr'>invenies</span> <span class='ocrx_word' id='word_1_850' title='bbox 1569 1529 1675 1573; x_wconf 81' lang='lat' dir='ltr'>paffun</span> <span class='ocrx_word' id='word_1_851' title='bbox 1696 1529 1844 1572; x_wconf 87' lang='lat' dir='ltr'>clysteres</span> <span class='ocrx_word' id='word_1_852' title='bbox 1871 1535 1958 1562; x_wconf 76' lang='lat' dir='ltr'>totos</span> <span class='ocrx_word' id='word_1_853' title='bbox 1982 1552 1995 1569; x_wconf 83' lang='lat'>‚</span> <span class='ocrx_word' id='word_1_854' title='bbox 2037 1529 2176 1570; x_wconf 80' lang='lat' dir='ltr'>integros</span> <span class='ocrx_word' id='word_1_855' title='bbox 2199 1549 2211 1566; x_wconf 87' lang='lat'><em>,</em></span> 
     </span>
     <span class='ocr_line' id='line_1_109' title="bbox 1200 1568 2211 1620; baseline -0.008 -10"><span class='ocrx_word' id='word_1_856' title='bbox 1200 1576 1319 1620; x_wconf 75' lang='lat' dir='ltr'>eosque</span> <span class='ocrx_word' id='word_1_857' title='bbox 1337 1575 1493 1618; x_wconf 84' lang='lat' dir='ltr'>finceros,</span> <span class='ocrx_word' id='word_1_858' title='bbox 1521 1582 1558 1607; x_wconf 75' lang='lat' dir='ltr'>ut</span> <span class='ocrx_word' id='word_1_859' title='bbox 1574 1572 1708 1620; x_wconf 60' lang='lat' dir='ltr'>fuerant</span> <span class='ocrx_word' id='word_1_860' title='bbox 1730 1570 1909 1614; x_wconf 67' lang='lat' dir='ltr'>applicati,</span> <span class='ocrx_word' id='word_1_861' title='bbox 1956 1570 2039 1605; x_wconf 80' lang='lat' dir='ltr'>nihil</span> <span class='ocrx_word' id='word_1_862' title='bbox 2079 1568 2211 1613; x_wconf 84' lang='lat' dir='ltr'>prorsus</span> 
     </span>
     <span class='ocr_line' id='line_1_110' title="bbox 1199 1613 2215 1661; baseline -0.007 -7"><span class='ocrx_word' id='word_1_863' title='bbox 1199 1622 1409 1659; x_wconf 74' lang='lat' dir='ltr'>immutatos,</span> <span class='ocrx_word' id='word_1_864' title='bbox 1435 1630 1492 1661; x_wconf 87' lang='lat' dir='ltr'>per</span> <span class='ocrx_word' id='word_1_865' title='bbox 1515 1629 1551 1651; x_wconf 89' lang='lat' dir='ltr'>os</span> <span class='ocrx_word' id='word_1_866' title='bbox 1576 1616 1692 1657; x_wconf 59' lang='lat' dir='ltr'>ejecios</span> <span class='ocrx_word' id='word_1_867' title='bbox 1716 1615 1885 1658; x_wconf 79' lang='lat' dir='ltr'>postquam</span> <span class='ocrx_word' id='word_1_868' title='bbox 1915 1622 1974 1656; x_wconf 81' lang='lat' dir='ltr'>per</span> <span class='ocrx_word' id='word_1_869' title='bbox 2006 1613 2113 1648; x_wconf 73' lang='lat' dir='ltr'>horam</span> <span class='ocrx_word' id='word_1_870' title='bbox 2143 1613 2215 1647; x_wconf 86' lang='lat' dir='ltr'>fue-</span> 
     </span>
     <span class='ocr_line' id='line_1_111' title="bbox 1202 1655 2216 1702; baseline -0.007 -5"><span class='ocrx_word' id='word_1_871' title='bbox 1202 1673 1274 1697; x_wconf 86' lang='lat' dir='ltr'>rant</span> <span class='ocrx_word' id='word_1_872' title='bbox 1298 1664 1331 1697; x_wconf 85' lang='lat' dir='ltr'>in</span> <span class='ocrx_word' id='word_1_873' title='bbox 1353 1662 1506 1702; x_wconf 54' lang='lat' dir='ltr'>intestinis</span> <span class='ocrx_word' id='word_1_874' title='bbox 1529 1659 1665 1699; x_wconf 74' lang='lat' dir='ltr'>retenti,</span> <span class='ocrx_word' id='word_1_875' title='bbox 1687 1658 1751 1701; x_wconf 71' lang='lat' dir='ltr'>posi</span> <span class='ocrx_word' id='word_1_876' title='bbox 1773 1658 1850 1691; x_wconf 73' lang='lat' dir='ltr'>hom</span> <span class='ocrx_word' id='word_1_877' title='bbox 1883 1658 2011 1692; x_wconf 78' lang='lat' dir='ltr'>circiter</span> <span class='ocrx_word' id='word_1_878' title='bbox 2038 1655 2182 1701; x_wconf 73' lang='lat' dir='ltr'>spatium</span> <span class='ocrx_word' id='word_1_879' title='bbox 2202 1674 2216 1697; x_wconf 61' lang='lat'><em>5</em></span> 
     </span>
     <span class='ocr_line' id='line_1_112' title="bbox 1196 1699 2213 1749; baseline -0.007 -9"><span class='ocrx_word' id='word_1_880' title='bbox 1196 1706 1264 1749; x_wconf 69' lang='lat' dir='ltr'>posi</span> <span class='ocrx_word' id='word_1_881' title='bbox 1287 1706 1366 1741; x_wconf 76' lang='lat' dir='ltr'>horae</span> <span class='ocrx_word' id='word_1_882' title='bbox 1389 1706 1595 1748; x_wconf 73' lang='lat' dir='ltr'>quadrantem</span> <span class='ocrx_word' id='word_1_883' title='bbox 1619 1725 1627 1739; x_wconf 78' lang='lat'><strong>‚</strong></span> <span class='ocrx_word' id='word_1_884' title='bbox 1660 1702 1740 1735; x_wconf 74' lang='lat' dir='ltr'>horae</span> <span class='ocrx_word' id='word_1_885' title='bbox 1763 1702 1936 1745; x_wconf 77' lang='lat' dir='ltr'>quadrante</span> <span class='ocrx_word' id='word_1_886' title='bbox 1980 1701 2039 1735; x_wconf 78' lang='lat' dir='ltr'>vix</span> <span class='ocrx_word' id='word_1_887' title='bbox 2083 1699 2185 1743; x_wconf 82' lang='lat' dir='ltr'>elapso</span> <span class='ocrx_word' id='word_1_888' title='bbox 2202 1724 2213 1740; x_wconf 88' lang='lat'><em>‚</em></span> 
     </span>
     <span class='ocr_line' id='line_1_113' title="bbox 1203 1745 2215 1794; baseline -0.008 -10"><span class='ocrx_word' id='word_1_889' title='bbox 1203 1758 1357 1786; x_wconf 82' lang='lat' dir='ltr'>momento</span> <span class='ocrx_word' id='word_1_890' title='bbox 1379 1749 1551 1792; x_wconf 73' lang='lat' dir='ltr'>temporis,</span> <span class='ocrx_word' id='word_1_891' title='bbox 1577 1747 1666 1781; x_wconf 79' lang='lat' dir='ltr'>nulla</span> <span class='ocrx_word' id='word_1_892' title='bbox 1689 1745 1822 1794; x_wconf 87' lang='lat' dir='ltr'>usquam</span> <span class='ocrx_word' id='word_1_893' title='bbox 1846 1754 2102 1780; x_wconf 80' lang='lat' dir='ltr'>commemorata</span> <span class='ocrx_word' id='word_1_894' title='bbox 2127 1745 2215 1777; x_wconf 87' lang='lat' dir='ltr'>inter</span> 
     </span>
     <span class='ocr_line' id='line_1_114' title="bbox 1202 1787 2216 1837; baseline -0.013 -8"><span class='ocrx_word' id='word_1_895' title='bbox 1202 1794 1368 1837; x_wconf 84' lang='lat' dir='ltr'>clysmatis</span> <span class='ocrx_word' id='word_1_896' title='bbox 1390 1791 1598 1834; x_wconf 65' lang='lat' dir='ltr'>injectionem</span> <span class='ocrx_word' id='word_1_897' title='bbox 1613 1812 1621 1826; x_wconf 82' lang='lat'><em>‚</em></span> <span class='ocrx_word' id='word_1_898' title='bbox 1645 1793 1676 1823; x_wconf 78' lang='grc' dir='ltr'>δε</span> <span class='ocrx_word' id='word_1_899' title='bbox 1700 1789 1907 1831; x_wconf 72' lang='lat' dir='ltr'>rejeffionem</span> <span class='ocrx_word' id='word_1_900' title='bbox 1931 1811 1943 1829; x_wconf 83' lang='lat'>,</span> <span class='ocrx_word' id='word_1_901' title='bbox 1975 1787 2122 1825; x_wconf 82' lang='lat' dir='ltr'>humoris</span> <span class='ocrx_word' id='word_1_902' title='bbox 2156 1798 2216 1821; x_wconf 82' lang='lat' dir='ltr'>vo-</span> 
     </span>
     <span class='ocr_line' id='line_1_115' title="bbox 1204 1830 2215 1876; baseline -0.007 -4"><span class='ocrx_word' id='word_1_903' title='bbox 1204 1839 1361 1875; x_wconf 87' lang='lat' dir='ltr'>mitione,</span> <span class='ocrx_word' id='word_1_904' title='bbox 1388 1836 1506 1871; x_wconf 89' lang='lat' dir='ltr'>nedum</span> <span class='ocrx_word' id='word_1_905' title='bbox 1533 1845 1642 1872; x_wconf 84' lang='lat' dir='ltr'>tanta,</span> <span class='ocrx_word' id='word_1_906' title='bbox 1665 1843 1819 1876; x_wconf 81' lang='lat' dir='ltr'>quantam</span> <span class='ocrx_word' id='word_1_907' title='bbox 1840 1832 1996 1875; x_wconf 82' lang='lat' dir='ltr'>intelligis</span> <span class='ocrx_word' id='word_1_908' title='bbox 2014 1855 2028 1874; x_wconf 91' lang='lat'>,</span> <span class='ocrx_word' id='word_1_909' title='bbox 2063 1831 2086 1865; x_wconf 82' lang='lat' dir='ltr'>si</span> <span class='ocrx_word' id='word_1_910' title='bbox 2121 1830 2215 1874; x_wconf 82' lang='lat' dir='ltr'>plena.</span> 
     </span>
     <span class='ocr_line' id='line_1_116' title="bbox 1205 1875 2215 1916; baseline -0.006 -2"><span class='ocrx_word' id='word_1_911' title='bbox 1205 1880 1336 1916; x_wconf 80' lang='lat' dir='ltr'>fuissent</span> <span class='ocrx_word' id='word_1_912' title='bbox 1378 1879 1529 1914; x_wconf 84' lang='lat' dir='ltr'>intestina</span> <span class='ocrx_word' id='word_1_913' title='bbox 1553 1879 1665 1911; x_wconf 84' lang='lat' dir='ltr'>omnia</span> <span class='ocrx_word' id='word_1_914' title='bbox 1691 1897 1702 1914; x_wconf 90' lang='lat'>‚</span> <span class='ocrx_word' id='word_1_915' title='bbox 1745 1875 1804 1911; x_wconf 81' lang='lat' dir='ltr'>esse</span> <span class='ocrx_word' id='word_1_916' title='bbox 1826 1875 1991 1911; x_wconf 82' lang='lat' dir='ltr'>debuisse.</span> <span class='ocrx_word' id='word_1_917' title='bbox 2124 1875 2215 1910; x_wconf 85' lang='lat' dir='ltr'>Cum</span> 
     </span>
     <span class='ocr_line' id='line_1_117' title="bbox 1203 1917 2215 1968; baseline -0.006 -10"><span class='ocrx_word' id='word_1_918' title='bbox 1203 1926 1308 1968; x_wconf 80' lang='lat' dir='ltr'>igitur</span> <span class='ocrx_word' id='word_1_919' title='bbox 1331 1936 1388 1957; x_wconf 86' lang='lat' dir='ltr'>nec</span> <span class='ocrx_word' id='word_1_920' title='bbox 1413 1924 1504 1966; x_wconf 87' lang='lat' dir='ltr'>plena</span> <span class='ocrx_word' id='word_1_921' title='bbox 1529 1921 1618 1962; x_wconf 68' lang='lat' dir='ltr'>haec,</span> <span class='ocrx_word' id='word_1_922' title='bbox 1642 1931 1698 1955; x_wconf 87' lang='lat' dir='ltr'>nec</span> <span class='ocrx_word' id='word_1_923' title='bbox 1721 1919 1811 1963; x_wconf 82' lang='lat' dir='ltr'>quasi</span> <span class='ocrx_word' id='word_1_924' title='bbox 1834 1920 1927 1962; x_wconf 87' lang='lat' dir='ltr'>plena</span> <span class='ocrx_word' id='word_1_925' title='bbox 1950 1918 2074 1960; x_wconf 85' lang='lat' dir='ltr'>essent;</span> <span class='ocrx_word' id='word_1_926' title='bbox 2104 1917 2215 1961; x_wconf 82' lang='lat' dir='ltr'>profe-</span> 
     </span>
     <span class='ocr_line' id='line_1_118' title="bbox 1199 1962 2214 2010; baseline -0.006 -9"><span class='ocrx_word' id='word_1_927' title='bbox 1199 1970 1254 2001; x_wconf 76' lang='grc' dir='ltr'>έῒο</span> <span class='ocrx_word' id='word_1_928' title='bbox 1281 1975 1437 2010; x_wconf 87' lang='lat' dir='ltr'>apparet,</span> <span class='ocrx_word' id='word_1_929' title='bbox 1462 1966 1557 2000; x_wconf 85' lang='lat' dir='ltr'>aliam</span> <span class='ocrx_word' id='word_1_930' title='bbox 1593 1964 1653 1999; x_wconf 74' lang='lat' dir='ltr'>esse</span> <span class='ocrx_word' id='word_1_931' title='bbox 1686 1964 1939 2008; x_wconf 72' lang='lat' dir='ltr'>explicationem</span> <span class='ocrx_word' id='word_1_932' title='bbox 1973 1962 2180 2007; x_wconf 81' lang='lat' dir='ltr'>quaerendam</span> <span class='ocrx_word' id='word_1_933' title='bbox 2203 1985 2214 2001; x_wconf 91' lang='lat'>‚</span> 
     </span>
     <span class='ocr_line' id='line_1_119' title="bbox 1199 2006 2214 2055; baseline -0.003 -10"><span class='ocrx_word' id='word_1_934' title='bbox 1199 2023 1239 2045; x_wconf 82' lang='lat' dir='ltr'>ex</span> <span class='ocrx_word' id='word_1_935' title='bbox 1262 2023 1325 2055; x_wconf 88' lang='lat' dir='ltr'>qua</span> <span class='ocrx_word' id='word_1_936' title='bbox 1351 2011 1474 2044; x_wconf 84' lang='lat' dir='ltr'>eluceat</span> <span class='ocrx_word' id='word_1_937' title='bbox 1499 2019 1569 2043; x_wconf 87' lang='lat' dir='ltr'>tum</span> <span class='ocrx_word' id='word_1_938' title='bbox 1593 2021 1665 2052; x_wconf 81' lang='lat' dir='ltr'>quae</span> <span class='ocrx_word' id='word_1_939' title='bbox 1689 2007 1782 2043; x_wconf 84' lang='lat' dir='ltr'>causa</span> <span class='ocrx_word' id='word_1_940' title='bbox 1805 2007 1845 2041; x_wconf 89' lang='lat' dir='ltr'>ab</span> <span class='ocrx_word' id='word_1_941' title='bbox 1858 2007 1964 2042; x_wconf 63' lang='lat' dir='ltr'>Recio</span> <span class='ocrx_word' id='word_1_942' title='bbox 1989 2006 2027 2040; x_wconf 84' lang='lat' dir='ltr'>acl</span> <span class='ocrx_word' id='word_1_943' title='bbox 2051 2008 2214 2042; x_wconf 80' lang='lat' dir='ltr'>ventricu-</span> 
     </span>
     <span class='ocr_line' id='line_1_120' title="bbox 1202 2050 2215 2097; baseline -0.003 -9"><span class='ocrx_word' id='word_1_944' title='bbox 1202 2055 1273 2088; x_wconf 90' lang='lat' dir='ltr'>lum</span> <span class='ocrx_word' id='word_1_945' title='bbox 1296 2053 1443 2097; x_wconf 87' lang='lat' dir='ltr'>clysteres</span> <span class='ocrx_word' id='word_1_946' title='bbox 1468 2054 1702 2096; x_wconf 85' lang='lat' dir='ltr'>compelleret,</span> <span class='ocrx_word' id='word_1_947' title='bbox 1724 2060 1793 2086; x_wconf 85' lang='lat' dir='ltr'>turn</span> <span class='ocrx_word' id='word_1_948' title='bbox 1815 2063 1888 2094; x_wconf 80' lang='lat' dir='ltr'>quae</span> <span class='ocrx_word' id='word_1_949' title='bbox 1920 2050 2061 2085; x_wconf 85' lang='lat' dir='ltr'>Bauhini</span> <span class='ocrx_word' id='word_1_950' title='bbox 2097 2052 2215 2085; x_wconf 87' lang='lat' dir='ltr'>valvu-</span> 
     </span>
     <span class='ocr_line' id='line_1_121' title="bbox 1202 2095 2214 2141; baseline -0.003 -10"><span class='ocrx_word' id='word_1_951' title='bbox 1202 2099 1267 2132; x_wconf 85' lang='lat' dir='ltr'>lam</span> <span class='ocrx_word' id='word_1_952' title='bbox 1292 2108 1435 2141; x_wconf 88' lang='lat' dir='ltr'>apertam</span> <span class='ocrx_word' id='word_1_953' title='bbox 1459 2098 1596 2132; x_wconf 87' lang='lat' dir='ltr'>servaret</span> <span class='ocrx_word' id='word_1_954' title='bbox 1614 2122 1623 2131; x_wconf 89' lang='lat'>.</span> <span class='ocrx_word' id='word_1_955' title='bbox 1647 2095 1839 2131; x_wconf 87' lang='lat' dir='ltr'>Videndum</span> <span class='ocrx_word' id='word_1_956' title='bbox 1861 2096 1905 2129; x_wconf 86' lang='lat' dir='ltr'>est</span> <span class='ocrx_word' id='word_1_957' title='bbox 1917 2105 2023 2129; x_wconf 86' lang='lat' dir='ltr'>autem</span> <span class='ocrx_word' id='word_1_958' title='bbox 2036 2106 2121 2130; x_wconf 88' lang='lat' dir='ltr'>nunc</span> <span class='ocrx_word' id='word_1_959' title='bbox 2133 2106 2214 2138; x_wconf 84' lang='lat' dir='ltr'>prae-</span> 
     </span>
     <span class='ocr_line' id='line_1_122' title="bbox 1202 2138 2214 2184; baseline -0.005 -9"><span class='ocrx_word' id='word_1_960' title='bbox 1202 2142 1318 2175; x_wconf 80' lang='lat' dir='ltr'>sertim</span> <span class='ocrx_word' id='word_1_961' title='bbox 1340 2141 1470 2184; x_wconf 87' lang='lat' dir='ltr'>quando</span> <span class='ocrx_word' id='word_1_962' title='bbox 1494 2152 1559 2174; x_wconf 92' lang='lat' dir='ltr'>non</span> <span class='ocrx_word' id='word_1_963' title='bbox 1582 2139 1694 2175; x_wconf 87' lang='lat' dir='ltr'>desunt</span> <span class='ocrx_word' id='word_1_964' title='bbox 1717 2142 1774 2182; x_wconf 86' lang='lat' dir='ltr'>qui</span> <span class='ocrx_word' id='word_1_965' title='bbox 1797 2138 2074 2183; x_wconf 73' lang='lat' dir='ltr'>diaphragmaris,</span> <span class='ocrx_word' id='word_1_966' title='bbox 2097 2141 2214 2173; x_wconf 81' lang='lat' dir='ltr'>&amp;mu-</span> 
     </span>
     <span class='ocr_line' id='line_1_123' title="bbox 1202 2183 2213 2219; baseline -0.003 0"><span class='ocrx_word' id='word_1_967' title='bbox 1202 2187 1366 2219; x_wconf 89' lang='lat' dir='ltr'>sculorum</span> <span class='ocrx_word' id='word_1_968' title='bbox 1390 2184 1573 2219; x_wconf 84' lang='lat' dir='ltr'>abdominis</span> <span class='ocrx_word' id='word_1_969' title='bbox 1597 2183 1635 2218; x_wconf 88' lang='lat' dir='ltr'>ad</span> <span class='ocrx_word' id='word_1_970' title='bbox 1660 2186 1823 2219; x_wconf 87' lang='lat' dir='ltr'>vomitum</span> <span class='ocrx_word' id='word_1_971' title='bbox 1867 2183 2018 2218; x_wconf 84' lang='lat' dir='ltr'>ciendum</span> <span class='ocrx_word' id='word_1_972' title='bbox 2063 2183 2145 2217; x_wconf 80' lang='lat' dir='ltr'>vires</span> <span class='ocrx_word' id='word_1_973' title='bbox 2177 2183 2213 2216; x_wconf 86' lang='lat' dir='ltr'>in</span> 
     </span>
     <span class='ocr_line' id='line_1_124' title="bbox 1200 2226 2212 2270; baseline -0.002 -8"><span class='ocrx_word' id='word_1_974' title='bbox 1200 2229 1339 2263; x_wconf 87' lang='lat' dir='ltr'>dubium</span> <span class='ocrx_word' id='word_1_975' title='bbox 1363 2237 1502 2265; x_wconf 85' lang='lat' dir='ltr'>vocant;</span> <span class='ocrx_word' id='word_1_976' title='bbox 1526 2227 1704 2262; x_wconf 87' lang='lat' dir='ltr'>videndum</span> <span class='ocrx_word' id='word_1_977' title='bbox 1726 2228 1794 2267; x_wconf 81' lang='lat' dir='ltr'>est,</span> <span class='ocrx_word' id='word_1_978' title='bbox 1818 2228 1975 2270; x_wconf 85' lang='lat' dir='ltr'>inquam,</span> <span class='ocrx_word' id='word_1_979' title='bbox 1998 2238 2037 2261; x_wconf 89' lang='lat' dir='ltr'>ne</span> <span class='ocrx_word' id='word_1_980' title='bbox 2059 2226 2149 2270; x_wconf 89' lang='lat' dir='ltr'>quod</span> <span class='ocrx_word' id='word_1_981' title='bbox 2172 2226 2212 2260; x_wconf 89' lang='lat' dir='ltr'>ad</span> 
     </span>
     <span class='ocr_line' id='line_1_125' title="bbox 1200 2269 2212 2314; baseline -0.002 -9"><span class='ocrx_word' id='word_1_982' title='bbox 1200 2273 1341 2314; x_wconf 89' lang='lat' dir='ltr'>primam</span> <span class='ocrx_word' id='word_1_983' title='bbox 1374 2274 1492 2305; x_wconf 89' lang='lat' dir='ltr'>attinet</span> <span class='ocrx_word' id='word_1_984' title='bbox 1526 2271 1678 2308; x_wconf 85' lang='lat' dir='ltr'>causam,</span> <span class='ocrx_word' id='word_1_985' title='bbox 1701 2281 1904 2313; x_wconf 80' lang='lat' dir='ltr'>praepropere</span> <span class='ocrx_word' id='word_1_986' title='bbox 1926 2269 2046 2312; x_wconf 58' lang='lat' dir='ltr'>abjeffiia</span> <span class='ocrx_word' id='word_1_987' title='bbox 2079 2270 2135 2304; x_wconf 87' lang='lat' dir='ltr'>illa</span> <span class='ocrx_word' id='word_1_988' title='bbox 2172 2269 2212 2305; x_wconf 81' lang='lat' dir='ltr'>sit</span> 
     </span>
     <span class='ocr_line' id='line_1_126' title="bbox 1199 2313 2211 2358; baseline -0.002 -10"><span class='ocrx_word' id='word_1_989' title='bbox 1199 2328 1272 2358; x_wconf 81' lang='lat' dir='ltr'>quae</span> <span class='ocrx_word' id='word_1_990' title='bbox 1296 2317 1333 2348; x_wconf 90' lang='lat' dir='ltr'>in</span> <span class='ocrx_word' id='word_1_991' title='bbox 1358 2325 1450 2349; x_wconf 88' lang='lat' dir='ltr'>motu</span> <span class='ocrx_word' id='word_1_992' title='bbox 1476 2314 1606 2349; x_wconf 88' lang='lat' dir='ltr'>inverso</span> <span class='ocrx_word' id='word_1_993' title='bbox 1629 2315 1860 2349; x_wconf 81' lang='lat' dir='ltr'>intestinorum</span> <span class='ocrx_word' id='word_1_994' title='bbox 1885 2314 1925 2347; x_wconf 89' lang='lat' dir='ltr'>ab</span> <span class='ocrx_word' id='word_1_995' title='bbox 1948 2314 2089 2357; x_wconf 82' lang='lat' dir='ltr'>antiquis</span> <span class='ocrx_word' id='word_1_996' title='bbox 2112 2313 2211 2357; x_wconf 86' lang='lat' dir='ltr'>usque</span> 
     </span>
     <span class='ocr_line' id='line_1_127' title="bbox 1200 2357 2211 2402; baseline -0.002 -10"><span class='ocrx_word' id='word_1_997' title='bbox 1200 2359 1405 2401; x_wconf 86' lang='lat' dir='ltr'>temporibus</span> <span class='ocrx_word' id='word_1_998' title='bbox 1429 2359 1666 2402; x_wconf 86' lang='lat' dir='ltr'>reponebatur.</span> <span class='ocrx_word' id='word_1_999' title='bbox 1691 2359 1744 2392; x_wconf 93' lang='lat' dir='ltr'>Ut</span> <span class='ocrx_word' id='word_1_1000' title='bbox 1768 2358 1854 2391; x_wconf 88' lang='lat' dir='ltr'>enim</span> <span class='ocrx_word' id='word_1_1001' title='bbox 1877 2357 1904 2391; x_wconf 90' lang='lat' dir='ltr'>is</span> <span class='ocrx_word' id='word_1_1002' title='bbox 1940 2367 2048 2392; x_wconf 86' lang='lat' dir='ltr'>motus</span> <span class='ocrx_word' id='word_1_1003' title='bbox 2079 2357 2136 2399; x_wconf 87' lang='lat' dir='ltr'>ubi</span> <span class='ocrx_word' id='word_1_1004' title='bbox 2170 2358 2211 2390; x_wconf 95' lang='lat' dir='ltr'>li-</span> 
     </span>
     <span class='ocr_line' id='line_1_128' title="bbox 1199 2400 2209 2445; baseline -0.001 -9"><span class='ocrx_word' id='word_1_1005' title='bbox 1199 2413 1298 2445; x_wconf 76' lang='lat' dir='ltr'>gata,</span> <span class='ocrx_word' id='word_1_1006' title='bbox 1321 2402 1477 2440; x_wconf 87' lang='lat' dir='ltr'>distenta,</span> <span class='ocrx_word' id='word_1_1007' title='bbox 1504 2401 1733 2442; x_wconf 86' lang='lat' dir='ltr'>inflammata,</span> <span class='ocrx_word' id='word_1_1008' title='bbox 1756 2400 1894 2435; x_wconf 86' lang='lat' dir='ltr'>resoluta</span> <span class='ocrx_word' id='word_1_1009' title='bbox 1927 2401 1990 2435; x_wconf 81' lang='lat' dir='ltr'>sint</span> <span class='ocrx_word' id='word_1_1010' title='bbox 2025 2400 2176 2435; x_wconf 80' lang='lat' dir='ltr'>intestina</span> <span class='ocrx_word' id='word_1_1011' title='bbox 2199 2426 2209 2441; x_wconf 94' lang='lat'>,</span> 
     </span>
     <span class='ocr_line' id='line_1_129' title="bbox 1198 2444 2208 2487; baseline 0 -8"><span class='ocrx_word' id='word_1_1012' title='bbox 1198 2458 1264 2479; x_wconf 85' lang='lat' dir='ltr'>non</span> <span class='ocrx_word' id='word_1_1013' title='bbox 1290 2445 1385 2479; x_wconf 84' lang='lat' dir='ltr'>facile</span> <span class='ocrx_word' id='word_1_1014' title='bbox 1409 2446 1484 2479; x_wconf 85' lang='lat' dir='ltr'>eslet</span> <span class='ocrx_word' id='word_1_1015' title='bbox 1508 2446 1743 2487; x_wconf 60' lang='lat' dir='ltr'>agnoscendum</span> <span class='ocrx_word' id='word_1_1016' title='bbox 1765 2456 1822 2479; x_wconf 89' lang='lat' dir='ltr'>cur</span> <span class='ocrx_word' id='word_1_1017' title='bbox 1845 2445 1892 2478; x_wconf 87' lang='lat' dir='ltr'>ibi</span> <span class='ocrx_word' id='word_1_1018' title='bbox 1916 2444 2078 2487; x_wconf 80' lang='lat' dir='ltr'>negandus</span> <span class='ocrx_word' id='word_1_1019' title='bbox 2102 2444 2139 2478; x_wconf 82' lang='lat' dir='ltr'>sit</span> <span class='ocrx_word' id='word_1_1020' title='bbox 2150 2444 2208 2479; x_wconf 88' lang='lat' dir='ltr'>ubi</span> 
     </span>
     <span class='ocr_line' id='line_1_130' title="bbox 1192 2487 2209 2529; baseline -0.001 -6"><span class='ocrx_word' id='word_1_1021' title='bbox 1192 2489 1278 2523; x_wconf 85' lang='lat' dir='ltr'>nihil</span> <span class='ocrx_word' id='word_1_1022' title='bbox 1304 2489 1441 2523; x_wconf 80' lang='lat' dir='ltr'>istorum</span> <span class='ocrx_word' id='word_1_1023' title='bbox 1464 2487 1532 2522; x_wconf 74' lang='lat' dir='ltr'>est?</span> <span class='ocrx_word' id='word_1_1024' title='bbox 1555 2487 1637 2522; x_wconf 87' lang='lat' dir='ltr'>nihil</span> <span class='ocrx_word' id='word_1_1025' title='bbox 1662 2498 1771 2521; x_wconf 85' lang='lat' dir='ltr'>autem</span> <span class='ocrx_word' id='word_1_1026' title='bbox 1792 2487 1850 2521; x_wconf 84' lang='lat' dir='ltr'>effe</span> <span class='ocrx_word' id='word_1_1027' title='bbox 1877 2497 2004 2529; x_wconf 86' lang='lat' dir='ltr'>poterat</span> <span class='ocrx_word' id='word_1_1028' title='bbox 2026 2490 2062 2522; x_wconf 89' lang='lat' dir='ltr'>in</span> <span class='ocrx_word' id='word_1_1029' title='bbox 2083 2488 2209 2523; x_wconf 83' lang='lat' dir='ltr'>iisOb-</span> 
     </span>
     <span class='ocr_line' id='line_1_131' title="bbox 1194 2530 2206 2575; baseline 0.001 -10"><span class='ocrx_word' id='word_1_1030' title='bbox 1194 2532 1433 2566; x_wconf 85' lang='lat' dir='ltr'>servationibus</span> <span class='ocrx_word' id='word_1_1031' title='bbox 1454 2543 1548 2575; x_wconf 80' lang='lat' dir='ltr'>quae,</span> <span class='ocrx_word' id='word_1_1032' title='bbox 1573 2532 1664 2565; x_wconf 91' lang='lat' dir='ltr'>nullo</span> <span class='ocrx_word' id='word_1_1033' title='bbox 1689 2530 1844 2572; x_wconf 86' lang='lat' dir='ltr'>praesente</span> <span class='ocrx_word' id='word_1_1034' title='bbox 1868 2532 2017 2566; x_wconf 86' lang='lat' dir='ltr'>Volvulo</span> <span class='ocrx_word' id='word_1_1035' title='bbox 2036 2555 2048 2572; x_wconf 90' lang='lat'><em>,</em></span> <span class='ocrx_word' id='word_1_1036' title='bbox 2085 2531 2206 2567; x_wconf 81' lang='lat' dir='ltr'>habitae</span> 
     </span>
     <span class='ocr_line' id='line_1_132' title="bbox 1194 2574 2206 2619; baseline 0.001 -10"><span class='ocrx_word' id='word_1_1037' title='bbox 1194 2576 1270 2610; x_wconf 88' lang='lat' dir='ltr'>sunt</span> <span class='ocrx_word' id='word_1_1038' title='bbox 1286 2601 1295 2616; x_wconf 86' lang='lat'>‚</span> <span class='ocrx_word' id='word_1_1039' title='bbox 1320 2587 1422 2619; x_wconf 90' lang='lat' dir='ltr'>neque</span> <span class='ocrx_word' id='word_1_1040' title='bbox 1446 2584 1536 2614; x_wconf 87' lang='lat' dir='ltr'>erat,</span> <span class='ocrx_word' id='word_1_1041' title='bbox 1558 2577 1660 2609; x_wconf 82' lang='lat' dir='ltr'>etiam</span> <span class='ocrx_word' id='word_1_1042' title='bbox 1683 2574 1747 2608; x_wconf 89' lang='lat' dir='ltr'>hoc</span> <span class='ocrx_word' id='word_1_1043' title='bbox 1771 2575 1944 2617; x_wconf 85' lang='lat' dir='ltr'>praeseute‚</span> <span class='ocrx_word' id='word_1_1044' title='bbox 1971 2584 2026 2609; x_wconf 87' lang='lat' dir='ltr'>aut</span> <span class='ocrx_word' id='word_1_1045' title='bbox 2049 2585 2137 2610; x_wconf 86' lang='lat' dir='ltr'>certe</span> <span class='ocrx_word' id='word_1_1046' title='bbox 2152 2588 2206 2610; x_wconf 84' lang='lat' dir='ltr'>ne-</span> 
     </span>
     <span class='ocr_line' id='line_1_133' title="bbox 1195 2618 2206 2662; baseline -0.001 -10"><span class='ocrx_word' id='word_1_1047' title='bbox 1195 2618 1275 2653; x_wconf 81' lang='lat' dir='ltr'>cesse</span> <span class='ocrx_word' id='word_1_1048' title='bbox 1298 2631 1363 2652; x_wconf 84' lang='lat' dir='ltr'>non</span> <span class='ocrx_word' id='word_1_1049' title='bbox 1387 2629 1454 2653; x_wconf 85' lang='lat' dir='ltr'>erat</span> <span class='ocrx_word' id='word_1_1050' title='bbox 1478 2618 1624 2661; x_wconf 84' lang='lat' dir='ltr'>semper,</span> <span class='ocrx_word' id='word_1_1051' title='bbox 1650 2629 1684 2652; x_wconf 93' lang='lat' dir='ltr'>ut</span> <span class='ocrx_word' id='word_1_1052' title='bbox 1710 2618 1786 2652; x_wconf 84' lang='lat' dir='ltr'>esset</span> <span class='ocrx_word' id='word_1_1053' title='bbox 1819 2620 1853 2652; x_wconf 87' lang='lat' dir='ltr'>in</span> <span class='ocrx_word' id='word_1_1054' title='bbox 1888 2630 2003 2662; x_wconf 82' lang='lat' dir='ltr'>magna</span> <span class='ocrx_word' id='word_1_1055' title='bbox 2038 2620 2206 2654; x_wconf 81' lang='lat' dir='ltr'>intestino.</span> 
     </span>
     <span class='ocr_line' id='line_1_134' title="bbox 1194 2662 2205 2706; baseline 0.001 -10"><span class='ocrx_word' id='word_1_1056' title='bbox 1194 2674 1268 2697; x_wconf 86' lang='lat' dir='ltr'>rum</span> <span class='ocrx_word' id='word_1_1057' title='bbox 1293 2673 1406 2706; x_wconf 81' lang='lat' dir='ltr'>parte,</span> <span class='ocrx_word' id='word_1_1058' title='bbox 1428 2664 1463 2695; x_wconf 85' lang='lat' dir='ltr'>in</span> <span class='ocrx_word' id='word_1_1059' title='bbox 1488 2674 1586 2706; x_wconf 86' lang='lat' dir='ltr'>eaque</span> <span class='ocrx_word' id='word_1_1060' title='bbox 1610 2663 1809 2696; x_wconf 89' lang='lat' dir='ltr'>nominatim</span> <span class='ocrx_word' id='word_1_1061' title='bbox 1838 2674 1939 2705; x_wconf 87' lang='lat' dir='ltr'>quam</span> <span class='ocrx_word' id='word_1_1062' title='bbox 1984 2662 2038 2697; x_wconf 89' lang='lat' dir='ltr'>hic</span> <span class='ocrx_word' id='word_1_1063' title='bbox 2083 2662 2205 2705; x_wconf 82' lang='lat' dir='ltr'>potiffi-</span> 
     </span>
     <span class='ocr_line' id='line_1_135' title="bbox 1194 2705 2205 2749; baseline 0 -9"><span class='ocrx_word' id='word_1_1064' title='bbox 1194 2718 1285 2740; x_wconf 86' lang='lat' dir='ltr'>mum</span> <span class='ocrx_word' id='word_1_1065' title='bbox 1310 2706 1510 2749; x_wconf 68' lang='lat' dir='ltr'>speetamus,</span> <span class='ocrx_word' id='word_1_1066' title='bbox 1534 2707 1566 2740; x_wconf 88' lang='lat' dir='ltr'>id</span> <span class='ocrx_word' id='word_1_1067' title='bbox 1591 2706 1632 2740; x_wconf 85' lang='lat' dir='ltr'>est</span> <span class='ocrx_word' id='word_1_1068' title='bbox 1655 2708 1688 2739; x_wconf 87' lang='lat' dir='ltr'>in</span> <span class='ocrx_word' id='word_1_1069' title='bbox 1712 2705 1828 2741; x_wconf 79' lang='lat' dir='ltr'>Craffis</span> <span class='ocrx_word' id='word_1_1070' title='bbox 1852 2706 2030 2744; x_wconf 74' lang='lat' dir='ltr'>intestinis.</span> <span class='ocrx_word' id='word_1_1071' title='bbox 2056 2706 2128 2740; x_wconf 87' lang='lat' dir='ltr'>Cur</span> <span class='ocrx_word' id='word_1_1072' title='bbox 2140 2707 2205 2748; x_wconf 76' lang='lat' dir='ltr'>igi-</span> 
     </span>
     <span class='ocr_line' id='line_1_136' title="bbox 1196 2748 2226 2793; baseline 0 -10"><span class='ocrx_word' id='word_1_1073' title='bbox 1196 2760 1251 2784; x_wconf 92' lang='lat' dir='ltr'>tur</span> <span class='ocrx_word' id='word_1_1074' title='bbox 1274 2752 1432 2791; x_wconf 86' lang='lat' dir='ltr'>omnino,</span> <span class='ocrx_word' id='word_1_1075' title='bbox 1456 2753 1487 2783; x_wconf 65' lang='grc' dir='ltr'>ἃ</span> <span class='ocrx_word' id='word_1_1076' title='bbox 1513 2750 1634 2792; x_wconf 88' lang='lat' dir='ltr'>semper</span> <span class='ocrx_word' id='word_1_1077' title='bbox 1656 2749 1784 2783; x_wconf 84' lang='lat' dir='ltr'>causam</span> <span class='ocrx_word' id='word_1_1078' title='bbox 1807 2749 1896 2782; x_wconf 87' lang='lat' dir='ltr'>illam</span> <span class='ocrx_word' id='word_1_1079' title='bbox 1908 2748 2109 2791; x_wconf 78' lang='lat' dir='ltr'>rejiciamus,</span> <span class='ocrx_word' id='word_1_1080' title='bbox 2132 2751 2204 2783; x_wconf 83' lang='lat' dir='ltr'>nul·</span> <span class='ocrx_word' id='word_1_1081' title='bbox 2223 2785 2226 2793; x_wconf 65' lang='grc'><strong>,</strong></span> 
     </span>
     <span class='ocr_line' id='line_1_137' title="bbox 1197 2792 2204 2836; baseline -0.001 -8"><span class='ocrx_word' id='word_1_1082' title='bbox 1197 2793 1304 2836; x_wconf 84' lang='lat' dir='ltr'>lasque</span> <span class='ocrx_word' id='word_1_1083' title='bbox 1330 2794 1378 2828; x_wconf 91' lang='lat' dir='ltr'>illi</span> <span class='ocrx_word' id='word_1_1084' title='bbox 1406 2803 1511 2836; x_wconf 84' lang='lat' dir='ltr'>partes</span> <span class='ocrx_word' id='word_1_1085' title='bbox 1536 2794 1723 2827; x_wconf 80' lang='lat' dir='ltr'>tradamus?</span> <span class='ocrx_word' id='word_1_1086' title='bbox 1750 2795 1843 2828; x_wconf 89' lang='lat' dir='ltr'>Num</span> <span class='ocrx_word' id='word_1_1087' title='bbox 1867 2792 1950 2826; x_wconf 88' lang='lat' dir='ltr'>forte</span> <span class='ocrx_word' id='word_1_1088' title='bbox 1983 2794 2072 2836; x_wconf 91' lang='lat' dir='ltr'>quod</span> <span class='ocrx_word' id='word_1_1089' title='bbox 2117 2796 2204 2836; x_wconf 87' lang='lat' dir='ltr'>peri-</span> 
     </span>
     <span class='ocr_line' id='line_1_138' title="bbox 1199 2835 2201 2881; baseline -0.002 -10"><span class='ocrx_word' id='word_1_1090' title='bbox 1199 2837 1343 2872; x_wconf 84' lang='lat' dir='ltr'>stalticus</span> <span class='ocrx_word' id='word_1_1091' title='bbox 1366 2847 1476 2871; x_wconf 88' lang='lat' dir='ltr'>motus</span> <span class='ocrx_word' id='word_1_1092' title='bbox 1500 2838 1557 2869; x_wconf 78' lang='lat' dir='ltr'>vix</span> <span class='ocrx_word' id='word_1_1093' title='bbox 1580 2838 1716 2878; x_wconf 85' lang='lat' dir='ltr'>amplius</span> <span class='ocrx_word' id='word_1_1094' title='bbox 1751 2838 1790 2870; x_wconf 85' lang='lat' dir='ltr'>fit</span> <span class='ocrx_word' id='word_1_1095' title='bbox 1824 2835 2075 2877; x_wconf 70' lang='lat' dir='ltr'>agnoscendus?</span> <span class='ocrx_word' id='word_1_1096' title='bbox 2109 2838 2201 2881; x_wconf 77' lang='lat' dir='ltr'>Qiid</span> 
     </span>
     <span class='ocr_line' id='line_1_139' title="bbox 1199 2880 2202 2924; baseline -0.005 -9"><span class='ocrx_word' id='word_1_1097' title='bbox 1199 2881 1302 2924; x_wconf 75' lang='lat' dir='ltr'>ergo?</span> <span class='ocrx_word' id='word_1_1098' title='bbox 1324 2881 1458 2914; x_wconf 76' lang='lat' dir='ltr'>Adeone</span> <span class='ocrx_word' id='word_1_1099' title='bbox 1484 2890 1606 2913; x_wconf 85' lang='lat' dir='ltr'>mutata</span> <span class='ocrx_word' id='word_1_1100' title='bbox 1631 2880 1673 2913; x_wconf 86' lang='lat' dir='ltr'>est</span> <span class='ocrx_word' id='word_1_1101' title='bbox 1698 2890 1811 2913; x_wconf 85' lang='lat' dir='ltr'>natura</span> <span class='ocrx_word' id='word_1_1102' title='bbox 1835 2880 2047 2920; x_wconf 84' lang='lat' dir='ltr'>animalium,</span> <span class='ocrx_word' id='word_1_1103' title='bbox 2069 2889 2106 2914; x_wconf 92' lang='lat' dir='ltr'>ut</span> <span class='ocrx_word' id='word_1_1104' title='bbox 2140 2892 2202 2914; x_wconf 86' lang='lat' dir='ltr'>no..</span> 
     </span>
     <span class='ocr_line' id='line_1_140' title="bbox 1200 2922 2200 2967; baseline -0.001 -9"><span class='ocrx_word' id='word_1_1105' title='bbox 1200 2925 1261 2958; x_wconf 83' lang='lat' dir='ltr'>stra</span> <span class='ocrx_word' id='word_1_1106' title='bbox 1286 2934 1383 2958; x_wconf 81' lang='lat' dir='ltr'>aetate</span> <span class='ocrx_word' id='word_1_1107' title='bbox 1407 2926 1464 2957; x_wconf 83' lang='lat' dir='ltr'>vix</span> <span class='ocrx_word' id='word_1_1108' title='bbox 1489 2924 1628 2965; x_wconf 86' lang='lat' dir='ltr'>amplius</span> <span class='ocrx_word' id='word_1_1109' title='bbox 1650 2922 1684 2957; x_wconf 91' lang='lat' dir='ltr'>id</span> <span class='ocrx_word' id='word_1_1110' title='bbox 1709 2933 1862 2966; x_wconf 87' lang='lat' dir='ltr'>appareat</span> <span class='ocrx_word' id='word_1_1111' title='bbox 1885 2922 1973 2967; x_wconf 89' lang='lat' dir='ltr'>quod</span> <span class='ocrx_word' id='word_1_1112' title='bbox 1997 2922 2200 2958; x_wconf 85' lang='lat' dir='ltr'>vetustiffimi</span> 
     </span>
     <span class='ocr_line' id='line_1_141' title="bbox 1198 2966 2200 3011; baseline 0.002 -11"><span class='ocrx_word' id='word_1_1113' title='bbox 1198 2968 1249 3001; x_wconf 89' lang='lat' dir='ltr'>illi</span> <span class='ocrx_word' id='word_1_1114' title='bbox 1273 2968 1515 3001; x_wconf 77' lang='lat' dir='ltr'>observatores</span> <span class='ocrx_word' id='word_1_1115' title='bbox 1539 2967 1788 3010; x_wconf 86' lang='lat' dir='ltr'>perspexerunt,</span> <span class='ocrx_word' id='word_1_1116' title='bbox 1812 2978 1894 3011; x_wconf 88' lang='lat' dir='ltr'>quos</span> <span class='ocrx_word' id='word_1_1117' title='bbox 1928 2966 2052 3002; x_wconf 86' lang='lat' dir='ltr'>secutus</span> <span class='ocrx_word' id='word_1_1118' title='bbox 2081 2969 2200 3002; x_wconf 87' lang='lat' dir='ltr'>Cicero</span> 
     </span>
     <span class='ocr_line' id='line_1_142' title="bbox 1198 3009 2200 3053; baseline 0 -8"><span class='ocrx_word' id='word_1_1119' title='bbox 1198 3015 1211 3052; x_wconf 92' lang='lat'><strong>(</strong></span> <span class='ocrx_word' id='word_1_1120' title='bbox 1235 3010 1254 3044; x_wconf 85' lang='lat' dir='ltr'><em>b</em></span> <span class='ocrx_word' id='word_1_1121' title='bbox 1276 3015 1290 3051; x_wconf 84' lang='lat'>&gt;</span> <span class='ocrx_word' id='word_1_1122' title='bbox 1312 3019 1381 3045; x_wconf 86' lang='lat' dir='ltr'>tum</span> <span class='ocrx_word' id='word_1_1123' title='bbox 1403 3010 1566 3053; x_wconf 76' lang='lat' dir='ltr'>astringere</span> <span class='ocrx_word' id='word_1_1124' title='bbox 1583 3011 1619 3053; x_wconf 88' lang='lat' dir='ltr'>se</span> <span class='ocrx_word' id='word_1_1125' title='bbox 1634 3009 1672 3052; x_wconf 80' lang='lat' dir='ltr'>se</span> <span class='ocrx_word' id='word_1_1126' title='bbox 1694 3010 1835 3050; x_wconf 72' lang='lat' dir='ltr'>intestina</span> <span class='ocrx_word' id='word_1_1127' title='bbox 1849 3033 1857 3048; x_wconf 94' lang='lat'>,</span> <span class='ocrx_word' id='word_1_1128' title='bbox 1881 3017 1950 3045; x_wconf 81' lang='lat' dir='ltr'>tum</span> <span class='ocrx_word' id='word_1_1129' title='bbox 1972 3012 2113 3045; x_wconf 82' lang='lat' dir='ltr'>relaxare</span> <span class='ocrx_word' id='word_1_1130' title='bbox 2135 3010 2200 3049; x_wconf 81' lang='lat' dir='ltr'>sive</span> 
     </span>
     <span class='ocr_line' id='line_1_143' title="bbox 1194 3054 2223 3098; baseline 0.002 -10"><span class='ocrx_word' id='word_1_1131' title='bbox 1194 3055 1232 3089; x_wconf 88' lang='lat' dir='ltr'>ad</span> <span class='ocrx_word' id='word_1_1132' title='bbox 1257 3055 1428 3088; x_wconf 84' lang='lat' dir='ltr'>terendum</span> <span class='ocrx_word' id='word_1_1133' title='bbox 1452 3055 1562 3087; x_wconf 86' lang='lat' dir='ltr'>cibum</span> <span class='ocrx_word' id='word_1_1134' title='bbox 1577 3077 1589 3094; x_wconf 83' lang='lat'><em>,</em></span> <span class='ocrx_word' id='word_1_1135' title='bbox 1612 3057 1644 3088; x_wconf 79' lang='grc' dir='ltr'>δι</span> <span class='ocrx_word' id='word_1_1136' title='bbox 1667 3054 1932 3096; x_wconf 84' lang='lat' dir='ltr'>conficiendum,</span> <span class='ocrx_word' id='word_1_1137' title='bbox 1965 3056 2028 3089; x_wconf 89' lang='lat' dir='ltr'>sive</span> <span class='ocrx_word' id='word_1_1138' title='bbox 2062 3054 2101 3089; x_wconf 87' lang='lat' dir='ltr'>ad</span> <span class='ocrx_word' id='word_1_1139' title='bbox 2133 3055 2223 3098; x_wconf 12' lang='lat' dir='ltr'>ejus*</span> 
     </span>
     <span class='ocr_line' id='line_1_144' title="bbox 1193 3098 2199 3141; baseline 0.002 -10"><span class='ocrx_word' id='word_1_1140' title='bbox 1193 3098 1396 3140; x_wconf 85' lang='lat' dir='ltr'>depellendas</span> <span class='ocrx_word' id='word_1_1141' title='bbox 1427 3098 1599 3141; x_wconf 85' lang='lat' dir='ltr'>reliquias,</span> <span class='ocrx_word' id='word_1_1142' title='bbox 1625 3098 1740 3133; x_wconf 85' lang='lat' dir='ltr'>diserte</span> <span class='ocrx_word' id='word_1_1143' title='bbox 1764 3098 1911 3141; x_wconf 75' lang='lat' dir='ltr'>scripsit?</span> <span class='ocrx_word' id='word_1_1144' title='bbox 1935 3099 1997 3133; x_wconf 87' lang='lat' dir='ltr'>Sed</span> <span class='ocrx_word' id='word_1_1145' title='bbox 2010 3100 2199 3140; x_wconf 86' lang='lat' dir='ltr'>necuipiarn</span> 
     </span>
     <span class='ocr_line' id='line_1_145' title="bbox 1198 3140 2198 3185; baseline 0 -10"><span class='ocrx_word' id='word_1_1146' title='bbox 1198 3140 1283 3175; x_wconf 75' lang='lat' dir='ltr'>forte</span> <span class='ocrx_word' id='word_1_1147' title='bbox 1306 3154 1344 3175; x_wconf 83' lang='lat' dir='ltr'>ex</span> <span class='ocrx_word' id='word_1_1148' title='bbox 1367 3143 1406 3175; x_wconf 87' lang='lat' dir='ltr'>iis</span> <span class='ocrx_word' id='word_1_1149' title='bbox 1430 3153 1511 3184; x_wconf 86' lang='lat' dir='ltr'>quos</span> <span class='ocrx_word' id='word_1_1150' title='bbox 1535 3143 1567 3175; x_wconf 87' lang='lat' dir='ltr'>in</span> <span class='ocrx_word' id='word_1_1151' title='bbox 1591 3153 1692 3185; x_wconf 84' lang='lat' dir='ltr'>prope</span> <span class='ocrx_word' id='word_1_1152' title='bbox 1716 3151 1859 3176; x_wconf 81' lang='lat' dir='ltr'>extrema</span> <span class='ocrx_word' id='word_1_1153' title='bbox 1884 3143 1921 3176; x_wconf 90' lang='lat' dir='ltr'>ad</span> <span class='ocrx_word' id='word_1_1154' title='bbox 1947 3142 2198 3178; x_wconf 81' lang='lat' dir='ltr'>ILAdversaria</span> 
     </span>
     <span class='ocr_line' id='line_1_146' title="bbox 1199 3183 2200 3230; baseline 0.001 -12"><span class='ocrx_word' id='word_1_1155' title='bbox 1199 3186 1392 3220; x_wconf 81' lang='lat' dir='ltr'>Praefatione</span> <span class='ocrx_word' id='word_1_1156' title='bbox 1413 3183 1598 3227; x_wconf 73' lang='lat' dir='ltr'>designavi,</span> <span class='ocrx_word' id='word_1_1157' title='bbox 1624 3186 1678 3220; x_wconf 87' lang='lat' dir='ltr'>hic</span> <span class='ocrx_word' id='word_1_1158' title='bbox 1700 3197 1831 3230; x_wconf 87' lang='lat' dir='ltr'>quoque</span> <span class='ocrx_word' id='word_1_1159' title='bbox 1852 3186 2021 3219; x_wconf 83' lang='lat' dir='ltr'>Ciceronis</span> <span class='ocrx_word' id='word_1_1160' title='bbox 2044 3186 2134 3219; x_wconf 82' lang='lat' dir='ltr'>locus</span> <span class='ocrx_word' id='word_1_1161' title='bbox 2165 3187 2200 3219; x_wconf 83' lang='lat' dir='ltr'>in</span> 
     </span>
     <span class='ocr_line' id='line_1_147' title="bbox 1195 3227 2198 3271; baseline 0 -10"><span class='ocrx_word' id='word_1_1162' title='bbox 1195 3229 1337 3262; x_wconf 79' lang='lat' dir='ltr'>acerbam</span> <span class='ocrx_word' id='word_1_1163' title='bbox 1353 3228 1439 3270; x_wconf 77' lang='lat' dir='ltr'>satis</span> <span class='ocrx_word' id='word_1_1164' title='bbox 1460 3228 1708 3270; x_wconf 78' lang='lat' dir='ltr'>exprobationem</span> <span class='ocrx_word' id='word_1_1165' title='bbox 1732 3242 1747 3263; x_wconf 88' lang='lat' dir='ltr'>a</span> <span class='ocrx_word' id='word_1_1166' title='bbox 1773 3241 1825 3263; x_wconf 91' lang='lat' dir='ltr'>me</span> <span class='ocrx_word' id='word_1_1167' title='bbox 1856 3228 1986 3271; x_wconf 77' lang='lat' dir='ltr'>allegari</span> <span class='ocrx_word' id='word_1_1168' title='bbox 2017 3227 2167 3262; x_wconf 80' lang='lat' dir='ltr'>videatur</span> <span class='ocrx_word' id='word_1_1169' title='bbox 2184 3240 2198 3269; x_wconf 91' lang='lat'><em>;</em></span> 
     </span>
     <span class='ocr_line' id='line_1_148' title="bbox 1194 3271 2200 3316; baseline -0.002 -10"><span class='ocrx_word' id='word_1_1170' title='bbox 1194 3273 1318 3316; x_wconf 70' lang='lat' dir='ltr'>praestat</span> <span class='ocrx_word' id='word_1_1171' title='bbox 1344 3274 1444 3306; x_wconf 79' lang='lat' dir='ltr'>multa</span> <span class='ocrx_word' id='word_1_1172' title='bbox 1466 3284 1537 3315; x_wconf 85' lang='lat' dir='ltr'>quae</span> <span class='ocrx_word' id='word_1_1173' title='bbox 1560 3271 1614 3306; x_wconf 91' lang='lat' dir='ltr'>hic</span> <span class='ocrx_word' id='word_1_1174' title='bbox 1638 3284 1790 3315; x_wconf 88' lang='lat' dir='ltr'>reponere</span> <span class='ocrx_word' id='word_1_1175' title='bbox 1801 3274 1934 3312; x_wconf 83' lang='lat' dir='ltr'>liceret,</span> <span class='ocrx_word' id='word_1_1176' title='bbox 1956 3272 2118 3314; x_wconf 78' lang='lat' dir='ltr'>negligere</span> <span class='ocrx_word' id='word_1_1177' title='bbox 2132 3294 2143 3313; x_wconf 89' lang='lat'><strong>,</strong></span> <span class='ocrx_word' id='word_1_1178' title='bbox 2165 3275 2200 3308; x_wconf 65' lang='lat' dir='ltr'>dc</span> 
     </span>
     <span class='ocr_line' id='line_1_149' title="bbox 1196 3315 2199 3357; baseline -0.001 -8"><span class='ocrx_word' id='word_1_1179' title='bbox 1196 3329 1212 3349; x_wconf 88' lang='lat' dir='ltr'>a</span> <span class='ocrx_word' id='word_1_1180' title='bbox 1237 3316 1353 3350; x_wconf 86' lang='lat' dir='ltr'>Priscis</span> <span class='ocrx_word' id='word_1_1181' title='bbox 1377 3315 1415 3349; x_wconf 86' lang='lat' dir='ltr'>ad</span> <span class='ocrx_word' id='word_1_1182' title='bbox 1439 3317 1649 3350; x_wconf 84' lang='lat' dir='ltr'>Recentiores</span> <span class='ocrx_word' id='word_1_1183' title='bbox 1672 3319 1782 3350; x_wconf 87' lang='lat' dir='ltr'>venire</span> <span class='ocrx_word' id='word_1_1184' title='bbox 1806 3340 1813 3347; x_wconf 91' lang='lat'><strong>.</strong></span> <span class='ocrx_word' id='word_1_1185' title='bbox 1860 3315 1952 3349; x_wconf 87' lang='lat' dir='ltr'>Num</span> <span class='ocrx_word' id='word_1_1186' title='bbox 1998 3316 2101 3357; x_wconf 82' lang='lat' dir='ltr'>igitur</span> <span class='ocrx_word' id='word_1_1187' title='bbox 2146 3323 2199 3348; x_wconf 90' lang='lat' dir='ltr'>tot</span> 
     </span>
     <span class='ocr_line' id='line_1_150' title="bbox 1196 3358 2199 3398; baseline -0.001 -5"><span class='ocrx_word' id='word_1_1188' title='bbox 1196 3359 1425 3394; x_wconf 81' lang='lat' dir='ltr'>obliviscemur</span> <span class='ocrx_word' id='word_1_1189' title='bbox 1449 3360 1729 3394; x_wconf 87' lang='lat' dir='ltr'>Observationum</span> <span class='ocrx_word' id='word_1_1190' title='bbox 1751 3381 1761 3398; x_wconf 93' lang='lat'>,</span> <span class='ocrx_word' id='word_1_1191' title='bbox 1795 3370 1860 3392; x_wconf 91' lang='lat' dir='ltr'>non</span> <span class='ocrx_word' id='word_1_1192' title='bbox 1894 3360 2033 3393; x_wconf 87' lang='lat' dir='ltr'>aliorum</span> <span class='ocrx_word' id='word_1_1193' title='bbox 2067 3358 2166 3392; x_wconf 85' lang='lat' dir='ltr'>modo</span> <span class='ocrx_word' id='word_1_1194' title='bbox 2186 3382 2199 3398; x_wconf 89' lang='lat'>,</span> 
     </span>
     <span class='ocr_line' id='line_1_151' title="bbox 1199 3402 2199 3442; baseline -0.002 -5"><span class='ocrx_word' id='word_1_1195' title='bbox 1199 3404 1249 3437; x_wconf 88' lang='lat' dir='ltr'>sed</span> <span class='ocrx_word' id='word_1_1196' title='bbox 1273 3407 1304 3436; x_wconf 69' lang='grc' dir='ltr'>ὃ(</span> <span class='ocrx_word' id='word_1_1197' title='bbox 1328 3402 1510 3438; x_wconf 88' lang='lat' dir='ltr'>nostrarum</span> <span class='ocrx_word' id='word_1_1198' title='bbox 1534 3405 1568 3437; x_wconf 91' lang='lat' dir='ltr'>in</span> <span class='ocrx_word' id='word_1_1199' title='bbox 1593 3404 1745 3441; x_wconf 82' lang='lat' dir='ltr'>canibus,</span> <span class='ocrx_word' id='word_1_1200' title='bbox 1770 3403 1907 3442; x_wconf 83' lang='lat' dir='ltr'>ovibus,</span> <span class='ocrx_word' id='word_1_1201' title='bbox 1933 3403 2091 3436; x_wconf 85' lang='lat' dir='ltr'>cuniculis</span> <span class='ocrx_word' id='word_1_1202' title='bbox 2116 3403 2199 3435; x_wconf 83' lang='lat' dir='ltr'>vivis</span> 
     </span>
     <span class='ocr_line' id='line_1_152' title="bbox 1201 3447 2199 3490; baseline -0.001 -8"><span class='ocrx_word' id='word_1_1203' title='bbox 1201 3447 1363 3486; x_wconf 69' lang='lat' dir='ltr'>diffeetis,</span> <span class='ocrx_word' id='word_1_1204' title='bbox 1386 3458 1461 3481; x_wconf 87' lang='lat' dir='ltr'>curn</span> <span class='ocrx_word' id='word_1_1205' title='bbox 1482 3448 1561 3490; x_wconf 79' lang='lat' dir='ltr'>saepe</span> <span class='ocrx_word' id='word_1_1206' title='bbox 1594 3448 1628 3480; x_wconf 90' lang='lat' dir='ltr'>in</span> <span class='ocrx_word' id='word_1_1207' title='bbox 1659 3448 1774 3482; x_wconf 85' lang='lat' dir='ltr'>oculos</span> <span class='ocrx_word' id='word_1_1208' title='bbox 1806 3457 1847 3479; x_wconf 85' lang='lat' dir='ltr'>ne</span> <span class='ocrx_word' id='word_1_1209' title='bbox 1876 3447 2094 3489; x_wconf 70' lang='lat' dir='ltr'>quaerentium</span> <span class='ocrx_word' id='word_1_1210' title='bbox 2125 3447 2199 3490; x_wconf 78' lang='lat' dir='ltr'>qui·</span> 
     </span>
     <span class='ocr_line' id='line_1_153' title="bbox 1201 3488 2200 3534; baseline -0.002 -8"><span class='ocrx_word' id='word_1_1211' title='bbox 1201 3492 1275 3526; x_wconf 88' lang='lat' dir='ltr'>dem</span> <span class='ocrx_word' id='word_1_1212' title='bbox 1298 3492 1458 3530; x_wconf 88' lang='lat' dir='ltr'>incurrit,</span> <span class='ocrx_word' id='word_1_1213' title='bbox 1480 3492 1507 3524; x_wconf 89' lang='lat' dir='ltr'>is</span> <span class='ocrx_word' id='word_1_1214' title='bbox 1531 3499 1661 3529; x_wconf 62' lang='lat' dir='ltr'>monia,</span> <span class='ocrx_word' id='word_1_1215' title='bbox 1684 3500 1780 3534; x_wconf 88' lang='lat' dir='ltr'>atque</span> <span class='ocrx_word' id='word_1_1216' title='bbox 1804 3488 1885 3523; x_wconf 87' lang='lat' dir='ltr'>adeo</span> <span class='ocrx_word' id='word_1_1217' title='bbox 1906 3491 2024 3530; x_wconf 81' lang='lat' dir='ltr'>etiam,</span> <span class='ocrx_word' id='word_1_1218' title='bbox 2047 3500 2085 3524; x_wconf 90' lang='lat' dir='ltr'>ut</span> <span class='ocrx_word' id='word_1_1219' title='bbox 2118 3500 2200 3532; x_wconf 85' lang='lat' dir='ltr'>prae-</span> 
     </span>
    </p>
   </div>
   <div class='ocr_carea' id='block_1_11' title="bbox 1201 3533 2199 3612">
    <p class='ocr_par' dir='ltr' id='par_1_13' title="bbox 1201 3533 2199 3612">
     <span class='ocr_line' id='line_1_154' title="bbox 1201 3533 2199 3612; baseline -0.004 -42"><span class='ocrx_word' id='word_1_1220' title='bbox 1201 3537 1331 3574; x_wconf 86' lang='lat' dir='ltr'>sertim,</span> <span class='ocrx_word' id='word_1_1221' title='bbox 1355 3534 1390 3567; x_wconf 88' lang='lat' dir='ltr'>in</span> <span class='ocrx_word' id='word_1_1222' title='bbox 1413 3535 1568 3570; x_wconf 89' lang='lat' dir='ltr'>cuniculo</span> <span class='ocrx_word' id='word_1_1223' title='bbox 1590 3533 1730 3572; x_wconf 76' lang='lat' dir='ltr'>accidit,</span> <span class='ocrx_word' id='word_1_1224' title='bbox 1754 3534 1876 3569; x_wconf 88' lang='lat' dir='ltr'>alterne</span> <span class='ocrx_word' id='word_1_1225' title='bbox 1898 3533 2199 3612; x_wconf 45' lang='lat' dir='ltr'>antiperistalffiicffss·</span> 
     </span>
     <span class='ocr_line' id='line_1_155' title="bbox 2097 3584 2134 3612; baseline 0.027 -1"><span class='ocrx_word' id='word_1_1226' title='bbox 2097 3584 2134 3612; x_wconf 65' lang='lat' dir='ltr'>be</span> 
     </span>
    </p>
   </div>
   <div class='ocr_carea' id='block_1_12' title="bbox 2089 3680 2209 3689">
    <p class='ocr_par' dir='ltr' id='par_1_14' title="bbox 2089 3680 2209 3689">
     <span class='ocr_line' id='line_1_156' title="bbox 2089 3680 2209 3689; baseline 0 386"><span class='ocrx_word' id='word_1_1227' title='bbox 2089 3680 2209 3689; x_wconf 95' lang='lat' dir='ltr'> </span> 
     </span>
    </p>
   </div>
   <div class='ocr_carea' id='block_1_13' title="bbox 134 3680 2138 3701">
    <p class='ocr_par' dir='ltr' id='par_1_15' title="bbox 134 3680 2138 3701">
     <span class='ocr_line' id='line_1_157' title="bbox 134 3680 2138 3701; baseline -0.003 -11"><span class='ocrx_word' id='word_1_1228' title='bbox 134 3687 149 3701; x_wconf 83' lang='lat'>..</span> <span class='ocrx_word' id='word_1_1229' title='bbox 194 3687 205 3699; x_wconf 88' lang='grc'>,,</span> <span class='ocrx_word' id='word_1_1230' title='bbox 1550 3680 1552 3682; x_wconf 67' lang='grc'>,</span> <span class='ocrx_word' id='word_1_1231' title='bbox 1875 3680 1900 3689; x_wconf 73' lang='grc'>,,</span> <span class='ocrx_word' id='word_1_1232' title='bbox 1990 3681 2001 3683; x_wconf 12' lang='grc' dir='ltr'>,μ</span> <span class='ocrx_word' id='word_1_1233' title='bbox 2036 3681 2039 3683; x_wconf 89' lang='grc'>.</span> <span class='ocrx_word' id='word_1_1234' title='bbox 2136 3680 2138 3683; x_wconf 91' lang='grc'>.</span> 
     </span>
    </p>
   </div>
   <div class='ocr_carea' id='block_1_14' title="bbox 195 3759 653 3856">
    <p class='ocr_par' dir='ltr' id='par_1_16' title="bbox 195 3759 653 3856">
     <span class='ocr_line' id='line_1_158' title="bbox 201 3759 653 3791; baseline 0.004 -7"><span class='ocrx_word' id='word_1_1235' title='bbox 201 3761 218 3791; x_wconf 82' lang='grc'>(</span> <span class='ocrx_word' id='word_1_1236' title='bbox 232 3769 249 3784; x_wconf 80' lang='lat' dir='ltr'>n</span> <span class='ocrx_word' id='word_1_1237' title='bbox 264 3760 278 3789; x_wconf 85' lang='lat'>)</span> <span class='ocrx_word' id='word_1_1238' title='bbox 293 3759 399 3784; x_wconf 67' lang='lat' dir='ltr'>Eri-und.</span> <span class='ocrx_word' id='word_1_1239' title='bbox 416 3760 476 3786; x_wconf 78' lang='lat' dir='ltr'>Dee.</span> <span class='ocrx_word' id='word_1_1240' title='bbox 492 3768 516 3786; x_wconf 83' lang='lat'>2.</span> <span class='ocrx_word' id='word_1_1241' title='bbox 531 3760 593 3787; x_wconf 64' lang='lat' dir='ltr'>ebs,</span> <span class='ocrx_word' id='word_1_1242' title='bbox 610 3760 653 3786; x_wconf 80' lang='lat' dir='ltr'>eit.</span> 
     </span>
     <span class='ocr_line' id='line_1_159' title="bbox 201 3790 507 3822; baseline -0.003 -5"><span class='ocrx_word' id='word_1_1243' title='bbox 201 3794 213 3817; x_wconf 82' lang='lat' dir='ltr'>t</span> <span class='ocrx_word' id='word_1_1244' title='bbox 226 3791 270 3822; x_wconf 80' lang='lat' dir='ltr'>s)</span> <span class='ocrx_word' id='word_1_1245' title='bbox 286 3792 333 3816; x_wconf 86' lang='lat' dir='ltr'>ltl.</span> <span class='ocrx_word' id='word_1_1246' title='bbox 351 3790 467 3816; x_wconf 76' lang='lat' dir='ltr'>Animad.</span> <span class='ocrx_word' id='word_1_1247' title='bbox 485 3800 507 3822; x_wconf 85' lang='lat'>9.</span> 
     </span>
     <span class='ocr_line' id='line_1_160' title="bbox 195 3822 359 3856; baseline -0.012 -6"><span class='ocrx_word' id='word_1_1248' title='bbox 195 3825 221 3856; x_wconf 67' lang='grc' dir='ltr'>4,ί</span> <span class='ocrx_word' id='word_1_1249' title='bbox 232 3831 252 3854; x_wconf 66' lang='lat'>9,</span> <span class='ocrx_word' id='word_1_1250' title='bbox 265 3822 279 3852; x_wconf 75' lang='lat'>2</span> <span class='ocrx_word' id='word_1_1251' title='bbox 296 3822 359 3849; x_wconf 62' lang='grc' dir='ltr'>ιω.</span> 
     </span>
    </p>
   </div>
   <div class='ocr_carea' id='block_1_15' title="bbox 572 3789 1138 3821">
    <p class='ocr_par' dir='ltr' id='par_1_17' title="bbox 572 3789 1138 3821">
     <span class='ocr_line' id='line_1_161' title="bbox 572 3789 1138 3821; baseline -0.009 -3"><span class='ocrx_word' id='word_1_1252' title='bbox 572 3793 586 3821; x_wconf 87' lang='grc'>(</span> <span class='ocrx_word' id='word_1_1253' title='bbox 601 3797 612 3815; x_wconf 79' lang='lat'><strong>¹</strong></span> <span class='ocrx_word' id='word_1_1254' title='bbox 630 3791 644 3819; x_wconf 90' lang='lat'>)</span> <span class='ocrx_word' id='word_1_1255' title='bbox 659 3798 685 3816; x_wconf 82' lang='lat' dir='ltr'>n·</span> <span class='ocrx_word' id='word_1_1256' title='bbox 702 3798 740 3819; x_wconf 79' lang='lat'>29·</span> <span class='ocrx_word' id='word_1_1257' title='bbox 800 3792 814 3821; x_wconf 85' lang='lat'>(</span> <span class='ocrx_word' id='word_1_1258' title='bbox 829 3800 846 3816; x_wconf 82' lang='lat' dir='ltr'>u</span> <span class='ocrx_word' id='word_1_1259' title='bbox 859 3793 874 3821; x_wconf 92' lang='lat'>)</span> <span class='ocrx_word' id='word_1_1260' title='bbox 891 3790 989 3817; x_wconf 78' lang='lat' dir='ltr'>Advers.</span> <span class='ocrx_word' id='word_1_1261' title='bbox 1007 3799 1029 3820; x_wconf 82' lang='lat'>3.</span> <span class='ocrx_word' id='word_1_1262' title='bbox 1047 3789 1097 3820; x_wconf 74' lang='lat' dir='ltr'>Fig.</span> <span class='ocrx_word' id='word_1_1263' title='bbox 1117 3798 1138 3816; x_wconf 85' lang='lat'>1.</span> 
     </span>
    </p>
   </div>
   <div class='ocr_carea' id='block_1_16' title="bbox 421 3821 775 3854">
    <p class='ocr_par' dir='ltr' id='par_1_18' title="bbox 421 3821 775 3854">
     <span class='ocr_line' id='line_1_162' title="bbox 421 3821 775 3854; baseline -0.017 -2"><span class='ocrx_word' id='word_1_1264' title='bbox 421 3823 435 3852; x_wconf 86' lang='lat'>(</span> <span class='ocrx_word' id='word_1_1265' title='bbox 450 3821 465 3847; x_wconf 78' lang='lat' dir='ltr'><em>b</em></span> <span class='ocrx_word' id='word_1_1266' title='bbox 481 3827 491 3851; x_wconf 72' lang='lat'>2</span> <span class='ocrx_word' id='word_1_1267' title='bbox 507 3825 526 3854; x_wconf 69' lang='lat' dir='ltr'>l,</span> <span class='ocrx_word' id='word_1_1268' title='bbox 541 3833 563 3850; x_wconf 63' lang='grc' dir='ltr'>ι.</span> <span class='ocrx_word' id='word_1_1269' title='bbox 579 3822 609 3848; x_wconf 80' lang='lat' dir='ltr'>de</span> <span class='ocrx_word' id='word_1_1270' title='bbox 625 3823 685 3848; x_wconf 78' lang='lat' dir='ltr'>Nat.</span> <span class='ocrx_word' id='word_1_1271' title='bbox 702 3824 775 3848; x_wconf 77' lang='lat' dir='ltr'>Deor.</span> 
     </span>
    </p>
   </div>
   <div class='ocr_carea' id='block_1_17' title="bbox 715 3759 1247 3790">
    <p class='ocr_par' dir='ltr' id='par_1_19' title="bbox 715 3759 1247 3790">
     <span class='ocr_line' id='line_1_163' title="bbox 715 3759 1247 3790; baseline -0.002 -4"><span class='ocrx_word' id='word_1_1272' title='bbox 715 3760 731 3790; x_wconf 87' lang='grc'>(</span> <span class='ocrx_word' id='word_1_1273' title='bbox 745 3766 759 3782; x_wconf 80' lang='lat'><em>⁰</em></span> <span class='ocrx_word' id='word_1_1274' title='bbox 775 3759 785 3789; x_wconf 88' lang='lat'>)</span> <span class='ocrx_word' id='word_1_1275' title='bbox 803 3760 908 3786; x_wconf 81' lang='lat' dir='ltr'>Earund.</span> <span class='ocrx_word' id='word_1_1276' title='bbox 925 3762 984 3784; x_wconf 85' lang='lat' dir='ltr'>Dec.</span> <span class='ocrx_word' id='word_1_1277' title='bbox 1002 3766 1024 3788; x_wconf 86' lang='lat'>3.</span> <span class='ocrx_word' id='word_1_1278' title='bbox 1042 3760 1073 3782; x_wconf 78' lang='grc' dir='ltr'>Α.</span> <span class='ocrx_word' id='word_1_1279' title='bbox 1090 3767 1113 3788; x_wconf 87' lang='lat'>7.</span> <span class='ocrx_word' id='word_1_1280' title='bbox 1129 3759 1189 3785; x_wconf 70' lang='grc' dir='ltr'>ΟΜ.</span> <span class='ocrx_word' id='word_1_1281' title='bbox 1208 3768 1247 3790; x_wconf 83' lang='lat'>3⁹-</span> 
     </span>
    </p>
   </div>
   <div class='ocr_carea' id='block_1_18' title="bbox 1310 3752 2019 3786">
    <p class='ocr_par' dir='ltr' id='par_1_20' title="bbox 1310 3752 2019 3786">
     <span class='ocr_line' id='line_1_164' title="bbox 1310 3752 2019 3786; baseline -0.003 -5"><span class='ocrx_word' id='word_1_1282' title='bbox 1310 3755 1563 3786; x_wconf 56' lang='lat' dir='ltr'>(p2supra‚n.9,</span> <span class='ocrx_word' id='word_1_1283' title='bbox 1626 3752 1794 3782; x_wconf 69' lang='grc' dir='ltr'>(9)π.ι8.</span> <span class='ocrx_word' id='word_1_1284' title='bbox 1853 3756 2019 3785; x_wconf 52' lang='lat' dir='ltr'>(rhun.</span> 
     </span>
    </p>
   </div>
   <div class='ocr_carea' id='block_1_19' title="bbox 1199 3783 2193 3821">
    <p class='ocr_par' dir='ltr' id='par_1_21' title="bbox 1199 3783 2193 3821">
     <span class='ocr_line' id='line_1_165' title="bbox 1199 3783 2193 3821; baseline -0.001 -8"><span class='ocrx_word' id='word_1_1285' title='bbox 1199 3794 1213 3821; x_wconf 66' lang='grc' dir='ltr'><em>ς</em></span> <span class='ocrx_word' id='word_1_1286' title='bbox 1227 3799 1243 3814; x_wconf 62' lang='lat' dir='ltr'>a·</span> <span class='ocrx_word' id='word_1_1287' title='bbox 1257 3789 1274 3819; x_wconf 77' lang='lat'>2</span> <span class='ocrx_word' id='word_1_1288' title='bbox 1286 3796 1310 3813; x_wconf 86' lang='lat' dir='ltr'>n.</span> <span class='ocrx_word' id='word_1_1289' title='bbox 1329 3794 1366 3812; x_wconf 72' lang='grc' dir='ltr'>υ..</span> <span class='ocrx_word' id='word_1_1290' title='bbox 1428 3787 1470 3818; x_wconf 79' lang='lat' dir='ltr'>(y</span> <span class='ocrx_word' id='word_1_1291' title='bbox 1485 3787 1499 3816; x_wconf 75' lang='lat'>2</span> <span class='ocrx_word' id='word_1_1292' title='bbox 1516 3783 1621 3811; x_wconf 75' lang='lat' dir='ltr'>Praelest·</span> <span class='ocrx_word' id='word_1_1293' title='bbox 1637 3785 1666 3808; x_wconf 74' lang='lat' dir='ltr'>ad</span> <span class='ocrx_word' id='word_1_1294' title='bbox 1685 3784 1763 3810; x_wconf 75' lang='lat' dir='ltr'>instit.</span> <span class='ocrx_word' id='word_1_1295' title='bbox 1780 3786 1801 3816; x_wconf 65' lang='grc' dir='ltr'>ᾗ,</span> <span class='ocrx_word' id='word_1_1296' title='bbox 1819 3788 1873 3812; x_wconf 80' lang='grc' dir='ltr'>8ι6.</span> <span class='ocrx_word' id='word_1_1297' title='bbox 1889 3787 1915 3811; x_wconf 85' lang='lat' dir='ltr'>in</span> <span class='ocrx_word' id='word_1_1298' title='bbox 1931 3786 1975 3814; x_wconf 79' lang='lat' dir='ltr'>sm.</span> <span class='ocrx_word' id='word_1_1299' title='bbox 2038 3787 2050 3812; x_wconf 81' lang='grc'><strong><em>&lt;</em></strong></span> <span class='ocrx_word' id='word_1_1300' title='bbox 2065 3792 2083 3814; x_wconf 65' lang='grc' dir='ltr'>ζ</span> <span class='ocrx_word' id='word_1_1301' title='bbox 2097 3786 2111 3814; x_wconf 86' lang='grc'>)</span> <span class='ocrx_word' id='word_1_1302' title='bbox 2128 3791 2193 3812; x_wconf 67' lang='grc' dir='ltr'>ων-</span> 
     </span>
    </p>
   </div>
  </div>
 </body>
</html>
