<?xml version="1.0" encoding="UTF-8"?>
<!DOCTYPE html PUBLIC "-//W3C//DTD XHTML 1.0 Transitional//EN"
    "http://www.w3.org/TR/xhtml1/DTD/xhtml1-transitional.dtd">
<html xmlns="http://www.w3.org/1999/xhtml" xml:lang="en" lang="en">
 <head>
  <title>
</title>
<meta http-equiv="Content-Type" content="text/html;charset=utf-8" />
  <meta name='ocr-system' content='tesseract 3.04.00' />
  <meta name='ocr-capabilities' content='ocr_page ocr_carea ocr_par ocr_line ocrx_word'/>
</head>
<body>
  <div class='ocr_page' id='page_1' title='image "./desedibusetcausi00morg_0568.png"; bbox 0 0 2498 4075; ppageno 0'>
   <div class='ocr_carea' id='block_1_1' title="bbox 447 163 1396 230">
    <p class='ocr_par' dir='ltr' id='par_1_1' title="bbox 447 163 1396 230">
     <span class='ocr_line' id='line_1_1' title="bbox 447 163 1396 230; baseline 0.003 -13"><span class='ocrx_word' id='word_1_1' title='bbox 447 184 543 230; x_wconf 81' lang='lat'>170</span> <span class='ocrx_word' id='word_1_2' title='bbox 1006 163 1163 220; x_wconf 84' lang='lat' dir='ltr'>Liber</span> <span class='ocrx_word' id='word_1_3' title='bbox 1197 171 1278 223; x_wconf 84' lang='lat'>111.</span> <span class='ocrx_word' id='word_1_4' title='bbox 1312 167 1396 220; x_wconf 93' lang='lat' dir='ltr'>De</span> 
     </span>
    </p>
   </div>
   <div class='ocr_carea' id='block_1_2' title="bbox 345 241 1392 3415">
    <p class='ocr_par' dir='ltr' id='par_1_2' title="bbox 345 241 1392 3415">
     <span class='ocr_line' id='line_1_2' title="bbox 379 241 1373 288; baseline 0.002 -10"><span class='ocrx_word' id='word_1_5' title='bbox 379 254 450 286; x_wconf 75' lang='lat' dir='ltr'>gnae</span> <span class='ocrx_word' id='word_1_6' title='bbox 474 241 746 287; x_wconf 77' lang='lat' dir='ltr'>deprehenderat,</span> <span class='ocrx_word' id='word_1_7' title='bbox 770 254 826 285; x_wconf 90' lang='lat' dir='ltr'>per</span> <span class='ocrx_word' id='word_1_8' title='bbox 849 243 963 278; x_wconf 77' lang='lat' dir='ltr'>vulnus</span> <span class='ocrx_word' id='word_1_9' title='bbox 986 243 1027 279; x_wconf 84' lang='lat' dir='ltr'>ab</span> <span class='ocrx_word' id='word_1_10' title='bbox 1060 254 1156 279; x_wconf 84' lang='lat' dir='ltr'>acuto</span> <span class='ocrx_word' id='word_1_11' title='bbox 1179 245 1290 288; x_wconf 83' lang='lat' dir='ltr'>aliquo</span> <span class='ocrx_word' id='word_1_12' title='bbox 1312 244 1373 280; x_wconf 90' lang='lat' dir='ltr'>du-</span> 
     </span>
     <span class='ocr_line' id='line_1_3' title="bbox 378 286 1374 331; baseline 0 -10"><span class='ocrx_word' id='word_1_13' title='bbox 378 300 479 331; x_wconf 74' lang='lat' dir='ltr'>roque</span> <span class='ocrx_word' id='word_1_14' title='bbox 501 286 585 321; x_wconf 84' lang='lat' dir='ltr'>densi</span> <span class='ocrx_word' id='word_1_15' title='bbox 610 287 749 319; x_wconf 83' lang='lat' dir='ltr'>nemoris</span> <span class='ocrx_word' id='word_1_16' title='bbox 772 298 861 321; x_wconf 90' lang='lat' dir='ltr'>ramo</span> <span class='ocrx_word' id='word_1_17' title='bbox 876 286 1040 321; x_wconf 85' lang='lat' dir='ltr'>abdomini</span> <span class='ocrx_word' id='word_1_18' title='bbox 1064 290 1224 322; x_wconf 81' lang='lat' dir='ltr'>currentis</span> <span class='ocrx_word' id='word_1_19' title='bbox 1247 290 1374 330; x_wconf 83' lang='lat' dir='ltr'>apriin-</span> 
     </span>
     <span class='ocr_line' id='line_1_4' title="bbox 379 329 1373 374; baseline 0 -10"><span class='ocrx_word' id='word_1_20' title='bbox 379 332 526 368; x_wconf 58' lang='lat' dir='ltr'>fficium,</span> <span class='ocrx_word' id='word_1_21' title='bbox 549 330 626 363; x_wconf 88' lang='lat' dir='ltr'>illuc</span> <span class='ocrx_word' id='word_1_22' title='bbox 649 329 845 370; x_wconf 81' lang='lat' dir='ltr'>pervenisse:</span> <span class='ocrx_word' id='word_1_23' title='bbox 869 342 930 373; x_wconf 89' lang='lat' dir='ltr'>qua</span> <span class='ocrx_word' id='word_1_24' title='bbox 955 332 1084 364; x_wconf 80' lang='lat' dir='ltr'>ratione</span> <span class='ocrx_word' id='word_1_25' title='bbox 1108 342 1184 364; x_wconf 90' lang='lat' dir='ltr'>num</span> <span class='ocrx_word' id='word_1_26' title='bbox 1209 331 1295 364; x_wconf 88' lang='lat' dir='ltr'>aliud</span> <span class='ocrx_word' id='word_1_27' title='bbox 1320 344 1373 374; x_wconf 85' lang='lat' dir='ltr'>pa-</span> 
     </span>
     <span class='ocr_line' id='line_1_5' title="bbox 378 371 1373 415; baseline 0 -9"><span class='ocrx_word' id='word_1_28' title='bbox 378 375 459 407; x_wconf 84' lang='lat' dir='ltr'>riter</span> <span class='ocrx_word' id='word_1_29' title='bbox 492 371 642 415; x_wconf 78' lang='lat' dir='ltr'><em>lignosum</em></span> <span class='ocrx_word' id='word_1_30' title='bbox 673 373 822 413; x_wconf 78' lang='lat' dir='ltr'><em>quoddam</em></span> <span class='ocrx_word' id='word_1_31' title='bbox 853 372 1063 415; x_wconf 76' lang='lat' dir='ltr'><em>corpusculum</em></span> <span class='ocrx_word' id='word_1_32' title='bbox 1095 375 1181 410; x_wconf 84' lang='lat' dir='ltr'>intra</span> <span class='ocrx_word' id='word_1_33' title='bbox 1215 375 1373 408; x_wconf 84' lang='lat' dir='ltr'>calculum</span> 
     </span>
     <span class='ocr_line' id='line_1_6' title="bbox 376 415 1372 459; baseline -0.001 -9"><span class='ocrx_word' id='word_1_34' title='bbox 376 415 436 450; x_wconf 83' lang='lat' dir='ltr'>esse</span> <span class='ocrx_word' id='word_1_35' title='bbox 458 417 601 459; x_wconf 73' lang='lat' dir='ltr'>,potuerit</span> <span class='ocrx_word' id='word_1_36' title='bbox 625 415 683 455; x_wconf 80' lang='lat' dir='ltr'>qui</span> <span class='ocrx_word' id='word_1_37' title='bbox 705 415 739 447; x_wconf 88' lang='lat' dir='ltr'>in</span> <span class='ocrx_word' id='word_1_38' title='bbox 765 415 825 449; x_wconf 84' lang='lat' dir='ltr'>suis</span> <span class='ocrx_word' id='word_1_39' title='bbox 847 416 1014 450; x_wconf 85' lang='lat' dir='ltr'>domestici</span> <span class='ocrx_word' id='word_1_40' title='bbox 1039 416 1302 451; x_wconf 80' lang='lat' dir='ltr'>vesicainventus</span> <span class='ocrx_word' id='word_1_41' title='bbox 1324 418 1372 451; x_wconf 91' lang='lat' dir='ltr'>di-</span> 
     </span>
     <span class='ocr_line' id='line_1_7' title="bbox 375 457 1362 500; baseline 0 -7"><span class='ocrx_word' id='word_1_42' title='bbox 375 460 462 493; x_wconf 86' lang='lat' dir='ltr'>citur</span> <span class='ocrx_word' id='word_1_43' title='bbox 484 463 497 498; x_wconf 84' lang='lat'><strong>(</strong></span> <span class='ocrx_word' id='word_1_44' title='bbox 520 467 538 499; x_wconf 81' lang='lat' dir='ltr'><em>q</em></span> <span class='ocrx_word' id='word_1_45' title='bbox 558 461 592 497; x_wconf 87' lang='lat'>)‚</span> <span class='ocrx_word' id='word_1_46' title='bbox 616 457 681 500; x_wconf 88' lang='lat' dir='ltr'>ipse</span> <span class='ocrx_word' id='word_1_47' title='bbox 704 457 923 492; x_wconf 88' lang='lat' dir='ltr'>existimabis.</span> <span class='ocrx_word' id='word_1_48' title='bbox 947 461 1047 491; x_wconf 85' lang='lat' dir='ltr'>Porro</span> <span class='ocrx_word' id='word_1_49' title='bbox 1073 463 1105 493; x_wconf 69' lang='grc' dir='ltr'>δι</span> <span class='ocrx_word' id='word_1_50' title='bbox 1129 462 1225 495; x_wconf 88' lang='lat' dir='ltr'>altera</span> <span class='ocrx_word' id='word_1_51' title='bbox 1238 463 1309 494; x_wconf 88' lang='lat' dir='ltr'>acui</span> <span class='ocrx_word' id='word_1_52' title='bbox 1330 460 1362 493; x_wconf 88' lang='lat' dir='ltr'>es</span> 
     </span>
     <span class='ocr_line' id='line_1_8' title="bbox 375 500 1372 543; baseline 0.001 -7"><span class='ocrx_word' id='word_1_53' title='bbox 375 502 405 536; x_wconf 78' lang='lat' dir='ltr'>se</span> <span class='ocrx_word' id='word_1_54' title='bbox 429 502 538 543; x_wconf 87' lang='lat' dir='ltr'>potuit</span> <span class='ocrx_word' id='word_1_55' title='bbox 564 502 641 541; x_wconf 84' lang='lat' dir='ltr'>via,</span> <span class='ocrx_word' id='word_1_56' title='bbox 663 501 717 534; x_wconf 88' lang='lat' dir='ltr'>illa</span> <span class='ocrx_word' id='word_1_57' title='bbox 742 500 894 535; x_wconf 87' lang='lat' dir='ltr'>videlicet</span> <span class='ocrx_word' id='word_1_58' title='bbox 917 515 932 535; x_wconf 89' lang='lat' dir='ltr'>a</span> <span class='ocrx_word' id='word_1_59' title='bbox 958 502 1133 536; x_wconf 65' lang='lat' dir='ltr'>BenediCIo</span> <span class='ocrx_word' id='word_1_60' title='bbox 1155 515 1194 536; x_wconf 84' lang='lat' dir='ltr'>ex</span> <span class='ocrx_word' id='word_1_61' title='bbox 1216 504 1372 537; x_wconf 88' lang='lat' dir='ltr'>intestinis</span> 
     </span>
     <span class='ocr_line' id='line_1_9' title="bbox 372 542 1375 587; baseline 0.002 -9"><span class='ocrx_word' id='word_1_62' title='bbox 372 547 407 579; x_wconf 87' lang='lat' dir='ltr'>in</span> <span class='ocrx_word' id='word_1_63' title='bbox 432 546 566 578; x_wconf 83' lang='lat' dir='ltr'>vesicam</span> <span class='ocrx_word' id='word_1_64' title='bbox 589 542 774 586; x_wconf 84' lang='lat' dir='ltr'>proposita,</span> <span class='ocrx_word' id='word_1_65' title='bbox 799 557 896 587; x_wconf 87' lang='lat' dir='ltr'>quam</span> <span class='ocrx_word' id='word_1_66' title='bbox 920 544 977 579; x_wconf 85' lang='lat' dir='ltr'>etsi</span> <span class='ocrx_word' id='word_1_67' title='bbox 1002 557 1066 578; x_wconf 87' lang='lat' dir='ltr'>non</span> <span class='ocrx_word' id='word_1_68' title='bbox 1088 545 1185 580; x_wconf 88' lang='lat' dir='ltr'>-facile</span> <span class='ocrx_word' id='word_1_69' title='bbox 1199 546 1375 580; x_wconf 88' lang='lat' dir='ltr'>admitten-</span> 
     </span>
     <span class='ocr_line' id='line_1_10' title="bbox 372 586 1374 632; baseline 0 -9"><span class='ocrx_word' id='word_1_70' title='bbox 372 589 446 623; x_wconf 85' lang='lat' dir='ltr'>dam</span> <span class='ocrx_word' id='word_1_71' title='bbox 470 586 552 627; x_wconf 86' lang='lat' dir='ltr'>esse,</span> <span class='ocrx_word' id='word_1_72' title='bbox 574 586 754 628; x_wconf 81' lang='lat' dir='ltr'>scripsimus</span> <span class='ocrx_word' id='word_1_73' title='bbox 778 588 869 630; x_wconf 84' lang='lat' dir='ltr'>supra</span> <span class='ocrx_word' id='word_1_74' title='bbox 893 593 904 627; x_wconf 83' lang='grc'>(</span> <span class='ocrx_word' id='word_1_75' title='bbox 929 600 943 622; x_wconf 89' lang='grc' dir='ltr'><em>ν</em></span> <span class='ocrx_word' id='word_1_76' title='bbox 966 591 976 626; x_wconf 90' lang='grc'>)</span> <span class='ocrx_word' id='word_1_77' title='bbox 999 613 1008 629; x_wconf 86' lang='grc'><strong>,</strong></span> <span class='ocrx_word' id='word_1_78' title='bbox 1030 599 1094 621; x_wconf 83' lang='lat' dir='ltr'>non</span> <span class='ocrx_word' id='word_1_79' title='bbox 1119 597 1226 623; x_wconf 85' lang='lat' dir='ltr'>tamen</span> <span class='ocrx_word' id='word_1_80' title='bbox 1252 590 1374 632; x_wconf 80' lang='lat' dir='ltr'><strong>semper</strong></span> 
     </span>
     <span class='ocr_line' id='line_1_11' title="bbox 370 630 1373 673; baseline 0.001 -8"><span class='ocrx_word' id='word_1_81' title='bbox 370 631 581 673; x_wconf 73' lang='lat' dir='ltr'>rejiciendam</span> <span class='ocrx_word' id='word_1_82' title='bbox 605 630 766 664; x_wconf 84' lang='lat' dir='ltr'>censemus</span> <span class='ocrx_word' id='word_1_83' title='bbox 787 654 795 669; x_wconf 86' lang='lat'>,</span> <span class='ocrx_word' id='word_1_84' title='bbox 823 631 997 673; x_wconf 75' lang='lat' dir='ltr'>praesertim</span> <span class='ocrx_word' id='word_1_85' title='bbox 1023 633 1078 665; x_wconf 88' lang='lat' dir='ltr'>ubi</span> <span class='ocrx_word' id='word_1_86' title='bbox 1102 633 1156 665; x_wconf 88' lang='lat' dir='ltr'>illa</span> <span class='ocrx_word' id='word_1_87' title='bbox 1180 632 1283 672; x_wconf 80' lang='lat' dir='ltr'>obiici</span> <span class='ocrx_word' id='word_1_88' title='bbox 1308 644 1373 666; x_wconf 91' lang='lat' dir='ltr'>non</span> 
     </span>
     <span class='ocr_line' id='line_1_12' title="bbox 370 674 1374 719; baseline 0.001 -11"><span class='ocrx_word' id='word_1_89' title='bbox 370 674 485 719; x_wconf 81' lang='lat' dir='ltr'>poffint</span> <span class='ocrx_word' id='word_1_90' title='bbox 508 685 580 717; x_wconf 82' lang='lat' dir='ltr'>quae</span> <span class='ocrx_word' id='word_1_91' title='bbox 602 683 680 707; x_wconf 87' lang='lat' dir='ltr'>tunc</span> <span class='ocrx_word' id='word_1_92' title='bbox 703 674 883 716; x_wconf 81' lang='lat' dir='ltr'>objecimus</span> <span class='ocrx_word' id='word_1_93' title='bbox 905 700 912 707; x_wconf 94' lang='lat'><strong><em>.</em></strong></span> <span class='ocrx_word' id='word_1_94' title='bbox 940 675 1025 708; x_wconf 89' lang='lat' dir='ltr'>Rem</span> <span class='ocrx_word' id='word_1_95' title='bbox 1049 677 1195 718; x_wconf 82' lang='lat' dir='ltr'>exemplo</span> <span class='ocrx_word' id='word_1_96' title='bbox 1218 676 1374 710; x_wconf 87' lang='lat' dir='ltr'>illustrare</span> 
     </span>
     <span class='ocr_line' id='line_1_13' title="bbox 372 717 1374 761; baseline -0.001 -9"><span class='ocrx_word' id='word_1_97' title='bbox 372 720 477 761; x_wconf 86' lang='lat' dir='ltr'>placet</span> <span class='ocrx_word' id='word_1_98' title='bbox 494 742 502 756; x_wconf 92' lang='lat'>,</span> <span class='ocrx_word' id='word_1_99' title='bbox 525 717 614 760; x_wconf 89' lang='lat' dir='ltr'>quod</span> <span class='ocrx_word' id='word_1_100' title='bbox 638 717 678 750; x_wconf 85' lang='lat' dir='ltr'>ab</span> <span class='ocrx_word' id='word_1_101' title='bbox 701 718 741 750; x_wconf 88' lang='lat' dir='ltr'>iis</span> <span class='ocrx_word' id='word_1_102' title='bbox 763 719 820 759; x_wconf 91' lang='lat' dir='ltr'>qui</span> <span class='ocrx_word' id='word_1_103' title='bbox 843 728 957 752; x_wconf 80' lang='lat' dir='ltr'>caetera</span> <span class='ocrx_word' id='word_1_104' title='bbox 979 717 1076 759; x_wconf 80' lang='lat' dir='ltr'>hujus</span> <span class='ocrx_word' id='word_1_105' title='bbox 1100 720 1224 760; x_wconf 84' lang='lat' dir='ltr'>generis</span> <span class='ocrx_word' id='word_1_106' title='bbox 1250 731 1374 753; x_wconf 85' lang='lat' dir='ltr'>memo-</span> 
     </span>
     <span class='ocr_line' id='line_1_14' title="bbox 373 761 1374 800; baseline 0.001 -5"><span class='ocrx_word' id='word_1_107' title='bbox 373 771 484 795; x_wconf 85' lang='lat' dir='ltr'>rarunt</span> <span class='ocrx_word' id='word_1_108' title='bbox 507 784 518 800; x_wconf 91' lang='lat'>,</span> <span class='ocrx_word' id='word_1_109' title='bbox 553 761 734 794; x_wconf 83' lang='lat' dir='ltr'>indicatum</span> <span class='ocrx_word' id='word_1_110' title='bbox 758 761 815 794; x_wconf 86' lang='lat' dir='ltr'>esse</span> <span class='ocrx_word' id='word_1_111' title='bbox 840 786 848 800; x_wconf 86' lang='lat'>,</span> <span class='ocrx_word' id='word_1_112' title='bbox 882 773 945 794; x_wconf 90' lang='lat' dir='ltr'>non</span> <span class='ocrx_word' id='word_1_113' title='bbox 972 763 1176 795; x_wconf 86' lang='lat' dir='ltr'>meminimus</span> <span class='ocrx_word' id='word_1_114' title='bbox 1198 788 1204 795; x_wconf 91' lang='lat'>.</span> <span class='ocrx_word' id='word_1_115' title='bbox 1228 764 1374 796; x_wconf 80' lang='lat' dir='ltr'>Habebis</span> 
     </span>
     <span class='ocr_line' id='line_1_15' title="bbox 371 803 1372 849; baseline 0 -11"><span class='ocrx_word' id='word_1_116' title='bbox 371 803 453 838; x_wconf 78' lang='lat' dir='ltr'>illud</span> <span class='ocrx_word' id='word_1_117' title='bbox 477 806 561 837; x_wconf 86' lang='lat' dir='ltr'>inter</span> <span class='ocrx_word' id='word_1_118' title='bbox 584 804 741 837; x_wconf 86' lang='lat' dir='ltr'>Claudini</span> <span class='ocrx_word' id='word_1_119' title='bbox 767 803 1002 847; x_wconf 80' lang='lat' dir='ltr'>Responsiones</span> <span class='ocrx_word' id='word_1_120' title='bbox 1026 804 1236 839; x_wconf 86' lang='lat' dir='ltr'>Medicinales</span> <span class='ocrx_word' id='word_1_121' title='bbox 1258 807 1339 849; x_wconf 83' lang='lat' dir='ltr'>(s)</span> <span class='ocrx_word' id='word_1_122' title='bbox 1365 830 1372 838; x_wconf 91' lang='lat'>.</span> 
     </span>
     <span class='ocr_line' id='line_1_16' title="bbox 370 846 1376 923; baseline 0.001 -41"><span class='ocrx_word' id='word_1_123' title='bbox 370 850 452 882; x_wconf 87' lang='lat' dir='ltr'>Puer</span> <span class='ocrx_word' id='word_1_124' title='bbox 484 858 577 880; x_wconf 85' lang='lat' dir='ltr'>acum</span> <span class='ocrx_word' id='word_1_125' title='bbox 600 846 813 888; x_wconf 60' lang='lat' dir='ltr'>deglutiverat</span> <span class='ocrx_word' id='word_1_126' title='bbox 833 869 842 885; x_wconf 89' lang='lat'>‚</span> <span class='ocrx_word' id='word_1_127' title='bbox 868 859 966 923; x_wconf 52' lang='lat' dir='ltr'>guam</span> <span class='ocrx_word' id='word_1_128' title='bbox 990 847 1059 889; x_wconf 89' lang='lat' dir='ltr'>post</span> <span class='ocrx_word' id='word_1_129' title='bbox 1094 860 1192 882; x_wconf 89' lang='lat' dir='ltr'>annos</span> <span class='ocrx_word' id='word_1_130' title='bbox 1216 850 1342 891; x_wconf 84' lang='lat' dir='ltr'>aliquot</span> <span class='ocrx_word' id='word_1_131' title='bbox 1366 874 1376 889; x_wconf 91' lang='lat'>,</span> 
     </span>
     <span class='ocr_line' id='line_1_17' title="bbox 369 891 1376 934; baseline 0.003 -10"><span class='ocrx_word' id='word_1_132' title='bbox 369 893 515 925; x_wconf 81' lang='lat' dir='ltr'>maximo</span> <span class='ocrx_word' id='word_1_133' title='bbox 538 898 657 924; x_wconf 83' lang='lat' dir='ltr'>conatu</span> <span class='ocrx_word' id='word_1_134' title='bbox 681 892 714 924; x_wconf 90' lang='lat' dir='ltr'>in</span> <span class='ocrx_word' id='word_1_135' title='bbox 739 892 868 932; x_wconf 78' lang='lat' dir='ltr'>mingen</span> <span class='ocrx_word' id='word_1_136' title='bbox 894 903 914 923; x_wconf 94' lang='lat' dir='ltr'>o</span> <span class='ocrx_word' id='word_1_137' title='bbox 937 891 1110 934; x_wconf 81' lang='lat' dir='ltr'>impulsam</span> <span class='ocrx_word' id='word_1_138' title='bbox 1132 914 1143 929; x_wconf 91' lang='lat'><em>‚</em></span> <span class='ocrx_word' id='word_1_139' title='bbox 1166 891 1232 934; x_wconf 91' lang='lat' dir='ltr'>ipse</span> <span class='ocrx_word' id='word_1_140' title='bbox 1255 892 1313 927; x_wconf 88' lang='lat' dir='ltr'>sibi</span> <span class='ocrx_word' id='word_1_141' title='bbox 1335 905 1376 926; x_wconf 81' lang='lat' dir='ltr'>ex</span> 
     </span>
     <span class='ocr_line' id='line_1_18' title="bbox 371 934 1375 975; baseline 0.001 -7"><span class='ocrx_word' id='word_1_142' title='bbox 371 935 500 968; x_wconf 83' lang='lat' dir='ltr'>urethra</span> <span class='ocrx_word' id='word_1_143' title='bbox 525 934 666 975; x_wconf 87' lang='lat' dir='ltr'>exemit,</span> <span class='ocrx_word' id='word_1_144' title='bbox 687 935 778 968; x_wconf 89' lang='lat' dir='ltr'>tenui</span> <span class='ocrx_word' id='word_1_145' title='bbox 800 934 924 967; x_wconf 89' lang='lat' dir='ltr'>calculo</span> <span class='ocrx_word' id='word_1_146' title='bbox 948 936 1075 968; x_wconf 67' lang='lat' dir='ltr'>austam</span> <span class='ocrx_word' id='word_1_147' title='bbox 1098 960 1105 967; x_wconf 91' lang='lat'>.</span> <span class='ocrx_word' id='word_1_148' title='bbox 1140 936 1218 975; x_wconf 82' lang='lat' dir='ltr'>Quo</span> <span class='ocrx_word' id='word_1_149' title='bbox 1241 937 1294 969; x_wconf 86' lang='lat' dir='ltr'>illa</span> <span class='ocrx_word' id='word_1_150' title='bbox 1319 937 1375 970; x_wconf 91' lang='lat' dir='ltr'>iti-</span> 
     </span>
     <span class='ocr_line' id='line_1_19' title="bbox 373 976 1372 1021; baseline 0.002 -10"><span class='ocrx_word' id='word_1_151' title='bbox 373 990 447 1012; x_wconf 89' lang='lat' dir='ltr'>nere</span> <span class='ocrx_word' id='word_1_152' title='bbox 470 979 504 1011; x_wconf 89' lang='lat' dir='ltr'>in</span> <span class='ocrx_word' id='word_1_153' title='bbox 528 976 662 1011; x_wconf 88' lang='lat' dir='ltr'>vesicam</span> <span class='ocrx_word' id='word_1_154' title='bbox 685 999 695 1015; x_wconf 88' lang='lat'>‚</span> <span class='ocrx_word' id='word_1_155' title='bbox 719 987 773 1011; x_wconf 89' lang='lat' dir='ltr'>aut</span> <span class='ocrx_word' id='word_1_156' title='bbox 797 987 884 1011; x_wconf 85' lang='lat' dir='ltr'>certe</span> <span class='ocrx_word' id='word_1_157' title='bbox 907 978 941 1010; x_wconf 89' lang='lat' dir='ltr'>in</span> <span class='ocrx_word' id='word_1_158' title='bbox 966 977 1130 1012; x_wconf 85' lang='lat' dir='ltr'>urethrarn</span> <span class='ocrx_word' id='word_1_159' title='bbox 1154 978 1339 1021; x_wconf 79' lang='lat' dir='ltr'>pervenisset</span> <span class='ocrx_word' id='word_1_160' title='bbox 1362 1002 1372 1017; x_wconf 90' lang='lat'>‚</span> 
     </span>
     <span class='ocr_line' id='line_1_20' title="bbox 371 1019 1373 1066; baseline 0.002 -11"><span class='ocrx_word' id='word_1_161' title='bbox 371 1021 522 1056; x_wconf 89' lang='lat' dir='ltr'>lumbrici</span> <span class='ocrx_word' id='word_1_162' title='bbox 534 1019 740 1055; x_wconf 84' lang='lat' dir='ltr'>ostenderunt</span> <span class='ocrx_word' id='word_1_163' title='bbox 763 1022 874 1063; x_wconf 80' lang='lat' dir='ltr'>longi,</span> <span class='ocrx_word' id='word_1_164' title='bbox 898 1022 1052 1062; x_wconf 88' lang='lat' dir='ltr'>rotundi,</span> <span class='ocrx_word' id='word_1_165' title='bbox 1077 1024 1207 1060; x_wconf 86' lang='lat' dir='ltr'>&amp;vivi‚</span> <span class='ocrx_word' id='word_1_166' title='bbox 1232 1035 1373 1066; x_wconf 87' lang='lat' dir='ltr'>quorum</span> 
     </span>
     <span class='ocr_line' id='line_1_21' title="bbox 370 1064 1375 1108; baseline 0.002 -11"><span class='ocrx_word' id='word_1_167' title='bbox 370 1066 496 1107; x_wconf 81' lang='lat' dir='ltr'>aliquos</span> <span class='ocrx_word' id='word_1_168' title='bbox 532 1065 646 1107; x_wconf 85' lang='lat' dir='ltr'>primis</span> <span class='ocrx_word' id='word_1_169' title='bbox 669 1065 710 1098; x_wconf 79' lang='lat' dir='ltr'>a&#39;b</span> <span class='ocrx_word' id='word_1_170' title='bbox 743 1076 801 1099; x_wconf 88' lang='lat' dir='ltr'>acu</span> <span class='ocrx_word' id='word_1_171' title='bbox 823 1064 985 1107; x_wconf 79' lang='lat' dir='ltr'>deglutita</span> <span class='ocrx_word' id='word_1_172' title='bbox 1010 1066 1100 1098; x_wconf 85' lang='lat' dir='ltr'>annis</span> <span class='ocrx_word' id='word_1_173' title='bbox 1124 1065 1192 1108; x_wconf 88' lang='lat' dir='ltr'>post</span> <span class='ocrx_word' id='word_1_174' title='bbox 1215 1068 1375 1100; x_wconf 89' lang='lat' dir='ltr'>urinaria-</span> 
     </span>
     <span class='ocr_line' id='line_1_22' title="bbox 369 1107 1373 1153; baseline 0 -11"><span class='ocrx_word' id='word_1_175' title='bbox 369 1121 442 1144; x_wconf 88' lang='lat' dir='ltr'>rum</span> <span class='ocrx_word' id='word_1_176' title='bbox 476 1109 619 1153; x_wconf 86' lang='lat' dir='ltr'>partium</span> <span class='ocrx_word' id='word_1_177' title='bbox 642 1107 771 1142; x_wconf 86' lang='lat' dir='ltr'>dolores</span> <span class='ocrx_word' id='word_1_178' title='bbox 805 1108 924 1141; x_wconf 81' lang='lat' dir='ltr'>minxit</span> <span class='ocrx_word' id='word_1_179' title='bbox 950 1133 961 1149; x_wconf 91' lang='lat'>‚</span> <span class='ocrx_word' id='word_1_180' title='bbox 993 1108 1063 1150; x_wconf 86' lang='lat' dir='ltr'>post</span> <span class='ocrx_word' id='word_1_181' title='bbox 1086 1109 1231 1142; x_wconf 65' lang='lat' dir='ltr'>eduelmm</span> <span class='ocrx_word' id='word_1_182' title='bbox 1265 1119 1373 1145; x_wconf 88' lang='lat' dir='ltr'>autem</span> 
     </span>
     <span class='ocr_line' id='line_1_23' title="bbox 370 1151 1372 1194; baseline -0.001 -6"><span class='ocrx_word' id='word_1_183' title='bbox 370 1163 463 1188; x_wconf 85' lang='lat' dir='ltr'>acum</span> <span class='ocrx_word' id='word_1_184' title='bbox 487 1175 497 1191; x_wconf 90' lang='lat'>,</span> <span class='ocrx_word' id='word_1_185' title='bbox 522 1153 660 1186; x_wconf 78' lang='lat' dir='ltr'>alterum</span> <span class='ocrx_word' id='word_1_186' title='bbox 685 1152 795 1186; x_wconf 86' lang='lat' dir='ltr'>vivum</span> <span class='ocrx_word' id='word_1_187' title='bbox 820 1152 940 1193; x_wconf 90' lang='lat' dir='ltr'>pariter</span> <span class='ocrx_word' id='word_1_188' title='bbox 965 1177 974 1192; x_wconf 93' lang='lat'>‚</span> <span class='ocrx_word' id='word_1_189' title='bbox 996 1154 1028 1184; x_wconf 66' lang='lat' dir='ltr'>a&amp;</span> <span class='ocrx_word' id='word_1_190' title='bbox 1050 1151 1292 1194; x_wconf 73' lang='lat' dir='ltr'>longissimum,</span> <span class='ocrx_word' id='word_1_191' title='bbox 1317 1165 1372 1187; x_wconf 88' lang='lat' dir='ltr'>nec</span> 
     </span>
     <span class='ocr_line' id='line_1_24' title="bbox 369 1194 1373 1237; baseline -0.006 -7"><span class='ocrx_word' id='word_1_192' title='bbox 369 1198 435 1231; x_wconf 88' lang='lat' dir='ltr'>sine</span> <span class='ocrx_word' id='word_1_193' title='bbox 460 1197 594 1230; x_wconf 90' lang='lat' dir='ltr'>materia</span> <span class='ocrx_word' id='word_1_194' title='bbox 618 1194 779 1233; x_wconf 69' lang='lat' dir='ltr'>fatente,</span> <span class='ocrx_word' id='word_1_195' title='bbox 804 1197 835 1227; x_wconf 78' lang='grc' dir='ltr'>δι</span> <span class='ocrx_word' id='word_1_196' title='bbox 860 1195 946 1237; x_wconf 62' lang='lat' dir='ltr'>nigri</span> <span class='ocrx_word' id='word_1_197' title='bbox 968 1194 1088 1228; x_wconf 88' lang='lat' dir='ltr'>coloris</span> <span class='ocrx_word' id='word_1_198' title='bbox 1107 1220 1115 1228; x_wconf 95' lang='lat'><strong><em>.</em></strong></span> <span class='ocrx_word' id='word_1_199' title='bbox 1141 1194 1243 1237; x_wconf 89' lang='lat' dir='ltr'>Quod</span> <span class='ocrx_word' id='word_1_200' title='bbox 1268 1208 1373 1230; x_wconf 87' lang='lat' dir='ltr'>exem.</span> 
     </span>
     <span class='ocr_line' id='line_1_25' title="bbox 368 1237 1372 1282; baseline -0.001 -8"><span class='ocrx_word' id='word_1_201' title='bbox 368 1240 457 1282; x_wconf 87' lang='lat' dir='ltr'>plum</span> <span class='ocrx_word' id='word_1_202' title='bbox 482 1249 516 1273; x_wconf 93' lang='lat' dir='ltr'>ut</span> <span class='ocrx_word' id='word_1_203' title='bbox 542 1239 579 1275; x_wconf 89' lang='lat' dir='ltr'>ad</span> <span class='ocrx_word' id='word_1_204' title='bbox 602 1238 658 1271; x_wconf 69' lang='lat' dir='ltr'>illa</span> <span class='ocrx_word' id='word_1_205' title='bbox 682 1237 859 1272; x_wconf 85' lang='lat' dir='ltr'>addendum</span> <span class='ocrx_word' id='word_1_206' title='bbox 883 1238 972 1272; x_wconf 87' lang='lat' dir='ltr'>vides</span> <span class='ocrx_word' id='word_1_207' title='bbox 983 1250 1053 1281; x_wconf 83' lang='lat' dir='ltr'>quae</span> <span class='ocrx_word' id='word_1_208' title='bbox 1077 1238 1117 1271; x_wconf 89' lang='lat' dir='ltr'>de</span> <span class='ocrx_word' id='word_1_209' title='bbox 1141 1238 1303 1273; x_wconf 87' lang='lat' dir='ltr'>vermibus</span> <span class='ocrx_word' id='word_1_210' title='bbox 1316 1252 1372 1281; x_wconf 90' lang='lat' dir='ltr'>per</span> 
     </span>
     <span class='ocr_line' id='line_1_26' title="bbox 368 1279 1373 1324; baseline -0.001 -8"><span class='ocrx_word' id='word_1_211' title='bbox 368 1283 534 1317; x_wconf 80' lang='lat' dir='ltr'>urethram</span> <span class='ocrx_word' id='word_1_212' title='bbox 555 1281 667 1324; x_wconf 72' lang='lat' dir='ltr'>ejeffls</span> <span class='ocrx_word' id='word_1_213' title='bbox 690 1283 786 1315; x_wconf 84' lang='lat' dir='ltr'>verba</span> <span class='ocrx_word' id='word_1_214' title='bbox 811 1281 950 1322; x_wconf 88' lang='lat' dir='ltr'>superius</span> <span class='ocrx_word' id='word_1_215' title='bbox 974 1286 984 1321; x_wconf 91' lang='lat'>(</span> <span class='ocrx_word' id='word_1_216' title='bbox 1009 1284 1058 1320; x_wconf 77' lang='lat' dir='ltr'>t)</span> <span class='ocrx_word' id='word_1_217' title='bbox 1084 1279 1256 1321; x_wconf 81' lang='lat' dir='ltr'>facientes,</span> <span class='ocrx_word' id='word_1_218' title='bbox 1281 1295 1373 1318; x_wconf 89' lang='lat' dir='ltr'>com-</span> 
     </span>
     <span class='ocr_line' id='line_1_27' title="bbox 368 1324 1372 1368; baseline 0.001 -8"><span class='ocrx_word' id='word_1_219' title='bbox 368 1327 654 1364; x_wconf 75' lang='lat' dir='ltr'>memoravimus3</span> <span class='ocrx_word' id='word_1_220' title='bbox 687 1324 728 1358; x_wconf 85' lang='lat' dir='ltr'>sic</span> <span class='ocrx_word' id='word_1_221' title='bbox 752 1325 908 1366; x_wconf 81' lang='lat' dir='ltr'>intelligis</span> <span class='ocrx_word' id='word_1_222' title='bbox 931 1348 942 1365; x_wconf 91' lang='lat'>,</span> <span class='ocrx_word' id='word_1_223' title='bbox 975 1325 1124 1368; x_wconf 90' lang='lat' dir='ltr'>quamvis</span> <span class='ocrx_word' id='word_1_224' title='bbox 1157 1327 1246 1366; x_wconf 87' lang='lat' dir='ltr'>pueri</span> <span class='ocrx_word' id='word_1_225' title='bbox 1280 1326 1372 1361; x_wconf 81' lang='lat' dir='ltr'>istius</span> 
     </span>
     <span class='ocr_line' id='line_1_28' title="bbox 366 1367 1374 1412; baseline -0.001 -8"><span class='ocrx_word' id='word_1_226' title='bbox 366 1382 439 1405; x_wconf 84' lang='lat' dir='ltr'>acus</span> <span class='ocrx_word' id='word_1_227' title='bbox 459 1369 542 1404; x_wconf 90' lang='lat' dir='ltr'>duos</span> <span class='ocrx_word' id='word_1_228' title='bbox 565 1370 769 1412; x_wconf 81' lang='lat' dir='ltr'>longitudine</span> <span class='ocrx_word' id='word_1_229' title='bbox 793 1367 957 1402; x_wconf 87' lang='lat' dir='ltr'>excederet</span> <span class='ocrx_word' id='word_1_230' title='bbox 979 1369 1125 1411; x_wconf 80' lang='lat' dir='ltr'>digitos,</span> <span class='ocrx_word' id='word_1_231' title='bbox 1148 1379 1205 1402; x_wconf 89' lang='lat' dir='ltr'>nec</span> <span class='ocrx_word' id='word_1_232' title='bbox 1228 1371 1374 1411; x_wconf 87' lang='lat' dir='ltr'>capitulo</span> 
     </span>
     <span class='ocr_line' id='line_1_29' title="bbox 366 1410 1371 1454; baseline -0.002 -5"><span class='ocrx_word' id='word_1_233' title='bbox 366 1419 491 1450; x_wconf 81' lang='lat' dir='ltr'>carere-t</span> <span class='ocrx_word' id='word_1_234' title='bbox 514 1438 522 1453; x_wconf 88' lang='lat'>,</span> <span class='ocrx_word' id='word_1_235' title='bbox 557 1424 621 1447; x_wconf 91' lang='lat' dir='ltr'>non</span> <span class='ocrx_word' id='word_1_236' title='bbox 658 1410 743 1453; x_wconf 86' lang='lat' dir='ltr'>posse</span> <span class='ocrx_word' id='word_1_237' title='bbox 769 1412 807 1445; x_wconf 87' lang='lat' dir='ltr'>ad</span> <span class='ocrx_word' id='word_1_238' title='bbox 832 1412 900 1444; x_wconf 87' lang='lat' dir='ltr'>illas</span> <span class='ocrx_word' id='word_1_239' title='bbox 922 1412 1048 1445; x_wconf 76' lang='lat' dir='ltr'>traduci</span> <span class='ocrx_word' id='word_1_240' title='bbox 1073 1424 1145 1454; x_wconf 78' lang='lat' dir='ltr'>quae</span> <span class='ocrx_word' id='word_1_241' title='bbox 1170 1423 1241 1446; x_wconf 81' lang='lat' dir='ltr'>acus</span> <span class='ocrx_word' id='word_1_242' title='bbox 1263 1415 1371 1447; x_wconf 83' lang='lat' dir='ltr'>crina-</span> 
     </span>
     <span class='ocr_line' id='line_1_30' title="bbox 368 1454 1371 1497; baseline -0.002 -4"><span class='ocrx_word' id='word_1_243' title='bbox 368 1461 412 1493; x_wconf 88' lang='lat' dir='ltr'>les</span> <span class='ocrx_word' id='word_1_244' title='bbox 435 1459 468 1492; x_wconf 89' lang='lat' dir='ltr'>in</span> <span class='ocrx_word' id='word_1_245' title='bbox 495 1456 630 1491; x_wconf 86' lang='lat' dir='ltr'>vesicam</span> <span class='ocrx_word' id='word_1_246' title='bbox 653 1455 731 1493; x_wconf 84' lang='lat' dir='ltr'>fibi,</span> <span class='ocrx_word' id='word_1_247' title='bbox 755 1455 867 1497; x_wconf 84' lang='lat' dir='ltr'>ajunt,</span> <span class='ocrx_word' id='word_1_248' title='bbox 891 1466 996 1490; x_wconf 88' lang='lat' dir='ltr'>exore</span> <span class='ocrx_word' id='word_1_249' title='bbox 1018 1454 1231 1496; x_wconf 78' lang='lat' dir='ltr'>descendisse,</span> <span class='ocrx_word' id='word_1_250' title='bbox 1253 1455 1276 1489; x_wconf 76' lang='lat' dir='ltr'>si</span> <span class='ocrx_word' id='word_1_251' title='bbox 1293 1469 1371 1491; x_wconf 92' lang='lat' dir='ltr'>con-</span> 
     </span>
     <span class='ocr_line' id='line_1_31' title="bbox 365 1496 1372 1542; baseline -0.004 -4"><span class='ocrx_word' id='word_1_252' title='bbox 365 1504 425 1538; x_wconf 85' lang='lat' dir='ltr'>stet</span> <span class='ocrx_word' id='word_1_253' title='bbox 449 1525 460 1542; x_wconf 85' lang='lat'>,</span> <span class='ocrx_word' id='word_1_254' title='bbox 494 1501 577 1535; x_wconf 85' lang='lat' dir='ltr'>nihil</span> <span class='ocrx_word' id='word_1_255' title='bbox 598 1511 709 1533; x_wconf 88' lang='lat' dir='ltr'>eorum</span> <span class='ocrx_word' id='word_1_256' title='bbox 734 1499 793 1533; x_wconf 80' lang='lat' dir='ltr'>esse</span> <span class='ocrx_word' id='word_1_257' title='bbox 825 1496 923 1540; x_wconf 87' lang='lat' dir='ltr'>passas</span> <span class='ocrx_word' id='word_1_258' title='bbox 945 1510 1017 1541; x_wconf 82' lang='lat' dir='ltr'>quae</span> <span class='ocrx_word' id='word_1_259' title='bbox 1043 1500 1128 1533; x_wconf 86' lang='lat' dir='ltr'>viam</span> <span class='ocrx_word' id='word_1_260' title='bbox 1160 1500 1193 1532; x_wconf 89' lang='lat' dir='ltr'>in</span> <span class='ocrx_word' id='word_1_261' title='bbox 1219 1500 1309 1534; x_wconf 87' lang='lat' dir='ltr'>illam</span> <span class='ocrx_word' id='word_1_262' title='bbox 1333 1513 1372 1534; x_wconf 85' lang='lat' dir='ltr'>ex</span> 
     </span>
     <span class='ocr_line' id='line_1_32' title="bbox 367 1540 1369 1588; baseline -0.004 -8"><span class='ocrx_word' id='word_1_263' title='bbox 367 1545 529 1580; x_wconf 85' lang='lat' dir='ltr'>intestinis</span> <span class='ocrx_word' id='word_1_264' title='bbox 555 1552 700 1588; x_wconf 88' lang='lat' dir='ltr'>apertam</span> <span class='ocrx_word' id='word_1_265' title='bbox 726 1540 839 1581; x_wconf 86' lang='lat' dir='ltr'>fuisse,</span> <span class='ocrx_word' id='word_1_266' title='bbox 861 1542 1097 1576; x_wconf 85' lang='lat' dir='ltr'>demonstrent:</span> <span class='ocrx_word' id='word_1_267' title='bbox 1123 1543 1212 1586; x_wconf 89' lang='lat' dir='ltr'>quod</span> <span class='ocrx_word' id='word_1_268' title='bbox 1233 1554 1307 1578; x_wconf 88' lang='lat' dir='ltr'>cum</span> <span class='ocrx_word' id='word_1_269' title='bbox 1331 1543 1369 1578; x_wconf 90' lang='lat' dir='ltr'>de</span> 
     </span>
     <span class='ocr_line' id='line_1_33' title="bbox 366 1584 1369 1629; baseline -0.004 -4"><span class='ocrx_word' id='word_1_270' title='bbox 366 1590 467 1625; x_wconf 80' lang='lat' dir='ltr'>Paraei</span> <span class='ocrx_word' id='word_1_271' title='bbox 504 1590 575 1623; x_wconf 84' lang='lat' dir='ltr'>viro</span> <span class='ocrx_word' id='word_1_272' title='bbox 599 1598 665 1620; x_wconf 91' lang='lat' dir='ltr'>non</span> <span class='ocrx_word' id='word_1_273' title='bbox 689 1586 811 1620; x_wconf 79' lang='lat' dir='ltr'>constet</span> <span class='ocrx_word' id='word_1_274' title='bbox 833 1597 842 1622; x_wconf 81' lang='lat'>3</span> <span class='ocrx_word' id='word_1_275' title='bbox 877 1584 958 1618; x_wconf 87' lang='lat' dir='ltr'>nihil</span> <span class='ocrx_word' id='word_1_276' title='bbox 983 1586 1135 1627; x_wconf 84' lang='lat' dir='ltr'>prohibet</span> <span class='ocrx_word' id='word_1_277' title='bbox 1171 1598 1238 1629; x_wconf 91' lang='lat' dir='ltr'>quo</span> <span class='ocrx_word' id='word_1_278' title='bbox 1262 1589 1369 1621; x_wconf 88' lang='lat' dir='ltr'>minus</span> 
     </span>
     <span class='ocr_line' id='line_1_34' title="bbox 367 1629 1366 1677; baseline -0.005 -9"><span class='ocrx_word' id='word_1_279' title='bbox 367 1633 529 1677; x_wconf 84' lang='lat' dir='ltr'>ejusmodi</span> <span class='ocrx_word' id='word_1_280' title='bbox 553 1634 613 1667; x_wconf 90' lang='lat' dir='ltr'>iter</span> <span class='ocrx_word' id='word_1_281' title='bbox 637 1632 670 1663; x_wconf 89' lang='lat' dir='ltr'>in</span> <span class='ocrx_word' id='word_1_282' title='bbox 695 1643 734 1664; x_wconf 90' lang='lat' dir='ltr'>eo</span> <span class='ocrx_word' id='word_1_283' title='bbox 755 1630 835 1663; x_wconf 84' lang='lat' dir='ltr'>olim</span> <span class='ocrx_word' id='word_1_284' title='bbox 860 1639 952 1663; x_wconf 83' lang='lat' dir='ltr'>acum</span> <span class='ocrx_word' id='word_1_285' title='bbox 965 1629 1159 1671; x_wconf 88' lang='lat' dir='ltr'>suspicemur</span> <span class='ocrx_word' id='word_1_286' title='bbox 1183 1630 1366 1673; x_wconf 77' lang='lat' dir='ltr'>haberepo.</span> 
     </span>
     <span class='ocr_line' id='line_1_35' title="bbox 368 1672 1369 1714; baseline -0.006 -1"><span class='ocrx_word' id='word_1_287' title='bbox 368 1678 463 1713; x_wconf 84' lang='lat' dir='ltr'>tuisse</span> <span class='ocrx_word' id='word_1_288' title='bbox 485 1702 492 1709; x_wconf 91' lang='lat'>.</span> <span class='ocrx_word' id='word_1_289' title='bbox 527 1679 574 1709; x_wconf 87' lang='lat' dir='ltr'>At</span> <span class='ocrx_word' id='word_1_290' title='bbox 597 1675 684 1709; x_wconf 90' lang='lat' dir='ltr'>enim</span> <span class='ocrx_word' id='word_1_291' title='bbox 709 1675 764 1708; x_wconf 85' lang='lat' dir='ltr'>alii</span> <span class='ocrx_word' id='word_1_292' title='bbox 790 1672 862 1706; x_wconf 89' lang='lat' dir='ltr'>sunt</span> <span class='ocrx_word' id='word_1_293' title='bbox 884 1674 918 1705; x_wconf 91' lang='lat' dir='ltr'>in</span> <span class='ocrx_word' id='word_1_294' title='bbox 941 1673 1058 1714; x_wconf 86' lang='lat' dir='ltr'>quibus</span> <span class='ocrx_word' id='word_1_295' title='bbox 1081 1674 1171 1707; x_wconf 89' lang='lat' dir='ltr'>locus</span> <span class='ocrx_word' id='word_1_296' title='bbox 1195 1674 1301 1707; x_wconf 88' lang='lat' dir='ltr'>nullus</span> <span class='ocrx_word' id='word_1_297' title='bbox 1325 1676 1369 1708; x_wconf 84' lang='lat' dir='ltr'>est</span> 
     </span>
     <span class='ocr_line' id='line_1_36' title="bbox 366 1715 1368 1761; baseline -0.005 -6"><span class='ocrx_word' id='word_1_298' title='bbox 366 1719 547 1758; x_wconf 80' lang='lat' dir='ltr'>istiusmodi</span> <span class='ocrx_word' id='word_1_299' title='bbox 573 1717 808 1761; x_wconf 83' lang='lat' dir='ltr'>suspicionibus</span> <span class='ocrx_word' id='word_1_300' title='bbox 830 1740 841 1756; x_wconf 87' lang='lat'>,</span> <span class='ocrx_word' id='word_1_301' title='bbox 872 1715 993 1759; x_wconf 80' lang='lat' dir='ltr'>quippe</span> <span class='ocrx_word' id='word_1_302' title='bbox 1014 1738 1023 1753; x_wconf 91' lang='lat'>‚</span> <span class='ocrx_word' id='word_1_303' title='bbox 1047 1726 1083 1749; x_wconf 90' lang='lat' dir='ltr'>ut</span> <span class='ocrx_word' id='word_1_304' title='bbox 1108 1718 1233 1757; x_wconf 82' lang='lat' dir='ltr'>noster,</span> <span class='ocrx_word' id='word_1_305' title='bbox 1254 1717 1336 1750; x_wconf 84' lang='lat' dir='ltr'>faslis</span> <span class='ocrx_word' id='word_1_306' title='bbox 1359 1742 1368 1757; x_wconf 95' lang='lat'>,</span> 
     </span>
     <span class='ocr_line' id='line_1_37' title="bbox 368 1758 1369 1805; baseline -0.007 -5"><span class='ocrx_word' id='word_1_307' title='bbox 368 1768 472 1801; x_wconf 81' lang='lat' dir='ltr'>altero</span> <span class='ocrx_word' id='word_1_308' title='bbox 497 1762 610 1798; x_wconf 79' lang='lat' dir='ltr'>hordei</span> <span class='ocrx_word' id='word_1_309' title='bbox 635 1761 775 1805; x_wconf 83' lang='lat' dir='ltr'>spicam,</span> <span class='ocrx_word' id='word_1_310' title='bbox 800 1760 923 1796; x_wconf 82' lang='lat' dir='ltr'>altero,</span> <span class='ocrx_word' id='word_1_311' title='bbox 945 1758 967 1792; x_wconf 82' lang='lat' dir='ltr'>si</span> <span class='ocrx_word' id='word_1_312' title='bbox 993 1760 1237 1801; x_wconf 67' lang='lat' dir='ltr'>re&amp;eintelligo</span> <span class='ocrx_word' id='word_1_313' title='bbox 1253 1781 1263 1797; x_wconf 87' lang='lat'>,</span> <span class='ocrx_word' id='word_1_314' title='bbox 1288 1772 1369 1802; x_wconf 82' lang='lat' dir='ltr'>prae-</span> 
     </span>
     <span class='ocr_line' id='line_1_38' title="bbox 365 1801 1378 1850; baseline -0.007 -6"><span class='ocrx_word' id='word_1_315' title='bbox 365 1811 495 1845; x_wconf 78' lang='lat' dir='ltr'>ferratae</span> <span class='ocrx_word' id='word_1_316' title='bbox 520 1807 628 1850; x_wconf 77' lang='lat' dir='ltr'>ligulae</span> <span class='ocrx_word' id='word_1_317' title='bbox 652 1815 748 1839; x_wconf 89' lang='lat' dir='ltr'>tenue</span> <span class='ocrx_word' id='word_1_318' title='bbox 770 1813 954 1838; x_wconf 84' lang='lat' dir='ltr'>extremum</span> <span class='ocrx_word' id='word_1_319' title='bbox 991 1801 1019 1835; x_wconf 90' lang='lat' dir='ltr'>se</span> <span class='ocrx_word' id='word_1_320' title='bbox 1043 1802 1101 1836; x_wconf 86' lang='lat' dir='ltr'>sibi</span> <span class='ocrx_word' id='word_1_321' title='bbox 1125 1814 1181 1845; x_wconf 88' lang='lat' dir='ltr'>per</span> <span class='ocrx_word' id='word_1_322' title='bbox 1204 1803 1378 1847; x_wconf 14' lang='lat' dir='ltr'>urethram*</span> 
     </span>
     <span class='ocr_line' id='line_1_39' title="bbox 365 1845 1371 1890; baseline -0.01 -1"><span class='ocrx_word' id='word_1_323' title='bbox 365 1858 403 1889; x_wconf 86' lang='lat' dir='ltr'>in</span> <span class='ocrx_word' id='word_1_324' title='bbox 429 1851 561 1887; x_wconf 83' lang='lat' dir='ltr'>vesicam</span> <span class='ocrx_word' id='word_1_325' title='bbox 584 1848 763 1883; x_wconf 79' lang='lat' dir='ltr'>intrusisse.</span> <span class='ocrx_word' id='word_1_326' title='bbox 788 1850 902 1881; x_wconf 85' lang='lat' dir='ltr'>Fateor</span> <span class='ocrx_word' id='word_1_327' title='bbox 925 1846 1031 1889; x_wconf 83' lang='lat' dir='ltr'>quide</span> <span class='ocrx_word' id='word_1_328' title='bbox 1055 1846 1115 1880; x_wconf 91' lang='lat' dir='ltr'>hoc</span> <span class='ocrx_word' id='word_1_329' title='bbox 1128 1846 1262 1889; x_wconf 85' lang='lat' dir='ltr'>legerim</span> <span class='ocrx_word' id='word_1_330' title='bbox 1284 1845 1371 1890; x_wconf 90' lang='lat' dir='ltr'>apud</span> 
     </span>
     <span class='ocr_line' id='line_1_40' title="bbox 369 1890 1369 1939; baseline -0.009 -7"><span class='ocrx_word' id='word_1_331' title='bbox 369 1897 559 1935; x_wconf 87' lang='lat' dir='ltr'>Dionilium</span> <span class='ocrx_word' id='word_1_332' title='bbox 583 1895 673 1939; x_wconf 85' lang='lat' dir='ltr'>(u),</span> <span class='ocrx_word' id='word_1_333' title='bbox 697 1893 734 1927; x_wconf 91' lang='lat' dir='ltr'>de</span> <span class='ocrx_word' id='word_1_334' title='bbox 758 1892 817 1925; x_wconf 90' lang='lat' dir='ltr'>illo</span> <span class='ocrx_word' id='word_1_335' title='bbox 842 1902 949 1925; x_wconf 89' lang='lat' dir='ltr'>autem</span> <span class='ocrx_word' id='word_1_336' title='bbox 973 1890 1056 1933; x_wconf 87' lang='lat' dir='ltr'>apud</span> <span class='ocrx_word' id='word_1_337' title='bbox 1067 1890 1256 1923; x_wconf 89' lang='lat' dir='ltr'>Platnerum</span> <span class='ocrx_word' id='word_1_338' title='bbox 1281 1892 1369 1934; x_wconf 82' lang='lat' dir='ltr'>(u).</span> 
     </span>
     <span class='ocr_line' id='line_1_41' title="bbox 366 1933 1373 1979; baseline -0.012 -1"><span class='ocrx_word' id='word_1_339' title='bbox 366 1943 429 1978; x_wconf 79' lang='lat' dir='ltr'>Sed</span> <span class='ocrx_word' id='word_1_340' title='bbox 464 1949 646 1975; x_wconf 82' lang='lat' dir='ltr'>extremum</span> <span class='ocrx_word' id='word_1_341' title='bbox 671 1938 704 1971; x_wconf 90' lang='lat' dir='ltr'>id</span> <span class='ocrx_word' id='word_1_342' title='bbox 738 1935 846 1979; x_wconf 71' lang='lat' dir='ltr'>ligulae</span> <span class='ocrx_word' id='word_1_343' title='bbox 870 1946 932 1978; x_wconf 88' lang='lat' dir='ltr'>qua</span> <span class='ocrx_word' id='word_1_344' title='bbox 957 1934 1163 1976; x_wconf 82' lang='lat' dir='ltr'>longitudine</span> <span class='ocrx_word' id='word_1_345' title='bbox 1185 1933 1285 1968; x_wconf 89' lang='lat' dir='ltr'>fuerit</span> <span class='ocrx_word' id='word_1_346' title='bbox 1308 1956 1319 1969; x_wconf 86' lang='lat'>‚</span> <span class='ocrx_word' id='word_1_347' title='bbox 1342 1937 1373 1966; x_wconf 85' lang='lat'><strong>&amp;</strong></span> 
     </span>
     <span class='ocr_line' id='line_1_42' title="bbox 368 1976 1374 2022; baseline -0.011 -1"><span class='ocrx_word' id='word_1_348' title='bbox 368 1998 448 2022; x_wconf 82' lang='lat' dir='ltr'>num</span> <span class='ocrx_word' id='word_1_349' title='bbox 473 1985 631 2019; x_wconf 82' lang='lat' dir='ltr'>inflexum</span> <span class='ocrx_word' id='word_1_350' title='bbox 654 1980 732 2015; x_wconf 86' lang='lat' dir='ltr'>esset</span> <span class='ocrx_word' id='word_1_351' title='bbox 756 1980 982 2021; x_wconf 84' lang='lat' dir='ltr'>aliquantum,</span> <span class='ocrx_word' id='word_1_352' title='bbox 1007 1977 1142 2012; x_wconf 81' lang='lat' dir='ltr'>necdum</span> <span class='ocrx_word' id='word_1_353' title='bbox 1167 1976 1233 2010; x_wconf 86' lang='lat' dir='ltr'>scio</span> <span class='ocrx_word' id='word_1_354' title='bbox 1254 1988 1264 2014; x_wconf 89' lang='lat'>;</span> <span class='ocrx_word' id='word_1_355' title='bbox 1290 1976 1374 2019; x_wconf 81' lang='lat' dir='ltr'>spica</span> 
     </span>
     <span class='ocr_line' id='line_1_43' title="bbox 372 2020 1375 2067; baseline -0.013 -1"><span class='ocrx_word' id='word_1_356' title='bbox 372 2042 481 2067; x_wconf 85' lang='lat' dir='ltr'>autem</span> <span class='ocrx_word' id='word_1_357' title='bbox 505 2038 541 2063; x_wconf 92' lang='lat' dir='ltr'>ut</span> <span class='ocrx_word' id='word_1_358' title='bbox 566 2026 683 2061; x_wconf 79' lang='lat' dir='ltr'>flexilis</span> <span class='ocrx_word' id='word_1_359' title='bbox 707 2023 745 2057; x_wconf 84' lang='lat' dir='ltr'>fit</span> <span class='ocrx_word' id='word_1_360' title='bbox 765 2045 777 2062; x_wconf 89' lang='lat'>,</span> <span class='ocrx_word' id='word_1_361' title='bbox 812 2034 878 2056; x_wconf 92' lang='lat' dir='ltr'>non</span> <span class='ocrx_word' id='word_1_362' title='bbox 902 2021 946 2056; x_wconf 88' lang='lat' dir='ltr'>est</span> <span class='ocrx_word' id='word_1_363' title='bbox 969 2022 1026 2064; x_wconf 87' lang='lat' dir='ltr'>qui</span> <span class='ocrx_word' id='word_1_364' title='bbox 1051 2022 1190 2055; x_wconf 85' lang='lat' dir='ltr'>nesciat.</span> <span class='ocrx_word' id='word_1_365' title='bbox 1215 2020 1375 2054; x_wconf 67' lang='lat' dir='ltr'>Praeterea</span> 
     </span>
     <span class='ocr_line' id='line_1_44' title="bbox 362 2063 1378 2117; baseline -0.006 -12"><span class='ocrx_word' id='word_1_366' title='bbox 362 2070 507 2117; x_wconf 70' lang='lat' dir='ltr'>-m&#39;erque</span> <span class='ocrx_word' id='word_1_367' title='bbox 527 2095 536 2111; x_wconf 90' lang='lat'>,</span> <span class='ocrx_word' id='word_1_368' title='bbox 571 2071 666 2104; x_wconf 84' lang='lat' dir='ltr'>sicuti</span> <span class='ocrx_word' id='word_1_369' title='bbox 692 2067 819 2102; x_wconf 87' lang='lat' dir='ltr'>videtur</span> <span class='ocrx_word' id='word_1_370' title='bbox 836 2089 848 2105; x_wconf 83' lang='lat'>,</span> <span class='ocrx_word' id='word_1_371' title='bbox 881 2066 960 2100; x_wconf 86' lang='lat' dir='ltr'>alter</span> <span class='ocrx_word' id='word_1_372' title='bbox 983 2074 1068 2098; x_wconf 90' lang='lat' dir='ltr'>certe</span> <span class='ocrx_word' id='word_1_373' title='bbox 1086 2063 1180 2108; x_wconf 87' lang='lat' dir='ltr'>quod</span> <span class='ocrx_word' id='word_1_374' title='bbox 1212 2064 1378 2099; x_wconf 83' lang='lat' dir='ltr'>intrudere</span> 
     </span>
     <span class='ocr_line' id='line_1_45' title="bbox 371 2107 1380 2162; baseline -0.012 -10"><span class='ocrx_word' id='word_1_375' title='bbox 371 2126 536 2162; x_wconf 83' lang='lat' dir='ltr'>coeperat,</span> <span class='ocrx_word' id='word_1_376' title='bbox 560 2114 695 2149; x_wconf 88' lang='lat' dir='ltr'>ulterius</span> <span class='ocrx_word' id='word_1_377' title='bbox 718 2135 726 2150; x_wconf 88' lang='lat'>‚</span> <span class='ocrx_word' id='word_1_378' title='bbox 758 2113 790 2143; x_wconf 89' lang='lat'>&amp;</span> <span class='ocrx_word' id='word_1_379' title='bbox 814 2111 847 2143; x_wconf 92' lang='lat' dir='ltr'>in</span> <span class='ocrx_word' id='word_1_380' title='bbox 872 2108 1006 2144; x_wconf 85' lang='lat' dir='ltr'>vesicam</span> <span class='ocrx_word' id='word_1_381' title='bbox 1030 2109 1128 2152; x_wconf 88' lang='lat' dir='ltr'>usque</span> <span class='ocrx_word' id='word_1_382' title='bbox 1151 2108 1181 2141; x_wconf 87' lang='lat' dir='ltr'>se</span> <span class='ocrx_word' id='word_1_383' title='bbox 1204 2107 1380 2149; x_wconf 89' lang='lat' dir='ltr'>compulis-</span> 
     </span>
     <span class='ocr_line' id='line_1_46' title="bbox 372 2150 1379 2203; baseline -0.011 -9"><span class='ocrx_word' id='word_1_384' title='bbox 372 2165 404 2198; x_wconf 81' lang='lat' dir='ltr'>se</span> <span class='ocrx_word' id='word_1_385' title='bbox 422 2188 431 2203; x_wconf 93' lang='lat'>,</span> <span class='ocrx_word' id='word_1_386' title='bbox 456 2159 549 2194; x_wconf 87' lang='lat' dir='ltr'>fassus</span> <span class='ocrx_word' id='word_1_387' title='bbox 573 2158 636 2191; x_wconf 87' lang='lat' dir='ltr'>est.</span> <span class='ocrx_word' id='word_1_388' title='bbox 660 2154 781 2189; x_wconf 89' lang='lat' dir='ltr'>Noster</span> <span class='ocrx_word' id='word_1_389' title='bbox 805 2164 882 2187; x_wconf 90' lang='lat' dir='ltr'>vero</span> <span class='ocrx_word' id='word_1_390' title='bbox 905 2164 998 2187; x_wconf 86' lang='lat' dir='ltr'>acum</span> <span class='ocrx_word' id='word_1_391' title='bbox 1025 2153 1059 2185; x_wconf 89' lang='lat' dir='ltr'>in</span> <span class='ocrx_word' id='word_1_392' title='bbox 1085 2154 1223 2194; x_wconf 84' lang='lat' dir='ltr'>primam</span> <span class='ocrx_word' id='word_1_393' title='bbox 1236 2150 1379 2185; x_wconf 81' lang='lat' dir='ltr'>urethrae</span> 
     </span>
     <span class='ocr_line' id='line_1_47' title="bbox 374 2196 1379 2250; baseline -0.011 -12"><span class='ocrx_word' id='word_1_394' title='bbox 374 2215 499 2250; x_wconf 72' lang='lat' dir='ltr'>partem</span> <span class='ocrx_word' id='word_1_395' title='bbox 522 2200 686 2236; x_wconf 85' lang='lat' dir='ltr'>demissam</span> <span class='ocrx_word' id='word_1_396' title='bbox 703 2226 710 2238; x_wconf 87' lang='lat'>,</span> <span class='ocrx_word' id='word_1_397' title='bbox 734 2198 815 2231; x_wconf 84' lang='lat' dir='ltr'>adeo</span> <span class='ocrx_word' id='word_1_398' title='bbox 838 2208 1030 2240; x_wconf 89' lang='lat' dir='ltr'>promovere</span> <span class='ocrx_word' id='word_1_399' title='bbox 1056 2201 1125 2229; x_wconf 75' lang='lat' dir='ltr'>non¹</span> <span class='ocrx_word' id='word_1_400' title='bbox 1146 2196 1286 2238; x_wconf 86' lang='lat' dir='ltr'>perrexit</span> <span class='ocrx_word' id='word_1_401' title='bbox 1309 2217 1319 2232; x_wconf 85' lang='lat'>‚</span> <span class='ocrx_word' id='word_1_402' title='bbox 1343 2203 1379 2228; x_wconf 90' lang='lat' dir='ltr'>ut</span> 
     </span>
     <span class='ocr_line' id='line_1_48' title="bbox 379 2239 1381 2287; baseline -0.011 -5"><span class='ocrx_word' id='word_1_403' title='bbox 379 2246 543 2285; x_wconf 76' lang='lat' dir='ltr'>excidisset</span> <span class='ocrx_word' id='word_1_404' title='bbox 567 2271 574 2286; x_wconf 92' lang='lat'>,</span> <span class='ocrx_word' id='word_1_405' title='bbox 607 2256 645 2277; x_wconf 83' lang='lat' dir='ltr'>an</span> <span class='ocrx_word' id='word_1_406' title='bbox 670 2240 832 2276; x_wconf 83' lang='lat' dir='ltr'>restitisset</span> <span class='ocrx_word' id='word_1_407' title='bbox 851 2263 860 2278; x_wconf 84' lang='lat'>,</span> <span class='ocrx_word' id='word_1_408' title='bbox 893 2241 1005 2282; x_wconf 87' lang='lat' dir='ltr'>plane,</span> <span class='ocrx_word' id='word_1_409' title='bbox 1030 2248 1066 2273; x_wconf 86' lang='lat' dir='ltr'>ut</span> <span class='ocrx_word' id='word_1_410' title='bbox 1090 2239 1235 2273; x_wconf 82' lang='lat' dir='ltr'>diximus</span> <span class='ocrx_word' id='word_1_411' title='bbox 1258 2243 1312 2280; x_wconf 84' lang='lat' dir='ltr'>(y</span> <span class='ocrx_word' id='word_1_412' title='bbox 1334 2241 1351 2287; x_wconf 68' lang='grc' dir='ltr'>)ι</span> <span class='ocrx_word' id='word_1_413' title='bbox 1371 2262 1381 2278; x_wconf 83' lang='grc'><strong>,</strong></span> 
     </span>
     <span class='ocr_line' id='line_1_49' title="bbox 367 2281 1384 2334; baseline -0.016 -7"><span class='ocrx_word' id='word_1_414' title='bbox 367 2297 561 2327; x_wconf 55' lang='lat' dir='ltr'>denotaret.</span> <span class='ocrx_word' id='word_1_415' title='bbox 585 2287 645 2321; x_wconf 89' lang='lat' dir='ltr'>Sed</span> <span class='ocrx_word' id='word_1_416' title='bbox 671 2285 743 2326; x_wconf 84' lang='lat' dir='ltr'>fac,</span> <span class='ocrx_word' id='word_1_417' title='bbox 769 2283 962 2328; x_wconf 78' lang='lat' dir='ltr'>promovisse</span> <span class='ocrx_word' id='word_1_418' title='bbox 984 2296 994 2322; x_wconf 82' lang='lat'>5</span> <span class='ocrx_word' id='word_1_419' title='bbox 1019 2283 1075 2318; x_wconf 89' lang='lat' dir='ltr'>ubi</span> <span class='ocrx_word' id='word_1_420' title='bbox 1101 2282 1140 2332; x_wconf 81' lang='lat' dir='ltr'>ad</span> <span class='ocrx_word' id='word_1_421' title='bbox 1164 2293 1319 2334; x_wconf 70' lang='lat' dir='ltr'>magnum</span> <span class='ocrx_word' id='word_1_422' title='bbox 1343 2281 1384 2313; x_wconf 79' lang='lat'>11.</span> 
     </span>
     <span class='ocr_line' id='line_1_50' title="bbox 374 2323 1384 2378; baseline -0.012 -9"><span class='ocrx_word' id='word_1_423' title='bbox 374 2324 445 2372; x_wconf 58' lang='lat' dir='ltr'>isim</span> <span class='ocrx_word' id='word_1_424' title='bbox 468 2335 525 2378; x_wconf 90' lang='lat' dir='ltr'>qui</span> <span class='ocrx_word' id='word_1_425' title='bbox 549 2334 581 2366; x_wconf 88' lang='lat' dir='ltr'>in</span> <span class='ocrx_word' id='word_1_426' title='bbox 607 2332 748 2373; x_wconf 80' lang='lat' dir='ltr'>pei-inaeo</span> <span class='ocrx_word' id='word_1_427' title='bbox 771 2328 813 2362; x_wconf 87' lang='lat' dir='ltr'>est</span> <span class='ocrx_word' id='word_1_428' title='bbox 828 2355 836 2369; x_wconf 86' lang='lat'><em>‚</em></span> <span class='ocrx_word' id='word_1_429' title='bbox 862 2328 981 2362; x_wconf 87' lang='lat' dir='ltr'>flexum</span> <span class='ocrx_word' id='word_1_430' title='bbox 1005 2323 1223 2370; x_wconf 65' lang='lat' dir='ltr'>perduxisset,</span> <span class='ocrx_word' id='word_1_431' title='bbox 1247 2334 1384 2368; x_wconf 84' lang='lat' dir='ltr'>quitan-</span> 
     </span>
     <span class='ocr_line' id='line_1_51' title="bbox 377 2369 1385 2420; baseline -0.015 -5"><span class='ocrx_word' id='word_1_432' title='bbox 377 2381 451 2415; x_wconf 89' lang='lat' dir='ltr'>dem</span> <span class='ocrx_word' id='word_1_433' title='bbox 477 2405 487 2420; x_wconf 90' lang='lat'>,</span> <span class='ocrx_word' id='word_1_434' title='bbox 518 2375 652 2419; x_wconf 81' lang='lat' dir='ltr'>quaeso,</span> <span class='ocrx_word' id='word_1_435' title='bbox 674 2373 769 2407; x_wconf 89' lang='lat' dir='ltr'>illum</span> <span class='ocrx_word' id='word_1_436' title='bbox 794 2373 938 2414; x_wconf 71' lang='lat' dir='ltr'>superare</span> <span class='ocrx_word' id='word_1_437' title='bbox 959 2393 968 2408; x_wconf 86' lang='lat'>‚</span> <span class='ocrx_word' id='word_1_438' title='bbox 1004 2374 1035 2404; x_wconf 82' lang='lat'>&amp;</span> <span class='ocrx_word' id='word_1_439' title='bbox 1060 2369 1181 2403; x_wconf 88' lang='lat' dir='ltr'>sursum</span> <span class='ocrx_word' id='word_1_440' title='bbox 1206 2369 1290 2402; x_wconf 92' lang='lat' dir='ltr'>verti</span> <span class='ocrx_word' id='word_1_441' title='bbox 1312 2379 1385 2401; x_wconf 91' lang='lat' dir='ltr'>acus</span> 
     </span>
     <span class='ocr_line' id='line_1_52' title="bbox 379 2411 1384 2463; baseline -0.015 -5"><span class='ocrx_word' id='word_1_442' title='bbox 379 2425 434 2458; x_wconf 81' lang='lat' dir='ltr'>ista</span> <span class='ocrx_word' id='word_1_443' title='bbox 458 2418 688 2463; x_wconf 80' lang='lat' dir='ltr'>longitudine,</span> <span class='ocrx_word' id='word_1_444' title='bbox 714 2418 745 2449; x_wconf 86' lang='lat'>&amp;</span> <span class='ocrx_word' id='word_1_445' title='bbox 771 2415 964 2449; x_wconf 71' lang='lat' dir='ltr'>reffitudine</span> <span class='ocrx_word' id='word_1_446' title='bbox 976 2411 1156 2457; x_wconf 72' lang='lat' dir='ltr'>potuisset?</span> <span class='ocrx_word' id='word_1_447' title='bbox 1177 2423 1234 2445; x_wconf 89' lang='lat' dir='ltr'>cur</span> <span class='ocrx_word' id='word_1_448' title='bbox 1247 2423 1312 2444; x_wconf 90' lang='lat' dir='ltr'>non</span> <span class='ocrx_word' id='word_1_449' title='bbox 1337 2412 1384 2445; x_wconf 83' lang='lat' dir='ltr'>i&#39;bi</span> 
     </span>
     <span class='ocr_line' id='line_1_53' title="bbox 378 2454 1386 2504; baseline -0.011 -6"><span class='ocrx_word' id='word_1_450' title='bbox 378 2467 491 2503; x_wconf 75' lang='lat' dir='ltr'>haesit?</span> <span class='ocrx_word' id='word_1_451' title='bbox 515 2474 571 2498; x_wconf 90' lang='lat' dir='ltr'>cur</span> <span class='ocrx_word' id='word_1_452' title='bbox 595 2461 675 2495; x_wconf 88' lang='lat' dir='ltr'>adeo</span> <span class='ocrx_word' id='word_1_453' title='bbox 699 2468 794 2492; x_wconf 86' lang='lat' dir='ltr'>acuto</span> <span class='ocrx_word' id='word_1_454' title='bbox 818 2465 970 2490; x_wconf 84' lang='lat' dir='ltr'>mucrone</span> <span class='ocrx_word' id='word_1_455' title='bbox 992 2481 1004 2497; x_wconf 80' lang='grc'>,</span> <span class='ocrx_word' id='word_1_456' title='bbox 1026 2456 1049 2488; x_wconf 86' lang='lat' dir='ltr'>si</span> <span class='ocrx_word' id='word_1_457' title='bbox 1064 2454 1125 2503; x_wconf 32' lang='lat' dir='ltr'>*hic</span> <span class='ocrx_word' id='word_1_458' title='bbox 1151 2455 1352 2504; x_wconf 59' lang='lat' dir='ltr'>praecedebat</span> <span class='ocrx_word' id='word_1_459' title='bbox 1377 2476 1386 2491; x_wconf 93' lang='lat'>,</span> 
     </span>
     <span class='ocr_line' id='line_1_54' title="bbox 345 2499 1386 2546; baseline -0.014 -1"><span class='ocrx_word' id='word_1_460' title='bbox 345 2533 349 2538; x_wconf 69' lang='lat'><em>‹</em></span> <span class='ocrx_word' id='word_1_461' title='bbox 375 2523 442 2546; x_wconf 87' lang='lat' dir='ltr'>non</span> <span class='ocrx_word' id='word_1_462' title='bbox 465 2509 505 2543; x_wconf 85' lang='lat' dir='ltr'>ad</span> <span class='ocrx_word' id='word_1_463' title='bbox 528 2518 603 2540; x_wconf 89' lang='lat' dir='ltr'>eum</span> <span class='ocrx_word' id='word_1_464' title='bbox 627 2506 736 2538; x_wconf 80' lang='lat' dir='ltr'>locum</span> <span class='ocrx_word' id='word_1_465' title='bbox 759 2501 788 2534; x_wconf 90' lang='lat' dir='ltr'>se</span> <span class='ocrx_word' id='word_1_466' title='bbox 810 2499 949 2534; x_wconf 76' lang='lat' dir='ltr'>defixit?</span> <span class='ocrx_word' id='word_1_467' title='bbox 972 2509 1025 2533; x_wconf 86' lang='lat' dir='ltr'>aut</span> <span class='ocrx_word' id='word_1_468' title='bbox 1050 2499 1071 2531; x_wconf 90' lang='lat' dir='ltr'>si</span> <span class='ocrx_word' id='word_1_469' title='bbox 1092 2523 1100 2538; x_wconf 89' lang='lat'><em>‚</em></span> <span class='ocrx_word' id='word_1_470' title='bbox 1124 2508 1160 2531; x_wconf 91' lang='lat' dir='ltr'>ut</span> <span class='ocrx_word' id='word_1_471' title='bbox 1180 2499 1386 2531; x_wconf 76' lang='lat' dir='ltr'>verisimilius</span> 
     </span>
     <span class='ocr_line' id='line_1_55' title="bbox 379 2541 1388 2593; baseline -0.012 -7"><span class='ocrx_word' id='word_1_472' title='bbox 379 2558 445 2592; x_wconf 79' lang='lat' dir='ltr'>est,</span> <span class='ocrx_word' id='word_1_473' title='bbox 469 2564 536 2586; x_wconf 86' lang='lat' dir='ltr'>non</span> <span class='ocrx_word' id='word_1_474' title='bbox 560 2547 788 2593; x_wconf 68' lang='lat' dir='ltr'>praecedebat,</span> <span class='ocrx_word' id='word_1_475' title='bbox 813 2555 876 2578; x_wconf 91' lang='lat' dir='ltr'>non</span> <span class='ocrx_word' id='word_1_476' title='bbox 904 2555 976 2577; x_wconf 87' lang='lat' dir='ltr'>eum</span> <span class='ocrx_word' id='word_1_477' title='bbox 999 2544 1109 2576; x_wconf 85' lang='lat' dir='ltr'>locum</span> <span class='ocrx_word' id='word_1_478' title='bbox 1129 2567 1138 2582; x_wconf 89' lang='lat'>,</span> <span class='ocrx_word' id='word_1_479' title='bbox 1160 2541 1238 2575; x_wconf 87' lang='lat' dir='ltr'>dum</span> <span class='ocrx_word' id='word_1_480' title='bbox 1262 2552 1335 2575; x_wconf 85' lang='lat' dir='ltr'>acus</span> <span class='ocrx_word' id='word_1_481' title='bbox 1359 2541 1388 2575; x_wconf 88' lang='lat' dir='ltr'>se</span> 
     </span>
     <span class='ocr_line' id='line_1_56' title="bbox 379 2585 1387 2633; baseline -0.016 0"><span class='ocrx_word' id='word_1_482' title='bbox 379 2603 606 2633; x_wconf 84' lang='lat' dir='ltr'>converteret,</span> <span class='ocrx_word' id='word_1_483' title='bbox 629 2590 790 2625; x_wconf 80' lang='lat' dir='ltr'>violavit?</span> <span class='ocrx_word' id='word_1_484' title='bbox 818 2588 919 2620; x_wconf 86' lang='lat' dir='ltr'>Nulla</span> <span class='ocrx_word' id='word_1_485' title='bbox 944 2589 1031 2621; x_wconf 83' lang='lat' dir='ltr'>enirn</span> <span class='ocrx_word' id='word_1_486' title='bbox 1056 2586 1124 2625; x_wconf 86' lang='lat' dir='ltr'>ibi,</span> <span class='ocrx_word' id='word_1_487' title='bbox 1149 2595 1182 2619; x_wconf 90' lang='lat' dir='ltr'>ut</span> <span class='ocrx_word' id='word_1_488' title='bbox 1205 2585 1353 2619; x_wconf 85' lang='lat' dir='ltr'>diximus</span> <span class='ocrx_word' id='word_1_489' title='bbox 1377 2608 1387 2623; x_wconf 87' lang='lat'>,</span> 
     </span>
     <span class='ocr_line' id='line_1_57' title="bbox 381 2628 1387 2677; baseline -0.016 -1"><span class='ocrx_word' id='word_1_490' title='bbox 381 2642 520 2677; x_wconf 76' lang='lat' dir='ltr'>cicatrix</span> <span class='ocrx_word' id='word_1_491' title='bbox 552 2637 638 2671; x_wconf 89' lang='lat' dir='ltr'>fuit.</span> <span class='ocrx_word' id='word_1_492' title='bbox 668 2646 673 2650; x_wconf 89' lang='lat'>·</span> <span class='ocrx_word' id='word_1_493' title='bbox 772 2632 853 2665; x_wconf 74' lang='lat' dir='ltr'>Haec</span> <span class='ocrx_word' id='word_1_494' title='bbox 876 2631 979 2672; x_wconf 78' lang='lat' dir='ltr'>igitur</span> <span class='ocrx_word' id='word_1_495' title='bbox 1014 2629 1086 2663; x_wconf 86' lang='lat' dir='ltr'>sunt</span> <span class='ocrx_word' id='word_1_496' title='bbox 1110 2640 1181 2669; x_wconf 83' lang='lat' dir='ltr'>quae</span> <span class='ocrx_word' id='word_1_497' title='bbox 1207 2641 1256 2662; x_wconf 89' lang='lat' dir='ltr'>rne</span> <span class='ocrx_word' id='word_1_498' title='bbox 1277 2628 1387 2668; x_wconf 58' lang='lat' dir='ltr'>,fateor</span> 
     </span>
     <span class='ocr_line' id='line_1_58' title="bbox 380 2671 1388 2720; baseline -0.016 0"><span class='ocrx_word' id='word_1_499' title='bbox 380 2686 460 2720; x_wconf 55' lang='lat' dir='ltr'>‘satis</span> <span class='ocrx_word' id='word_1_500' title='bbox 484 2681 586 2717; x_wconf 87' lang='lat' dir='ltr'>adhuc</span> <span class='ocrx_word' id='word_1_501' title='bbox 611 2677 730 2719; x_wconf 76' lang='lat' dir='ltr'>assequi</span> <span class='ocrx_word' id='word_1_502' title='bbox 756 2686 822 2709; x_wconf 88' lang='lat' dir='ltr'>non</span> <span class='ocrx_word' id='word_1_503' title='bbox 847 2673 932 2716; x_wconf 84' lang='lat' dir='ltr'>posse</span> <span class='ocrx_word' id='word_1_504' title='bbox 955 2688 965 2707; x_wconf 90' lang='lat'>.·</span> <span class='ocrx_word' id='word_1_505' title='bbox 988 2673 1137 2714; x_wconf 85' lang='lat' dir='ltr'>idemque</span> <span class='ocrx_word' id='word_1_506' title='bbox 1163 2671 1230 2705; x_wconf 68' lang='lat' dir='ltr'>faffi</span> <span class='ocrx_word' id='word_1_507' title='bbox 1255 2672 1327 2706; x_wconf 89' lang='lat' dir='ltr'>sunt</span> <span class='ocrx_word' id='word_1_508' title='bbox 1350 2684 1388 2704; x_wconf 93' lang='lat' dir='ltr'>o-</span> 
     </span>
     <span class='ocr_line' id='line_1_59' title="bbox 387 2715 1390 2768; baseline -0.015 -5"><span class='ocrx_word' id='word_1_509' title='bbox 387 2739 477 2763; x_wconf 90' lang='lat' dir='ltr'>mnes</span> <span class='ocrx_word' id='word_1_510' title='bbox 511 2723 689 2768; x_wconf 82' lang='lat' dir='ltr'>perit&#39;iffimi</span> <span class='ocrx_word' id='word_1_511' title='bbox 713 2721 789 2753; x_wconf 89' lang='lat' dir='ltr'>Viri</span> <span class='ocrx_word' id='word_1_512' title='bbox 813 2743 821 2757; x_wconf 91' lang='lat'><strong>‚</strong></span> <span class='ocrx_word' id='word_1_513' title='bbox 855 2720 887 2751; x_wconf 88' lang='lat'>&amp;</span> <span class='ocrx_word' id='word_1_514' title='bbox 911 2717 1106 2751; x_wconf 85' lang='lat' dir='ltr'>nominatim</span> <span class='ocrx_word' id='word_1_515' title='bbox 1130 2715 1294 2749; x_wconf 91' lang='lat' dir='ltr'>Cocchius</span> <span class='ocrx_word' id='word_1_516' title='bbox 1317 2740 1326 2755; x_wconf 90' lang='lat'>,</span> <span class='ocrx_word' id='word_1_517' title='bbox 1358 2717 1390 2748; x_wconf 87' lang='lat'>&amp;</span> 
     </span>
     <span class='ocr_line' id='line_1_60' title="bbox 385 2758 1390 2809; baseline -0.015 -4"><span class='ocrx_word' id='word_1_518' title='bbox 385 2770 590 2808; x_wconf 80' lang='lat' dir='ltr'>BenevoluS,</span> <span class='ocrx_word' id='word_1_519' title='bbox 613 2766 671 2809; x_wconf 90' lang='lat' dir='ltr'>qui</span> <span class='ocrx_word' id='word_1_520' title='bbox 697 2764 756 2798; x_wconf 87' lang='lat' dir='ltr'>hac</span> <span class='ocrx_word' id='word_1_521' title='bbox 779 2761 1000 2801; x_wconf 86' lang='lat' dir='ltr'>transeuntes,</span> <span class='ocrx_word' id='word_1_522' title='bbox 1026 2763 1055 2793; x_wconf 88' lang='lat'>&amp;</span> <span class='ocrx_word' id='word_1_523' title='bbox 1078 2771 1128 2792; x_wconf 88' lang='lat' dir='ltr'>me</span> <span class='ocrx_word' id='word_1_524' title='bbox 1144 2770 1203 2801; x_wconf 90' lang='lat' dir='ltr'>pro</span> <span class='ocrx_word' id='word_1_525' title='bbox 1227 2758 1279 2792; x_wconf 88' lang='lat' dir='ltr'>sua</span> <span class='ocrx_word' id='word_1_526' title='bbox 1302 2758 1390 2802; x_wconf 86' lang='lat' dir='ltr'>quis-</span> 
     </span>
     <span class='ocr_line' id='line_1_61' title="bbox 386 2803 1390 2859; baseline -0.016 -10"><span class='ocrx_word' id='word_1_527' title='bbox 386 2828 451 2859; x_wconf 87' lang='lat' dir='ltr'>que</span> <span class='ocrx_word' id='word_1_528' title='bbox 475 2812 679 2848; x_wconf 87' lang='lat' dir='ltr'>humanitate</span> <span class='ocrx_word' id='word_1_529' title='bbox 702 2806 876 2842; x_wconf 84' lang='lat' dir='ltr'>invisentes</span> <span class='ocrx_word' id='word_1_530' title='bbox 897 2830 906 2844; x_wconf 87' lang='lat'><strong><em>‚</em></strong></span> <span class='ocrx_word' id='word_1_531' title='bbox 939 2816 1006 2838; x_wconf 91' lang='lat' dir='ltr'>rem</span> <span class='ocrx_word' id='word_1_532' title='bbox 1031 2803 1181 2853; x_wconf 81' lang='lat' dir='ltr'>viderunt</span> <span class='ocrx_word' id='word_1_533' title='bbox 1199 2824 1209 2840; x_wconf 87' lang='lat'>‚</span> <span class='ocrx_word' id='word_1_534' title='bbox 1231 2805 1261 2835; x_wconf 72' lang='grc' dir='ltr'>δι</span> <span class='ocrx_word' id='word_1_535' title='bbox 1285 2811 1390 2844; x_wconf 86' lang='lat' dir='ltr'>perat-</span> 
     </span>
     <span class='ocr_line' id='line_1_62' title="bbox 387 2844 1391 2892; baseline -0.015 0"><span class='ocrx_word' id='word_1_536' title='bbox 387 2868 476 2892; x_wconf 85' lang='lat' dir='ltr'>tente</span> <span class='ocrx_word' id='word_1_537' title='bbox 498 2854 740 2890; x_wconf 77' lang='lat' dir='ltr'>considerarunt</span> <span class='ocrx_word' id='word_1_538' title='bbox 755 2876 763 2884; x_wconf 91' lang='lat'><em>.</em></span> <span class='ocrx_word' id='word_1_539' title='bbox 790 2849 949 2890; x_wconf 86' lang='lat' dir='ltr'>Equidem</span> <span class='ocrx_word' id='word_1_540' title='bbox 964 2849 998 2881; x_wconf 86' lang='lat' dir='ltr'>in</span> <span class='ocrx_word' id='word_1_541' title='bbox 1023 2848 1191 2886; x_wconf 84' lang='lat' dir='ltr'>minimis,</span> <span class='ocrx_word' id='word_1_542' title='bbox 1215 2857 1316 2887; x_wconf 86' lang='lat' dir='ltr'>eoque</span> <span class='ocrx_word' id='word_1_543' title='bbox 1329 2844 1391 2878; x_wconf 89' lang='lat' dir='ltr'>fle-</span> 
     </span>
     <span class='ocr_line' id='line_1_63' title="bbox 383 2890 1392 2937; baseline -0.016 -1"><span class='ocrx_word' id='word_1_544' title='bbox 383 2902 505 2937; x_wconf 74' lang='lat' dir='ltr'>xilibus</span> <span class='ocrx_word' id='word_1_545' title='bbox 528 2898 656 2932; x_wconf 87' lang='lat' dir='ltr'>aciculis</span> <span class='ocrx_word' id='word_1_546' title='bbox 679 2906 743 2928; x_wconf 92' lang='lat' dir='ltr'>non</span> <span class='ocrx_word' id='word_1_547' title='bbox 767 2893 942 2932; x_wconf 84' lang='lat' dir='ltr'>haererem,</span> <span class='ocrx_word' id='word_1_548' title='bbox 967 2891 1134 2932; x_wconf 86' lang='lat' dir='ltr'>multoque</span> <span class='ocrx_word' id='word_1_549' title='bbox 1158 2890 1264 2922; x_wconf 90' lang='lat' dir='ltr'>minus</span> <span class='ocrx_word' id='word_1_550' title='bbox 1287 2891 1320 2921; x_wconf 88' lang='lat' dir='ltr'>in</span> <span class='ocrx_word' id='word_1_551' title='bbox 1344 2898 1392 2922; x_wconf 87' lang='lat' dir='ltr'>te-</span> 
     </span>
     <span class='ocr_line' id='line_1_64' title="bbox 385 2931 1387 2979; baseline -0.014 -1"><span class='ocrx_word' id='word_1_552' title='bbox 385 2943 540 2979; x_wconf 81' lang='lat' dir='ltr'>nuissimis</span> <span class='ocrx_word' id='word_1_553' title='bbox 565 2939 706 2974; x_wconf 81' lang='lat' dir='ltr'>candelis</span> <span class='ocrx_word' id='word_1_554' title='bbox 729 2937 827 2971; x_wconf 89' lang='lat' dir='ltr'>cereis</span> <span class='ocrx_word' id='word_1_555' title='bbox 851 2960 857 2966; x_wconf 86' lang='lat'>.</span> <span class='ocrx_word' id='word_1_556' title='bbox 883 2937 932 2970; x_wconf 89' lang='lat' dir='ltr'>De</span> <span class='ocrx_word' id='word_1_557' title='bbox 955 2935 1073 2978; x_wconf 83' lang='lat' dir='ltr'>quibus</span> <span class='ocrx_word' id='word_1_558' title='bbox 1098 2932 1118 2965; x_wconf 84' lang='lat' dir='ltr'>si</span> <span class='ocrx_word' id='word_1_559' title='bbox 1143 2934 1226 2974; x_wconf 81' lang='lat' dir='ltr'>leges</span> <span class='ocrx_word' id='word_1_560' title='bbox 1248 2931 1355 2965; x_wconf 84' lang='lat' dir='ltr'>casum</span> <span class='ocrx_word' id='word_1_561' title='bbox 1379 2955 1387 2969; x_wconf 89' lang='lat'>,</span> 
     </span>
     <span class='ocr_line' id='line_1_65' title="bbox 387 2974 1387 3030; baseline -0.011 -11"><span class='ocrx_word' id='word_1_562' title='bbox 387 2997 548 3030; x_wconf 79' lang='lat' dir='ltr'>quantum</span> <span class='ocrx_word' id='word_1_563' title='bbox 581 2984 709 3016; x_wconf 87' lang='lat' dir='ltr'>videtur</span> <span class='ocrx_word' id='word_1_564' title='bbox 731 3004 739 3018; x_wconf 83' lang='lat'>,</span> <span class='ocrx_word' id='word_1_565' title='bbox 771 2979 906 3013; x_wconf 86' lang='lat' dir='ltr'>eundem</span> <span class='ocrx_word' id='word_1_566' title='bbox 930 3003 938 3016; x_wconf 94' lang='lat'>,</span> <span class='ocrx_word' id='word_1_567' title='bbox 971 2977 1095 3011; x_wconf 85' lang='lat' dir='ltr'>tametfi</span> <span class='ocrx_word' id='word_1_568' title='bbox 1122 2977 1228 3010; x_wconf 80' lang='lat' dir='ltr'>verbiS</span> <span class='ocrx_word' id='word_1_569' title='bbox 1250 2974 1293 3009; x_wconf 87' lang='lat' dir='ltr'>est</span> <span class='ocrx_word' id='word_1_570' title='bbox 1318 2975 1387 3008; x_wconf 86' lang='lat' dir='ltr'>aliis</span> 
     </span>
     <span class='ocr_line' id='line_1_66' title="bbox 386 3020 1384 3072; baseline -0.014 -9"><span class='ocrx_word' id='word_1_571' title='bbox 386 3031 509 3072; x_wconf 67' lang='lat' dir='ltr'>viginti</span> <span class='ocrx_word' id='word_1_572' title='bbox 544 3029 687 3070; x_wconf 87' lang='lat' dir='ltr'>quinque</span> <span class='ocrx_word' id='word_1_573' title='bbox 710 3023 779 3064; x_wconf 82' lang='lat' dir='ltr'>post</span> <span class='ocrx_word' id='word_1_574' title='bbox 803 3024 891 3056; x_wconf 83' lang='lat' dir='ltr'>annis</span> <span class='ocrx_word' id='word_1_575' title='bbox 917 3023 1073 3067; x_wconf 77' lang='lat' dir='ltr'>repetitus</span> <span class='ocrx_word' id='word_1_576' title='bbox 1096 3020 1155 3063; x_wconf 67' lang='lat' dir='ltr'>(z</span> <span class='ocrx_word' id='word_1_577' title='bbox 1176 3023 1189 3060; x_wconf 84' lang='lat'>&gt;</span> <span class='ocrx_word' id='word_1_578' title='bbox 1211 3033 1228 3069; x_wconf 42' lang='grc' dir='ltr'>ς.</span> <span class='ocrx_word' id='word_1_579' title='bbox 1253 3028 1289 3051; x_wconf 91' lang='lat' dir='ltr'>ut</span> <span class='ocrx_word' id='word_1_580' title='bbox 1314 3029 1384 3068; x_wconf 56' lang='lat' dir='ltr'>par,</span> 
     </span>
     <span class='ocr_line' id='line_1_67' title="bbox 387 3062 1387 3109; baseline -0.015 0"><span class='ocrx_word' id='word_1_581' title='bbox 387 3069 453 3109; x_wconf 72' lang='lat' dir='ltr'>rein</span> <span class='ocrx_word' id='word_1_582' title='bbox 485 3072 654 3106; x_wconf 81' lang='lat' dir='ltr'>dumtaxat</span> <span class='ocrx_word' id='word_1_583' title='bbox 679 3068 821 3109; x_wconf 78' lang='lat' dir='ltr'>aliquam</span> <span class='ocrx_word' id='word_1_584' title='bbox 854 3067 990 3108; x_wconf 85' lang='lat' dir='ltr'>accipias</span> <span class='ocrx_word' id='word_1_585' title='bbox 1014 3090 1022 3104; x_wconf 90' lang='lat'><em>‚</em></span> <span class='ocrx_word' id='word_1_586' title='bbox 1057 3066 1163 3098; x_wconf 89' lang='lat' dir='ltr'>minus</span> <span class='ocrx_word' id='word_1_587' title='bbox 1185 3062 1352 3096; x_wconf 78' lang='lat' dir='ltr'>miraberis</span> <span class='ocrx_word' id='word_1_588' title='bbox 1375 3085 1387 3101; x_wconf 86' lang='lat'><em>‚</em></span> 
     </span>
     <span class='ocr_line' id='line_1_68' title="bbox 384 3105 1386 3153; baseline -0.014 -1"><span class='ocrx_word' id='word_1_589' title='bbox 384 3117 575 3152; x_wconf 82' lang='lat' dir='ltr'>foemineam</span> <span class='ocrx_word' id='word_1_590' title='bbox 600 3112 733 3147; x_wconf 83' lang='lat' dir='ltr'>vesicam</span> <span class='ocrx_word' id='word_1_591' title='bbox 757 3119 884 3152; x_wconf 87' lang='lat' dir='ltr'>repente</span> <span class='ocrx_word' id='word_1_592' title='bbox 908 3121 981 3143; x_wconf 87' lang='lat' dir='ltr'>acus</span> <span class='ocrx_word' id='word_1_593' title='bbox 1012 3111 1047 3143; x_wconf 85' lang='lat' dir='ltr'>in</span> <span class='ocrx_word' id='word_1_594' title='bbox 1072 3108 1098 3141; x_wconf 93' lang='lat' dir='ltr'>se</span> <span class='ocrx_word' id='word_1_595' title='bbox 1123 3105 1247 3140; x_wconf 89' lang='lat' dir='ltr'>trahere</span> <span class='ocrx_word' id='word_1_596' title='bbox 1270 3129 1280 3146; x_wconf 81' lang='lat'>,</span> <span class='ocrx_word' id='word_1_597' title='bbox 1311 3117 1386 3153; x_wconf 79' lang='lat' dir='ltr'>cum</span> 
     </span>
     <span class='ocr_line' id='line_1_69' title="bbox 386 3147 1384 3201; baseline -0.009 -12"><span class='ocrx_word' id='word_1_598' title='bbox 386 3161 520 3196; x_wconf 75' lang='lat' dir='ltr'>virilem</span> <span class='ocrx_word' id='word_1_599' title='bbox 534 3168 664 3201; x_wconf 84' lang='lat' dir='ltr'>quoque</span> <span class='ocrx_word' id='word_1_600' title='bbox 686 3154 879 3187; x_wconf 75' lang='lat' dir='ltr'>intellexeris</span> <span class='ocrx_word' id='word_1_601' title='bbox 895 3152 1000 3194; x_wconf 79' lang='lat' dir='ltr'>subito</span> <span class='ocrx_word' id='word_1_602' title='bbox 1023 3150 1180 3185; x_wconf 72' lang='lat' dir='ltr'>candelam</span> <span class='ocrx_word' id='word_1_603' title='bbox 1191 3147 1361 3192; x_wconf 64' lang='lat' dir='ltr'>absorpszffi?</span> <span class='ocrx_word' id='word_1_604' title='bbox 1376 3173 1384 3180; x_wconf 92' lang='lat'>.</span> 
     </span>
     <span class='ocr_line' id='line_1_70' title="bbox 434 3192 1385 3248; baseline -0.017 -9"><span class='ocrx_word' id='word_1_605' title='bbox 434 3217 485 3248; x_wconf 84' lang='lat'>30.</span> <span class='ocrx_word' id='word_1_606' title='bbox 510 3202 613 3245; x_wconf 88' lang='lat' dir='ltr'>Quod</span> <span class='ocrx_word' id='word_1_607' title='bbox 634 3210 721 3233; x_wconf 88' lang='lat' dir='ltr'>renes</span> <span class='ocrx_word' id='word_1_608' title='bbox 736 3223 745 3238; x_wconf 85' lang='lat'><strong><em>‚</em></strong></span> <span class='ocrx_word' id='word_1_609' title='bbox 769 3199 799 3229; x_wconf 86' lang='lat'>&amp;</span> <span class='ocrx_word' id='word_1_610' title='bbox 825 3206 960 3229; x_wconf 88' lang='lat' dir='ltr'>ureteres</span> <span class='ocrx_word' id='word_1_611' title='bbox 984 3197 1015 3227; x_wconf 90' lang='lat' dir='ltr'>in</span> <span class='ocrx_word' id='word_1_612' title='bbox 1028 3195 1163 3229; x_wconf 81' lang='lat' dir='ltr'>Rustico</span> <span class='ocrx_word' id='word_1_613' title='bbox 1183 3192 1295 3226; x_wconf 85' lang='lat' dir='ltr'>nostro</span> <span class='ocrx_word' id='word_1_614' title='bbox 1318 3204 1385 3224; x_wconf 85' lang='lat' dir='ltr'>am-</span> 
     </span>
     <span class='ocr_line' id='line_1_71' title="bbox 387 3235 1387 3294; baseline -0.016 -11"><span class='ocrx_word' id='word_1_615' title='bbox 387 3251 525 3294; x_wconf 83' lang='lat' dir='ltr'>pliores,</span> <span class='ocrx_word' id='word_1_616' title='bbox 549 3246 682 3286; x_wconf 85' lang='lat' dir='ltr'>utrique</span> <span class='ocrx_word' id='word_1_617' title='bbox 706 3251 815 3275; x_wconf 83' lang='lat' dir='ltr'>autem</span> <span class='ocrx_word' id='word_1_618' title='bbox 840 3237 934 3272; x_wconf 80' lang='lat' dir='ltr'>essent</span> <span class='ocrx_word' id='word_1_619' title='bbox 960 3237 1068 3272; x_wconf 87' lang='lat' dir='ltr'>referti</span> <span class='ocrx_word' id='word_1_620' title='bbox 1094 3248 1193 3280; x_wconf 88' lang='lat' dir='ltr'>pure,</span> <span class='ocrx_word' id='word_1_621' title='bbox 1217 3235 1283 3269; x_wconf 81' lang='lat' dir='ltr'>haec</span> <span class='ocrx_word' id='word_1_622' title='bbox 1296 3246 1387 3267; x_wconf 88' lang='lat' dir='ltr'>nern-</span> 
     </span>
     <span class='ocr_line' id='line_1_72' title="bbox 387 3277 1384 3336; baseline -0.013 -13"><span class='ocrx_word' id='word_1_623' title='bbox 387 3305 425 3336; x_wconf 75' lang='lat' dir='ltr'>pe</span> <span class='ocrx_word' id='word_1_624' title='bbox 449 3301 521 3326; x_wconf 74' lang='lat' dir='ltr'>cum</span> <span class='ocrx_word' id='word_1_625' title='bbox 544 3290 584 3322; x_wconf 89' lang='lat' dir='ltr'>iis</span> <span class='ocrx_word' id='word_1_626' title='bbox 616 3285 801 3328; x_wconf 70' lang='lat' dir='ltr'>congruunt</span> <span class='ocrx_word' id='word_1_627' title='bbox 820 3294 893 3325; x_wconf 80' lang='lat' dir='ltr'>quae</span> <span class='ocrx_word' id='word_1_628' title='bbox 928 3282 1019 3324; x_wconf 85' lang='lat' dir='ltr'>supra</span> <span class='ocrx_word' id='word_1_629' title='bbox 1042 3286 1051 3321; x_wconf 95' lang='lat'>(</span> <span class='ocrx_word' id='word_1_630' title='bbox 1076 3293 1094 3314; x_wconf 82' lang='lat' dir='ltr'>a</span> <span class='ocrx_word' id='word_1_631' title='bbox 1118 3284 1128 3319; x_wconf 96' lang='lat'><em>)</em></span> <span class='ocrx_word' id='word_1_632' title='bbox 1153 3281 1226 3313; x_wconf 89' lang='lat' dir='ltr'>sunt</span> <span class='ocrx_word' id='word_1_633' title='bbox 1251 3277 1352 3329; x_wconf 76' lang='lat' dir='ltr'>pofita</span> <span class='ocrx_word' id='word_1_634' title='bbox 1376 3301 1384 3315; x_wconf 89' lang='lat'>,</span> 
     </span>
     <span class='ocr_line' id='line_1_73' title="bbox 386 3321 1387 3376; baseline -0.015 -8"><span class='ocrx_word' id='word_1_635' title='bbox 386 3340 417 3370; x_wconf 76' lang='grc' dir='ltr'>δι</span> <span class='ocrx_word' id='word_1_636' title='bbox 439 3334 598 3376; x_wconf 83' lang='lat' dir='ltr'>explicata</span> <span class='ocrx_word' id='word_1_637' title='bbox 622 3357 629 3364; x_wconf 93' lang='lat'><em>.</em></span> <span class='ocrx_word' id='word_1_638' title='bbox 663 3330 717 3362; x_wconf 85' lang='lat' dir='ltr'>Ab</span> <span class='ocrx_word' id='word_1_639' title='bbox 752 3327 925 3369; x_wconf 87' lang='lat' dir='ltr'>eademque</span> <span class='ocrx_word' id='word_1_640' title='bbox 958 3325 1046 3358; x_wconf 88' lang='lat' dir='ltr'>causa</span> <span class='ocrx_word' id='word_1_641' title='bbox 1067 3347 1076 3361; x_wconf 91' lang='lat'>‚</span> <span class='ocrx_word' id='word_1_642' title='bbox 1110 3325 1201 3358; x_wconf 84' lang='lat' dir='ltr'>urina</span> <span class='ocrx_word' id='word_1_643' title='bbox 1235 3321 1387 3356; x_wconf 80' lang='lat' dir='ltr'>Videlicet</span> 
     </span>
     <span class='ocr_line' id='line_1_74' title="bbox 383 3366 1387 3415; baseline -0.02 0"><span class='ocrx_word' id='word_1_644' title='bbox 383 3381 428 3414; x_wconf 91' lang='lat' dir='ltr'>ob</span> <span class='ocrx_word' id='word_1_645' title='bbox 450 3375 681 3415; x_wconf 81' lang='lat' dir='ltr'>acerbiffimam</span> <span class='ocrx_word' id='word_1_646' title='bbox 703 3372 868 3413; x_wconf 86' lang='lat' dir='ltr'>dysuriam</span> <span class='ocrx_word' id='word_1_647' title='bbox 892 3369 1006 3412; x_wconf 85' lang='lat' dir='ltr'>saepius</span> <span class='ocrx_word' id='word_1_648' title='bbox 1036 3377 1158 3402; x_wconf 84' lang='lat' dir='ltr'>retenta</span> <span class='ocrx_word' id='word_1_649' title='bbox 1175 3390 1186 3406; x_wconf 91' lang='lat'><em>‚</em></span> <span class='ocrx_word' id='word_1_650' title='bbox 1211 3377 1310 3409; x_wconf 86' lang='lat' dir='ltr'>eoque</span> <span class='ocrx_word' id='word_1_651' title='bbox 1335 3366 1387 3399; x_wconf 92' lang='lat' dir='ltr'>de.</span> 
     </span>
    </p>
   </div>
   <div class='ocr_carea' id='block_1_3' title="bbox 1431 162 1880 220">
    <p class='ocr_par' dir='ltr' id='par_1_3' title="bbox 1431 162 1880 220">
     <span class='ocr_line' id='line_1_75' title="bbox 1431 162 1880 220; baseline -0.002 0"><span class='ocrx_word' id='word_1_652' title='bbox 1431 166 1638 220; x_wconf 86' lang='lat' dir='ltr'>Morbis</span> <span class='ocrx_word' id='word_1_653' title='bbox 1668 162 1880 220; x_wconf 84' lang='lat' dir='ltr'>Ventris</span> 
     </span>
    </p>
   </div>
   <div class='ocr_carea' id='block_1_4' title="bbox 1419 242 2464 3363">
    <p class='ocr_par' dir='ltr' id='par_1_4' title="bbox 1419 242 2464 3363">
     <span class='ocr_line' id='line_1_76' title="bbox 1425 242 2429 287; baseline 0.003 -11"><span class='ocrx_word' id='word_1_654' title='bbox 1425 243 1577 278; x_wconf 84' lang='lat' dir='ltr'>biliorem</span> <span class='ocrx_word' id='word_1_655' title='bbox 1604 244 1744 287; x_wconf 79' lang='lat' dir='ltr'>aliquam</span> <span class='ocrx_word' id='word_1_656' title='bbox 1768 243 1876 277; x_wconf 80' lang='lat' dir='ltr'>vesicae</span> <span class='ocrx_word' id='word_1_657' title='bbox 1900 252 2039 285; x_wconf 80' lang='lat' dir='ltr'>partem·</span> <span class='ocrx_word' id='word_1_658' title='bbox 2057 242 2237 278; x_wconf 81' lang='lat' dir='ltr'>extrorsum</span> <span class='ocrx_word' id='word_1_659' title='bbox 2258 252 2393 287; x_wconf 83' lang='lat' dir='ltr'>urgente</span> <span class='ocrx_word' id='word_1_660' title='bbox 2413 247 2429 284; x_wconf 85' lang='lat'>,’</span> 
     </span>
     <span class='ocr_line' id='line_1_77' title="bbox 1425 284 2429 329; baseline 0.003 -10"><span class='ocrx_word' id='word_1_661' title='bbox 1425 287 1588 321; x_wconf 87' lang='lat' dir='ltr'>sacculum</span> <span class='ocrx_word' id='word_1_662' title='bbox 1612 287 1820 329; x_wconf 86' lang='lat' dir='ltr'>repetendum</span> <span class='ocrx_word' id='word_1_663' title='bbox 1853 284 1911 319; x_wconf 84' lang='lat' dir='ltr'>esse</span> <span class='ocrx_word' id='word_1_664' title='bbox 1936 295 2016 328; x_wconf 90' lang='lat' dir='ltr'>puto</span> <span class='ocrx_word' id='word_1_665' title='bbox 2039 287 2073 319; x_wconf 88' lang='lat' dir='ltr'>in</span> <span class='ocrx_word' id='word_1_666' title='bbox 2095 298 2163 328; x_wconf 90' lang='lat' dir='ltr'>quo</span> <span class='ocrx_word' id='word_1_667' title='bbox 2186 287 2327 321; x_wconf 83' lang='lat' dir='ltr'>calculus</span> <span class='ocrx_word' id='word_1_668' title='bbox 2349 299 2429 322; x_wconf 90' lang='lat' dir='ltr'>con-</span> 
     </span>
     <span class='ocr_line' id='line_1_78' title="bbox 1424 328 2426 376; baseline -0.001 -12"><span class='ocrx_word' id='word_1_669' title='bbox 1424 330 1581 364; x_wconf 81' lang='lat' dir='ltr'>debatur.</span> <span class='ocrx_word' id='word_1_670' title='bbox 1607 331 1682 373; x_wconf 83' lang='lat' dir='ltr'>Qua</span> <span class='ocrx_word' id='word_1_671' title='bbox 1709 342 1759 363; x_wconf 88' lang='lat' dir='ltr'>me</span> <span class='ocrx_word' id='word_1_672' title='bbox 1784 332 1817 363; x_wconf 86' lang='lat' dir='ltr'>in</span> <span class='ocrx_word' id='word_1_673' title='bbox 1839 330 2093 376; x_wconf 35' lang='lat' dir='ltr'>opinione-tunc</span> <span class='ocrx_word' id='word_1_674' title='bbox 2117 331 2215 362; x_wconf 87' lang='lat' dir='ltr'>etiam</span> <span class='ocrx_word' id='word_1_675' title='bbox 2238 328 2330 364; x_wconf 85' lang='lat' dir='ltr'>fuisse</span> <span class='ocrx_word' id='word_1_676' title='bbox 2350 341 2426 363; x_wconf 84' lang='lat' dir='ltr'>cum</span> 
     </span>
     <span class='ocr_line' id='line_1_79' title="bbox 1424 372 2428 415; baseline -0.001 -10"><span class='ocrx_word' id='word_1_677' title='bbox 1424 376 1457 406; x_wconf 91' lang='lat' dir='ltr'>in</span> <span class='ocrx_word' id='word_1_678' title='bbox 1484 373 1683 408; x_wconf 81' lang='lat' dir='ltr'>Adversariis</span> <span class='ocrx_word' id='word_1_679' title='bbox 1705 377 1716 413; x_wconf 86' lang='lat'><em>(</em></span> <span class='ocrx_word' id='word_1_680' title='bbox 1740 373 1758 405; x_wconf 84' lang='lat' dir='ltr'><em>b</em></span> <span class='ocrx_word' id='word_1_681' title='bbox 1781 376 1795 412; x_wconf 94' lang='lat'>)</span> <span class='ocrx_word' id='word_1_682' title='bbox 1820 376 1961 414; x_wconf 86' lang='lat' dir='ltr'>primum</span> <span class='ocrx_word' id='word_1_683' title='bbox 1977 373 2093 415; x_wconf 64' lang='lat' dir='ltr'>scripsi</span> <span class='ocrx_word' id='word_1_684' title='bbox 2117 374 2196 415; x_wconf 85' lang='lat' dir='ltr'>quid</span> <span class='ocrx_word' id='word_1_685' title='bbox 2208 372 2249 415; x_wconf 67' lang='lat' dir='ltr'>de,</span> <span class='ocrx_word' id='word_1_686' title='bbox 2269 372 2336 406; x_wconf 86' lang='lat' dir='ltr'>istis</span> <span class='ocrx_word' id='word_1_687' title='bbox 2360 374 2428 406; x_wconf 82' lang='lat' dir='ltr'>sac.</span> 
     </span>
     <span class='ocr_line' id='line_1_80' title="bbox 1423 415 2432 457; baseline 0 -7"><span class='ocrx_word' id='word_1_688' title='bbox 1423 417 1505 450; x_wconf 76' lang='lat' dir='ltr'>culis</span> <span class='ocrx_word' id='word_1_689' title='bbox 1527 416 1739 450; x_wconf 80' lang='lat' dir='ltr'>observassem</span> <span class='ocrx_word' id='word_1_690' title='bbox 1762 439 1774 455; x_wconf 91' lang='lat'>,</span> <span class='ocrx_word' id='word_1_691' title='bbox 1798 428 1838 450; x_wconf 82' lang='lat' dir='ltr'>ex</span> <span class='ocrx_word' id='word_1_692' title='bbox 1858 415 1971 449; x_wconf 87' lang='lat' dir='ltr'>iisdem</span> <span class='ocrx_word' id='word_1_693' title='bbox 1996 416 2095 457; x_wconf 80' lang='lat' dir='ltr'>probe</span> <span class='ocrx_word' id='word_1_694' title='bbox 2118 416 2218 450; x_wconf 85' lang='lat' dir='ltr'>nosti.</span> <span class='ocrx_word' id='word_1_695' title='bbox 2244 416 2326 449; x_wconf 83' lang='lat' dir='ltr'>Eam</span> <span class='ocrx_word' id='word_1_696' title='bbox 2353 427 2432 450; x_wconf 72' lang='lat' dir='ltr'>verov</span> 
     </span>
     <span class='ocr_line' id='line_1_81' title="bbox 1424 458 2427 503; baseline 0.001 -11"><span class='ocrx_word' id='word_1_697' title='bbox 1424 460 1532 503; x_wconf 85' lang='lat' dir='ltr'>postea</span> <span class='ocrx_word' id='word_1_698' title='bbox 1556 461 1594 493; x_wconf 89' lang='lat' dir='ltr'>ab</span> <span class='ocrx_word' id='word_1_699' title='bbox 1618 461 1689 493; x_wconf 81' lang='lat' dir='ltr'>aliis</span> <span class='ocrx_word' id='word_1_700' title='bbox 1712 458 1769 493; x_wconf 81' lang='lat' dir='ltr'>esse</span> <span class='ocrx_word' id='word_1_701' title='bbox 1791 459 2040 496; x_wconf 85' lang='lat' dir='ltr'>confirmatam,</span> <span class='ocrx_word' id='word_1_702' title='bbox 2061 469 2125 492; x_wconf 89' lang='lat' dir='ltr'>non</span> <span class='ocrx_word' id='word_1_703' title='bbox 2150 460 2268 501; x_wconf 80' lang='lat' dir='ltr'>ignoro</span> <span class='ocrx_word' id='word_1_704' title='bbox 2286 481 2296 497; x_wconf 88' lang='lat'>,</span> <span class='ocrx_word' id='word_1_705' title='bbox 2320 470 2427 493; x_wconf 87' lang='lat' dir='ltr'>exem-</span> 
     </span>
     <span class='ocr_line' id='line_1_82' title="bbox 1424 502 2429 548; baseline 0 -14"><span class='ocrx_word' id='word_1_706' title='bbox 1424 503 1475 545; x_wconf 83' lang='lat' dir='ltr'>pla</span> <span class='ocrx_word' id='word_1_707' title='bbox 1509 503 1717 545; x_wconf 79' lang='lat' dir='ltr'>gravidarum</span> <span class='ocrx_word' id='word_1_708' title='bbox 1741 502 1978 545; x_wconf 81' lang='lat' dir='ltr'>proferentibus</span> <span class='ocrx_word' id='word_1_709' title='bbox 2001 514 2138 545; x_wconf 72' lang='lat' dir='ltr'>quarum</span> <span class='ocrx_word' id='word_1_710' title='bbox 2173 502 2272 536; x_wconf 79' lang='lat' dir='ltr'>vefica</span> <span class='ocrx_word' id='word_1_711' title='bbox 2295 513 2334 535; x_wconf 83' lang='lat' dir='ltr'>ex</span> <span class='ocrx_word' id='word_1_712' title='bbox 2356 513 2429 548; x_wconf 79' lang='lat' dir='ltr'>gra-</span> 
     </span>
     <span class='ocr_line' id='line_1_83' title="bbox 1426 544 2434 587; baseline -0.001 -9"><span class='ocrx_word' id='word_1_713' title='bbox 1426 546 1550 580; x_wconf 79' lang='lat' dir='ltr'>vissima</span> <span class='ocrx_word' id='word_1_714' title='bbox 1586 545 1727 580; x_wconf 87' lang='lat' dir='ltr'>ischuria</span> <span class='ocrx_word' id='word_1_715' title='bbox 1751 547 1785 578; x_wconf 89' lang='lat' dir='ltr'>in</span> <span class='ocrx_word' id='word_1_716' title='bbox 1818 545 1998 580; x_wconf 87' lang='lat' dir='ltr'>istiusmodi</span> <span class='ocrx_word' id='word_1_717' title='bbox 2022 546 2163 579; x_wconf 88' lang='lat' dir='ltr'>sacculos</span> <span class='ocrx_word' id='word_1_718' title='bbox 2186 570 2201 587; x_wconf 47' lang='grc' dir='ltr'>ι</span> <span class='ocrx_word' id='word_1_719' title='bbox 2219 545 2281 579; x_wconf 88' lang='lat' dir='ltr'>sive</span> <span class='ocrx_word' id='word_1_720' title='bbox 2305 544 2434 578; x_wconf 78' lang='lat' dir='ltr'>hernias</span> 
     </span>
     <span class='ocr_line' id='line_1_84' title="bbox 1427 587 2429 635; baseline -0.001 -14"><span class='ocrx_word' id='word_1_721' title='bbox 1427 589 1593 631; x_wconf 86' lang='lat' dir='ltr'>quomodo</span> <span class='ocrx_word' id='word_1_722' title='bbox 1616 587 1681 631; x_wconf 88' lang='lat' dir='ltr'>ipse</span> <span class='ocrx_word' id='word_1_723' title='bbox 1703 600 1834 632; x_wconf 87' lang='lat' dir='ltr'>quoque</span> <span class='ocrx_word' id='word_1_724' title='bbox 1858 600 2068 635; x_wconf 83' lang='lat' dir='ltr'>vocaveram,</span> <span class='ocrx_word' id='word_1_725' title='bbox 2090 589 2196 631; x_wconf 85' lang='lat' dir='ltr'>aliqua</span> <span class='ocrx_word' id='word_1_726' title='bbox 2211 600 2251 623; x_wconf 84' lang='lat' dir='ltr'>ex</span> <span class='ocrx_word' id='word_1_727' title='bbox 2273 598 2363 631; x_wconf 90' lang='lat' dir='ltr'>parte</span> <span class='ocrx_word' id='word_1_728' title='bbox 2383 588 2429 621; x_wconf 89' lang='lat' dir='ltr'>la-</span> 
     </span>
     <span class='ocr_line' id='line_1_85' title="bbox 1425 631 2434 675; baseline -0.003 -9"><span class='ocrx_word' id='word_1_729' title='bbox 1425 641 1502 666; x_wconf 80' lang='lat' dir='ltr'>xata</span> <span class='ocrx_word' id='word_1_730' title='bbox 1525 631 1648 666; x_wconf 86' lang='lat' dir='ltr'>fuerat:</span> <span class='ocrx_word' id='word_1_731' title='bbox 1672 642 1875 675; x_wconf 19' lang='lat' dir='ltr'>quaertamen</span> <span class='ocrx_word' id='word_1_732' title='bbox 1899 634 1982 667; x_wconf 87' lang='lat' dir='ltr'>inter</span> <span class='ocrx_word' id='word_1_733' title='bbox 2005 633 2150 675; x_wconf 83' lang='lat' dir='ltr'>exempla</span> <span class='ocrx_word' id='word_1_734' title='bbox 2174 632 2259 666; x_wconf 85' lang='lat' dir='ltr'>haud</span> <span class='ocrx_word' id='word_1_735' title='bbox 2284 631 2359 665; x_wconf 86' lang='lat' dir='ltr'>satis</span> <span class='ocrx_word' id='word_1_736' title='bbox 2381 631 2434 663; x_wconf 86' lang='lat' dir='ltr'>vi—</span> 
     </span>
     <span class='ocr_line' id='line_1_86' title="bbox 1424 673 2430 720; baseline -0.002 -11"><span class='ocrx_word' id='word_1_737' title='bbox 1424 675 1484 709; x_wconf 87' lang='lat' dir='ltr'>deo</span> <span class='ocrx_word' id='word_1_738' title='bbox 1508 687 1564 710; x_wconf 90' lang='lat' dir='ltr'>cur</span> <span class='ocrx_word' id='word_1_739' title='bbox 1588 675 1744 720; x_wconf 76' lang='lat' dir='ltr'>referatur</span> <span class='ocrx_word' id='word_1_740' title='bbox 1775 675 1863 717; x_wconf 87' lang='lat' dir='ltr'>quod</span> <span class='ocrx_word' id='word_1_741' title='bbox 1888 675 1970 718; x_wconf 81' lang='lat' dir='ltr'>apud</span> <span class='ocrx_word' id='word_1_742' title='bbox 1994 676 2201 718; x_wconf 86' lang='lat' dir='ltr'>Ruyschium</span> <span class='ocrx_word' id='word_1_743' title='bbox 2225 684 2315 708; x_wconf 81' lang='lat' dir='ltr'>extat</span> <span class='ocrx_word' id='word_1_744' title='bbox 2338 673 2430 708; x_wconf 86' lang='lat' dir='ltr'>The-</span> 
     </span>
     <span class='ocr_line' id='line_1_87' title="bbox 1424 716 2430 761; baseline 0.001 -10"><span class='ocrx_word' id='word_1_745' title='bbox 1424 717 1519 752; x_wconf 86' lang='lat' dir='ltr'>sauro</span> <span class='ocrx_word' id='word_1_746' title='bbox 1543 721 1643 752; x_wconf 83' lang='lat' dir='ltr'>VIII.</span> <span class='ocrx_word' id='word_1_747' title='bbox 1668 732 1698 752; x_wconf 92' lang='lat' dir='ltr'>n.</span> <span class='ocrx_word' id='word_1_748' title='bbox 1720 717 1802 751; x_wconf 83' lang='lat' dir='ltr'>CII.</span> <span class='ocrx_word' id='word_1_749' title='bbox 1829 716 1885 750; x_wconf 78' lang='lat' dir='ltr'>nisi</span> <span class='ocrx_word' id='word_1_750' title='bbox 1907 718 1992 754; x_wconf 86' lang='lat' dir='ltr'>forte</span> <span class='ocrx_word' id='word_1_751' title='bbox 2016 731 2080 753; x_wconf 88' lang='lat' dir='ltr'>non</span> <span class='ocrx_word' id='word_1_752' title='bbox 2092 720 2123 753; x_wconf 88' lang='lat' dir='ltr'>id</span> <span class='ocrx_word' id='word_1_753' title='bbox 2146 719 2329 761; x_wconf 72' lang='lat' dir='ltr'>designatur</span> <span class='ocrx_word' id='word_1_754' title='bbox 2340 718 2430 760; x_wconf 85' lang='lat' dir='ltr'>quod</span> 
     </span>
     <span class='ocr_line' id='line_1_88' title="bbox 1424 760 2431 805; baseline -0.001 -11"><span class='ocrx_word' id='word_1_755' title='bbox 1424 762 1473 794; x_wconf 91' lang='lat' dir='ltr'>ibi</span> <span class='ocrx_word' id='word_1_756' title='bbox 1496 761 1685 796; x_wconf 83' lang='lat' dir='ltr'>describitur</span> <span class='ocrx_word' id='word_1_757' title='bbox 1706 787 1715 802; x_wconf 93' lang='lat'><em>‚</em></span> <span class='ocrx_word' id='word_1_758' title='bbox 1737 761 1789 795; x_wconf 90' lang='lat' dir='ltr'>sed</span> <span class='ocrx_word' id='word_1_759' title='bbox 1812 761 1895 795; x_wconf 84' lang='lat' dir='ltr'>illud</span> <span class='ocrx_word' id='word_1_760' title='bbox 1917 762 2006 805; x_wconf 89' lang='lat' dir='ltr'>quod</span> <span class='ocrx_word' id='word_1_761' title='bbox 2029 762 2095 805; x_wconf 81' lang='lat' dir='ltr'>ejus</span> <span class='ocrx_word' id='word_1_762' title='bbox 2118 762 2283 796; x_wconf 77' lang='lat' dir='ltr'>occasione</span> <span class='ocrx_word' id='word_1_763' title='bbox 2309 760 2431 799; x_wconf 83' lang='lat' dir='ltr'>ibidem</span> 
     </span>
     <span class='ocr_line' id='line_1_89' title="bbox 1425 804 2434 847; baseline 0 -10"><span class='ocrx_word' id='word_1_764' title='bbox 1425 807 1583 846; x_wconf 86' lang='lat' dir='ltr'>repetitur</span> <span class='ocrx_word' id='word_1_765' title='bbox 1614 831 1623 846; x_wconf 90' lang='lat'>,</span> <span class='ocrx_word' id='word_1_766' title='bbox 1656 805 1853 839; x_wconf 89' lang='lat' dir='ltr'>Observatio</span> <span class='ocrx_word' id='word_1_767' title='bbox 1890 806 2040 840; x_wconf 82' lang='lat' dir='ltr'>videlicet</span> <span class='ocrx_word' id='word_1_768' title='bbox 2076 808 2182 839; x_wconf 84' lang='lat' dir='ltr'>Prima</span> <span class='ocrx_word' id='word_1_769' title='bbox 2214 804 2434 847; x_wconf 62' lang='lat' dir='ltr'>Ruyschranae</span> 
     </span>
     <span class='ocr_line' id='line_1_90' title="bbox 1426 847 2456 892; baseline -0.002 -9"><span class='ocrx_word' id='word_1_770' title='bbox 1426 849 1614 883; x_wconf 83' lang='lat' dir='ltr'>Centuriae:</span> <span class='ocrx_word' id='word_1_771' title='bbox 1638 861 1702 892; x_wconf 81' lang='lat' dir='ltr'>qua</span> <span class='ocrx_word' id='word_1_772' title='bbox 1725 860 1800 882; x_wconf 89' lang='lat' dir='ltr'>cum</span> <span class='ocrx_word' id='word_1_773' title='bbox 1824 847 2061 884; x_wconf 88' lang='lat' dir='ltr'>Observatione</span> <span class='ocrx_word' id='word_1_774' title='bbox 2094 859 2131 883; x_wconf 92' lang='lat' dir='ltr'>tu</span> <span class='ocrx_word' id='word_1_775' title='bbox 2154 850 2285 883; x_wconf 84' lang='lat' dir='ltr'>alteram</span> <span class='ocrx_word' id='word_1_776' title='bbox 2318 848 2430 882; x_wconf 83' lang='lat' dir='ltr'>conse·</span> <span class='ocrx_word' id='word_1_777' title='bbox 2450 855 2456 858; x_wconf 84' lang='grc'>’</span> 
     </span>
     <span class='ocr_line' id='line_1_91' title="bbox 1426 890 2432 935; baseline -0.001 -10"><span class='ocrx_word' id='word_1_778' title='bbox 1426 903 1474 925; x_wconf 89' lang='lat' dir='ltr'>res</span> <span class='ocrx_word' id='word_1_779' title='bbox 1497 893 1531 926; x_wconf 91' lang='lat' dir='ltr'>in</span> <span class='ocrx_word' id='word_1_780' title='bbox 1553 893 1643 925; x_wconf 55' lang='lat' dir='ltr'>Aeris</span> <span class='ocrx_word' id='word_1_781' title='bbox 1666 890 1816 925; x_wconf 80' lang='lat' dir='ltr'>Caesareae</span> <span class='ocrx_word' id='word_1_782' title='bbox 1842 892 2024 926; x_wconf 80' lang='lat' dir='ltr'>Academiae</span> <span class='ocrx_word' id='word_1_783' title='bbox 2047 897 2058 932; x_wconf 92' lang='lat'>(</span> <span class='ocrx_word' id='word_1_784' title='bbox 2082 893 2134 934; x_wconf 90' lang='lat' dir='ltr'>c)</span> <span class='ocrx_word' id='word_1_785' title='bbox 2157 891 2377 935; x_wconf 74' lang='lat' dir='ltr'>propositam,</span> <span class='ocrx_word' id='word_1_786' title='bbox 2401 894 2432 924; x_wconf 72' lang='grc' dir='ltr'>δε</span> 
     </span>
     <span class='ocr_line' id='line_1_92' title="bbox 1425 932 2430 978; baseline 0.001 -10"><span class='ocrx_word' id='word_1_787' title='bbox 1425 932 1518 970; x_wconf 82' lang='lat' dir='ltr'>facile</span> <span class='ocrx_word' id='word_1_788' title='bbox 1541 935 1703 978; x_wconf 78' lang='lat' dir='ltr'>intelliges</span> <span class='ocrx_word' id='word_1_789' title='bbox 1725 935 1805 977; x_wconf 88' lang='lat' dir='ltr'>quid</span> <span class='ocrx_word' id='word_1_790' title='bbox 1827 935 1861 967; x_wconf 91' lang='lat' dir='ltr'>in</span> <span class='ocrx_word' id='word_1_791' title='bbox 1885 936 2077 970; x_wconf 77' lang='lat' dir='ltr'>nobilissima</span> <span class='ocrx_word' id='word_1_792' title='bbox 2103 936 2256 970; x_wconf 82' lang='lat' dir='ltr'>Matrona</span> <span class='ocrx_word' id='word_1_793' title='bbox 2280 934 2354 969; x_wconf 86' lang='lat' dir='ltr'>essct</span> <span class='ocrx_word' id='word_1_794' title='bbox 2376 944 2430 969; x_wconf 89' lang='lat' dir='ltr'>tu-</span> 
     </span>
     <span class='ocr_line' id='line_1_93' title="bbox 1426 978 2433 1022; baseline -0.001 -10"><span class='ocrx_word' id='word_1_795' title='bbox 1426 990 1497 1012; x_wconf 89' lang='lat' dir='ltr'>mor</span> <span class='ocrx_word' id='word_1_796' title='bbox 1520 991 1536 1011; x_wconf 90' lang='lat' dir='ltr'>e</span> <span class='ocrx_word' id='word_1_797' title='bbox 1559 979 1753 1021; x_wconf 81' lang='lat' dir='ltr'>genitalibus</span> <span class='ocrx_word' id='word_1_798' title='bbox 1765 978 1988 1020; x_wconf 77' lang='lat' dir='ltr'>propendens,</span> <span class='ocrx_word' id='word_1_799' title='bbox 2012 991 2078 1022; x_wconf 89' lang='lat' dir='ltr'>quo</span> <span class='ocrx_word' id='word_1_800' title='bbox 2091 980 2193 1013; x_wconf 88' lang='lat' dir='ltr'>inciso</span> <span class='ocrx_word' id='word_1_801' title='bbox 2219 990 2353 1022; x_wconf 78' lang='lat' dir='ltr'>magnus</span> <span class='ocrx_word' id='word_1_802' title='bbox 2364 979 2433 1012; x_wconf 87' lang='lat' dir='ltr'>cal-</span> 
     </span>
     <span class='ocr_line' id='line_1_94' title="bbox 1425 1021 2429 1065; baseline -0.001 -10"><span class='ocrx_word' id='word_1_803' title='bbox 1425 1022 1516 1056; x_wconf 89' lang='lat' dir='ltr'>culus</span> <span class='ocrx_word' id='word_1_804' title='bbox 1538 1034 1611 1055; x_wconf 87' lang='lat' dir='ltr'>cum</span> <span class='ocrx_word' id='word_1_805' title='bbox 1636 1023 1721 1055; x_wconf 88' lang='lat' dir='ltr'>lotio</span> <span class='ocrx_word' id='word_1_806' title='bbox 1745 1021 1889 1063; x_wconf 85' lang='lat' dir='ltr'>prodiit,</span> <span class='ocrx_word' id='word_1_807' title='bbox 1913 1021 2072 1065; x_wconf 84' lang='lat' dir='ltr'>hujusque</span> <span class='ocrx_word' id='word_1_808' title='bbox 2095 1023 2331 1058; x_wconf 85' lang='lat' dir='ltr'>incontinentia</span> <span class='ocrx_word' id='word_1_809' title='bbox 2353 1044 2365 1061; x_wconf 86' lang='lat'>,</span> <span class='ocrx_word' id='word_1_810' title='bbox 2389 1032 2429 1054; x_wconf 81' lang='lat' dir='ltr'>an</span> 
     </span>
     <span class='ocr_line' id='line_1_95' title="bbox 1448 1063 2428 1107; baseline 0.001 -8"><span class='ocrx_word' id='word_1_811' title='bbox 1448 1067 1533 1099; x_wconf 91' lang='lat' dir='ltr'>otius</span> <span class='ocrx_word' id='word_1_812' title='bbox 1557 1077 1595 1098; x_wconf 83' lang='lat' dir='ltr'>ex</span> <span class='ocrx_word' id='word_1_813' title='bbox 1617 1063 1875 1107; x_wconf 56' lang='lat' dir='ltr'>non’persanato</span> <span class='ocrx_word' id='word_1_814' title='bbox 1908 1066 2037 1099; x_wconf 69' lang='lat' dir='ltr'>inflid³co</span> <span class='ocrx_word' id='word_1_815' title='bbox 2061 1066 2191 1099; x_wconf 89' lang='lat' dir='ltr'>vulnere</span> <span class='ocrx_word' id='word_1_816' title='bbox 2224 1066 2428 1100; x_wconf 80' lang='lat' dir='ltr'>stillicidium</span> 
     </span>
     <span class='ocr_line' id='line_1_96' title="bbox 1440 1108 2430 1151; baseline 0.002 -11"><span class='ocrx_word' id='word_1_817' title='bbox 1440 1108 1566 1142; x_wconf 84' lang='lat' dir='ltr'>ucceflit</span> <span class='ocrx_word' id='word_1_818' title='bbox 1590 1133 1596 1139; x_wconf 95' lang='lat'>.</span> <span class='ocrx_word' id='word_1_819' title='bbox 1632 1109 1694 1142; x_wconf 86' lang='lat' dir='ltr'>Hae</span> <span class='ocrx_word' id='word_1_820' title='bbox 1728 1117 1835 1141; x_wconf 87' lang='lat' dir='ltr'>tamen</span> <span class='ocrx_word' id='word_1_821' title='bbox 1868 1108 1939 1142; x_wconf 89' lang='lat' dir='ltr'>duae</span> <span class='ocrx_word' id='word_1_822' title='bbox 1963 1108 2216 1143; x_wconf 85' lang='lat' dir='ltr'>Observationes</span> <span class='ocrx_word' id='word_1_823' title='bbox 2239 1131 2249 1147; x_wconf 94' lang='lat'>,</span> <span class='ocrx_word' id='word_1_824' title='bbox 2266 1112 2315 1142; x_wconf 64' lang='lat'>⁴&amp;</span> <span class='ocrx_word' id='word_1_825' title='bbox 2341 1119 2430 1151; x_wconf 85' lang='lat' dir='ltr'>quae-</span> 
     </span>
     <span class='ocr_line' id='line_1_97' title="bbox 1423 1150 2432 1195; baseline -0.001 -9"><span class='ocrx_word' id='word_1_826' title='bbox 1423 1152 1498 1186; x_wconf 84' lang='lat' dir='ltr'>dam</span> <span class='ocrx_word' id='word_1_827' title='bbox 1523 1152 1583 1186; x_wconf 86' lang='lat' dir='ltr'>alia</span> <span class='ocrx_word' id='word_1_828' title='bbox 1606 1164 1684 1194; x_wconf 29' lang='lat' dir='ltr'>quaer</span> <span class='ocrx_word' id='word_1_829' title='bbox 1700 1150 1932 1193; x_wconf 69' lang='lat' dir='ltr'>eiusdemmodi</span> <span class='ocrx_word' id='word_1_830' title='bbox 1956 1152 2057 1186; x_wconf 90' lang='lat' dir='ltr'>videri</span> <span class='ocrx_word' id='word_1_831' title='bbox 2082 1153 2186 1195; x_wconf 87' lang='lat' dir='ltr'>potest</span> <span class='ocrx_word' id='word_1_832' title='bbox 2211 1175 2221 1190; x_wconf 92' lang='lat'><em>‚</em></span> <span class='ocrx_word' id='word_1_833' title='bbox 2258 1152 2432 1186; x_wconf 82' lang='lat' dir='ltr'>Remberti</span> 
     </span>
     <span class='ocr_line' id='line_1_98' title="bbox 1422 1194 2431 1237; baseline 0 -8"><span class='ocrx_word' id='word_1_834' title='bbox 1422 1195 1587 1229; x_wconf 68' lang='lat' dir='ltr'>Dodonaei</span> <span class='ocrx_word' id='word_1_835' title='bbox 1609 1199 1623 1234; x_wconf 68' lang='grc' dir='ltr'>Ε</span> <span class='ocrx_word' id='word_1_836' title='bbox 1645 1194 1699 1236; x_wconf 87' lang='lat' dir='ltr'>d)</span> <span class='ocrx_word' id='word_1_837' title='bbox 1725 1194 1850 1228; x_wconf 83' lang='lat' dir='ltr'>saccum</span> <span class='ocrx_word' id='word_1_838' title='bbox 1874 1195 2022 1229; x_wconf 89' lang='lat' dir='ltr'>indicant</span> <span class='ocrx_word' id='word_1_839' title='bbox 2045 1207 2108 1229; x_wconf 89' lang='lat' dir='ltr'>non</span> <span class='ocrx_word' id='word_1_840' title='bbox 2142 1196 2243 1237; x_wconf 84' lang='lat' dir='ltr'>magis</span> <span class='ocrx_word' id='word_1_841' title='bbox 2266 1196 2305 1228; x_wconf 94' lang='lat' dir='ltr'>ab</span> <span class='ocrx_word' id='word_1_842' title='bbox 2330 1197 2431 1229; x_wconf 81' lang='lat' dir='ltr'>urinae</span> 
     </span>
     <span class='ocr_line' id='line_1_99' title="bbox 1424 1238 2433 1281; baseline 0.001 -11"><span class='ocrx_word' id='word_1_843' title='bbox 1424 1239 1589 1280; x_wconf 81' lang='lat' dir='ltr'>impulsu,</span> <span class='ocrx_word' id='word_1_844' title='bbox 1612 1249 1710 1280; x_wconf 87' lang='lat' dir='ltr'>quam</span> <span class='ocrx_word' id='word_1_845' title='bbox 1734 1250 1750 1270; x_wconf 88' lang='lat' dir='ltr'>a</span> <span class='ocrx_word' id='word_1_846' title='bbox 1774 1238 1974 1272; x_wconf 84' lang='lat' dir='ltr'>calculorum</span> <span class='ocrx_word' id='word_1_847' title='bbox 2000 1239 2137 1281; x_wconf 89' lang='lat' dir='ltr'>pondere</span> <span class='ocrx_word' id='word_1_848' title='bbox 2161 1239 2308 1273; x_wconf 67' lang='lat' dir='ltr'>effe&amp;um</span> <span class='ocrx_word' id='word_1_849' title='bbox 2330 1261 2342 1279; x_wconf 86' lang='lat'>,</span> <span class='ocrx_word' id='word_1_850' title='bbox 2376 1247 2433 1271; x_wconf 83' lang='lat' dir='ltr'>aut</span> 
     </span>
     <span class='ocr_line' id='line_1_100' title="bbox 1424 1282 2432 1325; baseline -0.001 -10"><span class='ocrx_word' id='word_1_851' title='bbox 1424 1291 1510 1315; x_wconf 86' lang='lat' dir='ltr'>certe</span> <span class='ocrx_word' id='word_1_852' title='bbox 1534 1283 1663 1315; x_wconf 64' lang='lat' dir='ltr'>anetum</span> <span class='ocrx_word' id='word_1_853' title='bbox 1682 1306 1691 1321; x_wconf 87' lang='lat'><em>‚</em></span> <span class='ocrx_word' id='word_1_854' title='bbox 1725 1292 1864 1325; x_wconf 84' lang='lat' dir='ltr'>eumque</span> <span class='ocrx_word' id='word_1_855' title='bbox 1887 1283 1920 1315; x_wconf 92' lang='lat' dir='ltr'>in</span> <span class='ocrx_word' id='word_1_856' title='bbox 1944 1283 2008 1316; x_wconf 87' lang='lat' dir='ltr'>ima</span> <span class='ocrx_word' id='word_1_857' title='bbox 2034 1282 2143 1316; x_wconf 63' lang='lat' dir='ltr'>vesicae</span> <span class='ocrx_word' id='word_1_858' title='bbox 2166 1293 2254 1325; x_wconf 79' lang='lat' dir='ltr'>parte</span> <span class='ocrx_word' id='word_1_859' title='bbox 2276 1296 2284 1314; x_wconf 70' lang='grc' dir='ltr'><strong><em>ε</em></strong></span> <span class='ocrx_word' id='word_1_860' title='bbox 2321 1282 2377 1315; x_wconf 90' lang='lat' dir='ltr'>ubi</span> <span class='ocrx_word' id='word_1_861' title='bbox 2401 1284 2432 1314; x_wconf 70' lang='grc' dir='ltr'>ὃς</span> 
     </span>
     <span class='ocr_line' id='line_1_101' title="bbox 1426 1325 2434 1368; baseline 0 -10"><span class='ocrx_word' id='word_1_862' title='bbox 1426 1326 1589 1359; x_wconf 88' lang='lat' dir='ltr'>Riolanus</span> <span class='ocrx_word' id='word_1_863' title='bbox 1612 1329 1626 1365; x_wconf 91' lang='lat'>(</span> <span class='ocrx_word' id='word_1_864' title='bbox 1648 1336 1662 1359; x_wconf 81' lang='lat' dir='ltr'>e</span> <span class='ocrx_word' id='word_1_865' title='bbox 1685 1328 1698 1364; x_wconf 87' lang='lat'>)</span> <span class='ocrx_word' id='word_1_866' title='bbox 1721 1325 1801 1359; x_wconf 90' lang='lat' dir='ltr'>olim</span> <span class='ocrx_word' id='word_1_867' title='bbox 1825 1326 1948 1359; x_wconf 88' lang='lat' dir='ltr'>viderat</span> <span class='ocrx_word' id='word_1_868' title='bbox 1969 1349 1982 1365; x_wconf 85' lang='lat'>,</span> <span class='ocrx_word' id='word_1_869' title='bbox 2015 1327 2047 1359; x_wconf 86' lang='lat'>&amp;</span> <span class='ocrx_word' id='word_1_870' title='bbox 2072 1338 2087 1358; x_wconf 87' lang='lat' dir='ltr'>a</span> <span class='ocrx_word' id='word_1_871' title='bbox 2113 1326 2243 1360; x_wconf 91' lang='lat' dir='ltr'>calculis</span> <span class='ocrx_word' id='word_1_872' title='bbox 2265 1326 2434 1368; x_wconf 77' lang='lat' dir='ltr'>quidem,</span> 
     </span>
     <span class='ocr_line' id='line_1_102' title="bbox 1426 1366 2436 1410; baseline 0 -8"><span class='ocrx_word' id='word_1_873' title='bbox 1426 1366 1508 1410; x_wconf 89' lang='lat' dir='ltr'>(f)</span> <span class='ocrx_word' id='word_1_874' title='bbox 1531 1367 1582 1402; x_wconf 83' lang='lat' dir='ltr'>sed</span> <span class='ocrx_word' id='word_1_875' title='bbox 1607 1369 1644 1402; x_wconf 87' lang='lat' dir='ltr'>ad</span> <span class='ocrx_word' id='word_1_876' title='bbox 1669 1367 1789 1407; x_wconf 88' lang='lat' dir='ltr'>latera,</span> <span class='ocrx_word' id='word_1_877' title='bbox 1808 1371 1847 1402; x_wconf 63' lang='lat' dir='ltr'>&gt;&amp;t</span> <span class='ocrx_word' id='word_1_878' title='bbox 1871 1368 2056 1402; x_wconf 87' lang='lat' dir='ltr'>interdum.</span> <span class='ocrx_word' id='word_1_879' title='bbox 2084 1369 2181 1403; x_wconf 92' lang='lat' dir='ltr'>Nunc</span> <span class='ocrx_word' id='word_1_880' title='bbox 2192 1379 2300 1404; x_wconf 88' lang='lat' dir='ltr'>autem</span> <span class='ocrx_word' id='word_1_881' title='bbox 2324 1369 2364 1403; x_wconf 85' lang='lat' dir='ltr'>ad</span> <span class='ocrx_word' id='word_1_882' title='bbox 2388 1368 2436 1402; x_wconf 84' lang='lat' dir='ltr'>la-</span> 
     </span>
     <span class='ocr_line' id='line_1_103' title="bbox 1423 1411 2434 1456; baseline 0.001 -12"><span class='ocrx_word' id='word_1_883' title='bbox 1423 1420 1515 1453; x_wconf 83' lang='lat' dir='ltr'>tera,</span> <span class='ocrx_word' id='word_1_884' title='bbox 1538 1415 1569 1445; x_wconf 69' lang='lat' dir='ltr'>Sc</span> <span class='ocrx_word' id='word_1_885' title='bbox 1593 1411 1767 1453; x_wconf 81' lang='lat' dir='ltr'>praesertim</span> <span class='ocrx_word' id='word_1_886' title='bbox 1793 1411 1830 1446; x_wconf 88' lang='lat' dir='ltr'>ad</span> <span class='ocrx_word' id='word_1_887' title='bbox 1854 1412 2035 1450; x_wconf 77' lang='lat' dir='ltr'>sinistrum,</span> <span class='ocrx_word' id='word_1_888' title='bbox 2060 1413 2137 1456; x_wconf 89' lang='lat' dir='ltr'>poni</span> <span class='ocrx_word' id='word_1_889' title='bbox 2162 1414 2281 1451; x_wconf 77' lang='lat' dir='ltr'>viden,</span> <span class='ocrx_word' id='word_1_890' title='bbox 2305 1413 2340 1445; x_wconf 93' lang='lat' dir='ltr'>in</span> <span class='ocrx_word' id='word_1_891' title='bbox 2367 1413 2434 1455; x_wconf 87' lang='lat' dir='ltr'>ple-</span> 
     </span>
     <span class='ocr_line' id='line_1_104' title="bbox 1423 1454 2434 1499; baseline 0.003 -12"><span class='ocrx_word' id='word_1_892' title='bbox 1423 1454 1528 1497; x_wconf 84' lang='lat' dir='ltr'>risque</span> <span class='ocrx_word' id='word_1_893' title='bbox 1551 1477 1560 1492; x_wconf 92' lang='lat'>‚</span> <span class='ocrx_word' id='word_1_894' title='bbox 1584 1458 1615 1488; x_wconf 76' lang='grc' dir='ltr'>δε</span> <span class='ocrx_word' id='word_1_895' title='bbox 1638 1454 1671 1488; x_wconf 90' lang='lat' dir='ltr'>id</span> <span class='ocrx_word' id='word_1_896' title='bbox 1699 1455 1810 1489; x_wconf 82' lang='lat' dir='ltr'>saltem</span> <span class='ocrx_word' id='word_1_897' title='bbox 1834 1456 1876 1489; x_wconf 88' lang='lat' dir='ltr'>ab</span> <span class='ocrx_word' id='word_1_898' title='bbox 1900 1457 2064 1490; x_wconf 88' lang='lat' dir='ltr'>nonnullis</span> <span class='ocrx_word' id='word_1_899' title='bbox 2087 1455 2173 1499; x_wconf 85' lang='lat' dir='ltr'>quasi</span> <span class='ocrx_word' id='word_1_900' title='bbox 2197 1455 2273 1490; x_wconf 85' lang='lat' dir='ltr'>esset</span> <span class='ocrx_word' id='word_1_901' title='bbox 2297 1467 2315 1488; x_wconf 86' lang='lat' dir='ltr'>a</span> <span class='ocrx_word' id='word_1_902' title='bbox 2335 1455 2434 1490; x_wconf 80' lang='lat' dir='ltr'>&#39;natu-</span> 
     </span>
     <span class='ocr_line' id='line_1_105' title="bbox 1422 1498 2432 1542; baseline 0.002 -11"><span class='ocrx_word' id='word_1_903' title='bbox 1422 1510 1473 1532; x_wconf 85' lang='lat' dir='ltr'>ra.</span> <span class='ocrx_word' id='word_1_904' title='bbox 1499 1500 1572 1541; x_wconf 83' lang='lat' dir='ltr'>Ego</span> <span class='ocrx_word' id='word_1_905' title='bbox 1594 1510 1667 1541; x_wconf 87' lang='lat' dir='ltr'>quae</span> <span class='ocrx_word' id='word_1_906' title='bbox 1690 1499 1729 1532; x_wconf 91' lang='lat' dir='ltr'>de</span> <span class='ocrx_word' id='word_1_907' title='bbox 1756 1500 1867 1534; x_wconf 83' lang='lat' dir='ltr'>veficae</span> <span class='ocrx_word' id='word_1_908' title='bbox 1891 1502 2034 1535; x_wconf 88' lang='lat' dir='ltr'>naturali</span> <span class='ocrx_word' id='word_1_909' title='bbox 2055 1499 2158 1541; x_wconf 82' lang='lat' dir='ltr'>figura</span> <span class='ocrx_word' id='word_1_910' title='bbox 2184 1499 2341 1537; x_wconf 89' lang='lat' dir='ltr'>viderim,</span> <span class='ocrx_word' id='word_1_911' title='bbox 2364 1498 2432 1542; x_wconf 77' lang='lat' dir='ltr'>jam</span> 
     </span>
     <span class='ocr_line' id='line_1_106' title="bbox 1422 1541 2433 1586; baseline 0.002 -12"><span class='ocrx_word' id='word_1_912' title='bbox 1422 1543 1505 1575; x_wconf 88' lang='lat' dir='ltr'>alibi</span> <span class='ocrx_word' id='word_1_913' title='bbox 1530 1546 1540 1581; x_wconf 95' lang='lat'><strong>(</strong></span> <span class='ocrx_word' id='word_1_914' title='bbox 1562 1553 1583 1585; x_wconf 80' lang='lat' dir='ltr'><strong><em>g</em></strong></span> <span class='ocrx_word' id='word_1_915' title='bbox 1604 1545 1618 1580; x_wconf 89' lang='lat'>)</span> <span class='ocrx_word' id='word_1_916' title='bbox 1642 1541 1812 1576; x_wconf 85' lang='lat' dir='ltr'>indicavi.</span> <span class='ocrx_word' id='word_1_917' title='bbox 1842 1543 1933 1577; x_wconf 87' lang='lat' dir='ltr'>Num</span> <span class='ocrx_word' id='word_1_918' title='bbox 1958 1542 2042 1577; x_wconf 89' lang='lat' dir='ltr'>finus</span> <span class='ocrx_word' id='word_1_919' title='bbox 2067 1552 2222 1585; x_wconf 82' lang='lat' dir='ltr'>praeterea</span> <span class='ocrx_word' id='word_1_920' title='bbox 2247 1566 2257 1582; x_wconf 91' lang='lat'>,</span> <span class='ocrx_word' id='word_1_921' title='bbox 2284 1543 2347 1576; x_wconf 75' lang='lat' dir='ltr'>five</span> <span class='ocrx_word' id='word_1_922' title='bbox 2373 1555 2433 1586; x_wconf 83' lang='lat' dir='ltr'>ap-</span> 
     </span>
     <span class='ocr_line' id='line_1_107' title="bbox 1421 1585 2431 1629; baseline 0.002 -11"><span class='ocrx_word' id='word_1_923' title='bbox 1421 1585 1571 1629; x_wconf 88' lang='lat' dir='ltr'>pendices</span> <span class='ocrx_word' id='word_1_924' title='bbox 1590 1610 1599 1625; x_wconf 86' lang='lat'>‚</span> <span class='ocrx_word' id='word_1_925' title='bbox 1632 1595 1668 1619; x_wconf 90' lang='lat' dir='ltr'>ut</span> <span class='ocrx_word' id='word_1_926' title='bbox 1693 1596 1809 1619; x_wconf 91' lang='lat' dir='ltr'>vocant</span> <span class='ocrx_word' id='word_1_927' title='bbox 1830 1606 1841 1623; x_wconf 89' lang='lat'><em>‚</em></span> <span class='ocrx_word' id='word_1_928' title='bbox 1862 1586 1935 1620; x_wconf 88' lang='lat' dir='ltr'>istas</span> <span class='ocrx_word' id='word_1_929' title='bbox 1959 1586 2096 1622; x_wconf 82' lang='lat' dir='ltr'>habeat,</span> <span class='ocrx_word' id='word_1_930' title='bbox 2119 1597 2185 1620; x_wconf 82' lang='lat' dir='ltr'>non</span> <span class='ocrx_word' id='word_1_931' title='bbox 2213 1587 2354 1620; x_wconf 87' lang='lat' dir='ltr'>libenter</span> <span class='ocrx_word' id='word_1_932' title='bbox 2377 1586 2431 1620; x_wconf 90' lang='lat' dir='ltr'>hic</span> 
     </span>
     <span class='ocr_line' id='line_1_108' title="bbox 1419 1627 2433 1673; baseline 0 -11"><span class='ocrx_word' id='word_1_933' title='bbox 1419 1628 1614 1671; x_wconf 87' lang='lat' dir='ltr'>disputabo.</span> <span class='ocrx_word' id='word_1_934' title='bbox 1637 1630 1718 1662; x_wconf 89' lang='lat' dir='ltr'>Satis</span> <span class='ocrx_word' id='word_1_935' title='bbox 1742 1630 1824 1663; x_wconf 89' lang='lat' dir='ltr'>mihi</span> <span class='ocrx_word' id='word_1_936' title='bbox 1847 1627 1924 1664; x_wconf 88' lang='lat' dir='ltr'>esset</span> <span class='ocrx_word' id='word_1_937' title='bbox 1949 1652 1958 1666; x_wconf 67' lang='lat'><em>2</em></span> <span class='ocrx_word' id='word_1_938' title='bbox 1982 1629 2005 1663; x_wconf 82' lang='lat' dir='ltr'>si</span> <span class='ocrx_word' id='word_1_939' title='bbox 2028 1640 2099 1673; x_wconf 84' lang='lat' dir='ltr'>quae</span> <span class='ocrx_word' id='word_1_940' title='bbox 2123 1630 2163 1664; x_wconf 88' lang='lat' dir='ltr'>de</span> <span class='ocrx_word' id='word_1_941' title='bbox 2186 1641 2220 1663; x_wconf 85' lang='lat' dir='ltr'>ea</span> <span class='ocrx_word' id='word_1_942' title='bbox 2245 1630 2350 1671; x_wconf 75' lang='lat' dir='ltr'>figura</span> <span class='ocrx_word' id='word_1_943' title='bbox 2375 1641 2433 1663; x_wconf 83' lang='lat' dir='ltr'>an-</span> 
     </span>
     <span class='ocr_line' id='line_1_109' title="bbox 1420 1671 2436 1715; baseline 0 -9"><span class='ocrx_word' id='word_1_944' title='bbox 1420 1682 1454 1706; x_wconf 87' lang='lat' dir='ltr'>te</span> <span class='ocrx_word' id='word_1_945' title='bbox 1480 1672 1743 1706; x_wconf 78' lang='lat' dir='ltr'>Weitbrechtum</span> <span class='ocrx_word' id='word_1_946' title='bbox 1769 1673 1951 1715; x_wconf 86' lang='lat' dir='ltr'>proposui,</span> <span class='ocrx_word' id='word_1_947' title='bbox 1985 1674 2032 1706; x_wconf 82' lang='lat' dir='ltr'>ita</span> <span class='ocrx_word' id='word_1_948' title='bbox 2056 1673 2096 1706; x_wconf 86' lang='lat' dir='ltr'>ab</span> <span class='ocrx_word' id='word_1_949' title='bbox 2128 1674 2291 1707; x_wconf 87' lang='lat' dir='ltr'>nonnullis</span> <span class='ocrx_word' id='word_1_950' title='bbox 2330 1671 2436 1707; x_wconf 86' lang='lat' dir='ltr'>refer-</span> 
     </span>
     <span class='ocr_line' id='line_1_110' title="bbox 1421 1715 2434 1759; baseline 0.001 -11"><span class='ocrx_word' id='word_1_951' title='bbox 1421 1724 1532 1748; x_wconf 89' lang='lat' dir='ltr'>rentur</span> <span class='ocrx_word' id='word_1_952' title='bbox 1554 1716 1664 1749; x_wconf 86' lang='lat' dir='ltr'>ornnia</span> <span class='ocrx_word' id='word_1_953' title='bbox 1679 1738 1690 1754; x_wconf 88' lang='lat'>,</span> <span class='ocrx_word' id='word_1_954' title='bbox 1711 1726 1746 1748; x_wconf 92' lang='lat' dir='ltr'>ut</span> <span class='ocrx_word' id='word_1_955' title='bbox 1773 1715 1842 1757; x_wconf 87' lang='lat' dir='ltr'>post</span> <span class='ocrx_word' id='word_1_956' title='bbox 1866 1717 1961 1750; x_wconf 81' lang='lat' dir='ltr'>illum</span> <span class='ocrx_word' id='word_1_957' title='bbox 1985 1715 2185 1759; x_wconf 76' lang='lat' dir='ltr'>proposuisse</span> <span class='ocrx_word' id='word_1_958' title='bbox 2208 1741 2218 1757; x_wconf 84' lang='lat'>‚</span> <span class='ocrx_word' id='word_1_959' title='bbox 2252 1715 2275 1750; x_wconf 85' lang='lat' dir='ltr'>fi</span> <span class='ocrx_word' id='word_1_960' title='bbox 2298 1716 2434 1758; x_wconf 84' lang='lat' dir='ltr'>Superis</span> 
     </span>
     <span class='ocr_line' id='line_1_111' title="bbox 1422 1759 2434 1801; baseline 0.002 -10"><span class='ocrx_word' id='word_1_961' title='bbox 1422 1759 1525 1800; x_wconf 87' lang='lat' dir='ltr'>placet</span> <span class='ocrx_word' id='word_1_962' title='bbox 1548 1782 1556 1794; x_wconf 88' lang='lat'>,</span> <span class='ocrx_word' id='word_1_963' title='bbox 1590 1770 1655 1791; x_wconf 91' lang='lat' dir='ltr'>non</span> <span class='ocrx_word' id='word_1_964' title='bbox 1681 1759 1804 1792; x_wconf 90' lang='lat' dir='ltr'>viderer</span> <span class='ocrx_word' id='word_1_965' title='bbox 1828 1772 1835 1789; x_wconf 70' lang='lat' dir='ltr'>r</span> <span class='ocrx_word' id='word_1_966' title='bbox 1870 1770 2056 1801; x_wconf 81' lang='lat' dir='ltr'>quanquam</span> <span class='ocrx_word' id='word_1_967' title='bbox 2081 1770 2176 1793; x_wconf 87' lang='lat' dir='ltr'>nemo</span> <span class='ocrx_word' id='word_1_968' title='bbox 2213 1761 2317 1801; x_wconf 82' lang='lat' dir='ltr'>potest</span> <span class='ocrx_word' id='word_1_969' title='bbox 2340 1760 2434 1793; x_wconf 88' lang='lat' dir='ltr'>illam</span> 
     </span>
     <span class='ocr_line' id='line_1_112' title="bbox 1422 1799 2438 1845; baseline 0 -10"><span class='ocrx_word' id='word_1_970' title='bbox 1422 1800 1489 1843; x_wconf 85' lang='lat' dir='ltr'>ejus</span> <span class='ocrx_word' id='word_1_971' title='bbox 1514 1799 1780 1836; x_wconf 81' lang='lat' dir='ltr'>Dissertationem</span> <span class='ocrx_word' id='word_1_972' title='bbox 1804 1801 1912 1844; x_wconf 79' lang='lat' dir='ltr'>legisse</span> <span class='ocrx_word' id='word_1_973' title='bbox 1934 1827 1944 1842; x_wconf 87' lang='lat'>,</span> <span class='ocrx_word' id='word_1_974' title='bbox 1967 1805 2049 1844; x_wconf 90' lang='lat' dir='ltr'>quin</span> <span class='ocrx_word' id='word_1_975' title='bbox 2074 1803 2232 1845; x_wconf 84' lang='lat' dir='ltr'>temporis</span> <span class='ocrx_word' id='word_1_976' title='bbox 2254 1814 2321 1845; x_wconf 90' lang='lat' dir='ltr'>quo</span> <span class='ocrx_word' id='word_1_977' title='bbox 2344 1812 2438 1837; x_wconf 85' lang='lat' dir='ltr'>uter-</span> 
     </span>
     <span class='ocr_line' id='line_1_113' title="bbox 1422 1845 2436 1888; baseline 0.002 -10"><span class='ocrx_word' id='word_1_978' title='bbox 1422 1857 1484 1888; x_wconf 86' lang='lat' dir='ltr'>que</span> <span class='ocrx_word' id='word_1_979' title='bbox 1518 1845 1663 1879; x_wconf 88' lang='lat' dir='ltr'>nostrum</span> <span class='ocrx_word' id='word_1_980' title='bbox 1698 1845 1752 1879; x_wconf 90' lang='lat' dir='ltr'>sua</span> <span class='ocrx_word' id='word_1_981' title='bbox 1782 1846 1922 1888; x_wconf 88' lang='lat' dir='ltr'>protulit</span> <span class='ocrx_word' id='word_1_982' title='bbox 1950 1868 1963 1885; x_wconf 89' lang='lat'>,</span> <span class='ocrx_word' id='word_1_983' title='bbox 2008 1845 2234 1880; x_wconf 86' lang='lat' dir='ltr'>admoneretur</span> <span class='ocrx_word' id='word_1_984' title='bbox 2273 1857 2328 1888; x_wconf 90' lang='lat' dir='ltr'>per</span> <span class='ocrx_word' id='word_1_985' title='bbox 2365 1858 2436 1880; x_wconf 89' lang='lat' dir='ltr'>eam</span> 
     </span>
     <span class='ocr_line' id='line_1_114' title="bbox 1425 1887 2438 1932; baseline 0.001 -10"><span class='ocrx_word' id='word_1_986' title='bbox 1425 1887 1525 1930; x_wconf 85' lang='lat' dir='ltr'>ipsam</span> <span class='ocrx_word' id='word_1_987' title='bbox 1561 1889 1807 1923; x_wconf 81' lang='lat' dir='ltr'>adnotationem</span> <span class='ocrx_word' id='word_1_988' title='bbox 1832 1900 1931 1932; x_wconf 88' lang='lat' dir='ltr'>quam</span> <span class='ocrx_word' id='word_1_989' title='bbox 1967 1887 2197 1923; x_wconf 85' lang='lat' dir='ltr'>Dissertationi</span> <span class='ocrx_word' id='word_1_990' title='bbox 2230 1888 2281 1922; x_wconf 89' lang='lat' dir='ltr'>illi</span> <span class='ocrx_word' id='word_1_991' title='bbox 2315 1887 2438 1931; x_wconf 86' lang='lat' dir='ltr'>sponte-</span> 
     </span>
     <span class='ocr_line' id='line_1_115' title="bbox 1424 1931 2459 1975; baseline 0.002 -11"><span class='ocrx_word' id='word_1_992' title='bbox 1424 1931 1576 1973; x_wconf 83' lang='lat' dir='ltr'>apposuit</span> <span class='ocrx_word' id='word_1_993' title='bbox 1600 1943 1665 1964; x_wconf 87' lang='lat' dir='ltr'>non</span> <span class='ocrx_word' id='word_1_994' title='bbox 1691 1933 1796 1965; x_wconf 87' lang='lat' dir='ltr'>minus</span> <span class='ocrx_word' id='word_1_995' title='bbox 1819 1931 1919 1973; x_wconf 76' lang='lat' dir='ltr'>justa,</span> <span class='ocrx_word' id='word_1_996' title='bbox 1941 1943 2041 1974; x_wconf 77' lang='lat' dir='ltr'>quam</span> <span class='ocrx_word' id='word_1_997' title='bbox 2064 1931 2437 1975; x_wconf 69' lang='lat' dir='ltr'>doe‘ta&#39;Petropolitana</span> <span class='ocrx_word' id='word_1_998' title='bbox 2457 1955 2459 1957; x_wconf 97' lang='lat'>-</span> 
     </span>
     <span class='ocr_line' id='line_1_116' title="bbox 1426 1974 2439 2018; baseline 0.003 -11"><span class='ocrx_word' id='word_1_999' title='bbox 1426 1976 1549 2017; x_wconf 85' lang='lat' dir='ltr'>Imper.</span> <span class='ocrx_word' id='word_1_1000' title='bbox 1585 1975 1759 2008; x_wconf 82' lang='lat' dir='ltr'>Academia</span> <span class='ocrx_word' id='word_1_1001' title='bbox 1796 1975 1913 2017; x_wconf 83' lang='lat' dir='ltr'><em>(h).</em></span> <span class='ocrx_word' id='word_1_1002' title='bbox 1948 1975 2031 2018; x_wconf 14' lang='lat' dir='ltr'>Nec*</span> <span class='ocrx_word' id='word_1_1003' title='bbox 2053 1974 2227 2010; x_wconf 89' lang='lat' dir='ltr'>defuerunt</span> <span class='ocrx_word' id='word_1_1004' title='bbox 2258 1977 2317 2018; x_wconf 88' lang='lat' dir='ltr'>qui</span> <span class='ocrx_word' id='word_1_1005' title='bbox 2350 1974 2439 2012; x_wconf 88' lang='lat' dir='ltr'>finus</span> 
     </span>
     <span class='ocr_line' id='line_1_117' title="bbox 1429 2017 2439 2064; baseline 0.001 -13"><span class='ocrx_word' id='word_1_1006' title='bbox 1429 2018 1506 2064; x_wconf 76' lang='lat' dir='ltr'>istos</span> <span class='ocrx_word' id='word_1_1007' title='bbox 1529 2018 1570 2052; x_wconf 86' lang='lat' dir='ltr'>ab</span> <span class='ocrx_word' id='word_1_1008' title='bbox 1594 2020 1740 2052; x_wconf 80' lang='lat' dir='ltr'>Riolano</span> <span class='ocrx_word' id='word_1_1009' title='bbox 1761 2041 1771 2055; x_wconf 91' lang='lat'>,</span> <span class='ocrx_word' id='word_1_1010' title='bbox 1808 2018 1943 2061; x_wconf 82' lang='lat' dir='ltr'>aliisque</span> <span class='ocrx_word' id='word_1_1011' title='bbox 1967 2017 2054 2052; x_wconf 72' lang='lat' dir='ltr'>visos</span> <span class='ocrx_word' id='word_1_1012' title='bbox 2089 2018 2163 2053; x_wconf 89' lang='lat' dir='ltr'>cum</span> <span class='ocrx_word' id='word_1_1013' title='bbox 2188 2020 2228 2051; x_wconf 90' lang='lat' dir='ltr'>iis</span> <span class='ocrx_word' id='word_1_1014' title='bbox 2252 2019 2439 2062; x_wconf 80' lang='lat' dir='ltr'>promiscue</span> 
     </span>
     <span class='ocr_line' id='line_1_118' title="bbox 1430 2059 2440 2104; baseline 0.004 -10"><span class='ocrx_word' id='word_1_1015' title='bbox 1430 2072 1498 2104; x_wconf 84' lang='lat' dir='ltr'>Jam</span> <span class='ocrx_word' id='word_1_1016' title='bbox 1530 2059 1740 2096; x_wconf 85' lang='lat' dir='ltr'>confuderint</span> <span class='ocrx_word' id='word_1_1017' title='bbox 1762 2073 1843 2104; x_wconf 88' lang='lat' dir='ltr'>quos</span> <span class='ocrx_word' id='word_1_1018' title='bbox 1874 2073 1938 2104; x_wconf 82' lang='lat' dir='ltr'>ego</span> <span class='ocrx_word' id='word_1_1019' title='bbox 1971 2072 2036 2095; x_wconf 80' lang='lat' dir='ltr'>non</span> <span class='ocrx_word' id='word_1_1020' title='bbox 2070 2075 2087 2096; x_wconf 89' lang='lat' dir='ltr'>a</span> <span class='ocrx_word' id='word_1_1021' title='bbox 2120 2062 2250 2096; x_wconf 82' lang='lat' dir='ltr'>calculis</span> <span class='ocrx_word' id='word_1_1022' title='bbox 2274 2062 2365 2103; x_wconf 80' lang='lat' dir='ltr'>‚sed</span> <span class='ocrx_word' id='word_1_1023' title='bbox 2399 2065 2440 2098; x_wconf 89' lang='lat' dir='ltr'>ab</span> 
     </span>
     <span class='ocr_line' id='line_1_119' title="bbox 1431 2103 2442 2145; baseline 0.004 -8"><span class='ocrx_word' id='word_1_1024' title='bbox 1431 2104 1555 2138; x_wconf 73' lang='lat' dir='ltr'>diutius</span> <span class='ocrx_word' id='word_1_1025' title='bbox 1580 2115 1702 2139; x_wconf 84' lang='lat' dir='ltr'>retenta</span> <span class='ocrx_word' id='word_1_1026' title='bbox 1728 2106 1821 2139; x_wconf 88' lang='lat' dir='ltr'>urina</span> <span class='ocrx_word' id='word_1_1027' title='bbox 1844 2105 1876 2137; x_wconf 91' lang='lat' dir='ltr'>in</span> <span class='ocrx_word' id='word_1_1028' title='bbox 1903 2103 2000 2139; x_wconf 81' lang='lat' dir='ltr'>vesica</span> <span class='ocrx_word' id='word_1_1029' title='bbox 2025 2129 2036 2145; x_wconf 92' lang='lat'>‚</span> <span class='ocrx_word' id='word_1_1030' title='bbox 2066 2104 2308 2141; x_wconf 87' lang='lat' dir='ltr'>observaveram</span> <span class='ocrx_word' id='word_1_1031' title='bbox 2331 2132 2339 2141; x_wconf 96' lang='lat'><strong><em>.</em></strong></span> <span class='ocrx_word' id='word_1_1032' title='bbox 2371 2108 2442 2145; x_wconf 80' lang='lat' dir='ltr'>Cu-</span> 
     </span>
     <span class='ocr_line' id='line_1_120' title="bbox 1429 2147 2443 2192; baseline 0.005 -12"><span class='ocrx_word' id='word_1_1033' title='bbox 1429 2147 1480 2190; x_wconf 82' lang='lat' dir='ltr'>jus</span> <span class='ocrx_word' id='word_1_1034' title='bbox 1514 2150 1636 2190; x_wconf 83' lang='lat' dir='ltr'>generis</span> <span class='ocrx_word' id='word_1_1035' title='bbox 1659 2148 1718 2182; x_wconf 83' lang='lat' dir='ltr'>esse</span> <span class='ocrx_word' id='word_1_1036' title='bbox 1751 2157 1928 2189; x_wconf 88' lang='lat' dir='ltr'>potuerunt</span> <span class='ocrx_word' id='word_1_1037' title='bbox 1950 2149 2140 2191; x_wconf 86' lang='lat' dir='ltr'>appendices</span> <span class='ocrx_word' id='word_1_1038' title='bbox 2175 2149 2239 2183; x_wconf 82' lang='lat' dir='ltr'>illae</span> <span class='ocrx_word' id='word_1_1039' title='bbox 2262 2149 2332 2184; x_wconf 81' lang='lat' dir='ltr'>duae</span> <span class='ocrx_word' id='word_1_1040' title='bbox 2361 2152 2443 2192; x_wconf 79' lang='lat' dir='ltr'>quas</span> 
     </span>
     <span class='ocr_line' id='line_1_121' title="bbox 1431 2191 2443 2237; baseline 0.002 -13"><span class='ocrx_word' id='word_1_1041' title='bbox 1431 2192 1590 2234; x_wconf 77' lang='lat' dir='ltr'>Bergerus</span> <span class='ocrx_word' id='word_1_1042' title='bbox 1615 2196 1625 2231; x_wconf 94' lang='lat'>(</span> <span class='ocrx_word' id='word_1_1043' title='bbox 1650 2193 1661 2225; x_wconf 76' lang='lat' dir='ltr'>z·</span> <span class='ocrx_word' id='word_1_1044' title='bbox 1683 2195 1694 2231; x_wconf 86' lang='lat'>)</span> <span class='ocrx_word' id='word_1_1045' title='bbox 1720 2191 1884 2225; x_wconf 89' lang='lat' dir='ltr'>saccorum</span> <span class='ocrx_word' id='word_1_1046' title='bbox 1916 2191 2015 2226; x_wconf 87' lang='lat' dir='ltr'>instar</span> <span class='ocrx_word' id='word_1_1047' title='bbox 2039 2193 2076 2227; x_wconf 86' lang='lat' dir='ltr'>ad</span> <span class='ocrx_word' id='word_1_1048' title='bbox 2112 2192 2246 2226; x_wconf 80' lang='lat' dir='ltr'>vesicam</span> <span class='ocrx_word' id='word_1_1049' title='bbox 2268 2193 2443 2237; x_wconf 73' lang='lat' dir='ltr'>deprehen-</span> 
     </span>
     <span class='ocr_line' id='line_1_122' title="bbox 1433 2235 2444 2277; baseline 0.002 -8"><span class='ocrx_word' id='word_1_1050' title='bbox 1433 2235 1482 2272; x_wconf 84' lang='lat' dir='ltr'>dit</span> <span class='ocrx_word' id='word_1_1051' title='bbox 1501 2246 1516 2275; x_wconf 76' lang='lat'>,⁴</span> <span class='ocrx_word' id='word_1_1052' title='bbox 1546 2247 1621 2270; x_wconf 89' lang='lat' dir='ltr'>nam</span> <span class='ocrx_word' id='word_1_1053' title='bbox 1643 2238 1674 2268; x_wconf 89' lang='lat'><strong>&amp;</strong></span> <span class='ocrx_word' id='word_1_1054' title='bbox 1709 2236 1794 2268; x_wconf 90' lang='lat' dir='ltr'>lotio</span> <span class='ocrx_word' id='word_1_1055' title='bbox 1819 2235 1919 2277; x_wconf 84' lang='lat' dir='ltr'>plenae</span> <span class='ocrx_word' id='word_1_1056' title='bbox 1936 2258 1948 2276; x_wconf 88' lang='lat'>,</span> <span class='ocrx_word' id='word_1_1057' title='bbox 1980 2238 2011 2269; x_wconf 77' lang='grc' dir='ltr'>δε</span> <span class='ocrx_word' id='word_1_1058' title='bbox 2035 2237 2068 2270; x_wconf 90' lang='lat' dir='ltr'>in</span> <span class='ocrx_word' id='word_1_1059' title='bbox 2092 2235 2160 2270; x_wconf 89' lang='lat' dir='ltr'>sene</span> <span class='ocrx_word' id='word_1_1060' title='bbox 2192 2246 2280 2270; x_wconf 85' lang='lat' dir='ltr'>erant</span> <span class='ocrx_word' id='word_1_1061' title='bbox 2304 2249 2342 2270; x_wconf 85' lang='lat' dir='ltr'>ex</span> <span class='ocrx_word' id='word_1_1062' title='bbox 2366 2237 2444 2272; x_wconf 83' lang='lat' dir='ltr'>lotii</span> 
     </span>
     <span class='ocr_line' id='line_1_123' title="bbox 1435 2277 2445 2323; baseline 0.002 -11"><span class='ocrx_word' id='word_1_1063' title='bbox 1435 2278 1647 2320; x_wconf 80' lang='lat' dir='ltr'>suppressione</span> <span class='ocrx_word' id='word_1_1064' title='bbox 1672 2288 1828 2316; x_wconf 84' lang='lat' dir='ltr'>mortu03</span> <span class='ocrx_word' id='word_1_1065' title='bbox 1852 2277 1944 2313; x_wconf 81' lang='lat' dir='ltr'>fuisse</span> <span class='ocrx_word' id='word_1_1066' title='bbox 1969 2288 2077 2314; x_wconf 86' lang='lat' dir='ltr'>autern</span> <span class='ocrx_word' id='word_1_1067' title='bbox 2101 2278 2171 2322; x_wconf 72' lang='lat' dir='ltr'>eJ&#39;us</span> <span class='ocrx_word' id='word_1_1068' title='bbox 2195 2282 2319 2323; x_wconf 82' lang='lat' dir='ltr'>generis</span> <span class='ocrx_word' id='word_1_1069' title='bbox 2338 2303 2352 2321; x_wconf 83' lang='lat'><em>‚</em></span> <span class='ocrx_word' id='word_1_1070' title='bbox 2374 2282 2445 2323; x_wconf 80' lang='lat' dir='ltr'>pla-</span> 
     </span>
     <span class='ocr_line' id='line_1_124' title="bbox 1436 2321 2445 2367; baseline 0.002 -11"><span class='ocrx_word' id='word_1_1071' title='bbox 1436 2324 1508 2356; x_wconf 87' lang='lat' dir='ltr'>nius</span> <span class='ocrx_word' id='word_1_1072' title='bbox 1531 2322 1701 2361; x_wconf 85' lang='lat' dir='ltr'>sciremus,</span> <span class='ocrx_word' id='word_1_1073' title='bbox 1725 2321 1747 2354; x_wconf 87' lang='lat' dir='ltr'>si</span> <span class='ocrx_word' id='word_1_1074' title='bbox 1770 2322 1841 2355; x_wconf 86' lang='lat' dir='ltr'>loca</span> <span class='ocrx_word' id='word_1_1075' title='bbox 1864 2321 2079 2361; x_wconf 69' lang='lat' dir='ltr'>adnotasset,</span> <span class='ocrx_word' id='word_1_1076' title='bbox 2109 2335 2148 2356; x_wconf 81' lang='lat' dir='ltr'>ex</span> <span class='ocrx_word' id='word_1_1077' title='bbox 2172 2324 2290 2367; x_wconf 88' lang='lat' dir='ltr'>quibus</span> <span class='ocrx_word' id='word_1_1078' title='bbox 2321 2324 2445 2367; x_wconf 75' lang='lat' dir='ltr'>prosta-</span> 
     </span>
     <span class='ocr_line' id='line_1_125' title="bbox 1437 2364 2444 2410; baseline 0.003 -12"><span class='ocrx_word' id='word_1_1079' title='bbox 1437 2375 1508 2399; x_wconf 86' lang='lat' dir='ltr'>rent</span> <span class='ocrx_word' id='word_1_1080' title='bbox 1532 2391 1539 2397; x_wconf 91' lang='lat'><strong>.</strong></span> <span class='ocrx_word' id='word_1_1081' title='bbox 1576 2366 1633 2400; x_wconf 86' lang='lat' dir='ltr'>Sed</span> <span class='ocrx_word' id='word_1_1082' title='bbox 1657 2377 1752 2399; x_wconf 86' lang='lat' dir='ltr'>antea</span> <span class='ocrx_word' id='word_1_1083' title='bbox 1776 2364 1906 2400; x_wconf 86' lang='lat' dir='ltr'>fuerant</span> <span class='ocrx_word' id='word_1_1084' title='bbox 1938 2367 1996 2409; x_wconf 86' lang='lat' dir='ltr'>qui</span> <span class='ocrx_word' id='word_1_1085' title='bbox 2021 2368 2186 2401; x_wconf 82' lang='lat' dir='ltr'>saccorum</span> <span class='ocrx_word' id='word_1_1086' title='bbox 2210 2365 2318 2401; x_wconf 83' lang='lat' dir='ltr'>veficae</span> <span class='ocrx_word' id='word_1_1087' title='bbox 2341 2369 2444 2410; x_wconf 82' lang='lat' dir='ltr'>origi-</span> 
     </span>
     <span class='ocr_line' id='line_1_126' title="bbox 1437 2409 2447 2453; baseline 0.003 -10"><span class='ocrx_word' id='word_1_1088' title='bbox 1437 2420 1511 2443; x_wconf 90' lang='lat' dir='ltr'>nem</span> <span class='ocrx_word' id='word_1_1089' title='bbox 1534 2409 1626 2443; x_wconf 82' lang='lat' dir='ltr'>aliter</span> <span class='ocrx_word' id='word_1_1090' title='bbox 1649 2410 1866 2451; x_wconf 82' lang='lat' dir='ltr'>explicarent,</span> <span class='ocrx_word' id='word_1_1091' title='bbox 1890 2410 1945 2443; x_wconf 84' lang='lat' dir='ltr'>alii</span> <span class='ocrx_word' id='word_1_1092' title='bbox 1970 2409 2036 2450; x_wconf 63' lang='lat' dir='ltr'>(le)</span> <span class='ocrx_word' id='word_1_1093' title='bbox 2061 2417 2085 2444; x_wconf 79' lang='lat' dir='ltr'>a·</span> <span class='ocrx_word' id='word_1_1094' title='bbox 2101 2412 2255 2453; x_wconf 84' lang='lat' dir='ltr'>primaeva</span> <span class='ocrx_word' id='word_1_1095' title='bbox 2279 2410 2344 2452; x_wconf 84' lang='lat' dir='ltr'>ipsa</span> <span class='ocrx_word' id='word_1_1096' title='bbox 2366 2422 2447 2445; x_wconf 89' lang='lat' dir='ltr'>con-</span> 
     </span>
     <span class='ocr_line' id='line_1_127' title="bbox 1439 2451 2446 2496; baseline 0.002 -10"><span class='ocrx_word' id='word_1_1097' title='bbox 1439 2451 1636 2486; x_wconf 81' lang='lat' dir='ltr'>forrnatione</span> <span class='ocrx_word' id='word_1_1098' title='bbox 1660 2462 1839 2495; x_wconf 87' lang='lat' dir='ltr'>repetentes</span> <span class='ocrx_word' id='word_1_1099' title='bbox 1855 2475 1865 2492; x_wconf 93' lang='lat'><em>‚</em></span> <span class='ocrx_word' id='word_1_1100' title='bbox 1902 2453 1956 2487; x_wconf 88' lang='lat' dir='ltr'>alii</span> <span class='ocrx_word' id='word_1_1101' title='bbox 1979 2456 1993 2493; x_wconf 88' lang='lat'>(</span> <span class='ocrx_word' id='word_1_1102' title='bbox 2014 2453 2027 2487; x_wconf 90' lang='lat' dir='ltr'>l</span> <span class='ocrx_word' id='word_1_1103' title='bbox 2046 2458 2060 2494; x_wconf 82' lang='lat'>&gt;</span> <span class='ocrx_word' id='word_1_1104' title='bbox 2083 2467 2098 2488; x_wconf 87' lang='lat' dir='ltr'>a</span> <span class='ocrx_word' id='word_1_1105' title='bbox 2122 2455 2246 2488; x_wconf 87' lang='lat' dir='ltr'>calculo</span> <span class='ocrx_word' id='word_1_1106' title='bbox 2280 2456 2339 2496; x_wconf 89' lang='lat' dir='ltr'>qui</span> <span class='ocrx_word' id='word_1_1107' title='bbox 2361 2455 2446 2488; x_wconf 86' lang='lat' dir='ltr'>inter</span> 
     </span>
     <span class='ocr_line' id='line_1_128' title="bbox 1441 2495 2446 2539; baseline 0.003 -11"><span class='ocrx_word' id='word_1_1108' title='bbox 1441 2495 1550 2529; x_wconf 79' lang='lat' dir='ltr'>vesicae</span> <span class='ocrx_word' id='word_1_1109' title='bbox 1574 2497 1700 2530; x_wconf 87' lang='lat' dir='ltr'>tunicas</span> <span class='ocrx_word' id='word_1_1110' title='bbox 1724 2496 1884 2539; x_wconf 86' lang='lat' dir='ltr'>paulatim</span> <span class='ocrx_word' id='word_1_1111' title='bbox 1905 2496 2066 2537; x_wconf 86' lang='lat' dir='ltr'>crescens,</span> <span class='ocrx_word' id='word_1_1112' title='bbox 2087 2509 2124 2530; x_wconf 85' lang='lat' dir='ltr'>ex</span> <span class='ocrx_word' id='word_1_1113' title='bbox 2148 2498 2197 2532; x_wconf 85' lang='lat' dir='ltr'>his</span> <span class='ocrx_word' id='word_1_1114' title='bbox 2221 2495 2371 2538; x_wconf 68' lang='lat' dir='ltr'>sejunetis</span> <span class='ocrx_word' id='word_1_1115' title='bbox 2382 2497 2446 2532; x_wconf 90' lang='lat' dir='ltr'>sac-</span> 
     </span>
     <span class='ocr_line' id='line_1_129' title="bbox 1439 2538 2447 2583; baseline 0.001 -10"><span class='ocrx_word' id='word_1_1116' title='bbox 1439 2551 1514 2573; x_wconf 92' lang='lat' dir='ltr'>cum</span> <span class='ocrx_word' id='word_1_1117' title='bbox 1537 2538 1596 2572; x_wconf 86' lang='lat' dir='ltr'>fibi</span> <span class='ocrx_word' id='word_1_1118' title='bbox 1607 2539 1729 2573; x_wconf 86' lang='lat' dir='ltr'>formet</span> <span class='ocrx_word' id='word_1_1119' title='bbox 1753 2539 1879 2573; x_wconf 83' lang='lat' dir='ltr'>avefica</span> <span class='ocrx_word' id='word_1_1120' title='bbox 1892 2541 2103 2582; x_wconf 78' lang='lat' dir='ltr'>pendentem,</span> <span class='ocrx_word' id='word_1_1121' title='bbox 2126 2539 2421 2583; x_wconf 87' lang='lat' dir='ltr'>ruptaquedemum</span> <span class='ocrx_word' id='word_1_1122' title='bbox 2437 2566 2447 2581; x_wconf 84' lang='lat'>,</span> 
     </span>
     <span class='ocr_line' id='line_1_130' title="bbox 1439 2582 2447 2621; baseline 0.002 -4"><span class='ocrx_word' id='word_1_1123' title='bbox 1439 2583 1488 2617; x_wconf 89' lang='lat' dir='ltr'>vel</span> <span class='ocrx_word' id='word_1_1124' title='bbox 1506 2582 1600 2616; x_wconf 70' lang='lat' dir='ltr'>exesa</span> <span class='ocrx_word' id='word_1_1125' title='bbox 1624 2584 1779 2616; x_wconf 85' lang='lat' dir='ltr'>interiore</span> <span class='ocrx_word' id='word_1_1126' title='bbox 1804 2585 1935 2621; x_wconf 86' lang='lat' dir='ltr'>tunica,</span> <span class='ocrx_word' id='word_1_1127' title='bbox 1961 2595 2037 2617; x_wconf 90' lang='lat' dir='ltr'>cum</span> <span class='ocrx_word' id='word_1_1128' title='bbox 2059 2583 2168 2617; x_wconf 78' lang='lat' dir='ltr'>veficae</span> <span class='ocrx_word' id='word_1_1129' title='bbox 2192 2595 2274 2618; x_wconf 85' lang='lat' dir='ltr'>cavo</span> <span class='ocrx_word' id='word_1_1130' title='bbox 2296 2595 2447 2620; x_wconf 87' lang='lat' dir='ltr'>commu—</span> 
     </span>
     <span class='ocr_line' id='line_1_131' title="bbox 1439 2628 2446 2670; baseline 0.002 -11"><span class='ocrx_word' id='word_1_1131' title='bbox 1439 2628 1623 2660; x_wconf 83' lang='lat' dir='ltr'>nicantem:</span> <span class='ocrx_word' id='word_1_1132' title='bbox 1647 2637 1744 2668; x_wconf 88' lang='lat' dir='ltr'>quam</span> <span class='ocrx_word' id='word_1_1133' title='bbox 1766 2628 2078 2661; x_wconf 84' lang='lat' dir='ltr'>communicationis</span> <span class='ocrx_word' id='word_1_1134' title='bbox 2110 2628 2362 2670; x_wconf 86' lang='lat' dir='ltr'>explicationem</span> <span class='ocrx_word' id='word_1_1135' title='bbox 2387 2630 2446 2662; x_wconf 89' lang='lat' dir='ltr'>ali-</span> 
     </span>
     <span class='ocr_line' id='line_1_132' title="bbox 1438 2669 2446 2713; baseline 0.001 -10"><span class='ocrx_word' id='word_1_1136' title='bbox 1438 2670 1512 2712; x_wconf 90' lang='lat' dir='ltr'>quis</span> <span class='ocrx_word' id='word_1_1137' title='bbox 1535 2681 1600 2704; x_wconf 89' lang='lat' dir='ltr'>non</span> <span class='ocrx_word' id='word_1_1138' title='bbox 1620 2670 1668 2702; x_wconf 77' lang='lat' dir='ltr'>ita</span> <span class='ocrx_word' id='word_1_1139' title='bbox 1690 2669 1815 2712; x_wconf 90' lang='lat' dir='ltr'>pridem</span> <span class='ocrx_word' id='word_1_1140' title='bbox 1838 2670 1927 2703; x_wconf 88' lang='lat' dir='ltr'>suam</span> <span class='ocrx_word' id='word_1_1141' title='bbox 1948 2670 2051 2709; x_wconf 88' lang='lat' dir='ltr'>fecit;</span> <span class='ocrx_word' id='word_1_1142' title='bbox 2073 2681 2260 2713; x_wconf 84' lang='lat' dir='ltr'>quanquam</span> <span class='ocrx_word' id='word_1_1143' title='bbox 2273 2679 2344 2705; x_wconf 89' lang='lat' dir='ltr'>tota</span> <span class='ocrx_word' id='word_1_1144' title='bbox 2366 2671 2446 2706; x_wconf 89' lang='lat' dir='ltr'>Dis-</span> 
     </span>
     <span class='ocr_line' id='line_1_133' title="bbox 1440 2712 2447 2756; baseline 0.004 -11"><span class='ocrx_word' id='word_1_1145' title='bbox 1440 2712 1609 2756; x_wconf 78' lang='lat' dir='ltr'>putatione</span> <span class='ocrx_word' id='word_1_1146' title='bbox 1642 2712 1697 2746; x_wconf 89' lang='lat' dir='ltr'>illa</span> <span class='ocrx_word' id='word_1_1147' title='bbox 1723 2725 1786 2755; x_wconf 81' lang='lat' dir='ltr'>qua</span> <span class='ocrx_word' id='word_1_1148' title='bbox 1821 2714 1925 2747; x_wconf 82' lang='lat' dir='ltr'>varios</span> <span class='ocrx_word' id='word_1_1149' title='bbox 1947 2714 2064 2747; x_wconf 88' lang='lat' dir='ltr'>calculi</span> <span class='ocrx_word' id='word_1_1150' title='bbox 2098 2714 2136 2747; x_wconf 88' lang='lat' dir='ltr'>ad</span> <span class='ocrx_word' id='word_1_1151' title='bbox 2170 2713 2304 2748; x_wconf 83' lang='lat' dir='ltr'>veficam</span> <span class='ocrx_word' id='word_1_1152' title='bbox 2338 2715 2447 2749; x_wconf 77' lang='lat' dir='ltr'>adhae-</span> 
     </span>
     <span class='ocr_line' id='line_1_134' title="bbox 1440 2755 2446 2799; baseline 0.003 -10"><span class='ocrx_word' id='word_1_1153' title='bbox 1440 2756 1531 2790; x_wconf 87' lang='lat' dir='ltr'>rendi</span> <span class='ocrx_word' id='word_1_1154' title='bbox 1554 2755 1668 2790; x_wconf 87' lang='lat' dir='ltr'>modos</span> <span class='ocrx_word' id='word_1_1155' title='bbox 1692 2757 1735 2790; x_wconf 86' lang='lat' dir='ltr'>est</span> <span class='ocrx_word' id='word_1_1156' title='bbox 1760 2758 1959 2799; x_wconf 86' lang='lat' dir='ltr'>persecutus,</span> <span class='ocrx_word' id='word_1_1157' title='bbox 1985 2756 2127 2793; x_wconf 87' lang='lat' dir='ltr'>sacculos</span> <span class='ocrx_word' id='word_1_1158' title='bbox 2149 2756 2224 2792; x_wconf 88' lang='lat' dir='ltr'>istos</span> <span class='ocrx_word' id='word_1_1159' title='bbox 2247 2767 2338 2792; x_wconf 84' lang='lat' dir='ltr'>extra</span> <span class='ocrx_word' id='word_1_1160' title='bbox 2363 2756 2446 2792; x_wconf 87' lang='lat' dir='ltr'>vesi-</span> 
     </span>
     <span class='ocr_line' id='line_1_135' title="bbox 1441 2800 2444 2843; baseline 0.002 -10"><span class='ocrx_word' id='word_1_1161' title='bbox 1441 2811 1512 2833; x_wconf 90' lang='lat' dir='ltr'>cam</span> <span class='ocrx_word' id='word_1_1162' title='bbox 1545 2800 1763 2843; x_wconf 85' lang='lat' dir='ltr'>prominentes</span> <span class='ocrx_word' id='word_1_1163' title='bbox 1788 2800 1946 2843; x_wconf 86' lang='lat' dir='ltr'>nusquam</span> <span class='ocrx_word' id='word_1_1164' title='bbox 1977 2800 2094 2833; x_wconf 84' lang='lat' dir='ltr'>diserte</span> <span class='ocrx_word' id='word_1_1165' title='bbox 2118 2803 2314 2841; x_wconf 85' lang='lat' dir='ltr'>mempravit</span> <span class='ocrx_word' id='word_1_1166' title='bbox 2338 2826 2346 2836; x_wconf 90' lang='lat'><em>.</em></span> <span class='ocrx_word' id='word_1_1167' title='bbox 2380 2803 2444 2835; x_wconf 85' lang='lat' dir='ltr'>Ve-</span> 
     </span>
     <span class='ocr_line' id='line_1_136' title="bbox 1440 2843 2445 2886; baseline 0 -8"><span class='ocrx_word' id='word_1_1168' title='bbox 1440 2855 1514 2878; x_wconf 90' lang='lat' dir='ltr'>rum</span> <span class='ocrx_word' id='word_1_1169' title='bbox 1544 2843 1614 2877; x_wconf 84' lang='lat' dir='ltr'>duae</span> <span class='ocrx_word' id='word_1_1170' title='bbox 1638 2843 1700 2876; x_wconf 71' lang='lat' dir='ltr'>illae</span> <span class='ocrx_word' id='word_1_1171' title='bbox 1739 2843 1935 2877; x_wconf 85' lang='lat' dir='ltr'>sacculorum</span> <span class='ocrx_word' id='word_1_1172' title='bbox 1959 2845 2102 2886; x_wconf 81' lang='lat' dir='ltr'>origines</span> <span class='ocrx_word' id='word_1_1173' title='bbox 2135 2843 2157 2877; x_wconf 85' lang='lat' dir='ltr'>fi</span> <span class='ocrx_word' id='word_1_1174' title='bbox 2179 2867 2189 2883; x_wconf 92' lang='lat'><em>‚</em></span> <span class='ocrx_word' id='word_1_1175' title='bbox 2225 2854 2261 2878; x_wconf 92' lang='lat' dir='ltr'>ut</span> <span class='ocrx_word' id='word_1_1176' title='bbox 2284 2847 2317 2878; x_wconf 88' lang='lat' dir='ltr'>in</span> <span class='ocrx_word' id='word_1_1177' title='bbox 2349 2847 2445 2880; x_wconf 88' lang='lat' dir='ltr'>certis</span> 
     </span>
     <span class='ocr_line' id='line_1_137' title="bbox 1442 2886 2446 2931; baseline 0.002 -11"><span class='ocrx_word' id='word_1_1178' title='bbox 1442 2886 1635 2929; x_wconf 87' lang='lat' dir='ltr'>quibusdam</span> <span class='ocrx_word' id='word_1_1179' title='bbox 1656 2886 1776 2920; x_wconf 84' lang='lat' dir='ltr'>casibus</span> <span class='ocrx_word' id='word_1_1180' title='bbox 1792 2912 1800 2925; x_wconf 98' lang='lat'>,</span> <span class='ocrx_word' id='word_1_1181' title='bbox 1826 2897 2050 2930; x_wconf 87' lang='lat' dir='ltr'>proponantur</span> <span class='ocrx_word' id='word_1_1182' title='bbox 2071 2898 2084 2927; x_wconf 89' lang='grc'>,·</span> <span class='ocrx_word' id='word_1_1183' title='bbox 2118 2898 2186 2922; x_wconf 86' lang='lat' dir='ltr'>non</span> <span class='ocrx_word' id='word_1_1184' title='bbox 2208 2888 2250 2923; x_wconf 89' lang='lat' dir='ltr'>est</span> <span class='ocrx_word' id='word_1_1185' title='bbox 2272 2900 2329 2923; x_wconf 79' lang='lat' dir='ltr'>eur</span> <span class='ocrx_word' id='word_1_1186' title='bbox 2353 2900 2446 2931; x_wconf 89' lang='lat' dir='ltr'>pror-</span> 
     </span>
     <span class='ocr_line' id='line_1_138' title="bbox 1442 2930 2445 2973; baseline 0.002 -9"><span class='ocrx_word' id='word_1_1187' title='bbox 1442 2930 1490 2964; x_wconf 91' lang='lat' dir='ltr'>sus</span> <span class='ocrx_word' id='word_1_1188' title='bbox 1513 2940 1726 2973; x_wconf 85' lang='lat' dir='ltr'>repugnemus</span> <span class='ocrx_word' id='word_1_1189' title='bbox 1747 2944 1754 2962; x_wconf 89' lang='lat'><strong>:</strong></span> <span class='ocrx_word' id='word_1_1190' title='bbox 1787 2930 1832 2964; x_wconf 86' lang='lat' dir='ltr'>sin</span> <span class='ocrx_word' id='word_1_1191' title='bbox 1857 2940 1893 2965; x_wconf 89' lang='lat' dir='ltr'>ut</span> <span class='ocrx_word' id='word_1_1192' title='bbox 1916 2932 1949 2964; x_wconf 87' lang='lat' dir='ltr'>in</span> <span class='ocrx_word' id='word_1_1193' title='bbox 1973 2931 2125 2965; x_wconf 83' lang='lat' dir='ltr'>omnibus</span> <span class='ocrx_word' id='word_1_1194' title='bbox 2148 2945 2157 2968; x_wconf 70' lang='grc' dir='ltr'>ς</span> <span class='ocrx_word' id='word_1_1195' title='bbox 2192 2943 2265 2967; x_wconf 88' lang='lat' dir='ltr'>cum</span> <span class='ocrx_word' id='word_1_1196' title='bbox 2289 2932 2363 2969; x_wconf 18' lang='lat' dir='ltr'>aliaer</span> <span class='ocrx_word' id='word_1_1197' title='bbox 2385 2943 2445 2966; x_wconf 88' lang='lat' dir='ltr'>no·-</span> 
     </span>
     <span class='ocr_line' id='line_1_139' title="bbox 1438 2970 2445 3017; baseline 0.001 -9"><span class='ocrx_word' id='word_1_1198' title='bbox 1438 2974 1507 3008; x_wconf 84' lang='lat' dir='ltr'>strae</span> <span class='ocrx_word' id='word_1_1199' title='bbox 1541 2973 1797 3008; x_wconf 89' lang='lat' dir='ltr'>Observationes</span> <span class='ocrx_word' id='word_1_1200' title='bbox 1829 2985 1900 3016; x_wconf 75' lang='lat' dir='ltr'>quae</span> <span class='ocrx_word' id='word_1_1201' title='bbox 1933 2974 2009 3008; x_wconf 89' lang='lat' dir='ltr'>alias</span> <span class='ocrx_word' id='word_1_1202' title='bbox 2034 2999 2043 3014; x_wconf 87' lang='lat'>,</span> <span class='ocrx_word' id='word_1_1203' title='bbox 2091 2983 2160 3008; x_wconf 91' lang='lat' dir='ltr'>tum</span> <span class='ocrx_word' id='word_1_1204' title='bbox 2199 2987 2233 3009; x_wconf 85' lang='lat' dir='ltr'>ea</span> <span class='ocrx_word' id='word_1_1205' title='bbox 2260 2970 2445 3017; x_wconf 80' lang='lat' dir='ltr'>praesertim</span> 
     </span>
     <span class='ocr_line' id='line_1_140' title="bbox 1437 3016 2446 3061; baseline 0.002 -10"><span class='ocrx_word' id='word_1_1206' title='bbox 1437 3029 1510 3059; x_wconf 78' lang='lat' dir='ltr'>quae</span> <span class='ocrx_word' id='word_1_1207' title='bbox 1533 3017 1629 3061; x_wconf 67' lang='lat' dir='ltr'>paulo</span> <span class='ocrx_word' id='word_1_1208' title='bbox 1654 3027 1726 3051; x_wconf 88' lang='lat' dir='ltr'>ante</span> <span class='ocrx_word' id='word_1_1209' title='bbox 1747 3019 1761 3055; x_wconf 94' lang='lat'><strong>(</strong></span> <span class='ocrx_word' id='word_1_1210' title='bbox 1783 3028 1814 3050; x_wconf 87' lang='lat' dir='ltr'>m</span> <span class='ocrx_word' id='word_1_1211' title='bbox 1838 3020 1849 3055; x_wconf 94' lang='lat'>)</span> <span class='ocrx_word' id='word_1_1212' title='bbox 1872 3016 2030 3060; x_wconf 86' lang='lat' dir='ltr'>descripta</span> <span class='ocrx_word' id='word_1_1213' title='bbox 2054 3018 2117 3056; x_wconf 86' lang='lat' dir='ltr'>est,</span> <span class='ocrx_word' id='word_1_1214' title='bbox 2142 3019 2333 3061; x_wconf 74' lang='lat' dir='ltr'>apertissime</span> <span class='ocrx_word' id='word_1_1215' title='bbox 2347 3018 2446 3053; x_wconf 80' lang='lat' dir='ltr'>refra-</span> 
     </span>
     <span class='ocr_line' id='line_1_141' title="bbox 1439 3060 2464 3106; baseline 0.003 -12"><span class='ocrx_word' id='word_1_1216' title='bbox 1439 3071 1558 3102; x_wconf 77' lang='lat' dir='ltr'>gantur</span> <span class='ocrx_word' id='word_1_1217' title='bbox 1584 3086 1591 3094; x_wconf 93' lang='lat'><strong>.</strong></span> <span class='ocrx_word' id='word_1_1218' title='bbox 1627 3061 1725 3095; x_wconf 89' lang='lat' dir='ltr'>Vides</span> <span class='ocrx_word' id='word_1_1219' title='bbox 1748 3061 1834 3094; x_wconf 87' lang='lat' dir='ltr'>enirn</span> <span class='ocrx_word' id='word_1_1220' title='bbox 1868 3072 1907 3093; x_wconf 84' lang='lat' dir='ltr'>ex</span> <span class='ocrx_word' id='word_1_1221' title='bbox 1931 3060 2131 3096; x_wconf 88' lang='lat' dir='ltr'>Adversariis</span> <span class='ocrx_word' id='word_1_1222' title='bbox 2153 3069 2167 3102; x_wconf 78' lang='grc'><strong>(</strong></span> <span class='ocrx_word' id='word_1_1223' title='bbox 2189 3064 2242 3106; x_wconf 88' lang='lat' dir='ltr'>n)</span> <span class='ocrx_word' id='word_1_1224' title='bbox 2268 3085 2278 3101; x_wconf 91' lang='lat'>,</span> <span class='ocrx_word' id='word_1_1225' title='bbox 2312 3073 2388 3097; x_wconf 88' lang='lat' dir='ltr'>cum</span> <span class='ocrx_word' id='word_1_1226' title='bbox 2410 3064 2464 3097; x_wconf 70' lang='lat' dir='ltr'>iri⁴</span> 
     </span>
     <span class='ocr_line' id='line_1_142' title="bbox 1438 3103 2445 3148; baseline 0.002 -11"><span class='ocrx_word' id='word_1_1227' title='bbox 1438 3104 1566 3138; x_wconf 85' lang='lat' dir='ltr'>strenuo</span> <span class='ocrx_word' id='word_1_1228' title='bbox 1589 3114 1738 3147; x_wconf 87' lang='lat' dir='ltr'>potatore</span> <span class='ocrx_word' id='word_1_1229' title='bbox 1763 3104 1819 3137; x_wconf 90' lang='lat' dir='ltr'>alii</span> <span class='ocrx_word' id='word_1_1230' title='bbox 1842 3103 1919 3138; x_wconf 67' lang='lat' dir='ltr'>faeti</span> <span class='ocrx_word' id='word_1_1231' title='bbox 1942 3103 2008 3148; x_wconf 84' lang='lat' dir='ltr'>jam</span> <span class='ocrx_word' id='word_1_1232' title='bbox 2018 3105 2114 3139; x_wconf 86' lang='lat' dir='ltr'>essent</span> <span class='ocrx_word' id='word_1_1233' title='bbox 2137 3106 2252 3140; x_wconf 88' lang='lat' dir='ltr'>sacculi</span> <span class='ocrx_word' id='word_1_1234' title='bbox 2272 3132 2283 3147; x_wconf 85' lang='lat'><em>‚</em></span> <span class='ocrx_word' id='word_1_1235' title='bbox 2308 3108 2445 3140; x_wconf 81' lang='lat' dir='ltr'>aliitan-</span> 
     </span>
     <span class='ocr_line' id='line_1_143' title="bbox 1439 3147 2445 3191; baseline 0.001 -10"><span class='ocrx_word' id='word_1_1236' title='bbox 1439 3147 1611 3181; x_wconf 88' lang='lat' dir='ltr'>tummodo</span> <span class='ocrx_word' id='word_1_1237' title='bbox 1635 3147 1704 3181; x_wconf 82' lang='lat' dir='ltr'>sieri</span> <span class='ocrx_word' id='word_1_1238' title='bbox 1727 3148 1911 3191; x_wconf 85' lang='lat' dir='ltr'>inciperent</span> <span class='ocrx_word' id='word_1_1239' title='bbox 1931 3172 1939 3186; x_wconf 92' lang='lat'><em>‚</em></span> <span class='ocrx_word' id='word_1_1240' title='bbox 1974 3148 2094 3182; x_wconf 87' lang='lat' dir='ltr'>horum</span> <span class='ocrx_word' id='word_1_1241' title='bbox 2116 3150 2212 3183; x_wconf 83' lang='lat' dir='ltr'>initia</span> <span class='ocrx_word' id='word_1_1242' title='bbox 2244 3150 2292 3184; x_wconf 89' lang='lat' dir='ltr'>ibi</span> <span class='ocrx_word' id='word_1_1243' title='bbox 2315 3150 2445 3183; x_wconf 82' lang='lat' dir='ltr'>dumta-</span> 
     </span>
     <span class='ocr_line' id='line_1_144' title="bbox 1439 3190 2443 3235; baseline 0.002 -11"><span class='ocrx_word' id='word_1_1244' title='bbox 1439 3201 1497 3224; x_wconf 82' lang='lat' dir='ltr'>xat</span> <span class='ocrx_word' id='word_1_1245' title='bbox 1520 3190 1695 3234; x_wconf 86' lang='lat' dir='ltr'>apparuisse</span> <span class='ocrx_word' id='word_1_1246' title='bbox 1727 3191 1782 3224; x_wconf 90' lang='lat' dir='ltr'>ubi</span> <span class='ocrx_word' id='word_1_1247' title='bbox 1807 3202 1845 3223; x_wconf 87' lang='lat' dir='ltr'>ex</span> <span class='ocrx_word' id='word_1_1248' title='bbox 1869 3193 1949 3225; x_wconf 88' lang='lat' dir='ltr'>areis</span> <span class='ocrx_word' id='word_1_1249' title='bbox 1981 3204 2059 3234; x_wconf 88' lang='lat' dir='ltr'>quas</span> <span class='ocrx_word' id='word_1_1250' title='bbox 2082 3194 2165 3227; x_wconf 87' lang='lat' dir='ltr'>inter</span> <span class='ocrx_word' id='word_1_1251' title='bbox 2200 3193 2230 3227; x_wconf 91' lang='lat' dir='ltr'>se</span> <span class='ocrx_word' id='word_1_1252' title='bbox 2251 3194 2443 3235; x_wconf 85' lang='lat' dir='ltr'>relinquunt</span> 
     </span>
     <span class='ocr_line' id='line_1_145' title="bbox 1436 3233 2439 3280; baseline 0 -12"><span class='ocrx_word' id='word_1_1253' title='bbox 1436 3246 1560 3268; x_wconf 62' lang='lat' dir='ltr'>carneae</span> <span class='ocrx_word' id='word_1_1254' title='bbox 1571 3233 1678 3267; x_wconf 83' lang='lat' dir='ltr'>vesicae</span> <span class='ocrx_word' id='word_1_1255' title='bbox 1702 3234 1791 3267; x_wconf 83' lang='lat' dir='ltr'>fibrae</span> <span class='ocrx_word' id='word_1_1256' title='bbox 1803 3237 1908 3276; x_wconf 81' lang='lat' dir='ltr'>urgeri</span> <span class='ocrx_word' id='word_1_1257' title='bbox 1932 3237 2050 3269; x_wconf 85' lang='lat' dir='ltr'>tunicae</span> <span class='ocrx_word' id='word_1_1258' title='bbox 2063 3235 2245 3272; x_wconf 86' lang='lat' dir='ltr'>extrorsum</span> <span class='ocrx_word' id='word_1_1259' title='bbox 2268 3246 2439 3280; x_wconf 87' lang='lat' dir='ltr'>poterant:</span> 
     </span>
     <span class='ocr_line' id='line_1_146' title="bbox 1438 3278 2441 3323; baseline -0.002 -11"><span class='ocrx_word' id='word_1_1260' title='bbox 1438 3279 1565 3312; x_wconf 82' lang='lat' dir='ltr'>Rustici</span> <span class='ocrx_word' id='word_1_1261' title='bbox 1590 3288 1698 3311; x_wconf 87' lang='lat' dir='ltr'>autem</span> <span class='ocrx_word' id='word_1_1262' title='bbox 1725 3278 1887 3312; x_wconf 86' lang='lat' dir='ltr'>sacculum</span> <span class='ocrx_word' id='word_1_1263' title='bbox 1911 3281 1983 3321; x_wconf 88' lang='lat' dir='ltr'>quis</span> <span class='ocrx_word' id='word_1_1264' title='bbox 1999 3292 2015 3313; x_wconf 89' lang='lat' dir='ltr'>a</span> <span class='ocrx_word' id='word_1_1265' title='bbox 2038 3279 2227 3322; x_wconf 86' lang='lat' dir='ltr'>primordiis</span> <span class='ocrx_word' id='word_1_1266' title='bbox 2241 3281 2351 3323; x_wconf 90' lang='lat' dir='ltr'>potius</span> <span class='ocrx_word' id='word_1_1267' title='bbox 2373 3281 2441 3312; x_wconf 86' lang='lat' dir='ltr'>exi-</span> 
     </span>
     <span class='ocr_line' id='line_1_147' title="bbox 1439 3320 2021 3363; baseline 0 -8"><span class='ocrx_word' id='word_1_1268' title='bbox 1439 3322 1548 3355; x_wconf 82' lang='lat' dir='ltr'>stimet</span> <span class='ocrx_word' id='word_1_1269' title='bbox 1574 3320 1781 3363; x_wconf 81' lang='lat' dir='ltr'>praeextitiffe</span> <span class='ocrx_word' id='word_1_1270' title='bbox 1795 3344 1804 3358; x_wconf 91' lang='lat'>‚</span> <span class='ocrx_word' id='word_1_1271' title='bbox 2015 3323 2021 3329; x_wconf 89' lang='lat'>&#39;</span> 
     </span>
    </p>
   </div>
   <div class='ocr_carea' id='block_1_5' title="bbox 1436 3323 2438 3399">
    <p class='ocr_par' dir='ltr' id='par_1_5' title="bbox 1436 3323 2438 3399">
     <span class='ocr_line' id='line_1_148' title="bbox 1854 3323 2438 3362; baseline 0 -7"><span class='ocrx_word' id='word_1_1272' title='bbox 1854 3332 1927 3355; x_wconf 88' lang='lat' dir='ltr'>uam</span> <span class='ocrx_word' id='word_1_1273' title='bbox 1951 3333 2043 3361; x_wconf 85' lang='lat' dir='ltr'>acui,</span> <span class='ocrx_word' id='word_1_1274' title='bbox 2069 3323 2217 3362; x_wconf 86' lang='lat' dir='ltr'>calculo,</span> <span class='ocrx_word' id='word_1_1275' title='bbox 2239 3324 2438 3357; x_wconf 71' lang='lat' dir='ltr'>creberrimae</span> 
     </span>
     <span class='ocr_line' id='line_1_149' title="bbox 1436 3333 1850 3399; baseline 0.002 -1"><span class='ocrx_word' id='word_1_1276' title='bbox 1436 3365 1512 3399; x_wconf 87' lang='lat' dir='ltr'>lotii</span> <span class='ocrx_word' id='word_1_1277' title='bbox 1535 3365 1709 3398; x_wconf 86' lang='lat' dir='ltr'>retentioni</span> <span class='ocrx_word' id='word_1_1278' title='bbox 1725 3333 1850 3399; x_wconf 67' lang='lat' dir='ltr'>successi</span> 
     </span>
    </p>
   </div>
   <div class='ocr_carea' id='block_1_6' title="bbox 1856 3364 2438 3448">
    <p class='ocr_par' dir='ltr' id='par_1_6' title="bbox 1856 3364 2438 3448">
     <span class='ocr_line' id='line_1_150' title="bbox 1856 3364 2438 3416; baseline 0 -18"><span class='ocrx_word' id='word_1_1279' title='bbox 1856 3364 1919 3399; x_wconf 84' lang='lat' dir='ltr'>sse?</span> <span class='ocrx_word' id='word_1_1280' title='bbox 1944 3366 2015 3400; x_wconf 89' lang='lat' dir='ltr'>Nec</span> <span class='ocrx_word' id='word_1_1281' title='bbox 2039 3377 2116 3400; x_wconf 87' lang='lat' dir='ltr'>vero</span> <span class='ocrx_word' id='word_1_1282' title='bbox 2128 3366 2267 3402; x_wconf 83' lang='lat' dir='ltr'>calculus</span> <span class='ocrx_word' id='word_1_1283' title='bbox 2289 3368 2372 3416; x_wconf 76' lang='lat' dir='ltr'>inter</span> <span class='ocrx_word' id='word_1_1284' title='bbox 2384 3374 2438 3399; x_wconf 85' lang='lat' dir='ltr'>tu-</span> 
     </span>
     <span class='ocr_line' id='line_1_151' title="bbox 2269 3420 2394 3448; baseline -0.008 -4"><span class='ocrx_word' id='word_1_1285' title='bbox 2269 3420 2371 3444; x_wconf 88' lang='lat' dir='ltr'>nicam</span> <span class='ocrx_word' id='word_1_1286' title='bbox 2381 3430 2394 3448; x_wconf 86' lang='lat'>,</span> 
     </span>
    </p>
   </div>
   <div class='ocr_carea' id='block_1_7' title="bbox 384 3513 2438 3536">
    <p class='ocr_par' dir='ltr' id='par_1_7' title="bbox 384 3513 2438 3536">
     <span class='ocr_line' id='line_1_152' title="bbox 384 3513 2438 3536; baseline -0.002 -7"><span class='ocrx_word' id='word_1_1287' title='bbox 384 3513 2438 3536; x_wconf 59' lang='lat'>„-—----————-————-—--——--——-—--—--—-———-—--⁶-—--</span> 
     </span>
    </p>
   </div>
   <div class='ocr_carea' id='block_1_8' title="bbox 441 3773 702 3804">
    <p class='ocr_par' dir='ltr' id='par_1_8' title="bbox 441 3773 702 3804">
     <span class='ocr_line' id='line_1_153' title="bbox 441 3773 702 3804; baseline 0.008 -7"><span class='ocrx_word' id='word_1_1288' title='bbox 441 3773 451 3803; x_wconf 66' lang='grc' dir='ltr'><strong>ζ</strong></span> <span class='ocrx_word' id='word_1_1289' title='bbox 469 3783 484 3797; x_wconf 82' lang='lat' dir='ltr'>n</span> <span class='ocrx_word' id='word_1_1290' title='bbox 503 3776 511 3804; x_wconf 89' lang='lat'><strong><em>)</em></strong></span> <span class='ocrx_word' id='word_1_1291' title='bbox 528 3775 641 3799; x_wconf 80' lang='lat' dir='ltr'>Animad.</span> <span class='ocrx_word' id='word_1_1292' title='bbox 658 3781 702 3799; x_wconf 61' lang='lat' dir='ltr'>eii„</span> 
     </span>
    </p>
   </div>
   <div class='ocr_carea' id='block_1_9' title="bbox 447 3581 2320 3774">
    <p class='ocr_par' dir='ltr' id='par_1_9' title="bbox 449 3581 1852 3624">
     <span class='ocr_line' id='line_1_154' title="bbox 449 3581 1852 3624; baseline -0.009 -4"><span class='ocrx_word' id='word_1_1293' title='bbox 449 3592 458 3620; x_wconf 91' lang='lat'><em>(</em></span> <span class='ocrx_word' id='word_1_1294' title='bbox 477 3603 491 3624; x_wconf 83' lang='lat' dir='ltr'><em>q</em></span> <span class='ocrx_word' id='word_1_1295' title='bbox 506 3595 520 3621; x_wconf 85' lang='grc'>)</span> <span class='ocrx_word' id='word_1_1296' title='bbox 536 3594 599 3622; x_wconf 76' lang='lat' dir='ltr'>Eph.</span> <span class='ocrx_word' id='word_1_1297' title='bbox 619 3596 653 3618; x_wconf 87' lang='lat' dir='ltr'>N.</span> <span class='ocrx_word' id='word_1_1298' title='bbox 672 3595 699 3616; x_wconf 84' lang='lat' dir='ltr'>C.</span> <span class='ocrx_word' id='word_1_1299' title='bbox 716 3594 787 3618; x_wconf 86' lang='lat' dir='ltr'>Cent.</span> <span class='ocrx_word' id='word_1_1300' title='bbox 804 3600 826 3619; x_wconf 58' lang='lat'>72</span> <span class='ocrx_word' id='word_1_1301' title='bbox 844 3589 902 3614; x_wconf 90' lang='lat' dir='ltr'>Obs.</span> <span class='ocrx_word' id='word_1_1302' title='bbox 920 3598 943 3619; x_wconf 91' lang='lat'>7.</span> <span class='ocrx_word' id='word_1_1303' title='bbox 960 3597 1017 3615; x_wconf 81' lang='lat' dir='ltr'>cum</span> <span class='ocrx_word' id='word_1_1304' title='bbox 1035 3588 1144 3613; x_wconf 87' lang='lat' dir='ltr'>Scholio.</span> <span class='ocrx_word' id='word_1_1305' title='bbox 1206 3588 1221 3617; x_wconf 71' lang='grc' dir='ltr'>ζ</span> <span class='ocrx_word' id='word_1_1306' title='bbox 1236 3595 1247 3612; x_wconf 77' lang='lat' dir='ltr'>r</span> <span class='ocrx_word' id='word_1_1307' title='bbox 1261 3586 1275 3615; x_wconf 80' lang='grc'>)</span> <span class='ocrx_word' id='word_1_1308' title='bbox 1292 3593 1315 3619; x_wconf 73' lang='lat' dir='ltr'>n·</span> <span class='ocrx_word' id='word_1_1309' title='bbox 1332 3593 1371 3615; x_wconf 79' lang='lat'>²7.</span> <span class='ocrx_word' id='word_1_1310' title='bbox 1433 3586 1448 3614; x_wconf 85' lang='lat'>(</span> <span class='ocrx_word' id='word_1_1311' title='bbox 1461 3581 1499 3613; x_wconf 86' lang='lat' dir='ltr'>s)</span> <span class='ocrx_word' id='word_1_1312' title='bbox 1514 3581 1587 3612; x_wconf 78' lang='lat' dir='ltr'>Resp.</span> <span class='ocrx_word' id='word_1_1313' title='bbox 1602 3590 1644 3618; x_wconf 40' lang='lat'>¹40.</span> <span class='ocrx_word' id='word_1_1314' title='bbox 1703 3582 1714 3613; x_wconf 83' lang='grc'>(</span> <span class='ocrx_word' id='word_1_1315' title='bbox 1731 3589 1743 3607; x_wconf 78' lang='lat' dir='ltr'>t</span> <span class='ocrx_word' id='word_1_1316' title='bbox 1759 3583 1769 3616; x_wconf 76' lang='lat' dir='ltr'>J</span> <span class='ocrx_word' id='word_1_1317' title='bbox 1784 3592 1809 3608; x_wconf 82' lang='lat' dir='ltr'>n.</span> <span class='ocrx_word' id='word_1_1318' title='bbox 1824 3587 1852 3609; x_wconf 87' lang='lat'>6.</span> 
     </span>
    </p>

    <p class='ocr_par' dir='ltr' id='par_1_10' title="bbox 448 3614 1958 3654">
     <span class='ocr_line' id='line_1_155' title="bbox 448 3614 1958 3654; baseline -0.01 -4"><span class='ocrx_word' id='word_1_1319' title='bbox 448 3625 461 3652; x_wconf 86' lang='lat'>(</span> <span class='ocrx_word' id='word_1_1320' title='bbox 476 3635 492 3648; x_wconf 80' lang='lat' dir='ltr'>u</span> <span class='ocrx_word' id='word_1_1321' title='bbox 508 3627 521 3654; x_wconf 87' lang='lat'><strong>)</strong></span> <span class='ocrx_word' id='word_1_1322' title='bbox 537 3627 612 3649; x_wconf 85' lang='lat' dir='ltr'>Couis</span> <span class='ocrx_word' id='word_1_1323' title='bbox 628 3625 763 3653; x_wconf 79' lang='lat' dir='ltr'>d&#39;Operat.</span> <span class='ocrx_word' id='word_1_1324' title='bbox 780 3623 809 3646; x_wconf 83' lang='lat' dir='ltr'>de</span> <span class='ocrx_word' id='word_1_1325' title='bbox 826 3621 938 3649; x_wconf 80' lang='lat' dir='ltr'>Chii-urg.</span> <span class='ocrx_word' id='word_1_1326' title='bbox 957 3629 977 3649; x_wconf 88' lang='lat'>3.</span> <span class='ocrx_word' id='word_1_1327' title='bbox 998 3619 1130 3643; x_wconf 79' lang='lat' dir='ltr'>Demonstr.</span> <span class='ocrx_word' id='word_1_1328' title='bbox 1192 3616 1201 3645; x_wconf 89' lang='grc'><strong><em>(</em></strong></span> <span class='ocrx_word' id='word_1_1329' title='bbox 1218 3626 1233 3642; x_wconf 79' lang='lat' dir='ltr'><em>x</em></span> <span class='ocrx_word' id='word_1_1330' title='bbox 1250 3618 1258 3648; x_wconf 82' lang='lat'>)</span> <span class='ocrx_word' id='word_1_1331' title='bbox 1274 3615 1341 3644; x_wconf 82' lang='lat' dir='ltr'>Disp.</span> <span class='ocrx_word' id='word_1_1332' title='bbox 1358 3617 1425 3645; x_wconf 81' lang='lat' dir='ltr'>supra</span> <span class='ocrx_word' id='word_1_1333' title='bbox 1440 3615 1470 3640; x_wconf 77' lang='lat' dir='ltr'>ad</span> <span class='ocrx_word' id='word_1_1334' title='bbox 1488 3622 1513 3638; x_wconf 88' lang='lat' dir='ltr'>n.</span> <span class='ocrx_word' id='word_1_1335' title='bbox 1531 3623 1569 3642; x_wconf 67' lang='lat'>27.</span> <span class='ocrx_word' id='word_1_1336' title='bbox 1586 3620 1628 3640; x_wconf 83' lang='lat' dir='ltr'>cit.</span> <span class='ocrx_word' id='word_1_1337' title='bbox 1647 3614 1671 3644; x_wconf 87' lang='lat'>§.</span> <span class='ocrx_word' id='word_1_1338' title='bbox 1690 3622 1728 3640; x_wconf 86' lang='lat'>11.</span> <span class='ocrx_word' id='word_1_1339' title='bbox 1790 3615 1800 3643; x_wconf 84' lang='lat'>(</span> <span class='ocrx_word' id='word_1_1340' title='bbox 1817 3615 1855 3646; x_wconf 77' lang='lat' dir='ltr'>y)</span> <span class='ocrx_word' id='word_1_1341' title='bbox 1875 3624 1901 3640; x_wconf 78' lang='grc' dir='ltr'>ῃ,</span> <span class='ocrx_word' id='word_1_1342' title='bbox 1917 3617 1958 3650; x_wconf 75' lang='lat'>²8:</span> 
     </span>
    </p>

    <p class='ocr_par' dir='ltr' id='par_1_11' title="bbox 447 3645 2080 3687">
     <span class='ocr_line' id='line_1_156' title="bbox 447 3645 2080 3687; baseline -0.006 -8"><span class='ocrx_word' id='word_1_1343' title='bbox 447 3655 454 3681; x_wconf 89' lang='lat'><strong>(</strong></span> <span class='ocrx_word' id='word_1_1344' title='bbox 474 3663 491 3683; x_wconf 70' lang='lat' dir='ltr'><em>z</em></span> <span class='ocrx_word' id='word_1_1345' title='bbox 507 3657 516 3687; x_wconf 73' lang='lat' dir='ltr'>J</span> <span class='ocrx_word' id='word_1_1346' title='bbox 533 3655 592 3684; x_wconf 74' lang='lat' dir='ltr'>[ph.</span> <span class='ocrx_word' id='word_1_1347' title='bbox 609 3657 644 3678; x_wconf 85' lang='lat' dir='ltr'>N.</span> <span class='ocrx_word' id='word_1_1348' title='bbox 661 3657 689 3678; x_wconf 90' lang='lat' dir='ltr'>C.</span> <span class='ocrx_word' id='word_1_1349' title='bbox 707 3656 780 3679; x_wconf 81' lang='lat' dir='ltr'>Cent.</span> <span class='ocrx_word' id='word_1_1350' title='bbox 801 3660 820 3676; x_wconf 78' lang='lat' dir='ltr'>i.</span> <span class='ocrx_word' id='word_1_1351' title='bbox 837 3654 858 3675; x_wconf 75' lang='grc' dir='ltr'>δι</span> <span class='ocrx_word' id='word_1_1352' title='bbox 875 3659 896 3674; x_wconf 84' lang='lat'>².</span> <span class='ocrx_word' id='word_1_1353' title='bbox 914 3650 972 3675; x_wconf 90' lang='lat' dir='ltr'>Obs.</span> <span class='ocrx_word' id='word_1_1354' title='bbox 991 3657 1044 3679; x_wconf 80' lang='lat'>152.</span> <span class='ocrx_word' id='word_1_1355' title='bbox 1062 3650 1084 3672; x_wconf 69' lang='grc' dir='ltr'>δι</span> <span class='ocrx_word' id='word_1_1356' title='bbox 1101 3649 1152 3673; x_wconf 70' lang='lat' dir='ltr'>Ass.</span> <span class='ocrx_word' id='word_1_1357' title='bbox 1168 3650 1242 3672; x_wconf 88' lang='lat' dir='ltr'>Tom.</span> <span class='ocrx_word' id='word_1_1358' title='bbox 1260 3655 1281 3675; x_wconf 78' lang='lat'>4.</span> <span class='ocrx_word' id='word_1_1359' title='bbox 1300 3647 1360 3671; x_wconf 81' lang='lat' dir='ltr'>Obs.</span> <span class='ocrx_word' id='word_1_1360' title='bbox 1372 3655 1411 3675; x_wconf 77' lang='lat'>24-</span> <span class='ocrx_word' id='word_1_1361' title='bbox 1475 3646 1484 3669; x_wconf 89' lang='grc'><strong><em>(</em></strong></span> <span class='ocrx_word' id='word_1_1362' title='bbox 1502 3654 1516 3670; x_wconf 86' lang='lat' dir='ltr'>a</span> <span class='ocrx_word' id='word_1_1363' title='bbox 1532 3645 1546 3672; x_wconf 90' lang='lat'><strong>)</strong></span> <span class='ocrx_word' id='word_1_1364' title='bbox 1561 3652 1586 3667; x_wconf 85' lang='lat' dir='ltr'>n.</span> <span class='ocrx_word' id='word_1_1365' title='bbox 1603 3652 1639 3668; x_wconf 84' lang='lat'>22.</span> <span class='ocrx_word' id='word_1_1366' title='bbox 1657 3653 1695 3675; x_wconf 80' lang='lat'>²3·</span> <span class='ocrx_word' id='word_1_1367' title='bbox 1756 3646 1767 3670; x_wconf 87' lang='grc'>(</span> <span class='ocrx_word' id='word_1_1368' title='bbox 1783 3645 1796 3669; x_wconf 86' lang='lat' dir='ltr'><em>b</em></span> <span class='ocrx_word' id='word_1_1369' title='bbox 1813 3646 1827 3675; x_wconf 90' lang='lat'>)</span> <span class='ocrx_word' id='word_1_1370' title='bbox 1845 3648 1892 3671; x_wconf 88' lang='lat'>111.</span> <span class='ocrx_word' id='word_1_1371' title='bbox 1909 3646 2023 3671; x_wconf 79' lang='lat' dir='ltr'>Ammad.</span> <span class='ocrx_word' id='word_1_1372' title='bbox 2043 3649 2080 3675; x_wconf 72' lang='lat'>36,</span> 
     </span>
    </p>

    <p class='ocr_par' dir='ltr' id='par_1_12' title="bbox 447 3676 2320 3744">
     <span class='ocr_line' id='line_1_157' title="bbox 447 3676 2320 3713; baseline -0.004 -5"><span class='ocrx_word' id='word_1_1373' title='bbox 447 3684 457 3713; x_wconf 82' lang='lat'><strong><em>(</em></strong></span> <span class='ocrx_word' id='word_1_1374' title='bbox 475 3693 486 3708; x_wconf 83' lang='lat' dir='ltr'>c</span> <span class='ocrx_word' id='word_1_1375' title='bbox 502 3691 511 3712; x_wconf 85' lang='lat'><em>)</em></span> <span class='ocrx_word' id='word_1_1376' title='bbox 527 3687 601 3708; x_wconf 85' lang='lat' dir='ltr'>Tom.</span> <span class='ocrx_word' id='word_1_1377' title='bbox 618 3695 641 3713; x_wconf 69' lang='lat'>4.</span> <span class='ocrx_word' id='word_1_1378' title='bbox 659 3683 717 3709; x_wconf 88' lang='lat' dir='ltr'>Obs.</span> <span class='ocrx_word' id='word_1_1379' title='bbox 734 3692 771 3713; x_wconf 75' lang='lat'>95·</span> <span class='ocrx_word' id='word_1_1380' title='bbox 789 3683 814 3706; x_wconf 85' lang='lat' dir='ltr'>in</span> <span class='ocrx_word' id='word_1_1381' title='bbox 829 3682 893 3706; x_wconf 77' lang='lat' dir='ltr'>fine·</span> <span class='ocrx_word' id='word_1_1382' title='bbox 956 3682 969 3710; x_wconf 90' lang='lat'>(</span> <span class='ocrx_word' id='word_1_1383' title='bbox 985 3681 1000 3703; x_wconf 80' lang='lat' dir='ltr'>d</span> <span class='ocrx_word' id='word_1_1384' title='bbox 1017 3682 1026 3709; x_wconf 85' lang='lat'><em>)</em></span> <span class='ocrx_word' id='word_1_1385' title='bbox 1044 3679 1136 3704; x_wconf 86' lang='lat' dir='ltr'>Medic.</span> <span class='ocrx_word' id='word_1_1386' title='bbox 1154 3678 1211 3702; x_wconf 83' lang='lat' dir='ltr'>Obs·</span> <span class='ocrx_word' id='word_1_1387' title='bbox 1227 3685 1249 3702; x_wconf 73' lang='lat'>⁶-</span> <span class='ocrx_word' id='word_1_1388' title='bbox 1266 3686 1306 3708; x_wconf 77' lang='lat'>45·</span> <span class='ocrx_word' id='word_1_1389' title='bbox 1367 3679 1380 3706; x_wconf 87' lang='lat'><strong>(</strong></span> <span class='ocrx_word' id='word_1_1390' title='bbox 1394 3686 1407 3701; x_wconf 70' lang='grc' dir='ltr'><strong><em>ε</em></strong></span> <span class='ocrx_word' id='word_1_1391' title='bbox 1423 3676 1614 3711; x_wconf 49' lang='lat' dir='ltr'>{Anti-tropum.</span> <span class='ocrx_word' id='word_1_1392' title='bbox 1631 3678 1650 3700; x_wconf 85' lang='lat'>1.</span> <span class='ocrx_word' id='word_1_1393' title='bbox 1667 3683 1689 3700; x_wconf 84' lang='lat'>2.</span> <span class='ocrx_word' id='word_1_1394' title='bbox 1705 3683 1726 3700; x_wconf 87' lang='lat' dir='ltr'>e.</span> <span class='ocrx_word' id='word_1_1395' title='bbox 1743 3678 1780 3700; x_wconf 83' lang='lat'>28.</span> <span class='ocrx_word' id='word_1_1396' title='bbox 1841 3679 1848 3707; x_wconf 90' lang='lat'>(</span> <span class='ocrx_word' id='word_1_1397' title='bbox 1865 3676 1882 3707; x_wconf 79' lang='lat' dir='ltr'>f</span> <span class='ocrx_word' id='word_1_1398' title='bbox 1898 3678 1905 3706; x_wconf 90' lang='grc'>&gt;</span> <span class='ocrx_word' id='word_1_1399' title='bbox 1923 3676 2058 3701; x_wconf 81' lang='lat' dir='ltr'>Encheirid.</span> <span class='ocrx_word' id='word_1_1400' title='bbox 2076 3679 2149 3701; x_wconf 74' lang='lat' dir='ltr'>Anat.</span> <span class='ocrx_word' id='word_1_1401' title='bbox 2164 3676 2181 3702; x_wconf 84' lang='lat'>1.</span> <span class='ocrx_word' id='word_1_1402' title='bbox 2201 3682 2223 3700; x_wconf 87' lang='lat'>2.</span> <span class='ocrx_word' id='word_1_1403' title='bbox 2239 3681 2262 3700; x_wconf 80' lang='lat' dir='ltr'>c.</span> <span class='ocrx_word' id='word_1_1404' title='bbox 2283 3682 2320 3704; x_wconf 75' lang='lat'>30.</span> 
     </span>
     <span class='ocr_line' id='line_1_158' title="bbox 450 3706 2146 3744; baseline -0.008 -5"><span class='ocrx_word' id='word_1_1405' title='bbox 450 3715 458 3743; x_wconf 92' lang='lat'>(</span> <span class='ocrx_word' id='word_1_1406' title='bbox 475 3723 492 3744; x_wconf 68' lang='lat' dir='ltr'><strong><em>g</em></strong></span> <span class='ocrx_word' id='word_1_1407' title='bbox 511 3716 524 3742; x_wconf 88' lang='lat'>)</span> <span class='ocrx_word' id='word_1_1408' title='bbox 541 3715 613 3743; x_wconf 78' lang='lat' dir='ltr'>Epist.</span> <span class='ocrx_word' id='word_1_1409' title='bbox 632 3717 703 3739; x_wconf 78' lang='lat' dir='ltr'>Anat.</span> <span class='ocrx_word' id='word_1_1410' title='bbox 722 3723 743 3740; x_wconf 89' lang='lat'>1.</span> <span class='ocrx_word' id='word_1_1411' title='bbox 760 3722 785 3737; x_wconf 87' lang='lat' dir='ltr'>n.</span> <span class='ocrx_word' id='word_1_1412' title='bbox 803 3716 842 3738; x_wconf 87' lang='lat'>61.</span> <span class='ocrx_word' id='word_1_1413' title='bbox 904 3713 918 3741; x_wconf 88' lang='lat'><strong>(</strong></span> <span class='ocrx_word' id='word_1_1414' title='bbox 934 3712 948 3734; x_wconf 84' lang='lat' dir='ltr'>b</span> <span class='ocrx_word' id='word_1_1415' title='bbox 965 3711 979 3739; x_wconf 86' lang='grc'>)</span> <span class='ocrx_word' id='word_1_1416' title='bbox 995 3711 1138 3735; x_wconf 87' lang='lat' dir='ltr'>Comment.</span> <span class='ocrx_word' id='word_1_1417' title='bbox 1155 3711 1228 3734; x_wconf 92' lang='lat' dir='ltr'>Tom.</span> <span class='ocrx_word' id='word_1_1418' title='bbox 1248 3716 1270 3736; x_wconf 88' lang='grc' dir='ltr'>ς.</span> <span class='ocrx_word' id='word_1_1419' title='bbox 1327 3709 1345 3741; x_wconf 23' lang='grc' dir='ltr'>η(</span> <span class='ocrx_word' id='word_1_1420' title='bbox 1361 3708 1396 3741; x_wconf 48' lang='grc' dir='ltr'>ἰ.)</span> <span class='ocrx_word' id='word_1_1421' title='bbox 1413 3708 1472 3731; x_wconf 60' lang='lat' dir='ltr'>first,</span> <span class='ocrx_word' id='word_1_1422' title='bbox 1489 3706 1517 3731; x_wconf 88' lang='lat' dir='ltr'>de</span> <span class='ocrx_word' id='word_1_1423' title='bbox 1533 3706 1631 3730; x_wconf 76' lang='lat' dir='ltr'>i&#39;Acad.</span> <span class='ocrx_word' id='word_1_1424' title='bbox 1650 3708 1681 3729; x_wconf 81' lang='lat' dir='ltr'>R.</span> <span class='ocrx_word' id='word_1_1425' title='bbox 1698 3707 1737 3730; x_wconf 83' lang='lat' dir='ltr'>des</span> <span class='ocrx_word' id='word_1_1426' title='bbox 1754 3709 1791 3732; x_wconf 83' lang='lat' dir='ltr'>Sc.</span> <span class='ocrx_word' id='word_1_1427' title='bbox 1808 3709 1840 3731; x_wconf 80' lang='lat' dir='ltr'>A.</span> <span class='ocrx_word' id='word_1_1428' title='bbox 1857 3715 1924 3736; x_wconf 76' lang='lat'>1704.</span> <span class='ocrx_word' id='word_1_1429' title='bbox 1942 3707 2000 3732; x_wconf 76' lang='lat' dir='ltr'>obs,</span> <span class='ocrx_word' id='word_1_1430' title='bbox 2019 3711 2092 3733; x_wconf 64' lang='lat' dir='ltr'>Anat,</span> <span class='ocrx_word' id='word_1_1431' title='bbox 2108 3714 2146 3733; x_wconf 66' lang='lat'>22,</span> 
     </span>
    </p>

    <p class='ocr_par' dir='ltr' id='par_1_13' title="bbox 454 3736 1981 3774">
     <span class='ocr_line' id='line_1_159' title="bbox 454 3736 1981 3774; baseline -0.005 -7"><span class='ocrx_word' id='word_1_1432' title='bbox 454 3744 466 3773; x_wconf 83' lang='lat'>(</span> <span class='ocrx_word' id='word_1_1433' title='bbox 482 3744 498 3767; x_wconf 70' lang='lat' dir='ltr'><em>k</em></span> <span class='ocrx_word' id='word_1_1434' title='bbox 514 3745 527 3773; x_wconf 83' lang='grc'>)</span> <span class='ocrx_word' id='word_1_1435' title='bbox 544 3744 596 3768; x_wconf 65' lang='lat' dir='ltr'>Se&amp;</span> <span class='ocrx_word' id='word_1_1436' title='bbox 618 3745 662 3768; x_wconf 82' lang='lat' dir='ltr'>hae</span> <span class='ocrx_word' id='word_1_1437' title='bbox 677 3744 799 3774; x_wconf 72' lang='lat' dir='ltr'>Sepulchr.</span> <span class='ocrx_word' id='word_1_1438' title='bbox 814 3751 854 3774; x_wconf 75' lang='lat'>25.</span> <span class='ocrx_word' id='word_1_1439' title='bbox 870 3742 897 3767; x_wconf 88' lang='lat' dir='ltr'>in</span> <span class='ocrx_word' id='word_1_1440' title='bbox 912 3741 993 3767; x_wconf 75' lang='lat' dir='ltr'>Sci-iol⁴¹</span> <span class='ocrx_word' id='word_1_1441' title='bbox 1007 3740 1038 3765; x_wconf 73' lang='lat' dir='ltr'>ad</span> <span class='ocrx_word' id='word_1_1442' title='bbox 1052 3740 1113 3765; x_wconf 86' lang='lat' dir='ltr'>Obs.</span> <span class='ocrx_word' id='word_1_1443' title='bbox 1133 3748 1155 3770; x_wconf 78' lang='lat'>3.</span> <span class='ocrx_word' id='word_1_1444' title='bbox 1216 3738 1231 3768; x_wconf 74' lang='grc' dir='ltr'>ζ</span> <span class='ocrx_word' id='word_1_1445' title='bbox 1243 3739 1255 3763; x_wconf 79' lang='grc' dir='ltr'><em>Ι</em></span> <span class='ocrx_word' id='word_1_1446' title='bbox 1267 3739 1279 3770; x_wconf 90' lang='grc'><strong><em>)</em></strong></span> <span class='ocrx_word' id='word_1_1447' title='bbox 1293 3737 1360 3763; x_wconf 77' lang='lat' dir='ltr'>lbid.</span> <span class='ocrx_word' id='word_1_1448' title='bbox 1376 3746 1402 3763; x_wconf 81' lang='lat' dir='ltr'>m</span> <span class='ocrx_word' id='word_1_1449' title='bbox 1418 3737 1498 3763; x_wconf 85' lang='lat' dir='ltr'>Schol.</span> <span class='ocrx_word' id='word_1_1450' title='bbox 1512 3737 1543 3762; x_wconf 78' lang='lat' dir='ltr'>ad</span> <span class='ocrx_word' id='word_1_1451' title='bbox 1560 3736 1585 3766; x_wconf 80' lang='lat'>§-</span> <span class='ocrx_word' id='word_1_1452' title='bbox 1601 3745 1624 3766; x_wconf 92' lang='lat'>7.</span> <span class='ocrx_word' id='word_1_1453' title='bbox 1640 3736 1700 3761; x_wconf 89' lang='lat' dir='ltr'>Obs.</span> <span class='ocrx_word' id='word_1_1454' title='bbox 1717 3738 1741 3762; x_wconf 81' lang='lat'>8.</span> <span class='ocrx_word' id='word_1_1455' title='bbox 1802 3739 1816 3766; x_wconf 86' lang='grc'>(</span> <span class='ocrx_word' id='word_1_1456' title='bbox 1830 3745 1855 3763; x_wconf 80' lang='lat' dir='ltr'>m</span> <span class='ocrx_word' id='word_1_1457' title='bbox 1874 3740 1881 3766; x_wconf 85' lang='lat'><em>)</em></span> <span class='ocrx_word' id='word_1_1458' title='bbox 1898 3745 1922 3763; x_wconf 91' lang='lat' dir='ltr'>n.</span> <span class='ocrx_word' id='word_1_1459' title='bbox 1939 3739 1981 3762; x_wconf 66' lang='lat'>23.</span> 
     </span>
    </p>
   </div>
  </div>
 </body>
</html>
