2498 4075
342 180 484 220 -sedem
510 186 595 220 inter
620 184 853 227 peritonaeurn,
876 185 907 217 ἅτ
940 182 1100 216 musculos
1134 183 1340 221 collocaverit
1366 206 1374 215 .

381 226 542 269 Equidem
566 228 737 269 Bogdanus
760 240 828 269 quo
852 238 936 261 anno
959 226 1014 258 illa
1040 224 1224 268 scripserit,
1248 227 1375 262 nescio;

376 282 411 305 at
434 280 519 305 certe
542 273 584 305 A.
615 273 709 312 1665.
737 271 806 312 ipsa
829 269 931 305 edidit
955 268 1161 303 Bartholinus
1182 271 1196 307 (
1218 270 1230 303 l
1252 273 1286 308 ).
1314 270 1373 303 Sed

377 318 411 348 &
434 315 604 348 duodecim
628 324 700 347 ante
735 316 824 347 annis
845 314 948 346 Olaus
972 312 1182 345 Rudbeckius
1205 316 1285 352 (m)
1309 323 1373 346 non

375 357 581 392 dubitaverat
599 384 606 393 .
630 358 711 400 quin
732 357 814 390 inter
836 355 987 398 musculos
1011 353 1182 388 abdominis
1217 357 1260 389 Θ
1287 356 1373 397 peri-

377 410 507 435 toaeaeum
531 400 630 441 posset
654 407 756 432 tumor
788 399 969 441 hydropicus
990 399 1166 438 procreari.
1192 400 1294 432 Anno
1316 409 1373 431 au-

374 455 443 478 tem
469 448 564 485 1677.
588 445 621 476 in
645 443 785 484 Virgine
818 453 932 483 aquam
966 440 1178 483 deprehendit·
1207 441 1372 475 Gerardus

374 487 498 520 Blasius
524 492 533 526 (
559 497 578 519 n
603 491 612 525 )
636 488 721 526 intra
734 484 885 527 musculos
907 483 1077 517 abdominis
1099 484 1346 526 &peritonaeum
1362 510 1369 517 .

375 532 444 564 Hic
468 539 573 563 tamen
599 532 682 563 inter
706 527 781 561 duas
806 527 936 569 quoque
948 527 1262 569 peritonaeilaminas
1286 527 1371 561 idem

375 575 561 615 contingere
584 572 692 615 posse,
716 570 861 605 censuit.
886 571 987 611 Qod
1011 575 1041 604 ἃ
1071 570 1242 612 contigisse
1264 572 1372 604 dicen-

373 617 452 651 dum
476 615 547 651 esset
571 618 603 648 in
630 614 789 657 plerisque
803 614 1117 650 Observationibus‚
1141 613 1198 646 nisi
1211 616 1268 656 qui
1293 625 1372 648 con·-

374 671 502 694 teXtum
513 660 700 695 cellulosum
709 657 891 700 disrumpi,
905 656 1017 698 ajunt,
1029 657 1213 699 respondere
1226 655 1370 700 possent,

374 706 571 738 exteriorem
597 702 692 743 hujus
716 711 839 743 partem
854 726 863 740 ,
887 700 925 733 ad
950 700 1109 733 musculos
1133 699 1368 738 adhaerentem‚

373 757 451 780 tunc
474 748 553 789 saepe
576 745 707 779 crassam
734 743 812 777 adeo
836 756 871 777 ac
897 743 1024 787 densam
1035 743 1130 788 fieri,
1148 753 1184 777 ut
1201 755 1261 784 pro
1274 745 1370 778 altera

373 792 542 833 peritonaei
566 790 684 823 lamina
707 789 855 828 imponat
870 813 879 825 ‚
905 787 974 820 imo
988 797 1218 828 nonnunquam
1230 797 1370 828 prototo

320 864 323 868 J
372 835 567 875 peritonae03
593 830 678 874 quod
703 828 950 863 Hoechstettero
974 832 987 867 (
1010 831 1059 871 ο)
1084 830 1215 872 aliisque
1241 830 1369 864 videtur

372 876 516 910 accidisse
531 901 540 914 ,
563 878 596 910 in
620 875 669 907 his
681 874 781 905 Paulo
795 871 950 911 Metilio,
973 873 1063 914 cujus
1078 875 1119 906 ‘in
1134 874 1285 907 Matrona
1297 875 1371 907 Ob-

372 919 512 953 servatio
525 919 566 953 sic
578 916 739 960 proposita
764 916 837 948 esta
854 916 1048 950 Bartholino
1072 922 1113 959 (p
1127 919 1161 957 )‚
1185 916 1271 960 quasi
1289 929 1370 960 aqua

371 963 511 1005 plurima
536 961 683 1004 congesta
696 954 803 993 fuisset
815 960 899 992 inter
911 961 1122 1003 peritonaeum
1135 983 1143 998 ,
1166 962 1197 993 &
1210 962 1370 994 membra-

369 1017 443 1039 nam
455 1006 632 1040 densiorem
645 1029 653 1043 ,
667 1002 785 1036 viscera
798 1004 908 1036 omnia
922 1005 1138 1045 operientem,
1152 1005 1241 1037 venis
1252 1007 1368 1045 copio-

368 1050 408 1082 sis
421 1072 430 1086 ,
456 1053 487 1082 &
498 1051 611 1092 amplis
624 1046 789 1083 refertam,
803 1048 854 1078 cui
869 1048 905 1079 ad
918 1048 1043 1088 hepatis
1055 1048 1222 1088 regionem
1238 1059 1369 1090 magnus

368 1092 520 1127 abscessus
542 1102 609 1126 erat
634 1089 789 1128 adflatus,
815 1101 888 1122 cum
912 1099 976 1123 tres
1009 1091 1150 1123 minores
1180 1090 1368 1124 inferiorem

367 1137 558 1172 membranae
592 1144 714 1178 partem
747 1141 846 1175 prope
878 1134 1011 1175 inguina
1042 1144 1260 1175 occuparent.
1322 1147 1367 1167 uae

367 1180 567 1213 Observatio
590 1178 673 1212 edita
697 1177 741 1209 est
766 1178 807 1209 A.
826 1181 923 1218 1657.
948 1178 1084 1209 Annum
1098 1185 1202 1209 autem
1226 1178 1370 1217 indicavi

367 1235 432 1265 quo
456 1226 502 1256 est
524 1234 658 1265 quaeque
683 1229 933 1254 memoratarum
964 1219 1238 1253 Observationum
1260 1223 1370 1262 vulga-

366 1276 420 1304 ta,
446 1277 481 1299 ut
498 1265 661 1307 plerasque
684 1264 881 1303 intelligeres
903 1264 935 1295 in
947 1265 1095 1295 omnium
1111 1262 1202 1296 fuisse
1224 1265 1370 1298 manibus

362 1320 441 1343 ante
467 1310 511 1342 A.
539 1309 631 1341 1668.
656 1318 722 1349 quo
746 1306 987 1340 Drelincurtius
1021 1305 1175 1340 Publicus
1210 1307 1369 1341 Professor

370 1354 417 1386 ibi
442 1352 484 1385 est
510 1362 636 1386 creatus
661 1352 717 1383 ubi
742 1349 856 1390 aliquis
880 1347 957 1390 ejus
974 1349 1304 1391 Discipulorumcum
1328 1352 1368 1383 il-

365 1398 428 1430 lam
454 1394 520 1429 fuse
542 1395 709 1428 historiam
744 1392 894 1425 scriberet
926 1391 1082 1435 hydropis
1115 1394 1282 1434 peritonaei
1304 1418 1316 1435 ,
1350 1407 1366 1427 a

366 1440 597 1474 Drelincurtio
636 1445 821 1478 acceptam,
863 1447 935 1478 quae
969 1437 1014 1469 in'
1046 1437 1286 1471 Additamentis
1329 1438 1367 1472 ad

365 1484 450 1518 hanc
474 1481 674 1524 Sepulchreti
693 1479 872 1513 Sectionem
886 1479 1008 1521 adjecta
1021 1479 1084 1519 est(
1107 1492 1125 1522 q
1140 1481 1157 1522 )
1173 1506 1181 1519 ,
1207 1480 1284 1513 illud
1300 1481 1368 1515 sane

363 1527 448 1562 hand
473 1526 607 1567 dignum
632 1522 841 1558 eruditiffimo
856 1525 1055 1565 Praeceptore
1076 1523 1237 1565 interjecit
1253 1547 1261 1561 ,
1282 1526 1370 1566 pari-

366 1570 406 1604 lis
441 1577 570 1604 eventus
593 1579 644 1601 nec
667 1567 769 1601 volam
788 1592 797 1605 ,
825 1577 877 1600 nec
899 1565 1060 1609 vestigium
1081 1567 1194 1607 exstare
1216 1567 1269 1601 vel
1290 1569 1370 1609 apud

367 1615 490 1649 Veteres
510 1638 520 1654 ‚
556 1611 607 1645 vel
641 1617 722 1653 apua
752 1610 968 1651 Neorericos,
992 1620 1051 1644 uno
1074 1618 1199 1653 excepto
1221 1610 1267 1644 cl.
1292 1611 1369 1645 Tul-

382 1669 440 1691 ³20.

365 1668 381 1700 ἕ
409 1711 458 1742 50.
482 1701 556 1745 Jam
582 1711 659 1734 vero
680 1707 809 1732 caeteras
833 1697 974 1732 indicare
998 1697 1073 1731 satis
1108 1697 1171 1731 erit
1207 1699 1369 1733 Observa-

363 1746 469 1778 tiones
505 1743 646 1786 ejusdem
681 1741 837 1785 hydropis
858 1765 868 1780 ‚
903 1753 976 1784 qua:
1009 1740 1078 1784 post
1112 1753 1229 1775 annum
1273 1743 1365 1776 illum

365 1789 459 1822 1658.
484 1789 522 1821 ad
545 1800 662 1820 annum
696 1785 791 1827 usque
815 1785 887 1819 sunt
912 1785 1006 1818 editae
1033 1786 1129 1822 1692.
1153 1796 1220 1826 quo
1231 1785 1364 1819 Drelin-

364 1833 463 1867 curtii
487 1830 643 1865 successor
680 1828 830 1862 Nuckius
864 1829 950 1872 (r)
985 1828 1072 1860 suam
1106 1828 1171 1870 ipse
1195 1830 1364 1870 vulgavit,

364 1878 639 1910 communicatam
664 1884 752 1906 antea
776 1884 850 1906 curn
874 1872 1068 1914 Stalpartio,
1093 1873 1124 1903 δε
1149 1871 1187 1904 ab
1210 1871 1271 1904 hoc
1295 1872 1365 1906 edi-

365 1924 455 1959 tam(
471 1920 498 1962 s
511 1923 521 1958 )
535 1945 542 1953 .
570 1920 711 1952 Fuerunt
724 1925 830 1950 autem
847 1924 963 1958 praeter
976 1926 1024 1948 eas
1038 1913 1282 1952 Hoechstetteri
1298 1940 1306 1954 ,
1331 1917 1362 1948 &

364 1965 482 2001 Blasii,
508 1963 545 1997 dc
569 1962 688 2004 quibus
713 1958 806 2001 supra
831 1959 881 2002 (t
905 1962 914 1996 )
938 1957 1063 2005 dicffiurn
1085 1957 1129 1991 est
1152 1981 1161 1995 ,
1197 1967 1261 1992 tres
1296 1958 1360 1991 illae

363 2019 442 2050 quas
457 2029 466 2044 ‚
489 2015 526 2040 ut
553 2004 715 2049 plerasque
730 2002 804 2035 alias
818 2023 827 2040 ,
849 2001 973 2035 videbis
996 2002 1029 2033 in
1044 2000 1287 2043 Sepulchretum
1300 2007 1310 2041 (
1322 2006 1364 2041 u>

361 2052 474 2085 relatas
498 2062 536 2083 cx
558 2048 704 2082 Sculteto
718 2070 727 2084 ‚
752 2046 946 2087 Helwigio,
968 2043 1154 2086 &Sponioz
1172 2048 1299 2087 quibus
1310 2046 1365 2078 ad-

362 2096 416 2128 des
440 2092 578 2127 Kniselii
603 2096 614 2132 (
637 2102 659 2125 x
679 2093 694 2130 )
715 2099 831 2125 unam,
856 2099 953 2131 quam
977 2090 1010 2122 in
1023 2087 1231 2130 Sepulchreto
1242 2088 1363 2127 deesse,

361 2151 426 2172 non
453 2137 639 2175 miraberis,
661 2144 735 2174 cnm
770 2131 1051 2169 animadverteris,
1079 2130 1178 2164 deesse
1211 2132 1363 2166 Nucltia-

361 2185 458 2216 nam!
484 2182 533 2213 Ex
556 2191 622 2223 quo
648 2187 754 2211 autern
778 2175 1003 2214 Nuckius(3›)
1018 2174 1146 2207 solertia
1160 2174 1362 2216 acindustria

359 2226 415 2259 sua
439 2224 523 2260 hunc
548 2222 697 2257 morbum
720 2219 914 2256 illustravit,
940 2219 1116 2252 extiterunt
1140 2219 1364 2260 primuanb-

363 2268 560 2303 servationes
585 2276 670 2305 tres,
694 2265 726 2296 in
749 2262 962 2305 Sepulclireto
984 2261 1176 2303 descriptae,
1207 2261 1363 2296 Gahrlie-

361 2315 410 2357 pii
436 2324 496 2346 una
522 2316 531 2350 (
556 2310 612 2353 z)
632 2334 641 2348 ,
667 2306 885 2341 Drelincurtii
910 2307 1007 2339 altera
1023 2327 1031 2342 ‚
1054 2315 1153 2347 quam
1178 2307 1275 2348 paulo
1290 2315 1362 2339 ante

363 2361 377 2397 (
399 2368 415 2388 a
438 2359 452 2396 )
474 2352 726 2389 commemoravi
748 2373 757 2388 ‚
783 2353 812 2383 &
836 2350 975 2382 Simonis
1006 2348 1095 2390 Zylii
1130 2350 1225 2381 tertia
1249 2373 1261 2389 ‚
1292 2361 1365 2391 quae

363 2411 438 2433 cum
458 2397 566 2432 eadem
588 2394 762 2436 composita
787 2392 847 2425 est.
875 2392 955 2424 Non
990 2400 1168 2433 potuerunt
1200 2402 1306 2425 autem
1330 2396 1365 2425 in

364 2441 574 2485 Sepulchreto
599 2440 706 2471 locum
731 2437 866 2479 lia-bere,
891 2437 1011 2476 quippe
1035 2434 1104 2475 post
1119 2433 1285 2468 secundam
1298 2435 1364 2476 ejus

366 2488 543 2520 editionem
568 2483 705 2523 vulgatae
726 2502 734 2517 ,
772 2477 1026 2511 Observationes
1057 2477 1186 2519 reliquae
1218 2489 1329 2511 omnes
1352 2501 1362 2515 ‚

365 2542 443 2573 quas
469 2527 583 2571 singuli
608 2525 744 2565 singulas
776 2521 967 2563 proposuere
1003 2521 1145 2553 Littrius
1177 2523 1190 2560 (
1213 2520 1266 2561 b)
1302 2522 1365 2563 pri-

366 2584 476 2609 mum,
500 2572 558 2614 qui
584 2568 690 2603 morbi
712 2566 959 2608 explicationem
974 2588 984 2603 ‚
1008 2562 1114 2605 signa,
1147 2565 1330 2611 prognosim
1354 2588 1363 2602 ‚

368 2617 569 2651 curationem
589 2611 778 2654 diligentius
799 2619 895 2650 quarn
920 2608 974 2641 alii
995 2606 1033 2640 ad
1051 2607 1083 2639 id
1103 2616 1250 2649 tempus,
1276 2609 1365 2649 adje-

365 2662 434 2699 cit,
468 2658 615 2699 deinceps
639 2666 714 2687 vero
735 2653 961 2693 Hieronymus
993 2651 1133 2697 Laubius
1155 2653 1239 2691 (c),
1265 2652 1365 2684 Lucas

368 2702 581 2737 schrockjus-
606 2698 690 2738 (d)
713 2720 722 2734 ‚
766 2695 907 2739 Joannes
942 2693 1095 2727 Palhnius
1128 2697 1138 2733 (
1160 2703 1175 2726 e
1195 2696 1209 2732 )
1240 2706 1279 2726 ex
1308 2697 1366 2727 Fa-

368 2747 483 2780 veletii
526 2741 822 2777 communicatione
845 2760 854 2776 ‚
888 2747 958 2771 tum
992 2737 1046 2769 Cl.
1084 2737 1137 2770 alii
1172 2737 1281 2775 Viri,
1309 2738 1364 2780 Jo.

368 2790 492 2828 (georg,
528 2788 681 2828 Hoyerus
726 2779 792 2824 (f
819 2784 829 2819 )
855 2806 864 2822 ,
890 2781 944 2824 J0.
991 2780 1198 2813 Hermannus
1242 2782 1370 2813 Furste-

370 2827 484 2866 navitis
505 2835 519 2870 (
538 2841 560 2872 g
585 2833 624 2869 ),
642 2828 696 2871 Jo.
724 2823 912 2867 Christoph.
942 2823 1075 2856 Pohlius
1098 2823 1152 2866 (h
1174 2827 1208 2862 >,
1233 2823 1370 2865 denique

368 2877 424 2920 Jo.
449 2876 553 2908 Henr.
576 2872 798 2913 Respingerus
822 2873 832 2907 (
856 2870 868 2901 i
892 2871 925 2906 ).
950 2868 1081 2901 Horum
1105 2869 1208 2909 igitur
1225 2892 1232 2905 ,
1257 2870 1286 2899 3<
1318 2879 1368 2900 eo—

371 2930 444 2952 rum
469 2917 614 2951 omnium
640 2916 695 2956 qui
722 2915 812 2955 supra
836 2912 994 2944 nominati
1029 2909 1101 2944 sunt
1123 2933 1136 2951 ,
1169 2909 1249 2944 mihi
1284 2920 1371 2944 erant

373 2965 409 2994 in
435 2960 581 2994 manibus
606 2956 881 2991 Observationes,
906 2956 941 2987 ad
968 2964 998 2987 te
1024 2953 1198 2993 scribenti,
1223 2965 1277 2986 nec
1312 2955 1372 2987 du-

370 3005 517 3043 bitanti,
540 3002 621 3043 quin
644 3001 710 3033 aliae
735 3008 883 3039 praeterea
908 2997 1159 3039 extarespossent
1176 3000 1178 3002 ’
1195 3009 1268 3030 cum
1303 2998 1373 3029 Ve-

370 3058 477 3081 terum
500 3072 509 3086 ,
544 3056 615 3078 tum
649 3041 824 3084 praesertirn
858 3042 1094 3075 Recentiorum
1118 3066 1126 3073 .
1163 3041 1253 3080 Qas
1288 3042 1371 3072 inter

372 3092 440 3124 inoli
464 3088 611 3127 credere,
634 3087 775 3120 oblitum
788 3096 837 3116 me
858 3084 915 3117 esse
938 3084 1095 3117 recensere
1121 3082 1174 3117 hic
1197 3096 1292 3126 quam
1307 3095 1371 3116 non

372 3136 437 3169 fine
450 3133 584 3167 solertiae
599 3153 606 3167 ,
630 3127 974 3163 &dexteritatislaude
987 3127 1177 3161 Chomelius
1199 3130 1212 3165 (
1235 3125 1253 3168 k
1274 3131 1372 3167 >pro-

372 3169 503 3221 posuiit,
529 3174 645 3209 addens
668 3175 699 3205 ἃ
721 3173 853 3204 alteram
871 3196 879 3209 ,
904 3170 953 3204 sed
987 3181 1155 3213 utramque
1178 3173 1210 3204 in
1233 3172 1372 3215 viventi-

375 3224 434 3256 bus
454 3223 622 3254 dumtaxat
647 3216 813 3253 habitam.
841 3215 914 3255 Ego
938 3225 1014 3247 vero
1038 3217 1070 3246 in
1095 3214 1152 3247 hac
1175 3214 1303 3256 quidem
1324 3216 1370 3245 se-

373 3265 515 3300 cundum
543 3271 725 3302 temporum
748 3258 895 3292 ordinem
916 3257 1093 3291 recensione
1117 3268 1192 3291 cum
1215 3258 1284 3289 aliis
1316 3256 1372 3290 ad-

1018 101 1173 154 Liber
1206 100 1297 154 ΙΙΙ.
1336 102 1415 153 De
1449 100 1654 153 Morbis
1681 99 1890 154 Ventris

1426 190 1590 213 numerare
1612 179 1763 212 consulto
1785 179 1878 212 omisi
1901 188 1965 213 non
1990 178 2075 216 secus
2086 190 2121 221 ac
2146 179 2221 213 duas
2231 190 2366 223 quarum
2377 181 2429 214 al·a

1425 232 1526 256 teram
1550 234 1589 255 ex
1612 222 1830 262 Bai-tholino,
1853 223 1939 265 quati
1965 221 2079 264 hujus,
2103 233 2169 255 non
2183 223 2423 262 Brechtfeldii‚

1424 263 1521 305 esset,
1544 267 1676 299 alteram
1699 277 1739 298 ex
1762 268 1866 298 amico
1889 265 2021 298 Medico
2045 267 2239 307 produxerat
2272 267 2421 302 mucidus

1424 313 1435 348 (
1460 308 1472 341 l
1492 313 1527 349 ),
1550 319 1615 341 non
1639 308 1728 350 quod
1750 309 1789 342 de
1805 309 1866 343 hoc
1878 309 2176 350 morboagentibus
2189 319 2251 341 non
2267 312 2420 351 perutiles

1424 354 1586 390 censeam,·
1607 363 1680 384 nam
1704 354 1735 383 δι
1758 352 1822 394 ipse
1846 363 1952 385 earum
1976 353 2164 393 aliquatum
2176 351 2342 394 supraquo
2381 355 2420 388 ad

1423 397 1517 429 licuit
1530 419 1539 434 ,
1557 395 1626 431 usus
1640 395 1709 430 sum
1723 416 1732 430 ,
1757 406 1826 428 turn
1839 394 1921 428 infra
1936 393 2063 428 fortasse
2078 404 2169 431 utar;
2197 394 2247 429 sed
2259 398 2419 438 quianul-

1423 441 1453 472 la
1466 439 1604 481 ipsarum
1617 437 1660 472 est
1673 440 1853 472 anatomica
1865 438 2060 479 inspectione
2071 438 2284 479 comprobata
2294 464 2302 471 .

1422 484 1584 516 Caeterum
1597 484 1627 515 &
1638 480 1686 515 hae
1697 492 1836 523 quatuor
1849 507 1857 519 ‚
1880 485 1910 513 ἃ*
1922 480 2152 522 ejusdemmodi
2168 482 2238 514 aliae
2250 481 2334 516 infra
2345 490 2422 524 pro..

1422 525 1559 560 ferendae
1572 547 1581 562 ‚
1600 527 1633 557 in
1649 524 1792 558 foeminis
1803 523 1922 558 habita:
1936 526 2026 568 sunt,
2052 534 2087 557 ut
2101 524 2230 566 reliquae
2246 524 2342 571 etiarn
2355 536 2420 559 non

1422 569 1520 603 modo
1544 581 1615 611 quae
1638 568 1786 601 indicatae
1812 567 1934 602 suntab
1958 566 2137 609 Rudolpho
2160 568 2280 609 Iacobo
2304 570 2418 602 Came-

1422 613 1509 646 rario
1533 613 1598 654 (sm
1613 611 1631 654 )
1646 636 1654 649 ‚
1677 612 1734 652 qui
1758 609 1792 644 id
1823 611 1929 654 ipsum
1952 611 2241 651 animadverterat,
2267 611 2317 645 sed
2340 612 2419 644 &o-

1422 666 1509 689 mnes
1530 654 1660 698 'insuper
1675 655 1743 687 aliae
1764 665 1835 697 quae
1860 666 1877 688 a
1901 665 1950 686 me
1971 655 2123 688 hacstenus
2145 664 2332 691 memoratae
2351 653 2421 692 sue-

1422 708 1519 736 runt,
1544 710 1596 732 aut
1621 698 1688 740 post
1712 699 1998 734 memorabuntur3
2023 707 2058 731 ut
2091 698 2245 735 necdum,
2271 698 2329 731 ubi
2362 699 2416 730 vix

1422 754 1523 776 unum
1534 743 1692 783 exceperis
1715 742 1769 784 (n
1793 744 1826 779 ),
1850 740 1909 773 nisi
1931 741 1964 773 in
1978 741 2118 784 sequiore
2129 741 2223 779 sexu,
2248 743 2419 785 peritonaei

1422 785 1565 828 hydrops
1579 783 1825 818 sitobse'rvatus.
1843 786 1917 824 Qa
1931 784 1968 817 de
1981 796 2013 817 re
2027 810 2036 824 ‚
2060 796 2095 818 ac
2107 784 2146 819 de
2161 786 2233 819 aliis
2244 797 2344 828 quas,
2368 791 2419 819 to't

1422 829 1569 863 historias
1582 829 1666 861 inter
1679 828 1706 861 se
1716 826 1903 866 conferens,
1929 828 2129 869 peculiariter
2144 828 2319 869 adnotavi,
2344 839 2420 860 mox

1422 872 1546 915 aliquid
1559 872 1693 905 scribam
1705 871 1906 914 posteaquam
1920 873 2041 913 primus
2051 894 2068 918 ².
2085 871 2173 915 quod
2184 873 2279 906 sciam
2291 893 2300 910 ‚
2313 870 2419 904 Italo-

1420 927 1513 953 rum,
1538 915 1613 949 duas
1625 926 1701 957 quas
1715 915 1879 956 pollicitus
1903 914 1992 954 sum,
2016 914 2184 956 adjecero‚·
2207 927 2243 949 ne
2255 915 2420 948 fortecre-

1419 959 1495 997 das,
1518 970 1591 993 cum
1616 959 1653 992 de
1665 959 1794 991 totillis
1817 957 2003 991 mulieribus
2027 959 2112 992 nulla
2127 959 2224 992 fuerit
2235 969 2273 992 ex
2295 959 2389 992 Italia
2404 980 2417 997 ,

1421 1003 1571 1036 nostrates
1594 1001 1746 1035 foeminas
1768 1000 1843 1035 huic
1868 1001 1982 1034 morbo
2003 1002 2159 1035 obnoxias
2175 1002 2237 1037 non
2260 1001 2342 1040 esse,
2368 1012 2418 1035 ra-

1422 1047 1501 1078 riori
1512 1047 1667 1088 quidem,
1691 1054 1726 1077 ut
1749 1057 1805 1078 nec
1819 1045 1969 1077 Valsalva
1984 1056 2073 1084 ,inec
2086 1045 2150 1087 ipse
2174 1046 2322 1079 adhucin
2346 1057 2417 1079 eum

1420 1089 1602 1122 dissecando
1615 1088 1783 1122 inciderim
1798 1111 1806 1126 ‚
1831 1100 1895 1121 non
1911 1088 1951 1120 fic
1965 1097 2070 1121 tamen
2084 1100 2173 1125 raro,
2200 1099 2235 1123 ut
2252 1088 2418 1121 Media-na

1420 1132 1524 1166 noster
1547 1134 1581 1165 in
1605 1132 1807 1165 Nosocomio
1832 1131 1894 1165 hoc
1917 1131 1966 1164 bis
1978 1142 2042 1164 non
2057 1132 2199 1172 viderit,
2223 1134 2420 1175 quin-aecum

1422 1185 1590 1217 utramque
1615 1176 1887 1218 Observationem
1911 1173 2045 1208 suamin
2068 1176 2152 1209 h'unc
2177 1176 2308 1212 modum
2327 1186 2417 1214 com-

1421 1221 1620 1253 municavit.
2395 1229 2405 1254 ⁴.

1466 1262 1515 1305 51.
1541 1263 1749 1297 MULIERI
1761 1263 1897 1296 necdum
1916 1263 2067 1296 inclinata
2090 1271 2205 1301 aetate,
2230 1261 2421 1298 colorelau-

1417 1306 1520 1340 dabili
1535 1331 1543 1346 ,
1556 1315 1666 1339 venter
1676 1305 1842 1340 universus
1854 1306 1998 1339 tumebat
2013 1330 2020 1338 .
2035 1305 2199 1340 Narrabat
2210 1331 2219 1346 ,
2233 1305 2420 1349 priusquam

1419 1351 1451 1384 id
1477 1350 1535 1383 sibi
1559 1350 1739 1385 accideret,
1765 1359 1926 1383 tumorem
1946 1349 2106 1392 quendam
2128 1351 2252 1392 percipi
2278 1346 2416 1393 potuisse

1420 1394 1459 1428 ad
1482 1393 1642 1428 sinistrum
1678 1393 1955 1432 umbilici'latus,
1977 1393 2190 1434 manualem,
2224 1405 2320 1436 eaque
2354 1403 2422 1425 ma-

1420 1438 1612 1480 gnitudine,
1632 1436 1874 1479 utimpositam
1887 1447 2014 1469 manum
2027 1434 2124 1468 serme
2137 1439 2278 1479 aequaret
2292 1462 2300 1470 .
2329 1437 2418 1470 Cum

1421 1482 1477 1514 alii
1502 1483 1549 1514 vel
1572 1481 1616 1514 ob
1638 1481 1671 1514 id
1695 1480 1853 1514 asciticam
1879 1480 2059 1518 crederent,
2082 1479 2139 1513 alii
2161 1481 2205 1514 ob
2238 1480 2420 1515 naturalem

1421 1523 1514 1558 faciei
1526 1525 1671 1558 colorem
1687 1523 1836 1557 assensum
1851 1522 2057 1563 sustinerent,
2079 1532 2206 1558 mortua
2220 1524 2263 1559 est
2278 1549 2288 1558 .

1421 1568 1691 1602 ABDOMINIS
1715 1567 1865 1600 musculis
1879 1566 2216 1607 Transversisincisis,
2243 1579 2324 1611 aqua
2344 1577 2419 1600 eru-

1421 1613 1469 1654 pit
1494 1612 1632 1652 plurima
1656 1610 1851 1652 putidrffima
1866 1634 1874 1644 .
1898 1622 1995 1652 quam
2017 1622 2033 1643 a
2058 1612 2178 1644 ventris
2196 1623 2276 1644 cavo
2297 1612 2419 1653 perito-

1420 1666 1527 1688 naeum
1551 1654 1732 1697 separabat.
1757 1655 1806 1687 Ea
1829 1653 1994 1695 exhausta,
2017 1664 2125 1687 tumor
2155 1655 2194 1687 de
2214 1666 2280 1697 quo
2304 1655 2420 1689 mulier

1419 1699 1563 1737 dixerat,
1586 1699 1621 1731 in
1643 1696 1950 1737 conspestumvenit
1967 1722 1977 1736 ,
2001 1697 2131 1731 innatus
2143 1699 2346 1739 peritonaeo,
2370 1697 2420 1731 fa-

1414 1740 1552 1783 >eiusque
1574 1753 1611 1774 ex
1623 1741 1746 1783 magnis
1767 1741 1891 1774 duabus
1905 1765 1914 1780 ‚
1937 1739 2084 1773 tribusve
2106 1740 2194 1782 quasi
2219 1741 2418 1784 vesicisqua-

1416 1794 1487 1817 rum
1513 1783 1758 1826 parietescr-affi
1784 1794 1873 1817 erant
1896 1784 1973 1823 adeo
1989 1808 1998 1824 ,
2021 1793 2056 1817 ut
2080 1795 2161 1826 aqua
2182 1783 2295 1818 edusta
2318 1796 2417 1827 quam

1416 1829 1647 1867 continebant,
1672 1828 1805 1861 minime
1828 1826 1885 1870 ipsi
1910 1826 2126 1861 subsederint.

1462 1882 1511 1912 52ss
1539 1872 1727 1905 MULIER
1752 1871 1852 1903 altera
1876 1870 2048 1904 duodecim
2070 1871 2199 1906 circiter
2223 1870 2293 1913 post
2328 1872 2417 1913 prio-

1415 1926 1482 1947 rem
1507 1916 1620 1954 annis,
1645 1915 1676 1948 id
1701 1913 1764 1949 est,
1791 1915 1834 1946 A.
1863 1917 1954 1955 1625.
1978 1915 2011 1947 in
2036 1914 2277 1949 Nosocomium
2304 1917 2416 1954 venit,

1414 1957 1480 1999 ipsa
1503 1969 1632 2000 quoque
1654 1957 1769 1991 morbo
1795 1968 1857 1989 non
1883 1960 1985 1991 minus
2000 1981 2008 1994 ,
2035 1958 2104 1991 imo
2127 1959 2176 1991 vel
2202 1959 2303 2000 magis
2325 1961 2417 1993 inve—

1414 2011 1540 2034 terato.
1567 2002 1805 2042 Aiebatenim‚
1830 1999 2177 2043 sibiquadraaesirnum
2189 2013 2416 2044 annum-agen-

1415 2046 1463 2081 ti3
1490 2054 1566 2077 tunc
1580 2055 1685 2078 autem
1699 2045 1810 2086 agebat
1823 2044 2121 2086 quinquagesimum
2132 2055 2146 2083 ,³
2166 2055 2307 2078 tumores
2319 2046 2416 2088 quos-

1408 2086 1487 2120 ·dam
1510 2089 1542 2119 in
1567 2089 1730 2130 superiore
1752 2091 1872 2120 ventris
1897 2098 1985 2130 parte
2009 2089 2169 2126 obortus,
2194 2088 2381 2132 dispertitos
2405 2115 2414 2130 ,

1414 2143 1469 2163 nec
1493 2131 1626 2169 dolore,
1650 2130 1670 2164 fi
1694 2131 1767 2173 quis
1793 2139 1953 2171 tangeret,
1980 2141 2144 2168 carentes:
2169 2129 2247 2172 hos,
2269 2132 2381 2166 multis
2401 2142 2415 2175 Α,

1415 2179 1445 2208 &
1460 2175 1555 2208 variis
1567 2182 1639 2209 cum
1652 2175 1807 2214 interius,
1827 2182 1898 2206 tum
1920 2177 2056 2209 exterius
2070 2173 2224 2209 incassum
2237 2174 2391 2210 adhibitis
2403 2203 2415 2219 ,

1413 2216 1600 2257 increvisse,
1624 2222 1653 2250 δι
1678 2217 1707 2250 se
1733 2215 1822 2264 pejus
1845 2216 1965 2259 semper
1998 2216 2159 2252 habuisse.
2184 2219 2295 2252 Etiam
2319 2229 2412 2259 tum,

1414 2262 1561 2303 quamvis
1575 2271 1681 2295 toturn
1696 2261 1768 2294 esset
1781 2260 1937 2294 abdomen
1951 2261 2124 2295 distentum
2136 2285 2146 2299 ,
2159 2263 2276 2303 licebat
2289 2265 2392 2298 oculis
2405 2290 2415 2305 ,

1415 2316 1480 2338 non
1493 2304 1589 2339 modo
1602 2315 1697 2337 manu
1710 2329 1719 2344 ,
1729 2314 1887 2337 tumorem
1902 2305 2114 2338 internoscere
2125 2318 2135 2342 3
2148 2307 2180 2340 in
2194 2317 2293 2339 unum
2305 2309 2391 2341 enim
2404 2330 2415 2345 ‚

1415 2347 1568 2389 disjuncici
1592 2357 1683 2381 antea
1697 2370 1705 2385 ‚
1730 2357 1871 2381 tumores
1881 2349 2066 2381 coaluerant
2087 2350 2276 2391 inaequalem
2290 2372 2299 2387 ‚
2323 2351 2417 2384 dolo-

1416 2403 1507 2434 rem,
1528 2403 1600 2425 cum
1615 2401 1781 2432 tangeres,
1809 2390 2012 2429 afferentem,
2038 2391 2417 2434 positumintercartila-

1416 2436 1526 2478 ginem
1548 2433 1775 2473 cnsiformem,
1801 2434 2032 2468 &umbilicum
2045 2434 2085 2467 fic
2098 2445 2203 2471 tamen
2215 2446 2251 2469 ut
2265 2447 2413 2471 neutrum

1417 2478 1605 2519 attingeret.
1630 2478 1709 2510 Non
1728 2478 1805 2511 alius
1828 2489 1924 2519 quam
1937 2478 2032 2515 alibi,
2057 2487 2124 2511 erat
2147 2479 2193 2511 ibi
2204 2481 2288 2512 cutis
2301 2481 2411 2513 color=

1417 2532 1549 2563 eamque
1571 2519 1718 2562 fidigitis
1741 2522 1901 2561 arripere,
1926 2522 2115 2555 &attollere
2128 2522 2240 2559 velles,
2265 2534 2332 2556 non
2355 2535 2417 2566 po-

1418 2575 1520 2600 teras;
1546 2572 1581 2598 ut
1605 2572 1773 2606 propterea
1796 2565 1831 2595 in
1855 2564 1929 2604 ipsis
1953 2565 2134 2597 abdominis
2167 2566 2316 2599 musculis
2340 2568 2416 2608 qui-

1417 2607 1492 2641 darn
1515 2617 1678 2640 tumorem
1701 2605 1781 2643 esse,
1808 2606 1989 2643 crederent.
2014 2608 2085 2642 Alii
2109 2619 2183 2646 vero
2199 2608 2292 2642 faciei
2306 2612 2415 2644 colore

1418 2651 1586 2693 speciato,
1608 2651 1664 2692 qui
1698 2649 1736 2682 ad
1759 2648 1884 2683 flavum
1907 2651 2108 2687 inclinabat,
2132 2654 2165 2684 &
2190 2654 2355 2694 maximo,
2376 2653 2415 2688 de

1417 2705 1483 2737 quo
1506 2693 1620 2727 mulier
1641 2695 1798 2735 praecipue
1808 2693 2001 2735 querebatur
2016 2719 2025 2734 ‚
2050 2693 2266 2736 respirationis
2289 2699 2415 2739 incom-

1422 2737 1541 2775 modo,
1565 2737 1601 2770 ad
1618 2737 1921 2778 viscerumsaliquod
1946 2738 2084 2773 attinere
2107 2747 2285 2777 tumorem,
2308 2741 2414 2774 cense-

1420 2781 1521 2814 bant.
1546 2780 1687 2814 Nullum
1710 2790 1814 2814 tamen
1828 2790 1894 2813 erat
1917 2779 1977 2813 laefi
1992 2782 2185 2823 ventriculi,
2211 2792 2265 2817 aut
2288 2785 2415 2818 intesti-

1423 2836 1540 2857 norum
1561 2823 1738 2857 indicium.
1766 2827 1889 2857 Interea
1914 2835 1987 2856 cum
2011 2825 2048 2858 ad
2071 2825 2173 2859 levem
2196 2838 2259 2870 qua
2282 2829 2416 2861 teneba-

1425 2877 1498 2906 tur,
1523 2866 1643 2900 febrem
1665 2868 1764 2910 nigrae
1787 2867 1982 2901 vomitiones
1999 2868 2205 2907 acceffiffent;
2231 2873 2415 2906 morevitae

1424 2911 1544 2943 miserae
1559 2910 1816 2952 finemimposuit
1829 2936 1837 2944 .
1972 2910 2182 2946 VENTRIS
2197 2937 2206 2951 ‚
2230 2916 2286 2957 qui
2310 2916 2415 2952 minus

1423 2965 1520 2996 quam
1544 2955 1577 2987 in
1603 2956 1731 2987 vivente
1752 2952 1881 2990 fuisset,
1906 2953 2045 2987 tini-lidus
2069 2957 2382 2993 animadvertebatur
2405 2981 2415 2995 ,

1422 2998 1653 3040 integumentis
1674 3021 1685 3037 ‚
1716 3000 1747 3030 δε
1778 2997 1928 3030 musculis
1962 2997 2134 3039 diligenter
2165 3001 2315 3042 separatis
2336 3027 2346 3043 ‚
2384 3004 2416 3035 &

1422 3051 1496 3074 cum
1528 3041 1577 3074 his
1609 3040 1737 3074 tendine
1770 3042 1840 3082 ipso
1869 3040 2162 3082 Transversorum,
2198 3044 2337 3086 subjecia
2360 3037 2416 3087 ap-

1423 3086 1531 3125 paruit
1562 3084 1679 3118 horum
1712 3084 1930 3118 musculorum
1945 3087 1975 3116 ἃ
1989 3084 2136 3123 tendini,
2160 3089 2192 3119 &
2214 3089 2302 3121 carni
2316 3100 2416 3123 mem-

1424 3129 1521 3160 brana
1535 3130 1638 3160 tenuis
1653 3153 1661 3165 ,
1683 3138 1780 3168 quam
1804 3128 1908 3164 inter,
1932 3129 1963 3159 &
1986 3129 2138 3170 alteram,
2161 3131 2249 3173 cujus
2273 3133 2415 3166 craffitu-

1422 3170 1464 3204 do
1489 3182 1583 3204 unam
1607 3172 1750 3213 aequabat
1773 3171 1889 3204 lineam
1921 3172 2023 3204 unciae
2047 3172 2252 3208 Bononienfis
2267 3200 2279 3215 ,
2300 3187 2415 3209 cavum

1422 3214 1751 3255 comprehendebatur
1774 3224 1837 3247 non
1863 3213 1960 3247 modo
1983 3224 2144 3251 tumorem
2174 3221 2343 3254 continens
2366 3221 2416 3251 lu-

1423 3267 1535 3291 natum
1569 3259 1760 3291 membrana:
1794 3258 1966 3294 exteriori,
1989 3269 2101 3294 verum
2122 3263 2220 3296 etiam
2244 3262 2411 3299 deorsum,

2273 3308 2305 3338 &
2332 3305 2369 3339 ad

383 3406 1870 3428 W*

518 3498 525 3523 i
560 3506 582 3522 a..
600 3497 658 3521 edit.
678 3493 756 3520 Cultri
775 3495 848 3517 Anat.
866 3492 948 3521 Lyser.
1064 3520 1068 3523 Ι

519 3529 576 3553 Vid.
594 3528 660 3556 supra
678 3535 702 3549 n.
720 3533 756 3553 47.
818 3525 832 3552 ζ
847 3530 863 3556 13
879 3523 891 3551 )
909 3525 979 3555 cent.
999 3529 1020 3549 4.
1038 3521 1096 3554 Hist.
1114 3523 1188 3545 Anat.
1204 3528 1240 3549 ²5.

526 3560 584 3584 Sest.
604 3560 646 3582 hac
663 3565 691 3581 21
719 3553 776 3579 Obs.
794 3561 829 3578 12.
849 3556 870 3582 ᾖ.
890 3561 910 3576 1.
929 3552 949 3575 ἃ
966 3559 991 3575 ιη
1008 3551 1091 3574 Addit.
1108 3551 1167 3575 Obs.
1184 3558 1220 3579 ις,
1239 3550 1261 3572 8(
1277 3552 1314 3577 48.

562 3589 628 3618 supra
646 3588 675 3611 ad
693 3594 715 3610 n.
732 3589 771 3613 46.
789 3584 832 3609 cit.
892 3584 905 3612 (
924 3590 942 3610 z
955 3581 969 3610 )
988 3582 1011 3605 in
1028 3582 1071 3605 cit.
1089 3581 1172 3605 Addit.
1190 3581 1247 3604 obs.
1266 3581 1302 3604 81.

523 3597 585 3647 {pn
606 3621 636 3642 N.
653 3620 682 3642 C.
702 3611 771 3641 Ceus.
789 3624 810 3644 4.
828 3613 886 3638 obs.
907 3618 960 3637 162.

523 3650 573 3673 Af’t.
594 3651 628 3672 N.
646 3647 675 3672 C.
695 3649 767 3671 Torn.
784 3654 807 3674 4.
826 3643 886 3669 Obs.
905 3652 938 3672 3²-
956 3644 978 3666 ἃ
993 3644 1068 3666 Tom.

523 3682 540 3702 Α

527 3712 544 3733 V

545 3680 576 3702 Cr.
594 3679 690 3702 Helvet.
709 3679 765 3701 Vol.
783 3683 804 3700 1.

548 3711 579 3733 id.
599 3718 621 3732 n.
640 3717 678 3738 59.
787 3716 791 3720 “

1088 3651 1108 3672 5.
1125 3642 1149 3665 in
1166 3641 1226 3666 obs.
1243 3642 1280 3665 68.

433 3500 452 3738 ΛῆΛκ-υῆΛΑΛ

466 3717 480 3732 ι’.
463 3598 483 3701 ··“κ,··ιὲ
464 3569 480 3584 ἓ
464 3540 475 3553 0
463 3499 472 3523 Ν

489 3501 509 3738 „mosagao—A)

1010 3489 1019 3520 (
1038 3498 1061 3513 m
1078 3490 1086 3518 l
1102 3481 1188 3514 Exere.
1206 3491 1277 3514 Anat.
1293 3488 1373 3512 exhib.
1389 3488 1450 3512 due}-
1469 3488 1521 3518 hep.
1538 3490 1616 3518 equos.
1632 3498 1655 3515 e.
1673 3498 1694 3520 9.

1303 3521 1316 3548 ζ
1332 3528 1346 3549 q
1363 3520 1376 3548 )
1392 3519 1446 3543 Obs
1469 3527 1504 3548 41,

1343 3643 1383 3671 (g
1399 3642 1412 3670 )
1430 3641 1532 3666 Eorund.
1550 3642 1580 3664 T.
1601 3644 1619 3664 8.
1639 3651 1663 3665 ιη
1679 3643 1736 3667 Obs.
1752 3646 1792 3671 78-

867 3676 872 3703 [
892 3673 908 3698 k
928 3674 935 3704 )
953 3674 1029 3697 Mem.
1045 3673 1073 3696 de
1091 3673 1191 3701 PRAcad.
1209 3674 1240 3695 R.
1255 3671 1294 3695 des
1311 3673 1348 3695 Sc.
1366 3676 1399 3696 Λ.
1416 3673 1483 3702 1728.

1750 3491 1768 3525 .(
1783 3500 1799 3515 n
1816 3492 1829 3521 )
1845 3494 1871 3518 P.
1888 3501 1908 3518 1·
1926 3494 1983 3518 Obs.
2000 3495 2067 3518 Med.
2088 3497 2121 3519 18.
2214 3516 2216 3519 .

1569 3522 1580 3548 (
1598 3529 1609 3543 Υ
1624 3521 1637 3549 )
1655 3521 1720 3550 (s)
1736 3527 1778 3546 cit.
1797 3522 1860 3551 supra
1878 3525 1905 3547 ad
1923 3533 1945 3548 n¹
1962 3528 2002 3558 46τ
2063 3527 2076 3555 (
2093 3533 2102 3549 t
2119 3526 2133 3554 )
2149 3534 2174 3555 n.
2191 3535 2230 3556 47.
2247 3529 2268 3551 ει
2284 3534 2324 3556 ⁴9-

1376 3550 1390 3579 (
1405 3551 1446 3578 x)
1463 3551 1523 3579 apud
1540 3551 1626 3585 Zeller.
1644 3551 1701 3575 Diis.
1720 3553 1748 3576 de
1767 3553 1811 3577 vas.
1829 3554 1922 3583 lymph.
1941 3556 2029 3578 admin.
2047 3564 2068 3579 c.
2087 3565 2106 3581 1.
2124 3564 2147 3580 n.
2167 3564 2200 3586 13.

1364 3581 1378 3609 (
1395 3588 1409 3603 a
1426 3581 1439 3609 )
1455 3589 1478 3605 n.
1495 3589 1575 3609 49.1n
1595 3582 1635 3604 hn.

1023 3612 1065 3640 (d
1082 3611 1091 3642 )
1110 3612 1205 3636 Earund
1234 3613 1305 3635 Ceut.
1324 3620 1345 3639 5.
1362 3610 1420 3635 obs.
1438 3618 1476 3640 23·

1697 3583 1710 3610 (
1726 3583 1740 3605 b
1755 3583 1768 3611 )
1786 3586 1863 3607 Mem.
1880 3585 1908 3609 de
1924 3585 2022 3610 I'Acad.
2041 3588 2070 3609 R.
2088 3588 2127 3611 des
2145 3588 2181 3610 Sc.
2200 3589 2229 3611 A.
2248 3595 2315 3617 1707.

1538 3612 1578 3640 (e
1593 3611 1606 3638 )
1623 3615 1691 3635 Anat.
1709 3613 1739 3636 du
1756 3622 1823 3642 corps
1839 3616 1913 3646 hum„
1925 3617 1941 3638 P
1976 3625 1995 3639 1.
2013 3623 2044 3639 tr.
2060 3626 2081 3640 2.
2101 3619 2135 3640 ch.
2152 3626 2175 3645 4.

1853 3644 1893 3672 (h
1910 3645 1923 3672 )
1942 3646 1999 3670 [bid.
2017 3647 2074 3670 Obs.
2094 3655 2141 3671 111.

1545 3672 1559 3701 (
1574 3673 1583 3695 l
1599 3674 1606 3702 2
1624 3680 1644 3696 c.
1661 3673 1701 3696 eit.
1766 3676 1773 3701 s
1791 3683 1813 3697 m
1832 3676 1844 3702 )
1862 3676 1918 3711 Biga
1935 3677 1992 3701 ΟΜ.
2009 3677 2076 3700 Med.
2094 3685 2115 3701 c.
2132 3685 2152 3700 i.
