2498 4075
408 74 475 137 98
1004 64 1162 122 Liber
1196 72 1230 117 1.
1268 65 1353 121 De

339 151 490 189 veniente
501 171 514 189 ‚
532 146 763 191 -repenteperiit
774 169 782 177 .
799 145 840 192 In
848 144 958 179 nostro
968 142 1056 177 enim
1067 141 1136 176 casu
1145 141 1272 178 defuere
1296 154 1349 186 pe-

341 193 600 234 ripneumonicae
614 189 712 223 febris
722 199 792 223 tum
808 189 894 231 signa
905 186 1049 231 quaedam
1065 187 1224 229 praecipua
1239 214 1247 226 ‚
1270 187 1347 220 dum

340 247 427 278 ‚zeger
437 238 581 275 viveret,
594 243 666 267 tum
677 232 846 275 peculiaris
870 232 925 264 illa
946 233 979 263 in
998 228 1161 264 demortui
1183 230 1344 272 pulmoni-

340 278 400 313 bus
412 279 519 318 labes,
541 278 579 311 de
590 288 650 320 qua
665 276 740 310 alias
765 274 830 315 (h)
854 274 1024 308 scribemus
1039 296 1046 303 .
1181 276 1344 307 Caeterum

339 322 514 365 epidemica
535 321 604 355 haec
620 319 725 353 nostra
748 318 973 351 catarrhalium
986 315 1127 350 febrium
1138 316 1343 350 Constitutio

339 365 526 407 ¹tempestate
550 366 713 407 ing-ruerat
738 361 882 403 frigida,
905 364 937 394 δε
961 359 1061 404 sicca,
1083 359 1163 393 caelo
1199 359 1252 394 diu
1287 371 1345 393 no-

336 410 454 450 &uque
478 405 585 441 sereno
600 432 614 449 ,
636 418 732 450 quam
755 404 851 448 paulo
863 413 932 436 ante
943 404 1086 436 constans
1095 402 1286 445 praecesserat
1298 413 1345 435 te-

342 450 444 493 pida,
468 451 628 491 austrina,
652 447 816 491 pluviosa.
843 447 939 480 Nosti
953 455 1083 486 autem,
1105 446 1343 488 Hippocratem

340 494 426 537 (ι’),
449 496 596 539 quamvis
621 494 692 526 aliis
717 493 787 525 anni
811 491 1012 536 temporibus
1027 512 1036 528 ‚
1061 489 1141 522 hanc
1177 488 1344 531 tempesta-

336 536 409 571 ‘turn
433 538 652 572 succeffionem
675 536 782 577 excipi
806 533 944 569 docuisse
957 534 1055 567 variis
1065 531 1259 573 morbis,in
1269 534 1345 575 qui..

333 581 394 615 bus
417 581 533 615 diserte
552 578 730 623 senioribus
752 579 893 611 minatus
920 576 962 610 est
984 575 1202 614 destillationes
1226 587 1289 619 qua:
1299 576 1344 608 ci-

337 633 373 659 to
395 625 601 662 interimunt.
629 621 767 657 Etsane
792 621 848 656 alii
874 619 1009 662 quidam
1035 618 1118 664 senes
1148 628 1224 651 tuuc
1257 618 1339 661 apud

334 678 395 702 nos
420 669 591 704 interiere,
618 665 669 700 sed
692 666 783 706 pauci
802 689 809 696 .
843 665 988 697 Caeteros
1024 660 1238 704 cujuscunque
1262 673 1339 704 pro-

337 710 459 744 miscue
479 711 587 749 ¹aetati-s
612 709 759 742 homines
773 731 786 748 ,
813 706 977 741 occasione
993 729 1002 744 ,
1024 713 1060 737 ut
1074 707 1245 747 apparebat
1260 703 1339 744 ‚fri-

337 756 408 797 gidi
434 755 513 786 aeris
537 764 613 795 pene
625 752 750 787 viritim
764 749 983 792 corripiebant
998 747 1111 785 febris,
1129 749 1233 787 tuffis‚
1247 748 1337 790 sputa

333 797 548 835 catarrhalia3
574 795 625 828 sed
638 795 745 828 omnia
756 818 764 832 ,
784 793 883 826 finon
896 792 1092 834 negligeres,
1105 791 1184 824 levia
1198 792 1337 834 plerum-

331 853 407 884 que,
418 838 694 877 bre-vianalubria.
707 838 756 871 Ac
767 848 815 869 me
826 835 959 878 quidem
970 835 1024 867 illa
1037 833 1144 867 eadem
1156 837 1251 877 quain
1261 846 1337 869 mox

332 885 451 923 dicam,
463 882 553 916 facili
568 882 688 917 ratione
701 882 862 921 percuravi
874 890 935 921 qua
949 887 1025 911 tunc
1038 877 1175 911 solebam
1185 877 1337 922 siquando

329 927 446 970 hyeme
457 923 641 960 catam-halis
652 922 809 957 febricula
821 921 1047 965 prehenderet5
1062 933 1076 954 a
1086 933 1147 965 qua
1157 933 1206 955 me
1219 921 1334 965 postea,

330 970 478 1014 meosque
494 979 571 1003 tunc
580 969 675 1001 etiam
687 978 758 1000 cum
769 964 855 1010 quasi
865 966 1039 1013 epideniice
1052 967 1185 998 recurrit
1196 989 1208 1005 ,
1231 966 1334 1008 plures

330 1014 395 1056 jam
420 1025 517 1047 anuos
529 1012 646 1045 servavi
669 1022 706 1043 ex
732 1022 798 1053 quo
822 1012 855 1044 in
875 1008 1063 1053 quotidiana
1083 1008 1220 1051 hyemali
1244 1020 1334 1042 coena

327 1058 413 1097 haud
426 1058 496 1090 aliis
509 1056 613 1089 herbis
623 1054 663 1088 ad
676 1055 841 1087 acetariam
854 1056 1086 1095 utimur,quam
1096 1054 1188 1086 coc‘ta
1199 1052 1333 1087 braffica.

328 1102 461 1135 Scilicet
481 1100 517 1133 ad
531 1101 632 1142 prima
647 1095 1008 1140 suppressaeinsensibilis
1020 1095 1279 1138 perspirationis,
1304 1099 1335 1129 ἃ

328 1145 469 1178 ineuntis
481 1142 579 1176 febris
591 1141 724 1181 indicia,
735 1142 811 1174 bene
825 1149 954 1183 opertus
965 1139 1206 1179 decumbebam,
1220 1139 1336 1172 tutiss-

327 1199 446 1230 moque
470 1188 617 1220 omniurn
641 1185 784 1220 remedio
807 1183 940 1223 utebar,
967 1193 1125 1226 perpauco
1150 1183 1306 1216 alimento
1326 1204 1335 1219 ‚

323 1242 425 1273 eoque
451 1229 552 1265 fluido
569 1255 577 1268 ‚
601 1239 691 1263 mane
715 1238 824 1263 autern
847 1226 947 1264 diluti
969 1226 1051 1270 juris
1072 1237 1171 1259 unum
1185 1236 1239 1259 aut
1255 1226 1336 1261 alte-

331 1285 402 1309 rum
427 1274 592 1306 vasculum
615 1271 737 1311 calidi,
762 1279 798 1304 ut
821 1272 958 1310 omnia,
982 1269 1128 1302 bibebam
1148 1292 1158 1307 ,
1194 1268 1335 1312 quietus-

325 1329 389 1361 que
413 1317 620 1359 expestabam
645 1314 720 1349 dum
739 1325 793 1357 per
814 1322 919 1347 cutem
932 1336 944 1352 ,
968 1323 1023 1346 aut
1049 1324 1104 1355 per
1114 1312 1268 1352 vesicam,
1281 1321 1335 1346 aut

332 1371 388 1405 per
410 1361 495 1394 hanc
517 1368 688 1401 utramque
712 1357 859 1400 prodiret
882 1358 993 1394 viam5
1026 1365 1102 1389 tunc
1136 1368 1237 1399 porro
1270 1365 1335 1388 ter-

327 1406 414 1438 tium
432 1429 442 1445 ,
464 1407 496 1439 &
524 1413 676 1446 quartum
699 1401 869 1436 addebam.
894 1401 946 1433 Sic
971 1398 1069 1433 febris
1094 1400 1161 1435 cito
1184 1400 1338 1434 seremit-

326 1448 413 1482 tebat
431 1473 440 1487 ,
467 1459 569 1490 neque
591 1448 637 1480 ita
661 1445 767 1479 multo
793 1443 863 1488 post
887 1443 1015 1484 abibat,
1038 1442 1096 1476 nifi
1121 1442 1339 1478 forteintem-

327 1490 444 1535 pestive
470 1490 591 1533 surgere
616 1489 784 1528 auderem,
807 1490 839 1521 δε
862 1498 979 1530 corpus
1003 1485 1139 1520 necdum
1162 1489 1238 1521 satis
1261 1498 1338 1520 con-

331 1535 496 1575 firmatum
520 1535 613 1568 novis
636 1534 713 1566 aeris
736 1531 866 1574 injuriis
889 1529 1045 1572 objicere.
1071 1532 1172 1564 Porro
1208 1530 1336 1565 eandem

332 1577 611 1615 Constitutionem
637 1576 751 1613 eodem
776 1586 853 1619 pene
868 1584 1013 1616 tempore
1029 1574 1092 1607 late
1103 1584 1157 1618 per
1172 1574 1336 1615 Galliam,

326 1622 606 1665 Germaniamque
630 1619 687 1654 esse
712 1627 884 1661 vagatam,
906 1617 1113 1655 audivimus5
1137 1627 1172 1652 ut
1195 1615 1234 1652 de
1266 1619 1336 1651 aliis

326 1664 527 1705 e'uscemodi
550 1665 626 1697 alias
649 1664 682 1696 in
696 1662 905 1696 Medicorum
918 1661 1009 1698 libris
1034 1661 1169 1695 relatum
1182 1661 1338 1703 legimus.

326 1678 489 1748 &uorum
512 1708 634 1751 aliquas
655 1706 924 1744 commemoravit
959 1705 1008 1746 Io.
1032 1702 1153 1737 Godfr.
1188 1704 1362 1746 Ber-gerris.

328 1754 363 1786 in
389 1765 423 1786 ea
449 1751 682 1787 Differtatione
704 1749 771 1790 (k)
795 1759 890 1792 quarn
916 1741 996 1781 olim
1021 1747 1077 1780 sub
1101 1748 1258 1781 avunculo
1280 1750 1341 1781 Fa-

328 1796 420 1830 schio
450 1795 647 1839 proposuit,
670 1792 823 1826 videlicet
848 1791 1016 1833 epidemios
1027 1789 1210 1831 catarrhos,
1234 1792 1340 1833 quales

328 1851 410 1879 anno
439 1842 531 1882 1675.
553 1850 610 1881 per
635 1845 737 1871 tetam
752 1836 824 1879 fere
848 1835 1046 1868 Germaniam
1062 1833 1191 1874 saeviere
1211 1856 1221 1871 ‚
1255 1836 1297 1872 φ·
1320 1846 1339 1868 a

330 1882 450 1922 Foresto
474 1883 495 1917 l.
517 1887 548 1914 6.
574 1882 692 1924 observ.
716 1890 746 1922 3.
775 1877 877 1921 (idest
900 1879 940 1909 A.
969 1877 1061 1917 1580.
1087 1888 1140 1919 per
1163 1877 1335 1919 Belgium,

328 1927 582 1964 Germaniam&
596 1925 764 1962 Galliam)
776 1932 828 1955 nec
838 1931 895 1955 mm
911 1919 1034 1963 Valesco
1047 1920 1082 1953 de
1094 1922 1232 1956 Taranta
1243 1925 1335 1956 Mon-

317 1968 480 2013 tispeffuli
503 1980 583 2007 anno
610 1968 703 2011 1387.
720 1965 867 2002 annotati
882 1962 979 2011 sunt:
1004 1974 1070 2005 quo
1093 1961 1224 2004 quidem
1247 1974 1334 1998 anuo

319 2016 354 2047 in
379 2013 513 2051 AEmilia
536 2023 663 2056 quoque
688 2021 756 2043 mea
773 2032 786 2049 ,
808 2008 903 2049 longe
928 2005 1004 2041 adeo
1028 2018 1043 2039 a
1065 2006 1174 2039 Gallia
1198 2006 1300 2040 diffita
1324 2034 1333 2048 ,

318 2058 479 2105 Januario
503 2059 630 2096 mense,
653 2053 840 2097 epidemicae
865 2048 959 2083 tusses
982 2061 1055 2083 cum
1079 2049 1236 2083 catarrhis
1257 2073 1270 2092 ,
1303 2054 1334 2084 ὃ(

323 2103 420 2137 lentis
444 2100 584 2133 febribus
608 2106 731 2141 vagatae
756 2095 828 2129 sunt
850 2095 897 2127 ita
908 2117 929 2140 ,ς
945 2102 981 2127 ut
1004 2082 1127 2125 nemini
1153 2104 1337 2135 parcerent,

323 2145 470 2188 quamvis
494 2154 612 2186 paucos
636 2139 857 2175 interemerint
871 2161 883 2177 ,
906 2136 986 2170 sicut
1010 2135 1163 2171 historica
1186 2147 1263 2173 meae
1277 2138 1336 2173 Pa.

325 2190 396 2223 triae
419 2195 629 2223 monumenta
653 2184 711 2226 (l)
734 2181 908 2216 testantur.-

371 2242 400 2274 ς.
425 2231 592 2266 Haetenus
614 2228 677 2262 sine
701 2229 875 2261 humorum
901 2235 940 2257 ex
954 2223 1083 2260 cerebro
1095 2222 1224 2259 defluxu
1237 2225 1338 2267 expli-

324 2285 435 2310 catum
459 2272 569 2307 vidisti
581 2270 777 2306 Catarihum
795 2295 804 2308 ,
827 2268 864 2303 de
887 2279 952 2310 quo
966 2268 1074 2301 Sestio
1086 2267 1129 2300 est
1139 2268 1338 2310 Sepulchreti

324 2319 440 2353 XVII.
466 2318 565 2353 Nunc
591 2315 730 2350 attendes
752 2337 765 2353 ,
787 2323 864 2349 num
882 2321 925 2358 ,⁶0
949 2309 1035 2343 forte
1058 2310 1187 2345 defluxu
1210 2322 1338 2348 utamur

330 2364 364 2395 in
389 2359 590 2404 explicandis
616 2358 806 2392 Oculorum
829 2353 1012 2388 Asteetibus
1033 2377 1046 2393 ,
1076 2353 1113 2386 de
1146 2355 1262 2396 quibus
1296 2354 1340 2389 est

329 2407 464 2441 XVIII.
488 2405 521 2436 in
545 2414 644 2445 eoque
670 2399 848 2444 praesertim
872 2395 909 2431 ad
931 2408 1025 2438 quem
1049 2398 1163 2439 primae
1199 2399 1339 2430 attinent

328 2448 596 2486 Observationes,
611 2441 817 2478 Arnaurosim
829 2441 902 2475 dico
916 2452 925 2475 ,τ
948 2450 1044 2482 quam
1055 2440 1136 2472 olim
1147 2440 1270 2475 barbari
1283 2452 1339 2484 ap-

327 2491 518 2536 pellitabant
542 2494 674 2524 Guttam
699 2491 864 2522 Serenam3
890 2486 1033 2517 Serenam
1070 2482 1201 2525 quidem
1235 2496 1274 2517 ex
1301 2496 1340 2517 eo

330 2535 419 2579 quod
444 2534 548 2568 claros
573 2533 687 2565 oculos
710 2540 786 2563 tunc
809 2527 956 2560 videmus
972 2550 981 2566 ,
1004 2538 1039 2563 ac
1062 2526 1124 2559 fine
1147 2528 1215 2560 ullo
1250 2526 1340 2573 quod

328 2579 387 2613 sub
401 2578 522 2612 sensum
533 2575 626 2613 cadat
639 2599 652 2616 ,
675 2575 760 2607 vitio
776 2570 818 2610 ,fi
831 2570 988 2614 pupillam
1000 2571 1140 2612 excipias
1151 2571 1340 2613 plerumque

331 2623 432 2656 solito
446 2620 602 2666 majorem
615 2643 627 2659 ,
650 2621 681 2651 δι
698 2616 766 2663 sere
779 2613 1001 2651 immobilem
1027 2617 1157 2648 Guttam
1167 2625 1240 2647 vero
1252 2614 1339 2657 quod

336 2678 375 2700 ex
397 2665 528 2698 cerebro
552 2664 585 2696 in
610 2672 724 2696 nervos
748 2659 894 2701 Opticos
918 2655 1130 2690 obstruentem
1155 2658 1272 2691 irruere
1284 2657 1343 2691 hu-

330 2721 451 2744 morem
465 2731 473 2747 ,
498 2706 624 2742 Medici
650 2716 715 2737 non
738 2702 929 2735 dubitabant
944 2725 952 2739 ‚
974 2699 1055 2734 unde
1079 2701 1177 2733 etiarn
1199 2700 1345 2743 quodi-e..

331 2763 426 2797 pente
449 2752 504 2786 hic
517 2749 663 2784 Affeetus
675 2750 839 2789 ingrueret
857 2742 1072 2792 ,qdeducebant
1085 2769 1092 2777 .
1105 2745 1259 2782 Quorum
1270 2756 1345 2778 neu-

331 2806 418 2830 trum
431 2795 472 2828 est
481 2792 796 2831 nec'essarium;nam
806 2788 916 2822 sensim
927 2799 993 2830 quo
1018 2798 1054 2821 ue
1067 2787 1222 2829 accidere,
1240 2789 1345 2823 Brun-

333 2841 400 2874 neri
424 2842 526 2878 (m),
550 2835 669 2871 Laubii
693 2837 758 2874 (n)
773 2857 781 2872 ‚
799 2831 997 2865 Kaltschmie
1025 2831 1048 2863 ii
1063 2831 1346 2872 (o)Observatio÷-

333 2895 388 2919 nes
410 2881 552 2921 docent,
576 2887 690 2923 praeter
713 2877 791 2908 alias
807 2898 820 2915 ,
841 2886 975 2917 quarum
997 2874 1072 2908 duas
1083 2874 1221 2909 habesin
1235 2874 1345 2916 Sepul-

334 2927 448 2962 chreto
470 2927 561 2967 (p),
587 2924 621 2954 in
640 2920 757 2964 quibus
781 2917 804 2954 fi
827 2928 976 2961 praeterea
988 2927 1133 2951 naturam
1143 2918 1346 2962 perpenderis

337 2967 467 3004 illarum
492 2964 656 3000 causarum
679 2975 749 3006 quae
774 2960 960 2995 amaurosim
985 2961 1256 3002 fecerunt,velea
1268 2972 1347 2993 con,-

344 3013 468 3047 firmari
493 3010 529 3046 id
551 3008 637 3052 quod
654 3008 748 3046 dico,
773 3004 1056 3046 facileintelliges:
1082 3004 1345 3048 &quiinterhffi

338 3056 388 3101 jus
413 3053 543 3091 &scetus
565 3051 671 3089 causas
693 3051 793 3084 velint
808 3048 978 3094 aliquando
991 3048 1238 3083 obstructionem
1250 3059 1346 3090 agno-

338 3100 421 3134 scere
432 3099 543 3138 ,iniis
557 3094 685 3140 possunt
700 3093 820 3127 cerebri
835 3091 961 3124 sedibus
974 3114 983 3129 ,
998 3092 1079 3125 uncle
1091 3091 1265 3134 spiritusin
1278 3103 1346 3123 ner-

342 3155 399 3176 vos
416 3142 560 3185 Opticos
576 3138 722 3173 feruntur
733 3162 742 3170 .
755 3137 826 3170 Nec
842 3135 910 3169 sane
923 3134 1037 3171 horum
1048 3147 1215 3170 nervorum
1226 3134 1348 3167 obstru-

339 3187 503 3224 ctionem‚
527 3182 584 3217 nisi
608 3181 692 3215 sorte
704 3179 851 3214 rariffime
868 3202 877 3217 ‚
904 3178 1028 3211 'Platero
1041 3178 1123 3222 ipsi,
1146 3182 1178 3212 &
1203 3178 1345 3221 Spigelio

342 3229 451 3263 nostro
473 3229 508 3260 in
531 3226 592 3260 hoc
616 3227 701 3260 vitio
723 3223 862 3258 accusari
887 3222 1033 3264 placuisse
1048 3244 1056 3259 ‚
1080 3234 1119 3255 ex
1130 3221 1271 3256 Scholiis
1288 3233 1345 3253 co-

343 3272 473 3315 gnosces
495 3270 535 3304 ad
560 3269 718 3303 duasillas
729 3269 852 3311 quasin
867 3266 1075 3307 Sepulchreto
1095 3268 1195 3299 modo
1222 3264 1345 3298 indica-

343 3317 428 3354 bam,
442 3314 689 3348 Observationes
702 3337 708 3343 .
721 3312 810 3351 Quin
822 3311 918 3343 etiam
932 3309 1089 3342 Platerum
1101 3309 1227 3342 videbis
1237 3319 1343 3341 amau-

341 3360 419 3393 rofis
442 3357 565 3393 causam
581 3381 590 3396 ‚
614 3355 831 3390 convulsiones
852 3363 959 3395 graves
982 3355 1014 3386 δε
1036 3353 1157 3386 crebras
1181 3351 1261 3388 haud
1274 3362 1345 3384 raro

342 3402 589 3446 consequentis,
610 3410 668 3433 non
692 3397 892 3445 abaehumoris
904 3394 1027 3439 affluxu
1037 3394 1214 3440 deduxiffe,
1239 3402 1277 3428 ut
1289 3396 1344 3427 alii

343 3446 529 3485 voluerant,
553 3443 604 3478 sed
629 3442 668 3476 ab
690 3443 764 3487 ipsis
786 3441 953 3476 oculorum
974 3439 1233 3477 convulfionibus
1256 3450 1345 3481 repe-

1388 63 1590 118 Morbis
1624 64 1834 132 Capitis
1870 107 1875 113 „

1398 140 1526 177 tendam
1547 139 1625 180 effe,
1647 141 1806 180 docuisse3
1829 141 1920 177 fimul
1943 143 2035 177 enim
2051 153 2126 178 cum
2147 143 2221 179 aliis
2251 145 2396 188 parti-bus

1399 193 1476 218 tunc
1499 185 1610 218 oculos
1634 196 1760 227 quoque
1782 187 1979 228 contorqueri
1996 187 2075 229 saepe
2098 188 2138 221 (ff
2160 189 2312 229 convelli,
2326 190 2392 222 'ad-

1398 229 1578 270 modumque
1602 229 1686 277 exeri
1697 252 1709 268 ,
1731 229 1773 277 φ
1795 227 1932 271 ἰηβεὲῗί,
1954 230 2090 263 artrusio
2106 230 2153 274 fic
2185 232 2315 265 nimium
2349 237 2391 269 Θ·

1394 271 1478 314 tenso
1499 280 1591 305 nervo
1613 279 1713 312 optzco
1737 270 1804 304 allis
1826 273 1960 312 admeto,
1981 272 2097 314 illoque
2113 272 2211 315 simul
2232 284 2392 317 contorta,

1395 316 1437 347 (φ
1450 314 1515 356 laeso
1527 338 1534 344 .
1551 315 1633 355 Qae
1643 313 1789 347 does-rina
1800 313 1982 348 confirmari
1993 314 2077 357 posse
2089 316 2214 351 videtur
2231 329 2287 359 per
2297 320 2393 353 aliam

1396 369 1492 406 quam
1503 358 1601 399 paulo
1614 357 1681 406 post
1692 358 1774 400 leges
1785 381 1797 397 ,
1811 357 2078 393 Observationem
2097 360 2166 402 (q)
2177 382 2186 397 ‚
2200 361 2233 396 in
2245 372 2306 403 qua
2320 373 2391 395 ner-

1394 412 1425 446 vi
1450 400 1539 448 ambo
1559 407 1657 449 optrcz
1675 423 1688 440 ,
1708 411 1770 433 non
1792 400 1934 441 obstrusit*
1943 401 1994 438 pel
2003 403 2392 447 angustatiinventisunt,

1394 445 1444 477 sed
1467 451 1580 493 grztortz
1593 465 1602 481 ‚
1626 454 1700 476 cum
1722 442 1890 479 amaurofis
1912 456 1931 476 a
1949 447 2088 486 pueritia
2110 439 2266 485 ineidisset
2287 471 2300 488 ,
2332 461 2394 492 qua

1395 489 1547 532 nimirum
1571 495 1663 519 aetate
1686 486 1894 528 convulfiones
1927 488 2019 529 juxta
2051 488 2148 531 ipsius
2180 491 2393 532 Hippocratis

1394 530 1628 578 Aphorilmum
1652 530 1720 573 (r)
1741 530 1880 563 maxime
1902 532 2115 573 contingunt.
2142 535 2265 567 Verum
2276 532 2395 576 ejusce-

1395 573 1484 606 modi
1508 573 1779 615 exphcationibus
1802 573 1905 616 quid,
1928 576 1960 606 δε
1983 575 2113 616 quando
2136 599 2147 615 ,
2171 579 2203 609 &
2240 586 2396 619 quatenus

1395 616 1600 650 tribuendum
1612 616 1693 657 esse,
1716 616 1926 656 arbitremur,
1949 617 2027 651 alias
2056 619 2115 661 (s)
2139 631 2155 651 a
2175 619 2269 652 nobis
2286 620 2330 654 est
2340 621 2395 655 de-

1387 661 1569 707 claratum:
1593 660 1649 693 ubi
1673 659 1765 702 plura
1795 670 1924 702 quoque
1954 663 2098 704 exempla
2130 663 2284 703 proclusta
2321 665 2394 698 sunt

1389 705 1558 739 amaurohs
1580 714 1618 736 ex
1639 702 1898 738 convulsionibus
1920 712 2020 743 οντες,
2044 708 2076 738 &
2100 705 2170 747 post
2189 705 2245 739 has
2281 706 2394 741 abeun-

1388 749 1449 780 tis.
1478 747 1630 787 ‘Qorum
1654 747 1707 780 hic
1731 747 1881 779 nolumus
1903 756 2015 789 augere
2039 759 2232 786 numerum,
2255 762 2327 783 cum
2339 762 2394 793 pet·

1390 799 1421 823 te
1444 790 1534 832 poffis
1558 791 1604 823 vel
1630 791 1663 835 iu
1687 789 1763 823 solis
1785 789 1934 822 Caesareae
1957 790 2144 825 Academiae
2160 793 2393 828 voluminibus

1391 838 1475 874 (t),
1501 837 1533 866 &
1558 834 1732 875 praesertim
1755 834 1788 865 in
1813 834 1950 865 Lentilii
1975 834 2190 877 Parallelzsmo
2214 841 2305 878 (u),
2333 839 2394 872 alia

1387 878 1463 910 bene
1486 877 1587 910 multa
1612 877 1773 910 iuvenire.
1797 875 1885 912 Illud
1909 876 1947 910 ad
1970 888 2003 909 ea
2025 889 2095 919 quae
2105 878 2391 923 tuncscripsimuS,

1388 920 1499 953 addere
1523 920 1597 953 satis
1620 920 1678 953 est.
1703 922 1788 954 Cum
1811 919 1857 951 ibi
1880 923 1945 959 (x)
1969 919 2130 954 occasione
2152 922 2260 957 oblata
2290 935 2307 957 a
2340 930 2415 967 ge-'

1386 966 1471 998 mina
1483 963 1576 1006 hujus
1584 965 1706 1006 generis
1718 962 1869 997 amaurofi
1879 975 1916 996 ex
1924 964 2079 997 Vali'alvae
2091 963 2210 998 schedis
2222 967 2394 1008 proposi-ta,

1387 1009 1448 1041 alia
1461 1020 1475 1040 a
1491 1009 1583 1040 nobis
1595 1009 1628 1040 in
1639 1009 1790 1041 Matrona
1801 1007 1933 1048 quadam
1945 1017 2117 1041 memorata
2127 1006 2165 1041 fit
2176 1030 2185 1045 ,
2197 1009 2261 1041 leve
2273 1012 2304 1042 in
2328 1011 2396 1053 spe-

1387 1053 1468 1084 ciem
1490 1051 1604 1084 vulnus
1626 1049 2314 1096 consecutasuprasupercz'lz'um,eademque
2339 1066 2395 1098 per

1388 1094 1545 1130 laesionem
1559 1096 1638 1126 rami
1658 1092 1891 1136 Ophthalmici
1904 1104 1919 1125 e
1931 1094 2063 1135 Qinto
2076 1105 2244 1128 nervorum
2256 1098 2344 1137 Pari,
2357 1097 2396 1131 de

1388 1138 1493 1171 orbita
1517 1137 1707 1179 prodeuntis
1726 1160 1739 1177 ,
1773 1139 1804 1169 &
1839 1137 1913 1169 illac
1946 1147 2002 1178 per
2032 1136 2175 1171 frontem
2200 1139 2393 1175 ascendentis

1388 1181 1488 1216 fuerit
1513 1179 1683 1215 secundum
1705 1191 1739 1212 ea
1773 1191 1842 1221 quae
1875 1180 1914 1213 de
1946 1180 2128 1214 convulsi-va
2162 1183 2250 1215 nervi
2286 1185 2320 1216 O
2347 1187 2391 1218 ti-

1370 1228 1417 1269 sci
1440 1224 1665 1258 coustricftione
1688 1232 1760 1256 ante
1782 1221 1869 1255 dieta
1892 1233 1979 1255 erant
1997 1245 2006 1260 ‚
2031 1224 2211 1265 explicata3
2236 1224 2309 1260 istiu
2326 1239 2395 1261 mo-

1386 1267 1421 1302 di
1445 1269 1691 1310 explicationem
1715 1263 1800 1309 posse
1823 1276 1938 1307 magna
1963 1277 2000 1299 ex
2024 1276 2111 1309 parte
2136 1268 2176 1302 ad
2199 1269 2295 1302 illurn
2310 1282 2393 1312 quo..

1386 1323 1449 1354 que
1473 1313 1505 1343 in
1530 1312 1648 1344 Coacis
1671 1313 1735 1350 (y)
1758 1309 1974 1352 Hippocratis
1998 1310 2109 1344 locum
2120 1312 2387 1347 accommodari:

1389 1362 1440 1394 τήν
1460 1361 1488 1396 δὲ
1510 1360 1576 1399 ὄψιν
1598 1362 1770 1400 οέμοευρξνναι
1794 1357 1857 1387 &C-
1882 1352 1915 1386 id
1941 1352 1983 1386 est
2005 1362 2040 1387 at
2062 1364 2135 1388 vero
2146 1354 2329 1397 obscuratur
2339 1358 2392 1391 ν-ἱ-

1381 1401 1440 1445 fits
1463 1403 1494 1434 in
1516 1399 1722 1436 vulneribus,
1747 1396 1886 1441 quae-vel
1902 1395 2090 1439 supercilio,
2115 1397 2167 1431 'vel
2185 1398 2282 1439 paulo
2293 1399 2393 1434 altius

1390 1442 1599 1487 infliguntur.-
1622 1441 1714 1485 cujus
1739 1438 1908 1476 amaurosis
1931 1438 2056 1473 causam
2080 1442 2112 1473 in
2142 1439 2208 1484 ejus
2218 1441 2396 1477 lociinter-

1388 1489 1570 1530 pretatione
1593 1485 1751 1519 undenam
1774 1492 1912 1526 repetere
1936 1483 2400 1527 conatifintJacobusI-Iolle-

1391 1532 1457 1567 rius
1479 1533 1573 1574 (z),
1595 1528 1702 1563 Defid.
1723 1529 1872 1573 Jacotius
1893 1528 1935 1564 (a
1949 1530 1959 1565 )
1973 1550 1984 1567 ,
2007 1530 2040 1560 <Sc
2055 1529 2245 1561 Ludovicus
2257 1531 2402 1565 Duretus

1391 1574 1486 1616 (b),
1509 1573 1615 1606 videre
1640 1574 1779 1615 poteris.
1915 1570 1971 1603 An
1995 1582 2072 1603 vero
2095 1571 2147 1603 illi
2172 1571 2285 1605 nostra:
2296 1574 2402 1616 expli-

1390 1618 1514 1650 cationi
1539 1617 1628 1649 locus
1653 1614 1709 1649 esse
1732 1623 1830 1658 queat
1851 1615 1886 1645 in
1909 1624 1943 1645 ea
1966 1625 2097 1657 quoque
2110 1614 2265 1649 amaurosi
2276 1628 2348 1659 quae
2363 1617 2402 1650 ab

1392 1662 1466 1697 Elia
1489 1660 1674 1693 Camerario
1698 1659 1759 1701 (c)
1785 1655 1947 1700 propofita
1972 1657 2038 1697 est,
2061 1658 2158 1690 velim
2170 1660 2294 1700 cogites
2309 1660 2402 1695 .Etfi

1392 1706 1476 1737 enim
1501 1702 1633 1736 historia
1659 1702 1714 1734 illa
1738 1701 1829 1743 plura
1854 1699 1968 1739 habet,
1992 1711 2132 1742 quorum
2157 1712 2216 1743 pro
2228 1711 2317 1735 certo
2328 1715 2404 1738 cau..

1393 1750 1456 1782 lam
1480 1756 1570 1780 tanto
1593 1745 1760 1779 difficilius
1786 1743 1969 1785 intelligas,
1996 1754 2119 1786 quanto
2142 1745 2248 1778 minus
2282 1746 2403 1781 constat

1415 1804 1456 1826 uo
1480 1789 1705 1824 vulnusculum
1729 1788 1860 1820 tandem
1883 1788 2083 1829 pervenerit,·
2106 1797 2209 1821 tamen
2231 1790 2404 1824 cuminfli-

1424 1846 1478 1869 um
1501 1833 1600 1868 fuerit
1625 1832 1771 1875 punffim
1795 1832 1827 1864 in
1851 1829 1963 1863 cantho
1980 1828 2098 1871 stnistrz'
2121 1832 2203 1869 oculi
2224 1833 2346 1866 interno
2369 1835 2403 1867 in

1389 1878 1519 1919 confinio
1540 1876 1691 1918 palpebrae
1708 1874 1907 1918 superioris5
1932 1872 2018 1905 vides
2041 1882 2148 1914 certe,
2170 1875 2210 1907 ab
2222 1874 2333 1908 eodem
2344 1876 2405 1909 illo

1386 1919 1627 1963 Ophthalmico
1641 1921 1725 1952 Paris
1738 1917 1877 1960 Qineti
1890 1927 1980 1949 ramo
1990 1927 2120 1950 nerveos
2131 1917 2269 1952 surculos
2280 1920 2314 1951 in
2329 1931 2402 1954 eum

1387 1965 1494 1999 locum
1520 1964 1682 2006 pervenire
1705 1986 1715 2000 ,
1748 1961 1840 1994 sicuti
1874 1960 2025 2002 pra-:clare
2056 1959 2207 1994 ostendit.
2230 1973 2401 2001 nervorum

1388 2009 1535 2041 omnium
1560 2006 1664 2039 Faciei
1685 2004 1832 2041 Tabula,
1858 2003 2215 2045 quamincornparabili
2229 2006 2403 2047 diligentia

1387 2049 1569 2084 confectam
1596 2047 1841 2084 Praestantiffimi
1864 2049 2043 2080 Anatomes
2068 2047 2407 2084 ProfessorisMecke..

1389 2094 1446 2131 lii,
1471 2094 1597 2134 Inclyta
1620 2091 1726 2124 edidit
1750 2091 1962 2126 Scientiarum
1976 2089 2149 2123 Academia
2162 2093 2267 2134 Regia
2279 2092 2405 2126 Beroli-

1389 2136 1492 2170 nenfis
1515 2137 1600 2176 (d).
1626 2135 1707 2168 Haec
1732 2145 1837 2167 aurem
1858 2135 1967 2165 omnia
1990 2141 2083 2165 tanto
2096 2136 2202 2176 magis
2215 2135 2338 2177 gaudeo
2350 2136 2406 2170 hic

1388 2182 1451 2215 tibi
1476 2178 1651 2215 addidisse,
1674 2176 1761 2220 quod
1786 2176 1967 2223 Epistolam
1990 2175 2071 2209 hanc
2097 2178 2278 2218 recensens,
2304 2192 2342 2213 ex
2366 2182 2407 2213 li-

1389 2225 1456 2257 bris
1480 2224 1576 2259 serius
1602 2230 1700 2264 quam
1723 2221 1919 2260 volumem,
1944 2219 1980 2253 ad
2005 2231 2055 2252 me
2084 2220 2188 2254 allatis
2212 2224 2354 2265 cognovi
2387 2236 2404 2256 a

1390 2267 1621 2301 Celeberrimis
1644 2265 1758 2302 Viris,
1780 2265 1835 2306 qui
1861 2262 2041 2303 Valsalvae,
2060 2264 2130 2297 imo
2165 2266 2266 2298 etiam
2301 2277 2406 2301 meam

1390 2310 1486 2353 hujus
1510 2310 1633 2352 generis
1655 2307 1826 2341 amaurofis
1851 2306 2110 2340 observationem
2133 2307 2270 2351 benigne
2281 2321 2407 2343 memo-

1391 2363 1500 2389 rarunt
1512 2376 1523 2392 ,
1535 2355 1567 2385 &
1578 2352 1798 2393 explicarunt,
1811 2351 2027 2392 Hippocratis
2038 2353 2234 2384 mentionem
2246 2352 2330 2386 haud
2343 2352 2400 2387 esse

1390 2394 1628 2441 praetermissam
1642 2420 1648 2426 .
1666 2395 1781 2435 Neque
1792 2394 1878 2439 enim
1891 2404 1969 2427 unus
1981 2391 2015 2424 id
2027 2392 2105 2425 fecit
2118 2394 2254 2429 Illustris
2267 2397 2408 2429 Archia..

1390 2451 1438 2474 ter
1451 2436 1725 2473 NicolausRose‘n
1749 2440 1837 2477 (e),
1862 2434 1911 2469 led
1934 2438 1964 2468 u&
1982 2435 2219 2471 Eruditiffimus
2232 2461 2241 2476 ‚
2266 2438 2343 2474 dum
2357 2441 2407 2473 vi..

1391 2492 1489 2520 veret,
1501 2482 1626 2515 Auctor
1637 2481 1801 2513 Platnerus
1813 2475 1873 2522 (f)
1887 2479 1933 2511 vel
1946 2476 2043 2512 fufius
2055 2478 2118 2521 jam
2131 2479 2248 2515 fecerat
2258 2483 2300 2515 A.
2310 2493 2402 2525 1741.

1391 2537 1429 2561 ut
1441 2538 1543 2570 neque
1558 2525 1597 2559 de
1608 2523 1842 2557 Observatione
1865 2524 1947 2555 Eliae
1959 2524 2156 2562 Camerarii,
2182 2536 2279 2568 neque
2289 2525 2326 2559 de
2347 2529 2407 2560 tri-

1393 2571 1454 2606 bus
1469 2582 1484 2602 a
1497 2581 1544 2602 me
1555 2568 1652 2613 paulo
1665 2576 1737 2600 ante
1746 2567 1923 2600 nominatis
1933 2588 1945 2605 ,
1967 2565 2031 2598 loci
2055 2567 2144 2600 illius
2155 2571 2334 2603 Coacarum
2347 2572 2404 2604 In..

1396 2613 1589 2657 terpretibus
1602 2610 1705 2644 filei-et
1717 2634 1729 2651 ,
1753 2609 1865 2642 addito
1877 2609 2002 2651 insuper
2019 2610 2190 2644 Martiano
2203 2636 2213 2651 ,
2233 2612 2324 2656 cujus
2345 2626 2406 2656 ego

1396 2657 1443 2691 ibi
1467 2655 1768 2697 interpretationem
1790 2653 1845 2686 ubi
1869 2653 1926 2685 esse
1949 2652 2101 2694 deberet,
2125 2654 2258 2690 necdum
2281 2659 2405 2699 reperi.

1396 2702 1450 2734 Ex
1473 2701 1515 2733 iis
1538 2700 1635 2732 etiam
1659 2709 1735 2739 quas
1759 2707 1858 2739 nuper
1880 2696 1965 2739 legi,
1980 2695 2329 2733 Dissertationibusilla
2342 2700 2407 2736 fuit

1392 2746 1449 2789 Jo.
1474 2742 1591 2777 Bened.
1616 2739 1757 2775 Godofr.
1773 2739 1899 2773 Oehme
1920 2742 2013 2781 (g),
2036 2752 2132 2783 quam
2156 2741 2177 2775 fi
2195 2753 2230 2776 tu
2243 2744 2405 2786 perleges3

1397 2799 1435 2820 ex
1458 2784 1627 2820 amaurofis
1650 2783 1770 2824 causis,
1793 2794 1928 2826 quarum
1951 2793 2011 2824 ego
2033 2785 2217 2827 complures
2249 2788 2406 2830 quidem,

1398 2829 1451 2864 sed
1472 2841 1534 2863 non
1559 2839 1669 2863 omnes
1686 2853 1693 2867 ‚
1718 2827 1771 2860 hic
1795 2825 2021 2860 enumerandas
2033 2827 2174 2872 suscepi,
2198 2831 2274 2863 alias
2284 2832 2406 2874 poteris

1398 2873 1574 2916 colligere,
1597 2882 1667 2905 tum
1692 2880 1842 2915 praeterea
1855 2869 2074 2903 diss‘effionem
2096 2872 2164 2913 (la)
2187 2886 2281 2916 quam
2296 2875 2406 2918 Sepul-

1396 2916 1510 2950 chreto
1530 2915 1684 2959 adjicias,
1702 2914 1836 2960 Juvenis
1859 2912 1927 2955 post
1950 2911 2035 2947 hunc
2058 2915 2205 2950 morbum
2217 2919 2353 2951 extincti
2366 2919 2404 2951 ab

1396 2959 1564 2997 Hafnienfi
1589 2958 1722 2992 Medico
1743 2969 1816 2991 cum
1840 2957 1953 2990 Doeto
1968 2981 1976 2997 ‚
1998 2958 2054 2999 qui
2078 2966 2148 2992 turn
2162 2961 2405 3001 vivebat,Pr0-

1397 3002 1507 3037 sessore
1527 3003 1662 3038 Gunzio
1684 3001 1950 3036 communicatam
1965 3022 1974 3036 ‚
1997 3011 2121 3034 necnon
2156 3003 2404 3039 Observationis

1397 3047 1552 3080 Valsalvae
1566 3069 1578 3086 ,
1602 3044 1751 3086 illiusque
1775 3043 1927 3075 similium
1952 3044 2204 3086 explicationem
2225 3048 2302 3088 (i).
2323 3049 2404 3081 Ani..

1396 3091 1572 3124 madvertas
1595 3098 1699 3122 autem
1722 3087 1844 3126 velim,
1868 3097 1941 3119 cum
1964 3088 2101 3122 Ciliares
2124 3091 2210 3122 nervi
2229 3092 2261 3122 in
2271 3090 2404 3125 consen-

1395 3134 1463 3168 sum
1487 3133 1583 3167 tracti
1608 3130 1870 3173 ad‘explicandas
1895 3132 2069 3166 amauroses
2093 3142 2148 3166 aut
2181 3145 2196 3165 a
2219 3134 2368 3168 Valsalva
2393 3159 2403 3173 ‚

1395 3187 1450 3212 aut
1474 3190 1491 3211 a
1517 3188 1566 3210 me
1588 3174 1768 3208 observatas
1793 3173 2003 3217 descriptasve
2026 3185 2217 3219 ponuntur,
2251 3189 2313 3210 non
2345 3178 2402 3213 esse

1395 3222 1470 3254 illos
1493 3230 1529 3255 ut
1543 3219 1607 3263 jam
1620 3219 1751 3252 oculum
1767 3216 1918 3258 ingressos
1934 3217 2119 3260 speetandos
2135 3221 2274 3263 ,quippe
2286 3224 2319 3254 in
2334 3234 2402 3265 quo

1395 3265 1479 3298 nihil
1502 3274 1578 3299 tunc
1600 3263 1674 3294 vitii
1698 3261 1737 3294 ad
1761 3261 1881 3295 Isidem
1908 3262 2076 3295 attinentis
2109 3263 2367 3305 conspiciebatur
2386 3289 2397 3305 ,

1396 3307 1447 3341 sed
1469 3317 1505 3341 ut
1529 3307 1613 3339 nervi
1629 3306 1747 3348 Optici
1769 3305 1933 3337 involucra
1960 3306 2043 3339 arete
2054 3306 2242 3340 comitantes
2254 3332 2266 3348 ,
2279 3320 2400 3351 eaque,

1396 3352 1417 3384 si
1435 3351 1561 3385 distenti
1574 3348 1655 3394 sint,
1681 3358 1735 3383 aut
1748 3347 1964 3388 distendendo,
1976 3358 2029 3382 aut
2051 3350 2294 3392 constringendo
2307 3352 2400 3388 simul

1396 3406 1470 3429 cum
1493 3394 1612 3427 inclusa
1636 3394 1722 3425 nervi
1747 3390 1882 3425 medulla
1905 3395 2113 3434 comprimere
2136 3394 2288 3428 valentes.

1440 3441 1471 3470 6.
1498 3439 1599 3469 Porro
1622 3434 1695 3470 sunt
1722 3435 1790 3469 aliae
1814 3436 1912 3468 etiam
1935 3435 2035 3470 causae
2058 3449 2129 3479 quae
2163 3448 2275 3472 nervos
2307 3449 2399 3472 com*

2215 3491 2354 3522 primant

343 3529 2388 3550 ΡΜ
2398 3517 2401 3523 ,

1102 3558 1117 3587 ζ
1133 3557 1150 3581 k
1167 3559 1176 3588 )
1192 3540 1228 3581 De
1244 3555 1332 3580 Circul.
1352 3554 1469 3583 Lymphae
1484 3562 1533 3581 ελ..
1553 3554 1605 3583 §.7.

1667 3552 1713 3583 (l)
1731 3553 1848 3577 Marchefi
1860 3555 1980 3582 supplem.
1994 3554 2060 3577 Istor.
2070 3552 2094 3576 di
2106 3554 2173 3577 For-li
2183 3555 2277 3581 l.6.all‘
2288 3556 2317 3583 A.
2330 3539 2397 3586 1387.

402 3559 538 3590 (h)Epist.
552 3560 671 3584 20.&21.
735 3556 785 3589 (ι’)
801 3558 861 3583 Sea.
880 3566 903 3588 3,
920 3557 984 3587 Aph.
1004 3564 1039 3581 12.

405 3592 421 3620 (
435 3599 459 3614 m
477 3594 484 3620 )
502 3589 562 3618 Eph.
579 3592 612 3613 N.
629 3592 659 3614 C.
676 3592 747 3614 Cent.
764 3597 785 3614 1.
802 3588 861 3613 Obs.
879 3594 920 3616 ⁶9.
982 3588 996 3617 (
1010 3588 1052 3616 n)
1070 3588 1175 3613 Earund.
1193 3589 1262 3612 cent.
1281 3594 1302 3615 7.
1320 3586 1378 3609 ΟΜ.
1397 3593 1435 3615 39.
1498 3585 1512 3613 (
1528 3593 1540 3611 o
1556 3591 1564 3612 J
1583 3586 1663 3612 Protin
1681 3585 1709 3607 de
1727 3586 1812 3608 Nervis
1830 3585 1913 3613 Optio.
1932 3584 1978 3608 Sec.
2038 3584 2081 3614 (ρ
2101 3592 2107 3611 )
2124 3584 2181 3608 obs.
2201 3592 2222 3609 1.
2242 3589 2263 3610 δε
2281 3597 2301 3616 5.

406 3622 413 3651 (
432 3629 447 3650 q
464 3619 544 3650 >obn
561 3621 584 3643 8.
641 3621 650 3648 (
667 3629 679 3643 ν
695 3622 704 3649 J
719 3628 757 3654 ξς.
774 3620 834 3644 sest.
852 3628 872 3649 3·
933 3619 987 3650 (s)
998 3618 1070 3648 Epist.
1087 3622 1158 3642 Anat.
1178 3620 1213 3642 18.
1224 3624 1245 3640 n.
1257 3615 1381 3645 3.&seqq.
1445 3614 1488 3646 (t)
1499 3621 1524 3641 ut
1533 3613 1769 3643 cem-i.Obs.78.&
1783 3623 1831 3643 130.
1845 3617 1895 3639 Aet.
1910 3611 2097 3643 Vol.3.0bs.4.2..
2108 3616 2129 3638 ἃ
2142 3616 2213 3645 Dec.3
2234 3616 2396 3647 A,9‚0bs‚35,

409 3654 423 3679 (
435 3659 450 3675 u
466 3651 481 3679 )
496 3652 552 3684 Dec—
569 3649 620 3674 ead.
637 3651 665 3674 A.
682 3659 705 3678 7.
722 3659 747 3674 m
763 3651 873 3679 Append.
889 3658 915 3675 n.
933 3657 970 3677 ιφ.
987 3650 1018 3674 ad
1036 3649 1094 3673 ΟΜ.
1114 3658 1151 3679 50.
1213 3648 1227 3676 (
1244 3655 1257 3670 x
1275 3647 1286 3674 )
1304 3654 1328 3670 n.
1344 3655 1366 3674 7.
1428 3647 1443 3674 (
1455 3654 1472 3676 y
1490 3646 1502 3674 )
1519 3645 1580 3670 sest·
1600 3653 1619 3673 3-
1683 3646 1690 3671 s
1709 3653 1727 3674 z,
1742 3645 1755 3673 )
1773 3647 1910 3670 Comment.
1927 3646 1953 3669 in
1969 3647 2041 3669 Coac.
2060 3645 2078 3667 l.
2097 3652 2116 3668 1.
2136 3646 2160 3668 S.
2181 3654 2202 3673 3-
2221 3655 2257 3677 ¹9·

406 3683 421 3711 (
436 3689 450 3705 a
494 3679 558 3714 ledf
618 3682 632 3710 (
648 3679 662 3703 b
680 3681 687 3709 )
703 3688 728 3703 in
744 3682 817 3704 Coae.
836 3682 854 3704 1.
873 3688 894 3711 3.
910 3687 940 3705 tr.
958 3688 980 3704 2.
996 3688 1017 3704 c.
1034 3686 1055 3702 2.
1075 3687 1110 3704 12.
1171 3679 1186 3709 (
1201 3686 1212 3704 c
1230 3678 1239 3707 )
1254 3677 1316 3705 Eph.
1334 3678 1366 3709 N.
1383 3676 1414 3699 C.
1431 3678 1546 3709 Cent.·3.
1564 3674 1620 3709 ΟΜ.
1639 3683 1674 3704 55.
1737 3679 1747 3700 (
1763 3675 1779 3699 d
1795 3677 1809 3704 )
1827 3677 2040 3704 HistoireA.1752.
2052 3674 2159 3700 Cinnae
2173 3677 2396 3705 FhilofiExpex-im.

407 3713 421 3743 (
437 3720 449 3736 a
498 3711 592 3737 Differ-t.
607 3710 635 3734 de
651 3710 725 3735 Offib.
743 3713 839 3735 Calvar.
858 3713 884 3734 Ρ.
903 3720 924 3737 1.
941 3711 965 3742 §.
982 3714 1020 3735 16.
1035 3710 1058 3737 ἃ
1074 3715 1125 3734 not.
1138 3716 1168 3741 p.
1228 3707 1270 3738 (f
1285 3710 1293 3737 j
1311 3707 1363 3732 de.
1380 3707 1432 3731 Aa.
1451 3707 1543 3732 Erudit.
1562 3705 1624 3734 Lips,
1642 3708 1670 3729 A.
1690 3713 1755 3736 175¹v
1774 3709 1812 3733 M.
1829 3709 1893 3737 Sept.
1905 3709 1930 3732 Ρ.
1944 3714 1964 3730 2.
1977 3706 2068 3735 adpag.
2080 3706 2349 3738 ?robus·167.&seqq.

409 3747 451 3779 eg
494 3744 531 3770 De
545 3740 687 3770 Ammrofi.
749 3739 791 3773 th
807 3741 820 3771 )
839 3740 861 3771 §.
876 3742 897 3766 8.
960 3741 1000 3770 (i
1017 3745 1027 3773 J
1043 3740 1105 3767 leid.
