2498 4075
626 189 776 252 Epist.
813 186 975 243 Anat.
1009 190 1225 248 Medica
1260 192 1398 248 LVL
1435 194 1558 248 Art.
1596 209 1678 255 215

71 262 165 304 rum,
191 262 352 304 solidum,
374 265 433 307 qui
455 265 564 306 nulla,
589 264 623 299 id
648 266 736 307 quod
759 268 858 301 laevor
877 268 1072 308 ostendebat,

69 307 128 341 nisi
154 308 218 339 ima
241 316 349 348 parte,
379 319 543 351 quoquam
567 308 757 351 adhaeserat,
780 310 840 345 hac
872 321 978 346 autem
1002 323 1070 347 erat

68 350 244 384 firmiffime
277 351 385 385 affixus
428 349 545 387 Crassae
588 353 755 386 dumtaxat
797 357 942 396 meningi
963 378 972 394 ,
1004 367 1069 391 non

66 393 146 443 osii,
168 392 256 436 quod
281 392 532 435 subjiciebatur;
554 405 590 430 ut
614 395 814 437 censuerim,
835 396 972 441 ejusdem
1007 411 1073 434 me-

66 438 175 486 nmgis
199 438 440 472 excrescentiam
463 437 547 475 effe,
570 442 722 479 generis„
737 440 817 476 sicut
841 442 907 482 ejus
928 442 1070 477 substan—

66 489 120 515 ttae
145 481 258 516 modus
280 480 480 517 ostendebat,
502 481 587 524 quali
611 482 786 523 glandulofi
807 505 817 520 ‚
852 486 985 519 initium
1021 497 1070 523 tu.

65 524 190 565 moris,
215 524 372 562 multum,
395 523 418 557 fi
442 523 643 563 increvisset,
678 537 743 559 non
774 526 877 561 solum
913 531 1070 570 proximis

64 569 171 601 nervis
194 567 322 611 Optico
345 590 354 605 ,
386 570 417 601 ὃ(
441 566 625 604 Olfaetorio
648 591 658 606 ,
694 569 744 607 sed
765 573 797 607 &
819 571 948 606 cerebro
972 573 1071 607 obfu-

65 612 131 645 turi
155 636 163 646 .
300 613 350 644 Ex
364 612 460 644 Uteri
486 610 633 651 supremo
656 615 816 647 exteriore
836 614 938 648 fundo
961 618 1070 650 dexte-

64 654 130 688 rius
154 655 359 696 prominebat
382 654 586 689 tuberculum
619 655 721 696 figura
740 679 753 695 ,
788 660 818 691 Sc
850 660 1070 700 magnitudine

63 697 171 732 eadem
193 709 264 740 quae
290 701 322 731 in
347 698 556 733 excrescentia
580 697 634 732 illa
658 700 776 733 Crasl‘ae
810 703 969 745 meningis
1001 715 1070 736 rno-

63 740 106 773 do
129 739 269 777 indicata
291 741 355 778 est,
381 740 520 776 solidum
546 743 684 783 pariter,
722 743 772 776 sed
806 744 913 779 album
936 770 943 777 .
979 746 1068 780 Huic

64 783 201 818 alterum
226 786 312 819 intus
347 784 555 826 respondebat
589 785 717 819 mollius
750 795 845 828 atque
881 788 1034 823 humilius
1057 812 1068 827 ,

62 825 230 864 manifesto
255 840 293 864 ex
315 829 442 869 aggerie
464 826 585 862 fatffum
598 828 827 869 ejusdemmodi
840 831 1067 871 vesicularum,

63 883 99 906 ac
121 872 155 903 in
180 873 261 905 uteri
286 874 409 906 cervice
434 871 541 904 videre
566 871 652 906 soliti
677 871 808 909 sumu53
843 874 953 909 eodem
976 878 1063 909 enim

61 926 128 955 quo
153 913 223 957 hae,
246 914 382 955 limpido
408 925 502 948 muco
526 915 849 959 replebantur:quod
862 918 1064 956 tuberculum

62 956 208 1000 Epistola
232 958 373 991 XLVII.
400 960 469 997 (n)
492 957 544 992 hic
571 970 587 993 a
612 969 661 991 me
695 960 941 1001 proponendum
976 961 1035 995 esse
1058 985 1068 1002 ‚

63 998 292 1042 promiseram.
318 1001 462 1042 Utrique
486 1000 560 1036 huic
593 1002 762 1036 tuberculo
794 1003 963 1046 interjecta
995 1006 1071 1039 sub*

63 1044 178 1078 stantia
203 1047 285 1078 uteri
309 1043 464 1079 saniffima
488 1054 554 1077 erat
580 1069 586 1075 .
620 1047 754 1080 Caeterae
779 1055 886 1082 autem
922 1059 993 1090 quae
1029 1049 1066 1085 ad

63 1088 217 1130 genitalia
241 1089 400 1125 attinent,
430 1090 555 1126 Partem
580 1088 601 1122 si
627 1087 901 1131 testes-excipias,
926 1103 1066 1134 quorum

62 1132 142 1167 alter
165 1141 231 1166 erat
256 1132 357 1165 altero
382 1133 509 1168 minor,
533 1131 632 1166 ambo
655 1140 760 1167 tamen
773 1131 921 1175 strigofi,
944 1136 1065 1168 &inae-

60 1175 149 1218 quali
178 1174 360 1216 superficie,
384 1175 544 1222 &jun-‘⁵’
568 1185 722 1217 extraque
746 1176 833 1213 albi;
868 1188 930 1210 non
966 1179 1064 1211 modo

58 1226 152 1253 erant
178 1217 280 1259 sanae;
303 1218 352 1254 sed
375 1218 495 1251 inhrnae
518 1222 666 1253 omnium
691 1218 774 1253 haud
798 1219 891 1255 aliter
904 1220 1002 1255 ferme
1028 1233 1063 1255 ac

59 1263 94 1294 in
120 1262 300 1304 virginibus
318 1284 329 1301 ,
365 1261 393 1296 se
419 1260 598 1296 habebant.
634 1262 750 1297 Tensa
775 1265 860 1297 enim
895 1274 959 1298 erat
992 1276 1064 1306 quae

57 1305 180 1339 dicitur
214 1304 378 1342 Furcula,
403 1305 567 1347 angustum
593 1307 716 1351 vaginae
739 1306 922 1343 orificium,
948 1311 979 1341 δε
1004 1309 1067 1349 hya

58 1359 149 1382 :mene
171 1348 385 1387 instrustum,
409 1348 465 1382 nisi
488 1349 577 1392 quod
600 1350 653 1384 hic
676 1359 788 1383 contra
813 1361 849 1385 ac
874 1351 981 1384 videre
991 1362 1067 1386 con-

57 1393 236 1430 suevimus,
272 1401 367 1426 tanto
401 1393 508 1426 minus
543 1392 782 1436 propemodum
813 1394 894 1428 latus
926 1394 1023 1429 fiebat
1056 1415 1066 1431 2

56 1445 182 1478 quanto
206 1438 310 1480 magis
332 1436 371 1470 ab
395 1436 537 1471 urethrae
560 1436 690 1470 orificio
715 1437 875 1474 distabat,
899 1438 977 1471 sicut
992 1439 1066 1472 alias

56 1480 247 1522 diligentius
272 1479 450 1514 describam
474 1502 482 1512 .
526 1480 687 1514 Attamen
723 1480 791 1514 haec
822 1480 957 1514 foemina
1003 1481 1066 1515 viri

55 1525 210 1557 notitiam
233 1523 378 1558 habuisse
401 1533 464 1556 non
489 1522 657 1557 videbatur
672 1548 680 1555 .
814 1525 963 1566 Denique
994 1524 1062 1558 fini-

56 1567 157 1600 strum
183 1576 289 1601 artum
312 1565 498 1601 inferiorem
522 1566 741 1609 speetantibus
764 1567 971 1602 manifestum
984 1578 1062 1605 erat,

58 1610 101 1644 sic
124 1607 182 1644 esse
207 1610 369 1652 positum,
395 1618 431 1643 ut
453 1610 553 1651 digiti
579 1611 667 1651 pedis
704 1611 840 1644 alterum
864 1611 985 1653 'pedem
1019 1623 1067 1645 re-

55 1654 235 1696 spicerent,
258 1665 314 1687 nec
340 1652 433 1686 facile
458 1663 524 1686 erat
550 1654 697 1688 manibus
721 1655 754 1687 in
778 1654 955 1688 naturalem
970 1654 1065 1690 situm

57 1696 234 1737 adducere;
256 1699 287 1730 &
313 1696 427 1730 mulier
458 1707 494 1729 ea
527 1696 690 1730 metatarsi
726 1707 814 1739 part-e
846 1708 918 1740 quae
953 1697 1071 1739 digitis.

54 1742 202 1783 proxima
225 1739 289 1779 est,
310 1738 504 1777 insistendo,
528 1740 701 1775 ambulasse
724 1740 913 1775 dicebatur.
940 1741 1067 1776 Verum

53 1795 128 1818 cum
151 1794 204 1827 pes
220 1806 230 1823 ‚
248 1794 326 1829 *crus
340 1806 352 1823 ,
374 1794 482 1825 genu,
503 1781 610 1818 femur
624 1807 634 1823 ‚
659 1794 817 1826 quantu-m
841 1785 981 1830 exterius
1016 1786 1067 1817 in-

54 1826 218 1869 spiciendo
241 1827 382 1867 judicari
405 1835 533 1868 poterat
549 1851 559 1866 ,
582 1828 666 1860 vitio
690 1837 818 1866 catere,
847 1829 878 1860 δε
901 1825 1068 1868 Justalon-

54 1871 206 1912 gitudine
229 1869 351 1913 singula
375 1869 435 1903 esse
459 1868 667 1907 viderentur;
690 1871 813 1904 retecto
838 1870 1000 1911 superiore
1024 1870 1069 1904 fe-

54 1915 159 1948 moris
177 1914 342 1954 articulo,
364 1913 430 1955 ejus
454 1913 565 1946 cervix
601 1914 730 1947 brevior
762 1913 826 1947 visa
860 1912 902 1946 cst
923 1936 936 1953 ,
970 1925 1069 1957 quam

54 1956 212 1991 mediocri
236 1957 322 1991 illius
346 1955 490 1991 foeminae
513 1955 640 1990 staturae
662 1958 852 1990 conveniret
866 1980 874 1989 .

99 2012 149 2035 21.
174 2000 395 2034 ANICULA
418 1999 578 2041 decrepita
597 2025 606 2041 ,
630 2003 661 2034 &
683 1999 816 2037 clauda,
841 2000 1070 2042 viginticirci-

53 2053 104 2077 ter
126 2043 195 2086 post
217 2043 306 2077 illam
318 2043 430 2078 diebus
443 2054 481 2076 ex
492 2043 661 2082 braehmfi
675 2045 753 2078 reete
770 2043 1065 2082 memini,abscessu

54 2097 184 2121 mortua
206 2087 251 2121 est
264 2111 272 2119 .
299 2086 549 2130 Itaqueibidem
563 2086 682 2121 easdem
698 2112 708 2128 ,
730 2088 868 2129 aliasque
883 2087 988 2120 Partes
1003 2090 1067 2121 ite-

51 2143 127 2165 rum
149 2130 334 2164 dissecantes
358 2144 367 2168 ;
398 2141 470 2173 quae
493 2130 535 2163 ab
567 2140 691 2165 naturae
716 2130 813 2164 modo
837 2130 937 2167 aliena
950 2130 1060 2169 essent,

52 2174 121 2209 haec
154 2173 420 2216 deprehendimus
442 2195 452 2206 .
584 2175 780 2208 CRANIO
815 2182 979 2207 exemtum
1012 2186 1065 2207 ce-

51 2218 182 2252 rebrum
203 2239 213 2255 ‚
246 2217 474 2260 inversumque
514 2228 587 2252 cum
620 2217 863 2259 inspeecaretm5
896 2218 1065 2252 Carotidis

52 2261 217 2303 utriusque
239 2263 365 2295 arteriae
388 2271 541 2298 truncos,
573 2259 775 2304 majoresque
807 2259 924 2294 horum
957 2272 1063 2295 ramos

53 2306 266 2339 animadverti
290 2304 451 2338 firmiores
475 2316 624 2346 apparere
638 2326 647 2341 ,
671 2305 843 2347 invenique
858 2315 993 2341 ‚eorum
1007 2316 1062 2346 pa—

50 2351 144 2382 rietes
168 2360 277 2382 revera
300 2348 459 2381 craffiores
481 2348 541 2382 effe
564 2347 686 2382 ῑεᾶοε.
712 2348 945 2385 Contra,cum
968 2347 1064 2381 essent

51 2393 145 2426 nervi
167 2394 295 2429 caeteri,
319 2395 349 2424 δε
375 2391 550 2434 praesertim
574 2392 709 2434 quarti,
734 2394 764 2424 ὅ(
788 2392 913 2433 (μιίηᾶὶ
939 2392 1026 2424 Paris
1047 2414 1066 2437 ’x

51 2435 287 2478 pulcherrimi,
315 2434 423 2472 firmi,
447 2436 477 2468 &
500 2437 602 2477 magis
625 2446 725 2478 quam
749 2435 874 2467 soleant
895 2455 906 2472 ‚
939 2435 1027 2467 craffi
1051 2458 1060 2473 .

50 2481 192 2522 Opticos
216 2481 384 2513 ciueraceo
407 2478 515 2512 colore
532 2503 542 2519 ,
561 2478 731 2521 angustos,
764 2480 795 2510 &
818 2477 851 2509 in
876 2479 979 2511 tenuis
1012 2479 1060 2510 in-

50 2522 134 2556 stitae
167 2523 300 2557 modum
324 2519 480 2564 depressos
503 2522 674 2562 videbam,
698 2525 728 2554 &
753 2521 1061 2555 medullaremillam

48 2578 121 2610 quae
143 2589 152 2604 ‚
188 2568 244 2600 ubi
268 2569 353 2599 inter
377 2565 406 2598 se
430 2566 582 2600 accedunt
597 2589 609 2606 ,
633 2563 707 2607 ipfis
729 2564 950 2607 inter-licitur,
987 2575 1061 2606 par-

48 2620 115 2643 tem
141 2610 216 2644 satis
237 2609 370 2653 quidem
394 2609 514 2649 latam,
539 2608 590 2643 sed
613 2610 747 2647 colore,
773 2611 805 2640 &
830 2608 988 2641 tenuitate
1009 2609 1060 2641 ni-

49 2653 97 2688 hil
121 2654 160 2688 ab
182 2653 257 2696 ipsis
280 2652 537 2694 discrepantem.
565 2654 628 2695 Ipsi
651 2663 728 2685 vero
750 2653 834 2684 intra
845 2651 967 2684 orbitas
982 2662 1058 2693 pro-

48 2696 162 2738 greffi,
185 2697 242 2730 etsi
266 2697 374 2731 colore
396 2705 488 2729 erant
512 2696 607 2734 albo,
630 2694 829 2729 craffitudine
852 2703 957 2727 autem
979 2706 1060 2735 qua-

51 2739 74 2773 fi
99 2739 272 2776 mediocri3
294 2738 384 2772 incifi
407 2748 513 2773 tamen
547 2739 749 2773 ostenderunt
774 2760 784 2776 ‚
819 2737 998 2771 albedinem
1022 2739 1058 2771 il.

53 2785 119 2816 lam
135 2806 144 2819 ‚
169 2794 227 2816 nec
250 2793 379 2825 parvam
402 2782 617 2816 crassitudinis
650 2783 739 2815 illius
772 2790 895 2824 partem
931 2782 1058 2814 meni-n-

51 2827 146 2869 gibus
169 2825 278 2860 deberi
302 2825 365 2859 suis
387 2847 397 2863 ,
429 2825 629 2859 eraffioribus
662 2825 755 2858 factis
785 2850 794 2865 ,
827 2826 911 2857 intra
945 2835 1023 2866 quas
1047 2849 1057 2864 ,

51 2879 206 2910 tanquam
228 2869 314 2901 intra
336 2868 453 2902 tubum
475 2869 633 2911 quendam
646 2866 1056 2904 firmiusculum‚substan-

52 2915 95 2947 tia
119 2911 392 2952 concludebatur,
415 2915 449 2946 in
474 2914 576 2946 altero
610 2910 786 2954 praesertim
819 2922 919 2945 nervo
941 2935 950 2950 ‚
986 2910 1056 2943 san-

51 2957 240 2999 guinolenta
262 2980 271 2988 .
302 2955 390 2989 Cum
413 2956 524 2990 oculus
557 2955 597 2989 ad
628 2966 724 2997 quem
747 2956 774 2988 is
796 2964 910 2988 nervus
942 2957 1058 2989 tende-

51 3001 107 3033 bat
133 3024 143 3040 ,
174 2999 348 3039 nonwsecus
369 3011 404 3033 ac
437 3000 519 3034 alter
541 3023 555 3041 ‚
587 2998 704 3035 nihil,
738 2997 760 3031 fi
795 3000 938 3032 exterius
971 2998 1055 3041 aspi-

49 3055 154 3081 cere5‚
178 3043 255 3076 vitii
287 3043 510 3082 monstraret3
546 3054 585 3077 ne
616 3043 750 3075 interius
782 3042 912 3083 quidem
937 3063 947 3078 ,
978 3052 1052 3077 cum

49 3087 224 3129 diligenter
246 3097 267 3121 a,
287 3097 338 3119 me
362 3085 538 3126 secaretur,
562 3086 641 3120 vitii
663 3083 802 3119 ostendit
834 3085 1013 3128 quidquam
1037 3097 1049 3124 ς

49 3141 86 3165 ut
111 3130 259 3173 praeclare
282 3129 521 3172 intelligerem,
544 3130 630 3164 hunc
654 3141 671 3162 a
695 3141 745 3162 me
769 3128 844 3161 alias
867 3133 880 3168 (
902 3140 918 3162 ο
942 3133 952 3168 )
985 3130 1049 3163 tibi

47 3173 248 3216 descriptum
270 3195 281 3213 ,
321 3173 518 3215 Opticorum
561 3183 732 3208 nervorum
778 3172 929 3205 morbum
986 3184 1050 3206 non

50 3218 174 3260 semper
196 3228 213 3250 a
245 3217 369 3250 vitiatis
388 3239 399 3255 ‚
431 3218 587 3260 caecisque
621 3215 746 3258 prorsus
789 3216 892 3249 oculis
923 3220 938 3257 (
970 3215 1051 3250 hanc

50 3262 136 3303 enim
158 3260 317 3294 Vetulam
339 3271 350 3298 3
384 3260 472 3302 quod
495 3261 671 3303 permirum
693 3260 735 3293 est
760 3283 769 3299 ‚
803 3258 860 3291 nisi
892 3258 977 3293 forte
1009 3261 1049 3293 al.

50 3313 123 3337 tero
144 3303 242 3337 oculo
274 3302 424 3337 nonnihil
457 3303 616 3342 videbat3
649 3314 764 3338 caecam
796 3300 889 3336 fuisse
912 3326 922 3342 ‚
954 3314 1050 3345 nega-

51 3347 168 3390 bant)
203 3347 402 3380 occasionem
427 3367 437 3383 ,
477 3350 509 3381 δι
537 3349 698 3389 originem
733 3345 847 3379 habere
868 3369 881 3386 ,
914 3356 951 3380 ut
995 3357 1050 3379 ue-

50 3402 115 3434 que
137 3402 154 3424 a
185 3392 317 3425 cerebro
341 3412 350 3428 ,
383 3388 435 3423 sed
467 3391 503 3424 in
536 3392 643 3424 nervis
677 3389 750 3432 ipsis
782 3388 955 3432 aliquando
986 3391 1051 3431 pri-

52 3445 144 3469 mum
165 3433 247 3467 oriri
270 3433 354 3478 (p).
377 3432 446 3466 Hic
468 3443 553 3467 certe
567 3445 641 3467 cum
652 3434 839 3469 cerebrum,
862 3435 946 3466 intra
963 3434 1050 3475 quod

53 3477 113 3512 hos
135 3487 250 3511 nervos
269 3477 314 3511 ob
335 3487 446 3511 eorum
468 3479 663 3511 tenuitatem
686 3478 742 3510 vix
766 3476 857 3518 potui
881 3478 1049 3519 persequi,

55 3529 201 3557 accurate
232 3519 443 3555 diffecuiffem
465 3542 475 3559 ‚
508 3520 592 3555 nihil
626 3523 660 3555 in
695 3530 806 3556 eorum
842 3520 892 3553 via
913 3545 924 3562 ‚
965 3519 1048 3554 nihil

115 3733 130 3762 (
145 3740 160 3755 η
175 3731 190 3761 )
207 3738 232 3755 n.
250 3738 286 3755 ιο.
347 3731 358 3763 s
372 3740 386 3756 ο
402 3735 412 3759 >
427 3731 499 3761 Epist.
519 3736 555 3760 13.
571 3736 595 3755 n.
610 3737 633 3758 7.
651 3729 675 3753 ἃ
690 3729 750 3759 seqq„
765 3732 789 3755 Sc
804 3730 878 3760 Epish
895 3736 929 3759 5²·
945 3735 969 3753 n.
986 3736 1025 3757 30·

114 3765 123 3786 (
140 3770 151 3785 r
169 3764 177 3790 )
195 3761 246 3785 vid.
264 3760 375 3790 stephan.
391 3762 435 3787 cit·
451 3763 476 3785 in
493 3759 588 3787 Advers.
608 3762 641 3786 ll.
659 3759 771 3785 inamati.
787 3763 823 3787 28.

118 3792 127 3821 (
143 3800 158 3816 u
177 3796 185 3821 )
203 3792 257 3818 Vid.
273 3792 344 3821 Epist.
362 3801 385 3823 3.»
402 3801 425 3817 n.
441 3799 478 3817 ιο.
496 3791 519 3816 8:
535 3790 606 3820 Epist,
627 3798 661 3821 ¹5-
679 3799 703 3815 n.
720 3795 758 3814 26.

1080 3730 1098 3758 .(
1111 3737 1128 3760 p
1147 3731 1155 3760 )
1171 3729 1225 3754 Vid.
1243 3730 1314 3760 Epist.
1331 3736 1369 3762 63.
1386 3741 1411 3757 n.
1429 3734 1452 3757 8.
1471 3732 1495 3757 in
1511 3731 1551 3756 fin.

884 3761 898 3789 (
914 3758 954 3793 Γ)
969 3759 1027 3783 Obs.
1046 3760 1117 3784 Anat.
1135 3760 1199 3785 Chir.
1217 3762 1254 3784 82.
1271 3763 1292 3785 δε
1309 3763 1361 3793 Fig.
1380 3767 1417 3794 ⁶5·
1435 3767 1475 3788 66.

818 3791 826 3820 (
844 3799 857 3814 x
874 3790 888 3819 2
903 3789 973 3818 Epist.
993 3798 1028 3819 50.
1047 3798 1071 3814 n.
1091 3798 1127 3821 5¹-
1145 3791 1200 3815 Vid.
1216 3793 1237 3815 8:
1254 3791 1325 3821 Epist.
1342 3802 1380 3823 70.
1397 3802 1422 3821 n.
1442 3803 1477 3818 m.

1972 212 2060 264 35¹

1125 274 1158 305 in
1183 281 1293 305 eorum
1316 269 1463 306 thalamis
1487 274 1639 309 vitiatum
1675 271 1797 309 offendi
1824 278 1835 307 1
1866 273 1913 309 Et
1943 285 2130 318 quanquam

1124 315 1355 358 hippocampos
1379 316 1415 356 ad
1438 317 1536 350 imam
1559 327 1800 359 extremamque
1835 316 1883 352 sui
1915 327 2041 359 partem
2073 330 2130 353 ne—

1123 368 1287 401 quaquam
1311 380 1322 397 ,
1354 367 1389 392 ut
1435 359 1535 394 solent
1561 382 1570 397 ,
1602 361 1632 397 se
1665 360 1838 395 dilatantes
1872 361 2088 395 animadverti
2112 376 2124 399 ς

1123 401 1247 436 nullum
1272 410 1377 434 tamen
1403 402 1451 436 vel
1476 403 1648 438 minimum
1672 404 1800 440 extabat
1823 404 1982 439 indicium
2003 426 2013 442 ‚
2045 405 2127 447 quin

1122 444 1164 478 fic
1187 457 1203 478 a
1227 444 1412 493 primordiis
1434 445 1518 487 ipsos
1542 446 1653 487 fuisse,
1675 446 1874 489 judicarem.
1906 448 1981 482 Nec
2012 456 2128 493 praeter

1121 488 1207 527 hoc,
1229 489 1375 525 insoliti,
1400 499 1465 522 non
1490 489 1589 524 modo
1612 490 1753 527 morbidi
1776 491 1953 534 quidquam
1977 492 2011 525 in
2044 501 2131 524 cere-

1121 531 1182 564 bro
1206 540 1280 564 toto
1313 529 1376 564 fuit
1399 554 1408 568 ‚
1445 532 1501 566 nifi
1525 533 1613 575 quod
1637 536 1671 567 in
1702 542 1821 576 quarto
1852 535 2032 568 ventriculo
2065 544 2135 577 pro»

1123 573 1350 611 medullaribus
1373 574 1438 607 illis
1469 575 1560 609 fibris
1591 588 1662 618 qua:
1698 579 1851 622 utrinque
1880 586 2055 613 occurrunt
2091 584 2129 610 ut

1123 618 1297 660 plurimum
1319 639 1329 654 ,
1363 617 1401 651 ad
1434 629 1544 652 nervos
1584 619 1751 656 Acusticos
1795 622 1993 661 pertinentes
2018 645 2026 660 ‚
2070 620 2129 652 vix

1123 671 1188 694 uno
1210 662 1244 693 in
1278 661 1375 697 latere
1408 672 1469 696 una
1504 661 1593 701 fuit,
1627 674 1724 708 eaque
1767 664 1859 698 exilis
1885 689 1894 703 ,
1929 666 1960 698 δε
1993 662 2129 697 inferius

1123 715 1219 747 quam
1242 704 1360 743 soleat,
1383 713 1477 743 orta,
1501 707 1532 739 δε
1556 706 1680 741 locata.
1815 707 1854 740 In
1879 706 2019 741 Maxilla
2040 705 2125 740 infe-

1124 749 1211 780 riore
1236 747 1388 780 nonnulla
1413 748 1646 789 animadverti,
1671 750 1705 781 in
1740 749 1800 785 hac
1830 750 2010 790 praesertirn
2046 749 2130 792 Epi-

1123 790 1200 823 stola
1222 802 1284 833 qua
1307 791 1346 824 de
1369 791 1609 826 Luxationibus
1633 793 1756 834 agimus
1779 815 1792 833 ‚
1823 793 2053 829 &fracturis
2078 791 2131 825 os-

1123 832 1201 866 sium
1217 856 1227 871 ‚
1252 845 1314 869 non
1338 833 1538 869 omittenda.
1563 834 1733 871 Sinistrum
1755 835 2132 878 enimilliuscapitulum

1123 876 1164 909 ab
1186 888 1251 911 uno
1275 876 1428 919 supremae
1453 877 1513 912 suae
1538 876 1634 911 faciei
1658 878 1757 913 latere
1780 876 1981 915 excrescebat
2005 878 2129 913 sursum

1122 919 1209 961 quasi
1233 932 1271 953 ex
1293 931 1379 953 novo
1404 919 1645 963 additamento,
1668 933 1703 956 ut
1728 923 1760 957 in
1786 923 1932 965 partibus
1967 922 2136 958 interiori-¹

1122 963 1209 997 ribus
1232 964 1332 998 cranii
1356 963 1522 1003 cujusdam
1556 976 1631 998 anus
1665 966 1742 998 alias
1774 969 1860 1010 (q)
1896 978 1912 999 a
1949 978 1996 1001 me
2030 964 2135 999 visum

1122 1006 1232 1048 scripsi
1258 1017 1267 1044 3
1301 1018 1373 1039 nam
1397 1006 1463 1042 haec
1488 1018 1618 1049 quoque
1641 1008 1724 1042 ossea
1748 1009 1964 1044 excrescentia
1989 1017 2056 1044 erat
2089 1009 2134 1042 al-

1121 1049 1160 1083 ba
1186 1073 1195 1088 ‚
1227 1052 1258 1082 &
1284 1049 1375 1084 firma
1401 1071 1411 1087 ,
1447 1059 1598 1091 praeterea
1622 1061 1729 1085 autem
1745 1073 1758 1091 ,
1783 1061 1820 1085 ut
1854 1053 2016 1096 reliquum
2050 1050 2134 1085 illud

1119 1093 1299 1134 capitulum
1329 1117 1338 1131 ,
1373 1094 1463 1126 tenui
1485 1114 1497 1132 ,
1538 1093 1768 1137 laeviffimaque
1801 1097 1991 1137 cartilagine
2024 1097 2137 1129 incru-

1117 1135 1195 1171 stata
1219 1161 1226 1169 .
1258 1135 1355 1172 Quod
1380 1134 1639 1171 additamentum
1666 1137 1688 1171 fi
1713 1139 1816 1179 magis
1841 1139 2004 1182 magisque
2028 1140 2136 1172 incre-

1118 1178 1234 1212 scendo
1258 1178 1288 1210 se
1310 1179 1472 1213 extulisset
1496 1200 1505 1215 ,
1542 1190 1606 1225 non
1631 1181 1674 1214 est
1698 1181 1837 1215 dubium
1861 1207 1870 1223 ,
1904 1185 1985 1225 quin
2009 1184 2138 1224 capitu-

1117 1222 1184 1256 lum
1207 1233 1247 1255 ex
1272 1220 1328 1256 suo
1353 1220 1421 1256 sinu
1446 1220 1552 1256 fuisset
1576 1224 1757 1264 ejecturum
1782 1248 1792 1264 ,
1831 1234 1886 1259 aut
1910 1234 1995 1260 certe
2022 1225 2137 1260 maxil-

1118 1265 1156 1298 1ae
1180 1265 1324 1311 motibus
1350 1266 1440 1300 valde
1464 1266 1785 1303 incommodaturum
1809 1292 1817 1301 .
1857 1269 1932 1303 Imo
1956 1269 2018 1302 hoc
2052 1268 2140 1302 face-

1120 1319 1152 1341 re
1169 1319 1241 1351 vjam
1266 1309 1371 1350 aliqua
1404 1320 1441 1349 eit
1467 1318 1555 1350 parte
1579 1309 1711 1351 coepisse
1737 1334 1745 1349 ‚
1777 1310 1858 1346 illud
1882 1310 2014 1347 fortasse
2049 1311 2137 1345 indi-

1119 1353 1174 1385 cio
1199 1361 1266 1385 erat
1292 1376 1300 1391 ‚
1335 1351 1423 1394 quod
1455 1352 1622 1394 interjecta
1656 1354 1740 1387 inter
1774 1355 1956 1397 capitulum
1982 1380 1990 1395 ,
2027 1357 2058 1388 δέ
2099 1353 2138 1387 fi-

1120 1405 1198 1428 num
1224 1395 1354 1429 mobilis
1376 1395 1538 1437 cartilago
1561 1397 1594 1428 in
1620 1397 1730 1432 medio
1764 1399 1914 1442 apparuit
1946 1397 2033 1441 quasi
2068 1397 2142 1431 cul-

1121 1448 1174 1471 tro
1197 1438 1296 1472 incisa
1320 1438 1446 1477 duobus
1471 1440 1554 1472 locis
1577 1463 1586 1478 ‚
1617 1441 1720 1475 altero
1746 1441 1919 1476 secundum
1953 1440 2139 1484 longitudi-

1120 1493 1193 1514 nem
1221 1508 1229 1520 ‚
1266 1481 1366 1515 altero
1390 1482 1523 1523 oblique
1556 1483 1589 1515 in
1625 1483 1841 1518 transversum
1869 1509 1877 1516 .
1914 1486 1993 1519 Dixi
2029 1494 2140 1520 autem

1122 1524 1251 1559 fortasse
1275 1548 1286 1564 ,
1318 1527 1418 1558 etiam
1451 1526 1529 1568 quia
1564 1526 1639 1560 huic
1694 1527 1884 1570 respondeus
1918 1530 1951 1562 in
2004 1528 2145 1563 dextero

1122 1569 1261 1602 articulo
1286 1568 1444 1610 cartilago
1469 1569 1605 1609 parvulo
1639 1580 1707 1602 erat
1742 1571 1902 1605 foramine
1935 1571 2062 1614 pertusa
2098 1570 2143 1604 el-

1121 1611 1206 1653 lipsis
1230 1611 1359 1649 forma,
1387 1611 1473 1646 nulla
1499 1612 1718 1646 membranula
1752 1615 1881 1648 occluso
1907 1619 1916 1653 (
1941 1627 2006 1658 quo
2040 1616 2144 1655 majus

1120 1656 1202 1688 olim
1226 1655 1388 1690 interdum
1414 1652 1519 1688 visum
1544 1653 1601 1689 esse
1624 1678 1636 1694 ,
1673 1656 1789 1690 scimus
1814 1661 1824 1698 (
1849 1668 1864 1689 r
1886 1661 1899 1697 >
1922 1661 1935 1696 )
1959 1657 2047 1700 quod
2079 1656 2141 1690 etsi

1121 1698 1154 1731 in
1179 1698 1308 1735 medio,
1333 1698 1382 1732 sed
1408 1700 1541 1741 propius
1566 1698 1704 1734 alterum
1729 1710 1908 1735 extremum
1929 1723 1938 1738 ,
1977 1704 2008 1735 &
2033 1699 2145 1735 secun-

1120 1742 1197 1774 dum
1232 1742 1477 1783 longitudinem
1513 1740 1654 1784 positum
1696 1752 1763 1776 erat
1786 1757 1797 1782 ς,
1839 1754 1944 1778 tamen
1993 1753 2142 1778 neutram

1121 1784 1347 1827 cartilaginem
1371 1784 1428 1819 hic
1451 1795 1582 1829 quoque
1606 1795 1645 1818 ex
1670 1785 1794 1821 duabus
1818 1786 1995 1822 constitisse
2016 1811 2026 1826 ‚
2072 1788 2144 1821 evi-

1121 1827 1231 1861 denter
1265 1828 1577 1863 demonstravimus.
1710 1830 1880 1871 Quoniam
1913 1842 1990 1864 vero
2023 1840 2144 1873 praeter

1122 1871 1277 1904 Incisores
1300 1871 1431 1910 dentes,
1455 1872 1562 1905 nullus
1586 1872 1719 1907 aniculae
1753 1872 1830 1909 huic
1862 1874 1997 1909 restabat
2023 1896 2033 1912 ,
2066 1886 2142 1910 cum

1122 1924 1226 1947 totam
1251 1925 1319 1948 earn
1344 1914 1604 1957 maxillaehujus
1635 1926 1759 1958 partem
1793 1930 1864 1962 quae
1902 1919 2027 1952 caeteris
2058 1919 2141 1954 olim

1122 1957 1274 1991 dentibus
1299 1957 1450 1991 instrueta
1488 1957 1619 1999 fuerat,
1650 1962 1805 2004 utrinque
1839 1961 2039 1997 ostenderem
2075 1973 2142 1996 non

1121 2000 1221 2033 modo
1243 2003 1336 2034 omni
1360 2001 1561 2036 alveolorum
1584 2002 1739 2046 vestigio,
1764 2003 1814 2039 sed
1838 2007 1870 2038 &
1893 2018 1926 2039 ea
1952 2004 1999 2040 sui
2031 2006 2142 2042 ‘carere

1122 2045 1274 2087 portione
1297 2046 1329 2077 in
1354 2056 1416 2087 qua
1440 2045 1558 2079 alveoli
1582 2048 1747 2089 quondam
1770 2048 1920 2086 fuerant,
1944 2059 1979 2083 ut
2004 2049 2141 2084 forami-

1121 2099 1160 2134 na
1186 2099 1241 2130 per
1273 2100 1344 2130 quae
1378 2090 1467 2121 nervi
1502 2089 1710 2132 egrediuntur
1746 2092 1939 2131 (Mentalia.
1971 2104 2089 2127 vocant
2126 2097 2137 2132 )

1118 2142 1185 2173 Jam
1209 2133 1243 2180 in
1268 2131 1393 2178 summo
1415 2128 1515 2166 ferme
1537 2132 1634 2167 essent
1657 2135 1817 2169 exteriore
1851 2135 1990 2170 maxillae
2016 2139 2141 2180 margi-

1119 2185 1157 2206 ne
1174 2199 1184 2214 ,
1207 2184 1316 2217 itaque
1328 2185 1397 2216 ejus
1409 2176 1480 2209 offis
1495 2176 1703 2211 altitudinem
1715 2178 1934 2215 humillimam
1946 2178 2005 2213 esse
2017 2179 2137 2215 saetam

1118 2218 1393 2259 quemadmodum
1418 2220 1567 2261 praeclare
1592 2220 1632 2254 ab
1656 2221 1824 2264 Ruyschio
1847 2222 1906 2265 (s)
1932 2222 2138 2259 animadver-

1118 2261 1211 2300 sum,
1237 2264 1424 2308 piGtumque
1444 2263 1507 2300 est3
1534 2263 1666 2308 addidi,
1689 2265 1765 2299 hinc
1788 2266 1963 2308 consequi,
1987 2276 2025 2301 ut
2057 2270 2134 2311 qui-

1117 2304 1175 2353 bus
1199 2305 1296 2355 hujus
1318 2304 1388 2338 offis
1411 2317 1528 2350 corpus
1553 2307 1623 2348 post
1645 2308 1793 2344 dentium
1817 2309 1940 2352 lapsum
1963 2311 2008 2343 ita
2021 2311 2132 2345 decre-

1118 2357 1193 2386 v1t;
1214 2351 1248 2381 in
1273 2351 1334 2387 iis,
1359 2349 1416 2383 nisi
1442 2347 1525 2384 forte
1546 2350 1590 2384 ob
1613 2360 1742 2386 aetatem
1766 2352 1869 2394 major
1892 2352 1964 2387 offis
1995 2353 2133 2389 durities

1117 2391 1243 2431 obstet,
1266 2393 1372 2426 multo
1396 2394 1491 2427 citius
1506 2415 1515 2431 ,
1539 2403 1634 2437 atque
1658 2394 1786 2430 facilius
1808 2398 1854 2429 ibi
1878 2396 1985 2439 ipsum
2019 2407 2129 2433 totum

1116 2444 1171 2472 aut
1195 2448 1210 2469 a
1234 2437 1317 2469 carie
1340 2436 1503 2470 interdum
1526 2437 1708 2473 innascente
1731 2439 1911 2480 exedatur,
1934 2450 1991 2476 aut
2012 2452 2127 2486 agra-¹

1115 2480 1207 2512 viore
1231 2480 1297 2513 ictu
1322 2481 1435 2522 aliquo
1448 2481 1666 2525 perfringatur
1685 2508 1694 2516 .
1823 2483 1977 2518 Thorace
1999 2496 2125 2528 aperto,

1113 2533 1254 2566 quatuor
1278 2534 1316 2556 ex
1332 2525 1443 2556 Aortae
1467 2535 1542 2558 arcu
1566 2523 1725 2559 nascentes
1749 2528 1879 2561 arterias
1902 2527 2046 2567 ostendi3
2071 2542 2125 2564 ne.

1113 2578 1175 2608 que
1198 2569 1285 2599 enirn
1307 2579 1346 2600 ex
1369 2567 1536 2601 Subclavia
1560 2566 1703 2606 sinistra,
1737 2581 1808 2612 quae
1821 2571 2124 2614 multoquamdex-

1113 2619 1203 2649 tera,
1228 2612 1356 2644 tenuior
1378 2619 1445 2644 erat
1461 2637 1469 2651 ‚
1493 2610 1543 2645 sed
1566 2613 1650 2645 inter
1673 2612 1785 2653 illam,
1809 2616 1839 2646 &
1864 2614 2021 2650 sinistram
2053 2615 2122 2651 Ca-

1112 2653 1254 2687 rotidem
1271 2679 1279 2692 ,
1302 2655 1350 2687 illi
1375 2664 1483 2688 tamen
1508 2656 1666 2697 propior,
1688 2654 1891 2691 Vertebralis
1912 2658 2050 2700 ejusdem
2076 2663 2121 2695 la-

1113 2699 1190 2731 teris
1213 2697 1395 2737 existebat,
1419 2709 1493 2740 quae
1513 2709 1560 2732 res
1583 2710 1659 2732 cum
1681 2699 1761 2732 mihi
1785 2702 1819 2733 in
1844 2699 1978 2735 foemina
1990 2711 2121 2747 quoque

1113 2743 1212 2774 altera
1235 2741 1272 2774 de
1295 2753 1358 2784 qua
1383 2740 1477 2784 supra
1503 2743 1565 2784 (t)
1587 2741 1711 2776 dffium
1734 2743 1799 2782 est,
1822 2745 1855 2776 &
1870 2745 1911 2777 -in
1934 2747 2009 2779 aliis·
2031 2750 2118 2788 pari-

1108 2793 1158 2819 ter
1181 2784 1236 2828 (u
1258 2788 1272 2823 )
1296 2785 1459 2818 interdum
1482 2787 1658 2818 occurrerit
1679 2808 1689 2823 ,
1722 2797 1785 2825 non
1810 2786 1937 2822 videtur
1958 2790 2042 2823 inter
2067 2801 2120 2825 ra-

1109 2830 1209 2862 riores
1233 2827 1292 2861 esse
1316 2827 1460 2870 ponenda
1474 2853 1482 2861 .
1504 2829 1626 2870 Magna
1649 2837 1759 2862 autem
1782 2833 1895 2864 arteria
1918 2833 2005 2866 inter
2025 2844 2082 2867 cor
2105 2857 2115 2873 ,

1110 2874 1141 2904 δε
1166 2871 1369 2904 Subclaviam
1392 2870 1555 2904 dexteram
1580 2871 1747 2906 manifesto
1760 2882 1828 2906 erat
1839 2872 1973 2910 dilatata
1990 2889 2001 2908 :
2022 2888 2116 2911 cum..

1110 2927 1172 2957 que
1196 2913 1233 2947 ad
1257 2913 1499 2961 septum-usque
1524 2915 1760 2948 Transversum
1782 2916 1890 2951 fuisset
1913 2919 2036 2960 incisa,
2058 2922 2116 2955 hic

1107 2960 1175 2993 illic
1199 2957 1306 3000 paffim
1330 2968 1472 3000 majora,
1494 2960 1661 2993 minorave
1671 2959 1869 3001 spatiaintus
1879 2962 2017 2997 ostendit
2029 2975 2113 2997 non-

1106 3001 1189 3037 nihil
1214 3002 1451 3043 prominentia,
1476 3004 1507 3035 &
1531 3001 1660 3041 albida,
1683 3004 1847 3044 inquibus
1868 3009 2111 3049 magiscompa-

1107 3047 1157 3079 &a
1181 3045 1304 3077 arteriae
1328 3044 1498 3078 substantia
1522 3047 1555 3078 iu
1578 3045 1693 3079 osseam
1705 3045 1809 3087 postea
1832 3047 1988 3084 duritiem
2000 3050 2108 3086 fuist-“et

1106 3097 1248 3123 mutata.
1377 3088 1546 3122 Genitalia
1573 3090 1716 3123 membra>
1738 3091 1773 3122 in
1796 3089 1922 3127 summo
1937 3094 2048 3129 testem
2061 3095 2110 3129 al-

1102 3144 1206 3168 terum
1218 3131 1353 3165 habuere
1376 3133 1463 3164 intra
1486 3144 1581 3175 quem
1594 3132 1722 3175 hydatis
1733 3143 1797 3167 erat
1822 3145 1885 3168 non
1899 3148 1996 3178 parva
2010 3162 2019 3176 ‚
2034 3148 2069 3172 ut
2079 3138 2109 3171 se

1103 3179 1141 3211 ad
1165 3185 1285 3219 partem
1297 3174 1470 3218 superficiei
1482 3176 1571 3210 testis
1582 3174 1758 3211 faciendam
1770 3180 1950 3213 extenderet
1964 3193 1973 3216 ς
1987 3182 2020 3214 in
2037 3182 2108 3216 imo

1104 3229 1231 3258 autem,
1252 3218 1390 3252 urethrae
1413 3220 1576 3253 orificium
1599 3231 1637 3254 ex
1660 3232 1726 3262 quo
1757 3221 1896 3254 interior
1929 3223 2015 3257 illius
2051 3234 2106 3260 tu..

1102 3265 1195 3300 nica,
1219 3273 1282 3295 non
1306 3262 1391 3295 secus
1415 3271 1510 3305 atque
1533 3265 1587 3297 illa
1610 3265 1754 3305 vaginae,
1781 3273 1834 3296 aut
1858 3266 1954 3299 Reeti
1977 3268 2105 3302 intesti.

1103 3309 1136 3341 ni
1161 3305 1333 3348 aliquando
1357 3305 1459 3342 solet,
1482 3318 1577 3348 parva
1602 3307 1647 3340 sui
1671 3309 1822 3348 portione
1833 3309 2106 3349 quadaminversa

1103 3350 1282 3383 extrorsum
1307 3349 1346 3381 ab
1369 3349 1467 3381 altero
1491 3350 1587 3384 latere
1611 3348 1816 3391 procidebat:
1839 3352 1926 3393 quod
1951 3353 2082 3395 alias(x

1101 3395 1135 3426 in
1161 3393 1220 3426 alia
1241 3391 1351 3425 vidisse
1375 3403 1424 3425 me
1447 3415 1459 3432 ,
1491 3392 1581 3431 dixi,
1607 3403 1642 3426 ut
1664 3392 1702 3426 de
1724 3392 1782 3425 hac
1805 3392 1855 3427 his
1879 3396 2011 3431 Litteris
2044 3356 2105 3433 ess)e

1101 3437 1265 3469 ditssturum
1289 3461 1297 3468 .
1428 3437 1527 3470 Attus
1554 3437 1711 3478 postremo
1733 3459 1744 3475 ,
1765 3447 1831 3478 quo
1854 3439 2103 3483 claudicaverat,

1101 3480 1212 3512 dexter
1236 3478 1357 3512 finist-ro
1380 3480 1535 3519 brevior,
1562 3483 1592 3512 &
1617 3478 1708 3512 sicuti
1719 3479 1753 3512 in
1764 3481 1869 3522 priore
1894 3481 2027 3518 foemina
2050 3486 2102 3518 in-

1101 3522 1242 3557 trorsum
1265 3524 1436 3559 conversus
1458 3545 1468 3562 ‚
1492 3522 1620 3557 eandem
1642 3523 1717 3557 vitii
1738 3520 1833 3564 hujus
1855 3525 1980 3560 causam
2003 3539 2104 3571 quarn

2026 3582 2060 3606 in

1611 3732 1625 3761 (
1640 3739 1654 3761 q
1669 3730 1684 3759 )
1699 3730 1773 3761 Epist.
1790 3739 1828 3762 ιγυ
1843 3739 1868 3757 n.
1885 3739 1907 3757 aa

1537 3763 1552 3792 (
1566 3767 1578 3786 t
1594 3762 1601 3792 )
1618 3770 1641 3786 n.
1660 3768 1695 3786 to.
