2498 4075
421 153 440 186 1
482 152 510 189 2

353 211 427 246 dere
439 151 513 245 cim
536 210 571 242 in
592 207 687 248 aliis,
710 213 781 240 tum
803 204 976 248 praesertim
996 203 1032 236 in
1049 201 1222 245 respirandi
1243 203 1356 238 vitiis,

354 264 399 293 ut,
416 254 506 288 causa
528 263 598 295 quae
621 251 660 285 ad
684 255 823 284 ventrem
846 249 1006 292 pertinet,
1037 243 1172 286 thoraci]
1194 256 1357 290 perperam

349 298 567 335 adscribatur.
616 305 619 307 ’

403 352 451 374 12.
478 341 517 371 In
539 337 641 371 Collo
664 345 773 371 autem
796 334 851 367 etsi
873 332 964 367 causa
988 330 1133 366 difficilis
1157 330 1291 374 spiritus
1321 332 1356 364 in

348 381 642 417 semiobstrufflone
659 404 671 423 ,
695 389 749 413 aut
772 376 996 419 compreffione
1019 377 1126 408 trunci
1149 374 1275 417 Asperae
1307 386 1356 408 ar-

349 429 439 460 teriae
462 423 655 465 consistens,
679 423 774 456 obvia
799 422 984 461 plerumque
1008 417 1085 451 solet
1108 416 1186 458 esse,
1211 427 1247 451 ut
1281 429 1356 451 cum

345 470 498 503 devorata
520 467 665 510 quaedam
688 476 752 499 non
775 464 974 506 pharyngem
998 460 1154 501 subeunt,
1180 461 1231 493 sed
1253 461 1287 493 in
1309 463 1357 493 la-

346 524 481 555 ryngem
505 510 590 544 forte
613 509 809 544 illabuntur,
835 515 888 538 aut
911 516 985 538 cum
1009 515 1107 546 prope
1139 503 1269 537 eandem
1306 515 1356 535 ar-

346 552 461 590 teriam
486 554 583 588 durus
608 554 723 594 aliquis
746 549 853 584 tumos'
866 547 1037 585 increscit,
1059 547 1283 589 cujusmodiin
1301 548 1356 579 Se-

344 599 520 644 pulchreto
545 607 609 629 non
633 595 743 628 desunt
776 592 952 631 historiae‚·
984 600 1089 623 tamen
1123 600 1351 632 nonnunquam

347 642 491 681 accidit,
516 648 551 673 ut
576 638 774 677 obstructio,
795 638 939 678 itemque
960 632 1147 675 compressio
1169 633 1266 666 latere
1278 633 1352 675 pos-

343 685 429 725 sint,
451 686 557 717 minus
580 694 619 715 ex
641 683 718 724 :egri
741 680 923 713 narratione
938 700 951 716 ,
983 686 1037 709 aut
1071 686 1109 708 ex
1141 676 1267 709 Medic-i
1300 677 1349 709 in-

343 727 532 770 spectione,
569 736 664 767 quam
698 735 737 756 ex
769 721 952 764 conjectura
986 717 1208 760 dignoscendae
1229 744 1236 753 .
1271 720 1349 758 Quo

343 772 507 814 pertinent
520 766 729 809 'deprehensae
753 766 835 798 olim
860 776 876 796 a
899 763 1111 797 CLFantono
1135 766 1145 801 (
1170 773 1185 795 r
1207 765 1221 802 )
1243 763 1275 795 in
1297 762 1348 795 νὶ-

342 814 399 848 rili
423 814 570 846 cadavere
594 809 736 851 ulcerosae
759 807 979 849 arytaenoides,
1004 815 1170 846 earumque
1202 804 1351 848 craffities

342 857 390 891 ita
415 854 545 888 adaueffa
559 876 572 893 ,
595 861 631 886 ut
653 850 874 894 angustcffimus
898 850 932 881 in
954 848 1086 890 larynge
1119 855 1241 881 meatus
1273 859 1351 890 aegro

340 898 546 942 difficillime,
569 896 623 938 qui
646 896 759 928 dudum
778 893 823 936 fic
846 894 995 929 vixerat,
1019 891 1191 934 respiranti
1206 890 1350 934 superes-

333 941 404 984 set.
430 940 619 982 Eodemque
642 938 794 980 2spe5tant
827 947 890 969 non
923 934 1066 976 vulgares
1099 933 1349 967 Observationes

332 982 435 1023 duae,
459 984 556 1018 altera
580 981 756 1021 Valsalvae‚
779 983 811 1014 &
837 978 919 1012 mihi
942 978 1144 1017 communis,
1167 978 1265 1011 altera
1276 978 1349 1010 Me-

340 1027 455 1061 diaviae
479 1026 579 1060 nostri
603 1025 732 1068 propria
748 1049 757 1057 .
782 1024 931 1062 Quarum
953 1021 1009 1054 illa
1035 1020 1143 1054 habita
1173 1020 1215 1054 est
1245 1022 1279 1053 in
1313 1032 1347 1053 ea

340 1071 503 1112 Virgine,
525 1071 558 1102 in
583 1079 645 1111 qua
669 1069 809 1112 primum
833 1064 902 1099 vidi
927 1065 1074 1106 hymenis
1097 1063 1241 1097 foramen
1265 1063 1348 1096 bifa-

340 1115 423 1149 riam
445 1113 585 1146 divisum
611 1122 665 1153 per
686 1111 845 1154 quandam
870 1108 1011 1152 ejusdem
1040 1106 1221 1142 substantiae
1254 1105 1347 1150 quasi

339 1156 482 1191 institam
497 1179 509 1196 ‚
531 1156 657 1198 qualem
681 1166 718 1187 ex
743 1155 813 1187 aliis
837 1164 964 1196 quoque
989 1151 1091 1193 postea
1126 1150 1258 1193 adjeaeffis
1291 1149 1349 1187 ob÷

339 1200 569 1235 servationibus
592 1200 624 1231 in
649 1197 847 1231 Adversas-iis
870 1197 952 1239 (s)
973 1191 1184 1236 descripsisse,
1218 1195 1349 1237 iterum-

339 1255 401 1286 que
423 1254 497 1276 cum
522 1241 670 1284 sejunftis
695 1241 732 1273 ab
754 1239 889 1281 hymene
911 1242 944 1273 δε
965 1238 1146 1273 columnis,
1172 1240 1204 1270 δε
1237 1247 1349 1270 carun-

338 1287 421 1320 culis
445 1287 512 1319 illis
535 1296 612 1326 quas
634 1293 718 1317 nunc
744 1284 844 1326 aliqui
863 1280 1039 1324 pzfiformes
1062 1289 1203 1320 vocant,
1226 1290 1349 1313 memo-

338 1328 415 1363 rasse
439 1341 513 1369 me,
536 1329 625 1367 sci03
648 1336 685 1363 ut
710 1328 886 1361 naturalem
908 1334 1018 1359 autem
1039 1347 1051 1364 ,
1088 1322 1151 1355 five
1185 1322 1347 1365 Chirurgi

335 1384 433 1415 opera
458 1383 522 1406 non
546 1380 713 1413 egentem,
738 1382 787 1403 me
808 1395 816 1410 ,
839 1378 875 1402 ut
900 1368 999 1403 iidem
1024 1366 1191 1404 scribunt,
1227 1377 1349 1409 propo-

335 1414 449 1457 suisse,
474 1417 519 1449 ita
544 1415 678 1453 nescio,
701 1422 738 1446 ut
763 1416 795 1447 &
819 1422 903 1446 certa
926 1410 1075 1456 quaedam
1099 1411 1187 1451 alia,
1211 1411 1249 1444 de
1273 1410 1348 1455 qui-

337 1460 397 1494 bus
420 1458 533 1502 agendi
559 1469 623 1491 non
647 1456 688 1491 est
711 1456 765 1489 hic
790 1457 900 1490 locus.
1210 1467 1213 1469 ·

389 1512 438 1546 13.
466 1503 628 1536 VIRGO
652 1501 753 1542 igitur
777 1499 814 1533 de
837 1512 899 1543 qua
921 1497 1020 1532 modo
1043 1496 1213 1537 dicebam,
1245 1507 1345 1530 annos

344 1556 419 1581 nata
443 1545 481 1580 ad
503 1544 716 1588 quadraginta
731 1567 744 1585 ,
767 1542 830 1587 jam
854 1542 911 1577 diu
942 1541 1149 1580 affirmarim,
1174 1541 1346 1574 imminuta

340 1589 468 1632 insuper
481 1600 557 1621 voce
571 1612 583 1627 ,
607 1600 622 1620 a
636 1586 773 1621 Medicis
785 1586 894 1630 procul
914 1585 1017 1619 dubio
1029 1597 1068 1620 ex
1082 1584 1289 1627 pulmonibus
1300 1584 1347 1616 la-

341 1633 454 1666 borare
476 1631 688 1671 credebatur,
711 1641 785 1664 cum
808 1632 909 1664 acrius
921 1627 1275 1671 asthmateingruente,
1307 1625 1346 1660 de

342 1676 524 1719 improviso
547 1685 675 1708 mortua
698 1673 762 1711 est,
784 1677 816 1707 δέ
841 1674 880 1707 ab
904 1670 1060 1706 Studiosis
1096 1670 1345 1704 adolescentibus

339 1721 375 1756 in
400 1719 601 1755 Bononiense
623 1717 857 1751 Anatomicum
882 1715 1062 1750 Theatrum
1086 1715 1177 1747 illata
1191 1715 1232 1747 A.
1251 1724 1342 1757 1704.

471 1762 685 1796 VENTRIS
717 1760 833 1794 viscera
866 1758 952 1793 nihil
985 1757 1073 1801 quod
1108 1767 1220 1800 praeter
1253 1767 1346 1790 natu-

343 1819 411 1841 ram
436 1805 533 1847 esset,
557 1804 736 1839 habuerunt
758 1829 768 1844 ,
790 1803 812 1837 si
839 1803 934 1847 paulo
969 1800 1103 1843 majores
1135 1801 1226 1834 testes
1260 1802 1347 1833 exci-

339 1853 410 1895 pias
425 1875 438 1892 ,
459 1849 580 1890 duros,
605 1849 693 1882 albos
709 1872 720 1890 ,
744 1848 872 1891 prorsus
897 1844 1071 1880 scirrhosos
1091 1868 1103 1885 ‚
1135 1844 1250 1886 quibus
1285 1844 1347 1885 hy-

341 1895 465 1929 datides
489 1894 617 1937 aliquot
650 1892 905 1926 incumbebant.
1038 1890 1076 1921 In
1108 1886 1258 1920 Thorace
1293 1898 1347 1920 au-

343 1948 409 1972 tem
434 1936 569 1981 ipsisque
595 1936 800 1980 pulmonibus
817 1934 908 1968 ⁴nihil
933 1933 1069 1978 omnino
1092 1932 1188 1969 vitii;
1211 1940 1247 1964 ut
1283 1929 1346 1972 jam

339 1993 451 2016 omnes
474 1983 560 2016 intra
581 1980 726 2014 cranium
750 1978 855 2013 morbi
878 1979 1003 2011 causam
1022 1982 1180 2016 repertum
1196 1974 1264 2014 iri,
1288 1985 1346 2016 pu-

340 2035 446 2060 tarent
461 2049 469 2059 .
593 2022 661 2056 Sed
684 2025 716 2056 δε
741 2023 787 2055 ibi
812 2022 892 2056 τεᾶε
915 2018 1089 2053 constituta
1113 2018 1239 2050 inventa
1271 2016 1344 2050 sunt

341 2070 473 2104 omnia.
609 2065 815 2100 Mirabantur
839 2064 947 2097 cuncti
971 2063 1026 2105 qui
1062 2060 1190 2093 disscera
1222 2072 1261 2093 ex
1292 2071 1346 2091 or-

340 2113 416 2147 dine
440 2111 557 2144 viscera
579 2108 754 2152 diligenter
776 2108 1000 2150 inspexerant5
1025 2102 1075 2137 sed
1096 2103 1200 2136 multo
1212 2114 1268 2136 nos
1280 2114 1346 2135 ma-

340 2159 390 2199 gis
413 2157 470 2199 qui
493 2153 754 2191 dissecueramus3
778 2162 852 2184 cum
875 2161 960 2192 ege,
981 2149 1059 2196 quin
1083 2146 1245 2189 laryngem
1265 2157 1349 2188 quo-

341 2211 404 2243 que
428 2200 586 2240 aperimus
602 2218 611 2234 ,
637 2193 809 2229 Valsalva?
835 2193 857 2227 si
881 2193 966 2227 forte
991 2195 1023 2224 &
1046 2191 1228 2236 imminutae
1240 2191 1348 2229 vocis,

346 2247 377 2276 δε
402 2241 566 2276 asttmiatis
584 2263 593 2277 ‚
617 2241 650 2272 δε
673 2240 788 2271 mortis
811 2237 901 2271 causa
927 2236 976 2269 ibi
999 2235 1220 2268 delitesceret:
1247 2243 1348 2275 neque

343 2288 430 2320 enim
454 2297 490 2318 co
513 2293 657 2325 tempore
681 2282 718 2316 ad
742 2278 974 2324 horizontalem
996 2277 1169 2321 glottidem
1191 2301 1204 2318 ,
1227 2276 1266 2309 ad
1298 2277 1345 2308 la-

344 2330 456 2372 ryngis
477 2326 690 2363 ventriculos,
717 2324 756 2357 ad
788 2323 1043 2367 Arytaenoidaeas
1075 2320 1240 2364 glandulas
1261 2342 1274 2360 ,
1306 2319 1346 2352 ad

345 2371 498 2407 articulos
520 2368 797 2411 Aryraeandum,
819 2378 889 2409 quae
915 2364 1048 2399 necdum
1070 2373 1268 2402 retexeram,
1290 2374 1345 2395 aue

345 2417 566 2451 restitueram‚
589 2410 778 2445 ostendenda
808 2409 923 2450 larynx
956 2410 989 2440 in
1023 2407 1154 2440 Publica
1183 2408 1347 2441 Anatome

294 2468 296 2471 ’
345 2459 565 2503 aperiebatur.
590 2456 676 2489 Cum
700 2455 754 2486 ille
777 2451 949 2498 annuisset,
972 2452 1071 2493 quaeri
1094 2450 1252 2484 continuo
1262 2449 1348 2481 inter

345 2501 490 2537 nondum
514 2498 650 2542 sepultas
674 2507 800 2540 partes,
823 2499 854 2529 &
878 2495 917 2529 ad
939 2505 988 2528 me
1013 2493 1124 2527 referri
1158 2493 1347 2534 laryngem,

345 2546 435 2590 juffi.
459 2546 569 2583 Quam
593 2541 648 2574 ubi
673 2552 689 2573 a
714 2550 808 2583 tergo
832 2538 1004 2572 secundum
1027 2536 1266 2578 longitudinem
1299 2537 1348 2567 in-

346 2589 467 2629 cisam,
491 2586 631 2622 diduxi‚
655 2585 813 2617 contiuuo
837 2580 1038 2615 manifestum
1060 2579 1125 2614 fuit
1148 2578 1243 2626 quod
1260 2590 1349 2621 quae-

346 2633 491 2669 rebamus
506 2655 515 2662 .
539 2631 602 2662 Pus
625 2629 711 2661 enim
737 2639 775 2660 ex
799 2625 873 2658 albo
895 2627 1079 2665 cinereum,
1104 2626 1135 2657 δε
1158 2624 1245 2666 quasl
1280 2621 1350 2663 pul-

345 2686 494 2712 taceum,
518 2669 704 2705 formatum
720 2671 754 2703 in
782 2668 996 2703 obturamenti
1019 2666 1154 2701 modum
1170 2689 1179 2705 ,
1203 2665 1351 2698 occlude-

345 2720 402 2754 bat
427 2718 554 2762 penitus
577 2725 691 2748 cavum
716 2713 860 2756 laryngis
883 2710 971 2755 quod
994 2709 1080 2752 infra
1101 2708 1327 2753 glottidemest
1343 2722 1352 2740 .-

347 2773 447 2806 eoque
470 2763 543 2794 loco
566 2759 677 2792 tunica
701 2757 864 2799 laryngem
886 2754 1081 2789 convestiens
1105 2753 1354 2786 erat‘exulcera-

347 2817 409 2847 ta,
431 2801 705 2847 quemadmodum
730 2804 761 2833 δέ
784 2811 845 2842 qua
869 2799 1037 2842 proximos
1062 2797 1194 2830 annulos
1228 2796 1353 2838 aliquot

349 2848 507 2884 Tracheae
532 2846 655 2878 arteriae
680 2842 844 2886 operiebat
872 2855 884 2882 3
916 2852 1097 2885 quanquam
1133 2841 1187 2873 hic
1220 2839 1322 2872 levius
1346 2862 1354 2870 .

348 2891 479 2934 Qibus
501 2889 660 2932 postremo
683 2889 862 2920 Anatomes
884 2885 938 2920 die
970 2886 1005 2918 in
1040 2884 1190 2919 Theatro
1220 2882 1353 2916 demon-

349 2936 479 2972 stratis,
504 2932 580 2967 satis
606 2929 757 2963 omnibus
782 2927 906 2963 faeturn
928 2927 993 2963 est.

396 2989 445 3022 14.
470 2976 631 3018 Cogitans
655 2972 779 3016 postea,
805 2972 887 3006 unde
910 2971 1090 3005 illiusmodi
1115 2972 1203 3015 puris
1225 2979 1352 3004 tantum

350 3023 425 3065 cogi
449 3022 483 3054 in
506 3030 578 3052 eum
601 3018 709 3050 locum
734 3014 904 3058 potuisset,
931 3025 965 3049 ut
989 3016 1074 3049 viam
1104 3014 1234 3058 prorsus
1256 3015 1353 3048 obtu-

351 3075 454 3105 raret,
477 3062 564 3105 coepi
588 3061 733 3103 larynges
756 3059 947 3101 diligentius
971 3058 1135 3099 incidere,
1160 3057 1351 3101 conspeffis-

351 3121 415 3152 que·
434 3118 499 3141 non
524 3104 623 3139 modo
645 3102 805 3146 glandulis
829 3102 885 3136 sub
908 3114 941 3135 ea
963 3104 1072 3136 tunica
1104 3101 1236 3135 consitis
1256 3124 1265 3139 ,
1300 3099 1351 3135 sed

351 3155 385 3186 ὅ(
405 3149 662 3185 ventriculorum
685 3148 789 3180 caveis
813 3147 847 3179 in
870 3158 945 3189 quas
968 3157 1002 3178 ea
1013 3147 1120 3179 tunica
1135 3145 1162 3178 se
1174 3144 1350 3188 producit,

350 3204 423 3232 tum
446 3189 675 3237 ejusdemmodi
690 3189 854 3233 glandulas
869 3212 881 3229 ,
901 3199 970 3223 turn
984 3189 1118 3223 inferius
1130 3200 1201 3222 crus
1212 3191 1354 3231 operiens

352 3237 577 3282 glandularum
589 3233 929 3278 Arytaenoidaearum;
951 3244 1012 3266 non
1035 3232 1208 3267 difficulter
1217 3231 1353 3274 conjeci,

353 3282 622 3317 exulcerationem
646 3279 680 3310 in
705 3277 843 3319 Virgine
865 3275 903 3310 de
926 3287 986 3319 qua
997 3275 1121 3311 dietum
1132 3276 1201 3317 est,
1224 3274 1356 3310 utinfra

352 3334 418 3359 erat
442 3319 630 3362 manisesta,
653 3319 692 3354 fic
716 3322 750 3355 in
777 3321 962 3354 ventriculis
985 3320 1213 3363 quoquelatere
1232 3319 1359 3362 potuis-

355 3369 407 3409 se,
427 3369 462 3401 in
485 3366 599 3410 hisque
622 3365 745 3397 lentum
769 3375 825 3406 pus
849 3374 971 3397 moram
994 3362 1117 3397 trahere
1138 3387 1150 3403 ‚
1184 3363 1357 3407 praesertim

354 3422 487 3454 corpore
512 3409 549 3443 ad
574 3407 800 3442 dormiendum
822 3406 1022 3450 composrt0‚
1045 3410 1077 3440 δε
1106 3408 1270 3450 aliquanto
1281 3407 1357 3441 den·

356 3446 415 3489 sius
438 3452 526 3493 fieri,
549 3456 580 3486 &
606 3451 709 3494 postca
734 3452 817 3484 inter
838 3450 1036 3494 loquendum
1059 3451 1201 3484 excidere
1221 3473 1231 3488 ,
1254 3453 1287 3484 3<
1317 3451 1356 3484 ad

356 3495 439 3531 illud
463 3495 533 3530 addi
555 3494 645 3538 quod
669 3506 684 3528 e
710 3494 850 3537 laryngis
874 3499 905 3529 &
931 3495 1087 3538 proximis
1110 3495 1232 3528 arteriae
1254 3494 1356 3538 Αἶρεἒ

931 128 1090 182 Liber
1122 126 1189 179 ΙΙ.
1225 125 1310 179 De
1344 122 1546 179 Morbis
1581 122 1846 179 Thoracis

1409 212 1451 235 rae
1473 202 1644 244 parietibus
1668 198 1855 243 depluebat.
1881 200 1932 232 Sic
1954 198 2021 232 aeri
2045 199 2145 241 magis
2169 200 2312 234 minusve
2340 198 2400 231 ob-

1406 244 1538 291 stando,
1561 247 1661 288 magis
1684 239 1826 278 minusve
1847 241 2011 275 difficilem
2032 240 2271 285 respirationem
2307 242 2401 275 secis-

1408 289 1438 321 se
1453 311 1465 328 ,
1483 287 1582 322 donec
1607 300 1641 321 ea
1664 287 1790 322 tandem
1811 286 1961 328 utrinque
1983 285 2100 330 copia,
2123 298 2220 329 eaque
2242 299 2258 319 e
2280 285 2400 318 ventri..

1405 332 1487 365 culis
1511 331 1664 365 densitate
1684 332 1857 374 prorupit,
1879 337 1915 361 ut
1937 327 2127 371 exspirando
2149 329 2231 370 {iude
2249 329 2364 361 'averti
2386 352 2397 368 ‚

1407 374 1553 417 forasque
1576 374 1650 417 ejici
1674 385 1738 407 non
1763 372 1929 416 potuerit,
1953 382 2016 404 non
2039 371 2124 407 secus
2148 384 2182 405 ac
2205 373 2243 407 de
2275 374 2399 413 impro-

1407 417 1474 450 viso
1496 417 1661 455 accidisse,
1686 417 1769 450 vidit
1792 415 1986 450 Mentzelius
2008 417 2081 454 (t)a
2102 426 2196 458 parva
2218 415 2398 450 craffiffimae

1407 462 1534 503 pituitae
1558 463 1729 503 portione,
1750 462 1834 494 inter
1855 458 1935 491 duos
1959 459 2079 501 primos
2112 460 2235 493 arteriae
2267 459 2398 501 Asperae

1409 505 1541 538 annulos
1564 504 1705 538 fortuito
1727 502 1925 538 subsistente,
1949 505 1982 534 &
2003 502 2083 535 hanc
2106 502 2234 545 prorsus
2248 526 2260 543 ‚
2282 501 2398 535 firmis-

1408 547 1545 591 simeque
1568 546 1757 581 occludente
1770 548 1813 579 >in
1824 546 1892 580 sana
1904 544 2071 586 alioquin,
2092 554 2262 588 vegetaque
2273 546 2395 587 puella.

1401 594 1478 638 Jarn
1500 602 1575 623 vero
1598 594 1632 624 in
1657 589 1818 634 propofita
1842 589 2000 631 Virgine,
2045 600 2093 622 uae
2108 600 2171 622 ⁴nec
2186 599 2293 631 vegeta
2303 598 2370 622 erat
2386 615 2396 630 ,

1401 646 1457 668 nec
1482 633 1575 675 sana,
1599 634 1765 676 purulenta
1788 632 1903 676 sputa,
1923 633 1956 664 δε
1978 640 2015 665 tu
2038 643 2085 672 is,
2107 634 2140 665 &
2163 631 2264 666 sensus
2285 634 2319 667 in
2350 633 2398 665 la-

1400 682 1498 720 ryng'e
1521 676 1692 718 erosronis,
1714 688 1806 719 quae,
1830 676 1967 718 opinor,
1990 686 2054 707 non
2076 674 2266 718 defuerant,
2289 675 2397 711 &dif-

1402 721 1527 755 ficultas
1552 721 1795 764 respirationis,
1819 729 1854 753 ac
1875 719 1963 751 vocis
1988 719 2178 752 imminutio
2193 743 2205 759 ,
2226 731 2298 763 quae
2328 731 2397 753 cer-

1403 775 1434 797 te
1455 764 1579 798 fuerant
1593 788 1604 805 ‚
1628 764 1819 808 pulmonum
1843 761 2108 794 exulcerationem
2131 763 2394 798 mentiebantur:

1401 819 1455 841 nec
1480 807 1538 841 nifi
1563 817 1705 841 accurata
1729 806 1983 848 symptomatum
2006 814 2219 847 caeterorum,
2242 818 2311 849 quae
2324 807 2396 849 pul-

1401 862 1509 889 mones
1532 850 1661 885 affefftos
1684 848 1897 885 confirmant,
1922 847 2134 890 perquifitio,
2156 858 2194 883 ut
2216 858 2293 892 puta
2317 861 2395 884 num

1400 896 1533 929 materia
1555 907 1626 937 quae
1649 893 1856 936 ejiciebatur,
1883 891 1922 925 de
1944 890 2152 934 profundiore
2185 892 2260 925 loco
2290 891 2395 926 ascen-
2426 897 2427 900 ’

1398 938 1470 972 dere
1492 939 1732 981 perciperetur,
1755 946 1831 969 num
1854 935 1955 969 sensus
1975 936 2019 978 im
2032 934 2158 968 thorace
2181 933 2253 968 esset
2275 935 2396 978 ponde..

1398 984 1469 1022 ris,
1492 990 1546 1016 aut
1569 981 1832 1024 compreffionis,
1855 990 1933 1012 num
1956 977 2122 1011 decubitus
2145 979 2273 1020 supinus
2296 1003 2309 1020 ,
2339 989 2395 1013 aut

1380 1027 1433 1068 *in
1455 1026 1538 1059 latus
1561 1024 1726 1063 difficilis,
1751 1034 1830 1057 num
1853 1020 1990 1056 ascensus
2013 1032 2067 1063 per
2101 1022 2234 1054 acclivia
2268 1024 2397 1055 income

1384 1062 1535 1109 ³modus,
1558 1072 1591 1102 δε
1613 1080 1683 1111 quae
1707 1067 1779 1101 sunt
1805 1067 1866 1100 alia
1890 1062 1983 1106 hujus
2015 1066 2136 1106 generis
2169 1076 2236 1108 quo
2267 1066 2357 1107 plura
2382 1090 2395 1107 ,

1397 1124 1436 1145 eo
1459 1113 1560 1155 magis
1585 1111 1798 1149 attendenda5
1821 1121 1876 1143 nec
1890 1133 1902 1148 ,
1923 1109 2076 1150 inquam,
2094 1107 2157 1141 ‘nisi
2193 1107 2308 1142 horum
2341 1109 2397 1143 ab—

1400 1155 1519 1193 sentia,
1545 1164 1716 1198 perpetuus
1738 1163 1846 1188 autem
1869 1153 1908 1185 ab
1929 1152 2030 1184 initio
2053 1151 2147 1193 usque
2170 1151 2267 1184 dolor
2289 1154 2322 1185 in
2347 1153 2397 1185 la-

1401 1210 1500 1241 rynge
1523 1197 1681 1240 persistens
1704 1208 1830 1230 movere
1852 1195 2017 1228 Medicum
2040 1194 2079 1228 ad
2100 1194 2134 1228 id
2157 1193 2397 1236 conjiciendum

1400 1251 1550 1284 poterant
1564 1263 1574 1280 ,
1597 1241 1683 1285 quod
1707 1240 1812 1273 revera
1834 1237 1919 1272 fuit:
1942 1249 2122 1280 quanquam
2144 1247 2220 1271 tunc
2231 1237 2397 1274 difficilius

1399 1294 1469 1318 erat
1491 1284 1649 1328 conjicere
1673 1284 1763 1328 cujus
1789 1281 1969 1324 exemplum
1985 1292 2068 1328 =non
2101 1281 2227 1315 extabat
2251 1306 2260 1313 .

1398 1329 1494 1362 Hanc
1517 1329 1620 1371 igitur
1643 1329 1778 1371 primam
1802 1338 1841 1361 ex
1865 1325 2030 1366 proposita
2054 1324 2189 1358 historia
2213 1324 2394 1359 utilitatem

1399 1372 1586 1412 elicies,'ut
1608 1371 1694 1414 quod
1719 1371 1811 1405 semel
1835 1369 2034 1402 observatum
2057 1368 2100 1403 est
2117 1390 2131 1408 ‚
2161 1367 2248 1410 posse
2279 1369 2398 1403 iterum

1400 1426 1456 1449 nec
1478 1415 1583 1449 forsan
1606 1427 1702 1458 quam
1725 1413 1872 1448 rarissime
1895 1410 1984 1452 fieri,
2006 1413 2039 1444 in
2073 1412 2302 1453 aegrotantibus
2332 1412 2398 1446 sus-

1399 1460 1537 1500 piceris.-
1562 1460 1693 1492 alteram
1715 1456 1859 1501 deinde,⁴
1875 1466 1912 1488 ne
1935 1457 1968 1488 in
2002 1464 2206 1488 mortuorum
2234 1453 2399 1489 diss'effio-

1396 1503 1493 1536 nibus
1515 1501 1610 1535 facile
1634 1501 1847 1544 pronuncies,
1870 1498 1991 1532 nullam
2014 1498 2121 1533 morbi
2143 1496 2234 1532 fuiss'e
2245 1498 2395 1539 causam,

1396 1558 1468 1588 quae
1489 1545 1614 1579 caderet
1648 1545 1705 1578 sub
1738 1544 1865 1583 sensus,
1887 1543 1997 1585 itaque
2029 1542 2063 1574 in
2095 1541 2314 1575 convulfiones
2346 1543 2398 1575 in-

1397 1599 1525 1630 ternas,
1549 1598 1603 1621 aut
1627 1588 1687 1620 alia
1711 1585 1865 1629 ejusmodi
1890 1583 2071 1618 affectiones
2105 1583 2310 1626 rejiciendam
2340 1584 2398 1619 esse

1396 1644 1468 1675 quae
1491 1631 1705 1665 invisibilibus
1729 1629 1926 1672 corpusculis
1949 1627 2053 1660 deberi
2076 1627 2208 1670 possint.
2224 1628 2326 1665 Quod
2348 1628 2400 1662 fa-

1397 1677 1486 1710 &um
1509 1673 1622 1718 procul
1645 1674 1749 1707 dubio
1773 1671 1879 1706 fuisset
1903 1674 1935 1704 in
1960 1670 2022 1703 hoc
2045 1671 2141 1711 casu,
2163 1670 2220 1704 nifi
2243 1671 2330 1705 forte
2361 1674 2398 1706 in

1396 1728 1534 1753 mentem
1554 1715 1709 1755 ¹venisset,
1733 1726 1770 1750 ut
1793 1716 1864 1748 aliis
1896 1713 2089 1757 perlustratis
2121 1715 2263 1756 partibus
2288 1739 2298 1755 ‚
2329 1715 2398 1752 haec

1395 1761 1700 1805 quoquelparticula
1732 1758 1894 1793 noviffime
1930 1756 2189 1799 introspiceretur
2208 1780 2221 1797 ,
2251 1758 2364 1800 larynx
2388 1772 2400 1790 .-

1396 1817 1491 1849 quam
1513 1804 1568 1838 ubi
1593 1805 1630 1837 de
1653 1803 1870 1846 respirationis
1892 1801 2005 1836 vitiis,
2029 1803 2062 1834 &
2084 1799 2122 1833 de
2144 1802 2398 1844 repentinaiprae-

1397 1850 1506 1883 sertim
1529 1856 1633 1881 morte
1655 1845 1742 1890 quasi
1767 1858 1784 1879 a
1806 1843 2017 1880 suffocatione
2041 1852 2155 1886 agetur
2175 1854 2276 1884 ,cave
2307 1846 2401 1878 inex-

1397 1894 1555 1943 ploratam
1578 1892 1733 1924 omittas.
1864 1886 1924 1921 Sed
1946 1887 2010 1930 jam
2033 1888 2072 1921 ad
2095 1887 2227 1921 alteram
2239 1887 2400 1922 Observa-

1397 1945 1521 1969 ttvonem
1543 1946 1706 1967 veniamus
1721 1959 1730 1967 .

1443 1990 1491 2021 15.
1517 1978 1707 2012 MULIER
1730 1974 1937 2016 octogenaria
1969 1974 2074 2016 major
2097 1998 2107 2014 ‚
2142 1974 2181 2008 de
2216 1973 2359 2016 spirandi
2383 1998 2394 2013 ,

1397 2021 1622 2065 glutiendique
1647 2019 1865 2058 difficultate,
1888 2028 1961 2051 cum
1998 2016 2142 2051 faucium
2175 2017 2284 2050 ardore
2320 2029 2400 2051 con-

1398 2065 1506 2110 junc&
1516 2087 1530 2104 ,
1552 2064 1672 2097 multos
1696 2061 1761 2104 jam
1783 2060 1853 2094 dies
1872 2059 2082 2103 querebatur,
2103 2072 2179 2095 cum
2200 2061 2234 2093 in
2247 2061 2401 2096 Nosoco-

1399 2110 1501 2142 mium
1526 2107 1717 2139 Patavinurn
1739 2113 1869 2145 excepta
1892 2103 1934 2138 est
1948 2130 1956 2137 .
1981 2104 2033 2137 Ibi
2057 2113 2126 2138 tam
2146 2105 2237 2148 gravi
2247 2105 2403 2147 paroxys-

1400 2164 1454 2185 mo
1476 2149 1624 2184 difficilis
1646 2147 1866 2191 respirationis
1888 2148 2089 2191 corripitur,
2110 2156 2146 2181 ut
2167 2159 2205 2181 eo
2228 2158 2401 2190 propemo-

1398 2196 1476 2229 dum
1499 2194 1718 2227 exanimetur.
1744 2193 1892 2236 Servatur
1914 2199 2042 2231 tamen,
2063 2189 2271 2234 consequente
2305 2191 2403 2233 sputo

1398 2238 1615 2280 graveolentis
1639 2236 1748 2278 puris,
1774 2234 1827 2267 cui
1851 2235 1976 2275 sanguis
1999 2233 2151 2269 admistus
2183 2243 2250 2268 erat
2272 2258 2281 2267 .
2315 2237 2403 2268 Cum

1397 2281 1514 2315 mulier
1535 2280 1703 2325 laryngem
1726 2286 1879 2319 tanquam
1903 2277 2009 2310 morbi
2032 2277 2136 2312 sedem
2158 2288 2223 2311 non
2246 2276 2404 2312 modoin-

1397 2325 1543 2363 dicaret,
1566 2321 1616 2355 sed
1640 2321 1755 2362 digitis
1777 2318 2000 2361 prehendendo
2022 2320 2202 2354 antrorsum
2224 2320 2366 2355 traheret
2391 2347 2403 2363 ,

1399 2366 1484 2402 &sic
1508 2366 1605 2409 paulo
1633 2364 1762 2397 facilius
1772 2362 1922 2404 spiritum
1944 2362 2096 2402 ducerem
2118 2363 2406 2407 introspeetaemnt

1397 2410 1522 2449 fauces,
1547 2412 1580 2442 δε
1603 2408 1698 2441 uvula
1720 2406 1875 2448 quidem,
1897 2414 1991 2448 atque
2013 2406 2211 2441 ascendentes
2233 2407 2271 2440 ad
2302 2407 2404 2450 ipsam

1398 2450 1569 2487 musculosi
1590 2461 1681 2484 arcus
1704 2458 1918 2492 apparuerunt
1938 2451 2112 2484 retrorsum
2122 2450 2209 2489 affl,
2232 2450 2312 2484 utid
2323 2451 2405 2494 pha-

1398 2497 1508 2539 ryngis
1530 2492 1691 2528 orificium
1714 2491 1805 2536 quod
1826 2491 1866 2526 ad
1887 2503 1924 2525 os
1947 2491 2010 2532 est,
2034 2492 2206 2527 dilatatum
2222 2492 2404 2536 videretur,

1399 2551 1498 2582 eaque
1520 2539 1590 2572 loca
1614 2537 1712 2580 paulo
1735 2537 1836 2577 magis
1858 2536 2007 2568 ruberent
2039 2547 2137 2578 quam
2168 2536 2287 2570 soleant
2308 2550 2319 2576 3
2353 2538 2405 2573 sed

1403 2583 1488 2616 nihil
1512 2589 1661 2625 praeterea
1682 2578 1867 2622 conspicere
1890 2580 2007 2613 licuit.
2034 2581 2086 2612 Sic
2109 2578 2176 2613 dies
2201 2581 2405 2624 quindecim,

1402 2636 1455 2661 aut
1478 2638 1516 2658 eo
1540 2624 1677 2667 amplius
1699 2634 1774 2657 cum
1796 2623 1837 2656 iis
1860 2621 1988 2665 sputis,
2020 2624 2052 2655 δε
2083 2621 2274 2657 difficultate
2304 2625 2406 2668 respi-

1404 2668 1497 2703 randi
1518 2668 1633 2702 mulier
1655 2665 1814 2709 perstitit,
1839 2664 1940 2699 donec
1961 2666 2062 2708 magis
2085 2665 2144 2699 hac
2155 2677 2308 2710 urgente,
2330 2671 2406 2702 irri-

1403 2716 1445 2746 tis
1467 2711 1615 2746 omnibus
1639 2711 1771 2744 auxiliis
1790 2731 1801 2748 ,
1834 2708 2043 2742 conficeretur
2080 2711 2208 2743 circiter
2246 2712 2406 2747 Kalendas

1405 2756 1601 2799 Septembres
1623 2755 1666 2787 A.
1696 2764 1790 2796 1725.
1922 2754 2152 2793 COLLUM,
2174 2754 2209 2787 in
2244 2766 2310 2798 quo
2341 2757 2408 2790 evi-

1406 2800 1481 2833 dens
1511 2807 1621 2839 erat„
1643 2797 1751 2830 morbi
1775 2795 1899 2830 causam
1921 2796 2044 2836 latere,
2066 2794 2232 2831 diss‘ecOtum
2258 2797 2301 2831 est
2322 2823 2334 2839 ,
2355 2802 2418 2833 ea-'

1406 2854 1466 2886 que
1491 2842 1531 2876 ad
1553 2840 1638 2875 hunc
1663 2839 1794 2875 modum
1817 2840 1965 2873 inventa.
1984 2841 2023 2872 In
2045 2840 2175 2882 Asperae
2198 2843 2323 2876 arteriae
2344 2851 2408 2876 ter'-

1406 2898 1472 2929 go,
1506 2884 1677 2923 intervallo
1707 2882 1871 2917 transverfi
1904 2883 2035 2925 pollicis
2066 2881 2151 2916 infra
2184 2885 2407 2929 cartilaginem

1404 2929 1580 2963 cricoidem
1595 2950 1606 2967 ,
1629 2937 1739 2960 tumor
1762 2935 1942 2960 excreverat
1966 2925 2004 2959 ad
2025 2937 2074 2959 ma
2101 2927 2281 2962 nitudinem
2305 2929 2407 2963 dimi-

1405 2973 1499 3007 diatae
1531 2973 1621 3005 nucis
1653 2969 1813 3014 juglandis
1833 2992 1842 3007 ‚
1874 2970 1983 3011 gulam
2013 2970 2144 3012 quiem
2186 2972 2409 3014 retropositam

1406 3027 1572 3060 premens3
1596 3013 1649 3047 sed
1672 3015 1821 3047 arteriam
1844 3013 1934 3046 illam
1958 3013 2066 3047 multo
2089 3014 2215 3055 magis3
2241 3025 2277 3049 ut
2312 3016 2407 3059 hujus

1406 3062 1495 3094 viam
1517 3059 1564 3092 ibi
1589 3057 1831 3099 angustiffimam
1855 3055 2021 3094 redderet,
2042 3058 2077 3089 in
2109 3068 2173 3100 qua
2205 3068 2262 3100 per
2292 3059 2408 3093 oblon-

1406 3116 1480 3147 gam
1503 3102 1630 3145 patebat
1653 3100 1812 3134 scissuram
1826 3124 1833 3132 .
1858 3101 1931 3133 Hac
1953 3099 2113 3140 dilatata,
2135 3102 2272 3135 tumoris
2294 3115 2408 3138 cavum

1404 3148 1580 3191 inspectum
1602 3143 1645 3178 est
1666 3144 1795 3187 putrida
1817 3143 1967 3178 refertum
1981 3144 2136 3183 materia,
2158 3145 2277 3186 pariete
2300 3157 2407 3183 autern

1404 3189 1670 3234 comprehensum
1693 3188 1827 3221 interius
1851 3186 1935 3221 duro
1961 3214 1971 3229 ,
2006 3187 2144 3221 exterius
2166 3198 2241 3221 vero
2263 3201 2301 3224 ex
2333 3192 2408 3233 qui-

1405 3234 1536 3269 busdam
1568 3230 1653 3277 quasi
1687 3232 1773 3265 milii
1806 3232 1945 3273 granulis
1976 3230 2065 3265 faeto
2096 3229 2227 3268 subflavi
2251 3234 2371 3268 coloris
2396 3259 2405 3268 .

1409 3281 1461 3312 Ex
1491 3278 1610 3321 quibus
1641 3274 1711 3308 duae
1744 3286 1871 3318 quoque
1904 3274 2090 3308 constabant
2119 3273 2278 3316 glandulae
2300 3300 2313 3317 ,
2355 3287 2410 3313 tu-

1409 3322 1493 3356 mori
1525 3318 1718 3353 extrinsecus
1751 3319 1905 3360 proximae
1928 3342 1940 3359 ,
1972 3317 2100 3360 singulae
2145 3318 2313 3353 modicum
2356 3323 2409 3363 pi-

1409 3365 1476 3399 sum
1521 3371 1716 3406 aequantes,
1761 3371 1797 3394 ut
1829 3373 1867 3395 ex
1900 3373 1961 3396 una
1982 3385 1995 3403 ,
2039 3360 2152 3394 harum
2183 3361 2316 3402 simili,
2356 3363 2411 3398 sed

1407 3409 1508 3451 magis
1543 3406 1674 3440 adaufta
1696 3428 1709 3445 ,
1739 3403 1887 3440 effectum
1925 3403 1982 3439 esse
2013 3413 2196 3443 tumorem,
2222 3417 2408 3450 appareret.

1406 3452 1458 3484 Ex
1490 3451 1568 3493 gula
1602 3450 1738 3484 sectione
1774 3450 1925 3492 perdtista
1958 3447 1999 3482 ad
2021 3447 2216 3491 pharyngem
2237 3473 2248 3489 ,
2268 3450 2335 3483 haec
2357 3453 2410 3485 in..

1406 3504 1457 3527 tus
1479 3495 1619 3527 maxime
1643 3492 1755 3535 rugosa
1779 3503 1941 3536 comperta
1966 3491 2008 3527 est
2028 3489 2070 3524 fic
2093 3498 2224 3533 tamen,
2247 3502 2283 3527 ut
2294 3493 2409 3536 digitis

2270 3547 2365 3580 rugas

418 3715 433 3744 ζ
447 3722 460 3740 r
475 3718 485 3743 )
502 3715 576 3740 Anat.
592 3721 658 3743 corp.
675 3714 744 3740 hum.
761 3714 818 3739 Diffi
837 3721 875 3746 ις.

932 3716 1075 3746 (s)1.m
1095 3725 1133 3747 ²9·
1152 3717 1175 3742 δι
1191 3718 1237 3742 IV.
1254 3716 1366 3741 Animad.

1384 3724 1421 3747 ις.
1486 3720 1500 3743 (
1515 3723 1525 3741 t
1540 3716 1553 3745 )
1569 3716 1631 3744 Eph.
1650 3717 1685 3742 N.
1702 3717 1731 3740 C.
1749 3718 1807 3740 Dec.
1826 3722 1847 3738 ι.
1864 3717 1895 3740 Α.
1913 3725 1937 3744 4·
1953 3714 2014 3740 Obs.
2031 3717 2068 3740 62.
