2498 4075
445 238 535 289 172

369 316 418 342 rat
456 305 578 341 Blasius
603 307 614 342 (
637 302 682 344 l)
700 313 714 342 ;
743 312 928 346 quanquam
950 302 1047 336 altera
1079 315 1173 337 cavea
1198 305 1299 345 magis
1333 302 1372 337 ad

369 350 540 384 dilatatum
572 345 728 381 urachum
762 347 900 379 attinere
925 346 1051 379 videtur
1077 369 1086 385 ,
1111 358 1207 389 quam
1231 348 1268 380 ad
1293 347 1371 380 vesi-

368 405 438 428 cam
461 415 469 430 ,
507 395 615 433 itaque
636 411 649 428 ‚
683 398 718 422 ut
742 389 796 422 ille
827 388 948 422 indicat
973 393 983 428 (
1007 389 1073 431 m)
1097 411 1106 427 ‚
1139 388 1204 423 fere
1226 391 1369 431 quadru-

391 437 501 470 edibus
523 433 642 468 accidit
667 431 742 465 solis
761 454 770 470 ‚
805 434 1005 475 minimaque
1029 435 1072 466 est
1095 444 1192 474 quam
1217 433 1310 466 semel
1335 436 1367 466 in

379 481 504 513 romine
536 476 658 510 Blasius
689 476 778 517 (n)
809 474 1019 518 deprehendit
1046 489 1053 507 :
1091 475 1265 510 secundum
1295 477 1367 509 lon-

364 522 546 566 gitudinem
570 531 669 555 vero,
694 527 730 551 ut
756 517 841 551 idem
865 517 985 552 Blasius
1009 519 1026 561 (
1046 531 1062 551 o
1084 523 1097 558 )
1120 520 1153 552 in
1178 521 1279 554 altero
1291 531 1370 553 con-

363 567 467 608 spexit
491 564 564 598 viro
586 588 594 603 ,
627 564 662 595 in
684 573 751 603 quo
774 571 881 594 tamen
906 573 959 604 per
983 571 1166 596 accuratam
1200 563 1370 596 sefiionem

363 610 491 642 invenit
515 630 524 647 ‚
558 605 636 640 duas
661 605 771 647 potius
806 603 899 638 fuisse
922 604 1038 638 vesicas
1077 607 1162 639 inter
1185 606 1214 640 se
1248 605 1369 648 junctis

361 652 516 687 lateribus
548 649 787 692 conglutinatas
811 671 820 686 ‚
865 659 962 691 quam
995 660 1090 682 unam
1124 660 1180 691 per
1212 648 1369 691 sepimen-

360 706 433 729 tum
466 694 602 728 divisam
627 717 633 724 .
669 692 774 729 Quale
809 700 914 724 autem
944 690 1069 734 septum
1094 714 1103 729 ‚
1139 695 1170 725 δι
1201 694 1369 735 quomodo

362 740 461 773 sirum
493 737 527 771 id
550 736 649 770 fuerit
683 735 771 777 quod
796 736 829 768 in
855 736 941 768 Viro
965 735 1114 777 Principe
1136 746 1298 778 repertum
1324 737 1368 768 ait

361 783 528 817 Bauhinus
561 779 617 821 (p
644 782 654 817 )
678 801 689 817 ,
721 777 805 811 mihi
839 777 973 819 quidem
1006 790 1071 812 non
1105 779 1241 821 liquet.
1283 778 1369 813 Illud

359 826 466 868 liquet
491 848 500 863 ,
532 822 620 866 quod
656 830 707 854 tot
730 821 887 855 Austores
911 820 1057 855 scribunt
1080 845 1093 862 ‚
1125 834 1140 854 a
1163 823 1301 855 Coitero
1335 823 1368 855 in

358 870 499 911 Vi··gine
521 877 621 909 quam
634 864 710 897 alias
722 874 850 907 quoque
872 864 1148 899 commemorandi
1171 864 1370 900 occasionem

361 911 462 947 habui
494 932 504 948 ,
548 907 640 943 fuisse
673 908 845 941 inventum
868 930 879 946 ,
923 910 1085 942 neminem
1119 920 1233 943 eorum
1277 907 1369 943 fuisse

361 956 563 997 scripturum
583 975 592 990 ,
627 949 651 984 fi
676 951 773 994 paulo
806 952 961 985 attentius
986 954 1164 988 Coiterum
1188 951 1333 996 legissent
1357 976 1366 983 .

360 1000 428 1033 Hic
452 998 537 1031 enim
560 998 573 1034 (
596 994 650 1037 q)
674 995 761 1028 nulla
795 994 928 1038 usquam
953 995 1034 1038 septi
1059 998 1225 1030 mentione
1249 995 1332 1030 faeta
1354 1018 1364 1034 ‚

358 1043 394 1076 in
418 1054 454 1075 ea
490 1040 519 1073 se
542 1035 687 1080 invenisse
712 1059 721 1075 ,
756 1039 898 1080 primum
922 1038 1053 1081 quidem
1088 1040 1222 1074 tradidit
1245 1063 1254 1078 ,
1287 1039 1366 1072 duas

360 1085 475 1128 vesicas
499 1082 657 1116 urinarias
680 1103 690 1118 ‚
723 1080 857 1115 alteram
880 1083 1056 1117 naturalem
1082 1103 1093 1120 ‚
1123 1084 1165 1116 Θ
1185 1084 1217 1117 in
1234 1084 1293 1126 sua
1310 1083 1365 1123 se-

359 1130 394 1163 de
417 1126 600 1161 collocatam
625 1150 634 1166 ‚
667 1124 800 1159 alteram
824 1136 862 1158 ex
884 1126 1029 1159 matricis
1057 1125 1131 1160 colli
1152 1127 1260 1161 dextro
1283 1126 1364 1159 late-

361 1183 394 1206 re
414 1176 601 1214 prognatam
625 1190 634 1205 ‚
668 1168 809 1202 naturali
830 1168 929 1211 ‘pefica
950 1169 1042 1211 duplo
1074 1168 1159 1212 quafi
1182 1171 1329 1212 majorem
1355 1190 1364 1206 ‚

359 1215 438 1249 lotio
456 1211 662 1256 pleniffimam
678 1236 688 1251 ‚
711 1213 753 1245 &¹
777 1210 896 1244 duabus
919 1213 1058 1252 tunicis,
1082 1220 1118 1245 ut
1141 1212 1297 1246 naturalis
1309 1222 1364 1246 νε·

354 1257 418 1302 fica
443 1279 452 1294 ,
479 1255 643 1297 praditam
669 1267 676 1286 =
713 1254 762 1287 hic
786 1254 906 1288 nullum
938 1263 1076 1288 meatum
1097 1265 1209 1297 aquam
1229 1254 1280 1288 vel
1304 1256 1365 1288 im-

358 1302 540 1335 mittentem
566 1323 575 1338 ,
604 1296 656 1331 vel
688 1299 883 1331 emittentem
920 1297 1112 1340 conspetium
1134 1295 1231 1342 fuiffe
1253 1323 1260 1330 .
1310 1299 1366 1332 In-

358 1344 406 1378 fra
440 1351 548 1376 autern
573 1364 582 1380 ‚
617 1340 674 1374 ubi
698 1342 800 1383 quaeri
833 1340 917 1383 posse
939 1364 950 1380 ‚
981 1341 1067 1374 dixit
1090 1363 1100 1379 ‚
1136 1344 1281 1383 quomodo
1311 1353 1366 1384 ge-

354 1394 464 1421 nerata
502 1385 562 1418 haec
593 1383 690 1426 vefica
721 1394 780 1417 non
812 1384 970 1418 naturalis
995 1407 1002 1421 ‚
1033 1396 1070 1417 ac
1101 1394 1158 1426 per
1189 1395 1267 1426 quas
1296 1385 1369 1418 viar

357 1431 449 1464 urina
482 1425 610 1472 ingressa
637 1426 681 1466 fit
717 1428 751 1460 in
775 1427 908 1470 veficam
941 1428 1089 1461 adnatam
1113 1453 1122 1468 ‚
1159 1427 1329 1470 respondet
1356 1455 1366 1470 ‚

359 1474 476 1507 mirum
508 1482 566 1504 non
599 1468 653 1513 effe
679 1492 688 1508 ,
723 1471 755 1503 in
791 1470 847 1504 hac
869 1471 992 1513 virgine
1015 1494 1027 1511 ,
1061 1479 1148 1505 utero
1179 1471 1260 1506 male
1290 1469 1366 1515 affe-

356 1517 406 1551 εἷο
430 1540 442 1557 ,
474 1516 516 1549 (5⁹
539 1510 690 1556 mensibus
712 1513 792 1547 maie
816 1522 909 1555 atque
940 1514 1113 1548 inordinate
1147 1518 1331 1558 expurgatis
1354 1538 1365 1554 ,

356 1562 439 1595 inter
471 1557 668 1593 membranas
691 1581 703 1597 ‚
737 1568 802 1599 quae
824 1557 856 1591 in
879 1564 987 1591 ventre
1011 1555 1153 1599 inferiori
1177 1558 1282 1591 multae
1318 1569 1367 1592 re-

352 1605 522 1647 periuntur
544 1624 552 1638 ,
588 1611 700 1643 aquam
723 1600 801 1634 hanc
825 1608 948 1634 tenuem
969 1600 1163 1643 lucidamque
1186 1601 1366 1641 collenam,

357 1655 452 1689 atque
486 1643 675 1679 membranis
707 1644 845 1686 expanfis
868 1668 877 1683 ,
911 1651 947 1676 ut
979 1644 1011 1679 in
1033 1644 1107 1678 aliis
1139 1644 1215 1678 locis
1239 1642 1366 1688 fabium

354 1690 396 1731 est
419 1715 427 1728 ,
462 1689 540 1723 hanc
572 1686 703 1729 veficam
728 1686 791 1729 fibi
806 1684 989 1729 formaffe3
1024 1695 1058 1719 ut
1091 1689 1221 1728 nemini
1248 1686 1367 1722 obscu-

357 1745 432 1768 rum
456 1731 517 1766 esse
550 1729 643 1773 poffit
668 1753 677 1768 ‚
712 1741 777 1763 non
813 1730 942 1764 alteram
975 1730 1151 1763 urinariam
1181 1729 1318 1764 vesicam
1350 1743 1368 1764 a

358 1775 545 1821 primordiis
576 1775 782 1817 congenitam
806 1796 815 1811 ,
850 1773 902 1807 sed
939 1783 1089 1814 magnam
1113 1772 1302 1814 hydatidem
1335 1775 1367 1807 vi

357 1821 467 1856 morbi
491 1819 631 1863 denique
655 1826 855 1862 procreatam
880 1815 1092 1857 descripsisse.
1117 1814 1187 1854 Qus
1210 1816 1278 1851 fieri
1302 1818 1369 1860 igi-

357 1876 413 1901 tur
447 1863 558 1908 potuit
583 1887 591 1902 ‚
623 1871 659 1895 ut
684 1863 845 1895 Riolanus
868 1864 878 1900 (
903 1860 953 1902 r)
978 1860 1132 1894 scriberet
1155 1882 1165 1898 ,
1202 1860 1366 1902 duplicem

357 1909 492 1945 vesicam
515 1908 550 1939 in
574 1918 608 1940 ea
631 1905 773 1947 Virgine
797 1903 950 1938 invenisse
975 1905 1150 1939 Coiterum
1171 1925 1180 1941 ,
1205 1911 1368 1946 utramque

360 1954 437 1989 lotio
455 1952 577 1995 plenam
603 1971 612 1986 ‚
637 1947 692 1991 sed
715 1949 839 1981 unicam
872 1946 1046 1981 ureteribus
1065 1947 1230 1989 praeditam
1252 1970 1261 1985 ,
1294 1958 1366 1991 quae

356 1997 532 2041 portionem
564 1993 659 2026 urina
682 1994 715 2026 in
738 1990 871 2025 alteram
903 1990 1088 2025 exonerabat
1108 1994 1118 2022 ?
1153 1999 1207 2024 aut
1231 1990 1331 2025 etiam
1354 2011 1366 2028 ‚

306 2072 309 2073 γ
360 2051 397 2075 ut
421 2039 568 2073 Thomas
603 2035 814 2070 Bartholinus
838 2033 920 2079 (s)
944 2045 1013 2067 raro
1045 2033 1179 2068 veficam
1210 2036 1367 2068 cavitates

360 2084 478 2119 habere
501 2082 579 2114 duas
601 2079 779 2114 membrana
800 2089 853 2113 ceu
870 2077 961 2121 septo
985 2076 1142 2117 distinctas
1161 2101 1173 2118 ‚
1205 2077 1312 2120 quales
1335 2078 1367 2110 in

358 2127 465 2171 puella
526 2134 553 2166 5.
577 2134 726 2157 annorum
758 2123 880 2156 invenit
905 2119 1068 2154 Volcherus
1102 2121 1203 2155 Coiter
1223 2146 1231 2154 .
1257 2121 1368 2162 Qem

362 2171 423 2204 nisi
447 2171 480 2203 in
500 2136 567 2202 {roc
589 2168 717 2200 Coiteri
750 2165 842 2208 septo
873 2163 1046 2207 repetendo
1070 2163 1196 2198 secutus
1221 2175 1299 2198 mox
1323 2165 1369 2198 es-

364 2214 409 2248 set
433 2213 575 2254 Tulpius
597 2213 610 2249 (
633 2218 647 2243 t
667 2213 705 2250 )‚
728 2211 759 2241 &
781 2210 839 2251 qui
866 2207 1096 2242 Bartholinum
1121 2207 1233 2242 saltem
1253 2208 1372 2242 diserte

362 2259 533 2294 nominat,
561 2254 681 2287 Blasius
706 2257 720 2293 (
743 2263 762 2285 u
785 2254 822 2290 );
848 2263 914 2285 non
938 2253 971 2285 in
997 2260 1047 2284 tot
1073 2251 1151 2284 alios
1171 2275 1181 2290 ‚
1205 2263 1287 2293 quos
1309 2251 1373 2285 sin-

364 2302 507 2345 gillatim
531 2297 672 2332 indicare
695 2296 814 2330 necesse
837 2307 903 2330 non
925 2292 1307 2341 est‚·ve1recentiffimos
1330 2295 1372 2329 li-

364 2347 440 2379 bros
463 2343 550 2377 idem
573 2352 662 2375 error
685 2337 891 2382 permanasset
913 2361 926 2378 ,
956 2349 1047 2380 cnjus
1071 2337 1210 2381 denique
1234 2338 1373 2373 tollendi

365 2388 506 2424 studium
531 2386 698 2427 aliquanto
722 2384 812 2425 plura
845 2393 942 2425 quam
967 2380 1135 2415 voluissem
1157 2404 1169 2421 ,
1203 2393 1251 2415 me
1277 2383 1373 2416 verba

369 2432 473 2466 facere
497 2431 605 2470 coegit
627 2452 633 2458 .
669 2426 728 2460 Sed
751 2427 830 2459 illuc
855 2434 999 2458 revertor
1022 2450 1029 2457 .
1062 2425 1136 2457 Ubi
1161 2425 1231 2458 duae
1257 2447 1267 2462 ‚
1302 2427 1374 2468 plu-

368 2475 456 2510 resve
478 2481 649 2506 occurrant
674 2470 825 2503 urinariae
850 2467 959 2501 veficae
982 2490 991 2505 ‚
1026 2478 1098 2509 quae
1121 2469 1208 2500 inter
1233 2467 1262 2502 se
1285 2480 1376 2501 com-

368 2520 558 2554 municent,
584 2525 686 2554 neque
712 2523 750 2546 ex
775 2520 866 2545 certo
889 2511 1053 2544 strusturae
1077 2510 1177 2544 modo
1209 2510 1277 2553 jam
1300 2512 1375 2545 inde

370 2576 388 2598 a
412 2559 600 2604 primordiis
624 2555 715 2590 fuisse
749 2566 860 2589 omnes
884 2554 1054 2588 videantur
1080 2577 1093 2595 ,
1125 2564 1159 2588 ut
1185 2564 1262 2597 puta
1296 2554 1317 2587 fi
1342 2557 1375 2587 in

370 2608 515 2648 aliquam
540 2602 645 2636 nullus
668 2599 786 2633 influat
812 2606 917 2632 ureter
938 2620 947 2636 ,
982 2608 1084 2640 neque
1108 2609 1141 2631 ea
1169 2622 1178 2637 ,
1212 2599 1245 2631 in
1270 2598 1376 2631 brutis

372 2648 572 2694 potissimum
598 2644 815 2678 animantibus
845 2641 927 2675 faeta
952 2641 1055 2674 videri
1080 2640 1171 2683 poffit
1195 2652 1234 2674 ex
1258 2641 1377 2675 uracho

374 2694 539 2729 dilatato,
564 2701 598 2722 ea
613 2711 621 2725 ,
644 2690 799 2729 inquam,
822 2685 998 2727 praesertim
1011 2683 1031 2717 si
1046 2684 1187 2718 calculus
1201 2684 1296 2722 insit,
1322 2694 1377 2718 aut

373 2735 552 2777 stranguria
568 2754 577 2768 ‚
604 2732 653 2764 vel
677 2730 806 2773 dysuria
832 2751 841 2766 ‚
867 2730 914 2761 vel
941 2727 1073 2768 crebra,
1096 2737 1131 2761 ut
1157 2729 1236 2770 saepe
1259 2729 1292 2761 in
1317 2740 1376 2770 po-

373 2779 524 2816 toribus,
551 2776 681 2817 plurimi
706 2775 780 2807 lotii
805 2774 945 2806 retentio
969 2770 1158 2814 praecesserit
1181 2794 1193 2811 ,
1228 2783 1293 2805 non
1316 2782 1375 2813 pro

373 2825 473 2859 altera
506 2818 605 2854 vesica
632 2844 641 2859 ,
672 2817 722 2851 sed
747 2818 855 2859 potius
891 2827 950 2858 pro
974 2815 1128 2848 naturalis
1162 2812 1272 2847 vesicae
1305 2814 1379 2848 her-

373 2870 428 2903 nia
450 2889 462 2905 ,
485 2864 518 2898 id
542 2863 587 2897 est
612 2864 644 2895 vi
668 2862 775 2895 morbi
801 2860 960 2903 produGto
984 2858 1109 2892 sacculo
1134 2857 1279 2891 habenda
1303 2858 1343 2891 est
1365 2881 1376 2897 ‚

377 2911 506 2952 qualem
521 2933 528 2945 .
553 2906 690 2947 exempli
704 2904 818 2943 causa,
840 2903 906 2944 ipse
928 2900 1160 2945 quoquefuisse
1186 2911 1267 2944 puto
1279 2913 1377 2944 quam

372 2952 583 2988 Bartholinus
607 2953 621 2989 (
643 2959 663 2982 x
688 2952 697 2987 )
723 2951 756 2981 in
780 2947 930 2981 Theatro
963 2945 1025 2978 hoc
1052 2945 1163 2979 nostro
1197 2955 1262 2977 non
1286 2944 1326 2978 ab
1351 2945 1379 2979 se

372 2996 507 3040 quidem
529 3018 536 3031 ‚
571 2991 621 3026 sed
647 3005 661 3024 a
693 2988 924 3024 Moinichenio
947 2988 1150 3031 conspectam
1180 2987 1277 3021 refert
1308 3000 1381 3031 par-

373 3051 449 3073 vam
473 3063 481 3078 ‚
518 3035 633 3078 majori
667 3034 817 3068 adnatam
843 3059 851 3072 ,
884 3036 915 3066 δε
938 3043 1013 3066 cum
1047 3031 1104 3066 hac
1136 3033 1380 3066 communican-

374 3093 464 3117 tem.
488 3082 614 3113 Contra
639 3090 714 3112 vero
738 3088 796 3119 pro
829 3078 956 3118 gemina
981 3077 1082 3109 vesica
1108 3076 1273 3119 aliquanto
1297 3073 1378 3109 faci-

374 3128 438 3162 lius
462 3124 610 3164 habebo,
634 3123 753 3165 quippe
778 3121 909 3161 singulis
920 3119 1028 3153 saltem
1054 3120 1235 3153 ureteribus
1257 3119 1290 3151 in
1316 3118 1379 3152 sin-

372 3170 464 3213 gulas
487 3169 644 3202 cavitates
667 3163 878 3198 influentibus
903 3186 911 3201 ‚
947 3175 1042 3206 quam
1065 3165 1096 3196 in
1116 3163 1243 3206 Juvene
1277 3173 1378 3205 quan-

374 3213 498 3247 tumvis
520 3209 676 3253 dysuria,
700 3207 863 3246 ischuria,
887 3208 918 3239 &
940 3207 1063 3240 calculo
1088 3207 1256 3240 laborante
1281 3230 1288 3244 ,
1322 3206 1379 3239 de-

349 3271 352 3276 *
374 3257 487 3291 scribit
513 3256 725 3296 Stegmannus
750 3256 804 3293 (y
828 3254 840 3290 )
865 3275 870 3281 .
907 3249 993 3283 Illud
1017 3250 1155 3293 denique
1190 3248 1377 3292 priusquam

376 3300 427 3335 his
450 3300 488 3333 de
513 3298 645 3331 sacculis
669 3295 766 3329 finem
790 3293 916 3328 dicendi
942 3292 1055 3327 faciam
1076 3320 1084 3333 ,
1121 3304 1186 3326 non
1211 3293 1377 3326 reticebo.-

376 3342 588 3377 attendendos
622 3352 674 3374 eos
697 3339 754 3372 esse
790 3339 847 3380 qui
873 3346 1044 3379 antequam
1079 3338 1180 3370 vesica
1206 3335 1342 3370 infletur
1368 3361 1377 3376 ‚

373 3395 555 3430 apparent,
578 3394 631 3418 aut
655 3382 677 3416 s1
701 3381 767 3425 jam
792 3380 909 3414 inflata
932 3382 975 3414 est
998 3404 1010 3421 ,
1034 3380 1189 3423 imputari
1213 3388 1376 3422 nequeunt

374 3432 573 3464 exteriorum
607 3427 714 3460 vesicae
739 3426 925 3459 tunicarum
943 3447 956 3464 ‚
989 3435 1065 3467 quas
1090 3423 1256 3466 scalpellus
1290 3420 1374 3457 forte

955 222 1111 277 Liber
1145 224 1237 277 111.
1272 224 1358 278 De
1392 224 1600 279 Mothis
1634 226 1847 279 Ventris

1423 303 1561 340 laeserit,
1586 303 1690 337 hiatui
1718 326 1728 341 ,
1763 315 1816 345 per
1838 314 1935 347 quem
1958 302 2103 343 intimae,
2127 304 2168 339 ab
2190 314 2258 340 aere
2279 306 2421 342 immisso

1422 346 1607 382 extrorsum
1622 348 1817 388 compulsae,
1841 348 2001 381 sacculum
2025 370 2037 386 ‚
2070 349 2127 390 qui
2151 349 2184 381 in
2198 351 2326 384 vivente
2350 351 2422 385 nul-

1421 392 1469 424 lus
1494 389 1591 424 fuerit
1611 413 1621 427 ,
1648 391 1844 424 mentiantur
1867 413 1882 430 ,
1914 393 1945 423 δε
1971 391 2075 423 minus
2097 393 2232 429 cautis}
2261 394 2349 435 quod
2373 393 2423 429 fa-

1420 434 1683 468 &uminterdum
1705 434 1990 468 animadvertimus
2006 459 2015 475 ,
2038 445 2103 468 non
2113 435 2285 470 solertibus
2299 461 2309 477 ,
2331 437 2422 471 Ana-

1419 479 1550 511 tomicis
1573 478 1764 519 imponant.

1465 532 1516 564 33.
1542 519 1643 562 Qod
1675 521 1837 562 reliquum
1861 521 1902 554 est
1923 545 1933 561 ‚
1970 519 2078 554 vesicae
2102 522 2227 557 tunicas
2258 521 2422 560 crassiores

1421 564 1520 598 faetas
1541 589 1549 603 ‚
1584 574 1620 598 ut
1643 564 1675 596 in
1701 562 1836 599 Rustico
1858 565 1874 607 <
1895 563 1952 607 z)
1975 564 2014 598 de
2036 575 2102 605 quo
2126 564 2277 598 haflenus
2299 566 2422 600 divitum

1420 608 1462 641 est
1482 632 1495 648 ,
1531 605 1797 650 deprehendimus
1818 631 1832 647 ³
1865 606 1905 640 fic
1931 608 2184 642 animadvertere
2218 608 2350 650 potuisti
2387 610 2422 643 in

1420 651 1528 684 Puella
1560 661 1691 693 quoque
1722 649 1777 682 illa
1815 649 1926 692 agresti
1952 653 1962 688 (
1986 662 2003 682 a
2028 654 2038 688 )
2063 673 2071 688 ‚
2098 654 2127 684 ὃ(
2151 652 2184 684 in
2207 651 2424 686 Adolescente

1419 697 1434 734 (
1455 693 1474 727 b
1492 694 1509 736 )
1525 721 1533 734 ,
1556 705 1697 736 quorum
1721 694 1851 736 utrique
1874 705 1912 726 ex
1935 693 2061 728 calculo
2084 696 2202 735 pariter
2227 697 2334 737 gravis
2351 718 2362 736 ,
2387 707 2422 733 ac

1419 738 1573 771 diuturna
1605 736 1711 770 fuerat
1736 737 1900 770 mistionis
1923 736 2093 771 difficultas
2115 760 2126 777 ,
2160 739 2306 771 inventas
2329 737 2388 772 esse
2412 764 2422 773 .

1421 781 1498 815 Huc
1522 779 1653 813 veficam
1678 780 1755 814 adde
1779 792 1876 822 quam
1899 780 1950 812 Cl.
1978 780 2233 823 Dethardingius
2257 784 2319 820 (c)
2346 784 2422 824 pin-

1421 824 1557 866 gendam
1581 826 1730 863 curavit,
1755 825 1823 857 imo
1845 833 1923 865 quas
1945 825 2027 865 apud
2038 824 2241 866 Ruyschium
2265 827 2278 863 (
2300 826 2319 858 d
2341 828 2351 863 )
2372 827 2422 858 vi-

1422 868 1526 906 deris,
1549 870 1581 900 &
1604 868 1719 909 legeris
1743 867 1783 900 ab
1805 867 1916 900 eadem
1938 867 2028 900 causa
2052 867 2421 910 transversumdigitum

1420 911 1536 947 crassos
1562 912 1697 953 parietes
1721 910 1887 947 habuisse,
1911 920 1947 944 ut
1971 921 2136 953 propterea
2160 913 2192 944 in
2208 912 2313 953 aliqua
2337 914 2422 946 inter

1418 955 1500 993 hos,
1524 957 1554 987 &
1578 965 1733 995 magnum
1757 954 1917 987 calculum
1940 954 2048 996 paucis
2073 963 2199 988 tantum
2227 957 2327 989 urinae
2348 966 2422 998 gut-

1418 1000 1460 1032 tis
1484 998 1720 1040 relinqueretur
1744 997 1833 1043 locu-s
1848 1021 1855 1028 .
1879 997 1965 1040 Quae
1987 999 2018 1029 &
2043 998 2180 1036 Riverio
2203 997 2265 1040 (e)
2288 997 2420 1033 fuerunt

1416 1052 1492 1076 nota
1509 1066 1516 1080 ‚
1542 1041 1712 1080 scribenti,
1736 1041 1769 1073 in
1795 1040 1950 1081 e1usm0di
1975 1039 2178 1075 cadaveribus
2203 1041 2291 1075 illam
2314 1042 2423 1075 craffi-

1415 1084 1564 1119 tudinem
1589 1086 1755 1119 inventam
1779 1084 1837 1117 esle
1860 1084 1980 1125 digiti,
2002 1091 2058 1115 aut
2075 1084 2221 1125 pollicis,
2245 1085 2291 1118 ita
2312 1094 2348 1119 ut
2369 1093 2419 1119 to-

1416 1137 1482 1162 tam
1504 1128 1608 1171 veficae
1631 1128 1804 1161 cavitatem
1826 1128 1983 1161 intertium
2007 1126 2160 1169 impleat,
2183 1128 2224 1160 &¹
2247 1127 2344 1170 ipsum
2356 1128 2422 1162 cal-

1416 1172 1520 1205 culum
1541 1172 1680 1213 proxime
1691 1170 1915 1213 amplet‘t'atur.
1941 1171 1985 1203 Et
2009 1180 2048 1202 ne
2072 1171 2111 1203 ab
2124 1169 2336 1212 Sepulchreto
2346 1172 2420 1206 lon-

1416 1217 1488 1257 gius
1511 1225 1543 1248 te
1566 1214 1744 1252 abducam3
1767 1224 1950 1257 quanquam
1974 1215 2007 1246 in
2029 1225 2066 1246 co
2088 1213 2144 1256 (f
2164 1218 2174 1253 )
2199 1213 2265 1247 haec
2289 1226 2419 1258 quoque

1416 1260 1550 1292 invenio
1582 1269 1620 1290 ex
1648 1258 1781 1291 Riverio
1812 1259 2005 1299 deprompta
2027 1267 2040 1296 ;
2074 1258 2124 1291 vel
2148 1258 2182 1290 in
2206 1268 2306 1297 puero
2330 1261 2385 1301 (g
2407 1263 2419 1298 )

1417 1303 1503 1345 leges
1525 1302 1706 1335 mediocrem
1728 1301 1864 1343 digitum
1886 1298 2093 1341 transversum
2115 1298 2258 1343 aequasse,
2282 1303 2316 1334 in
2341 1304 2423 1336 alte-

1419 1358 1457 1379 ro
1481 1355 1586 1378 autem
1619 1344 1779 1377 calculoso
1803 1347 1817 1384 (
1838 1345 1855 1362 a:
1877 1346 1888 1381 )
1916 1343 2051 1376 veficam
2082 1342 2121 1376 ab
2143 1353 2232 1378 extra
2269 1345 2426 1388 carnosum

1410 1387 1558 1432 fatiam:
1583 1388 1671 1431 quod
1696 1399 1752 1421 nec
1777 1388 1916 1420 Riverio
1939 1387 2090 1428 ignotum
2114 1409 2126 1426 ,
2148 1388 2208 1430 qui
2231 1391 2245 1428 (
2266 1388 2286 1421 h
2308 1392 2322 1428 )
2346 1388 2425 1422 vesi-

1418 1444 1463 1467 cae
1488 1442 1598 1473 corpus
1622 1430 1781 1473 carnosum
1806 1430 1873 1465 fieri
1888 1455 1897 1470 ‚
1920 1430 2126 1464 adnotaverat
2149 1456 2157 1464 .
2182 1430 2242 1464 Sed
2266 1431 2334 1465 haec
2359 1443 2425 1466 non

1418 1476 1523 1509 solum
1548 1485 1625 1509 tunc
1650 1473 1824 1513 accidunt,
1848 1484 1921 1509 cum
1947 1486 1963 1507 a
1985 1473 2109 1507 calculo
2133 1473 2263 1516 dysuria
2285 1475 2348 1508 est.
2374 1476 2425 1509 Ut

1419 1520 1506 1552 enim
1527 1517 1609 1552 illud
1634 1528 1819 1560 praeteream
1842 1516 1931 1560 quod
1957 1518 2123 1560 perlegens
2146 1517 2209 1551 huc
2222 1530 2351 1561 quoque
2375 1528 2425 1553 at-

1419 1564 1581 1596 tinentem
1601 1560 1796 1595 Hoffmanni
1810 1562 1950 1603 primam
1974 1561 2136 1603 quandam
2149 1560 2425 1596 observationem

1417 1605 1583 1647 intelliges
1604 1626 1613 1641 ‚
1638 1605 1798 1647 superiore
1824 1604 1967 1646 Epistola
1991 1608 2001 1643 (
2026 1605 2071 1647 i)
2096 1604 2273 1638 iudicatam
2294 1617 2304 1643 3
2342 1605 2426 1639 vidi-

1418 1649 1455 1683 sti
1488 1658 1573 1681 certe
1595 1649 1629 1680 in
1661 1649 1768 1682 eadem
1790 1648 1936 1691 Epistola
1959 1651 1971 1686 (
1994 1647 2013 1689 l<
2033 1650 2047 1686 )
2067 1670 2079 1687 ‚
2112 1659 2187 1682 cum
2220 1660 2236 1681 a
2270 1648 2425 1683 Prostatae

1418 1692 1578 1735 glandulae
1602 1688 1818 1725 excrescentia
1841 1689 1914 1724 esset
1936 1691 2068 1732 dysuria
2088 1715 2097 1731 ,
2124 1690 2231 1724 vesicae
2248 1690 2344 1725 fibras
2368 1704 2426 1726 au-

1419 1737 1485 1768 &as
1509 1735 1588 1768 adeo
1612 1732 1703 1767 fuisse
1725 1758 1736 1774 ,
1768 1743 1804 1767 ut
1828 1733 1936 1767 cordis
1959 1735 2094 1767 lacertos
2117 1733 2220 1776 figura
2244 1737 2274 1766 δι
2296 1737 2426 1778 magni-

1419 1778 1535 1812 tudine
1570 1777 1730 1810 Valsalvae
1754 1777 1939 1819 inspicienti
1973 1777 2269 1818 repraesentarent3
2307 1789 2346 1812 ne
2371 1779 2426 1813 hic

1422 1819 1665 1855 Piccolhomini
1696 1823 1709 1860 (
1731 1820 1779 1859 l)
1819 1820 2091 1854 observationem
2138 1831 2391 1856 commemorem
2416 1843 2427 1860 ,

1420 1876 1519 1908 quarn
1545 1865 1647 1898 miror
1669 1864 1702 1897 in
1726 1862 1972 1906 Sepulchretum
1996 1874 2060 1896 non
2085 1862 2143 1897 esse
2156 1864 2289 1898 relatam
2304 1885 2313 1901 ‚
2339 1866 2430 1907 puel-

1419 1909 1458 1941 ]ae
1483 1906 1634 1942 videlicet
1660 1908 1749 1941 febre
1774 1906 1912 1946 affidua,
1935 1905 2110 1941 &summis
2132 1907 2302 1941 doloribus
2313 1919 2431 1943 excru-

1419 1953 1512 1986 ciatae
1545 1951 1589 1984 ob
1612 1950 1790 1984 exesionem
1825 1954 1855 1984 δι
1879 1950 2093 1984 acrimoniam
2125 1951 2298 1985 humorum
2323 1973 2333 1990 ‚
2359 1952 2429 1995 rqui

1418 2005 1493 2028 cum
1525 1993 1658 2028 vesicam
1682 1995 1835 2028 interiore
1867 1994 1977 2027 tunica
2011 1993 2194 2036 spoliassent
2219 2019 2228 2034 ,
2262 1995 2430 2029 exterioris

1413 2036 1515 2081 fibras
1539 2036 1664 2079 carnosa
1688 2037 1760 2070 adeo
1781 2036 2027 2076 inflammatione
2049 2045 2182 2071 vexatas
2204 2037 2428 2080 reliquerant,

1420 2088 1456 2114 ut
1481 2088 1581 2114 totam
1604 2091 1672 2114 eam
1694 2080 1853 2123 carnosam
1871 2079 2052 2123 judicare-‘3
2076 2081 2146 2121 ita,
2167 2081 2277 2123 inquit
2297 2104 2309 2121 ,
2330 2092 2427 2124 gran-

1419 2122 1546 2165 descunt
1577 2124 1733 2158 interdum
1754 2146 1768 2164 ‚
1807 2123 1850 2156 &
1894 2122 2061 2164 conspicuae
2088 2120 2175 2166 fiunt
2208 2125 2273 2158 illae
2305 2124 2427 2158 fibrae!

1421 2168 1509 2200 Cum
1535 2167 1594 2200 hac
1618 2166 1797 2209 conjunges
1819 2165 1908 2200 Rud.
1927 2166 1999 2211 Jac-
2022 2167 2201 2201 Camerarii
2226 2172 2237 2207 (
2260 2179 2291 2201 m
2317 2171 2328 2207 )
2351 2169 2433 2203 Ob-

1423 2210 1640 2244 servationem
1663 2209 1774 2244 vesicae
1793 2208 1907 2251 similis
1930 2206 2027 2252 maffie
2050 2221 2185 2249 carneae,
2209 2210 2301 2254 cujus
2323 2214 2432 2253 parie-

1422 2263 1470 2287 tes
1493 2266 1567 2288 cum
1590 2253 1691 2287 essent
1716 2254 1845 2287 duorum
1864 2251 2017 2295 pollicum
2041 2252 2191 2295 craffitie,
2217 2265 2282 2288 erat
2296 2266 2434 2298 propte-

1422 2308 1475 2331 rea
1498 2298 1622 2331 cavitas
1643 2297 1702 2331 vix
1723 2296 1823 2339 major
1845 2306 1919 2330 nuce
1937 2295 2105 2338 juglande:
2131 2298 2220 2339 quod
2234 2301 2341 2331 minus
2366 2300 2432 2333 mi-

1423 2342 1545 2374 raberis
1569 2341 1625 2374 ubi
1650 2340 1817 2374 historiam
1841 2340 2006 2382 perlegens
2041 2352 2138 2382 quam
2164 2340 2257 2384 supra
2281 2344 2295 2381 (
2316 2342 2370 2386 n)
2394 2354 2434 2376 ex

1424 2384 1520 2417 Attis
1545 2384 1726 2417 Helveticis
1749 2383 1891 2417 indicavi
1913 2406 1923 2421 ‚
1956 2394 1989 2416 ea
2013 2383 2218 2419 craffitudine
2241 2383 2334 2419 fuisse
2358 2386 2435 2419 vesi-

1425 2438 1470 2460 cae
1495 2429 1621 2461 tunicas
1645 2427 1879 2461 animadvertes
1898 2448 1907 2464 ‚
1932 2436 1965 2459 ut
1989 2437 2064 2459 cum
2087 2425 2152 2459 fere
2176 2428 2312 2462 infantis
2333 2439 2433 2471 caput

1425 2469 1493 2512 ipsa
1517 2480 1677 2513 aequaret,
1702 2481 1816 2504 cavum
1838 2479 1944 2503 tamen
1970 2472 2026 2502 vix
2048 2481 2162 2503 nucem
2185 2473 2312 2514 capiens
2335 2471 2435 2506 habe-

1426 2522 1495 2547 ret.
1519 2514 1564 2546 Et
1589 2515 1745 2556 quoniam
1760 2513 1947 2549 tunicarum
1971 2514 2099 2547 illarum
2117 2513 2232 2555 fibras,
2257 2515 2354 2557 paulo
2376 2528 2434 2549 an-

1428 2566 1460 2589 te
1484 2556 1552 2589 dixi
1573 2580 1585 2598 ,
1618 2557 1812 2590 lacertorum
1834 2555 1944 2590 cordis
1966 2554 2060 2589 fuisse
2083 2556 2258 2598 aliquando
2282 2556 2399 2592 ssmiles
2423 2571 2434 2598 5

1429 2599 1556 2640 nolim,
1580 2610 1612 2634 te
1635 2601 1810 2642 ignorare,
1831 2599 1962 2633 eandem
1977 2602 2255 2642 comparationem
2279 2611 2343 2635 non
2359 2603 2435 2636 Val-

1428 2642 1520 2676 salvae
1545 2652 1694 2682 tanturn,
1719 2642 1771 2677 sed
1793 2646 1823 2676 &
1848 2643 1919 2677 aliis
1943 2642 2048 2685 postea
2070 2644 2128 2684 qui
2151 2644 2185 2677 in
2209 2646 2435 2687 paresincide-

1429 2695 1532 2727 runt,
1556 2686 1828 2720 Observatoribus
1852 2690 1862 2726 (
1886 2698 1903 2719 o
1926 2689 1936 2725 )
1962 2685 2132 2728 placuisse.
2159 2687 2294 2723 Necvtu
2318 2688 2386 2732 ipse
2410 2689 2434 2723 si

1430 2729 1515 2763 forte
1549 2729 1683 2764 vesicam
1714 2729 1888 2763 offenderes
1918 2729 2046 2772 qualem
2079 2730 2133 2763 CI.
2159 2731 2311 2765 Trewius
2344 2736 2435 2774 (p)

1428 2773 1583 2807 describit
1603 2797 1616 2814 ‚
1650 2776 1680 2807 &
1703 2775 1809 2816 pingit
1829 2796 1842 2813 ,
1872 2784 1945 2815 quae
1964 2799 1972 2813 ,
1996 2773 2107 2806 tunica
2131 2774 2286 2808 interiore
2305 2776 2435 2818 penitus*

1429 2817 1620 2858 absumpta,
1643 2829 1703 2859 pro
1720 2815 1816 2859 fibris
1840 2816 1951 2850 tunicae
1973 2815 2158 2858 muscularis
2179 2817 2362 2852 ostenderet
2376 2829 2434 2852 va-

1428 2861 1493 2894 rios
1516 2861 1689 2902 mirumque
1712 2861 1743 2892 in
1766 2860 1888 2893 modum
1911 2857 2051 2892 collettos
2074 2859 2230 2905 lacertos,
2252 2862 2375 2905 magnis
2384 2864 2434 2895 in-

1429 2903 1656 2937 tercedentibus
1689 2901 1808 2937 lacunis
1829 2901 1984 2942 distint't'os
2004 2915 2013 2939 3
2046 2914 2111 2936 non
2135 2905 2196 2937 alia
2223 2928 2233 2943 ,
2270 2907 2400 2948 inquam
2425 2932 2435 2946 ,

1430 2948 1481 2980 uti
1506 2945 1604 2989 posses
1627 2947 1872 2988 comparatione
1896 2970 1902 2976 .
1927 2946 1972 2978 Et
1995 2955 2101 2980 tamen
2128 2948 2227 2982 vesica
2250 2947 2342 2990 cujus
2364 2960 2434 2983 erat

1427 2989 1600 3032 substantia
1622 2990 1662 3024 sic
1686 2988 1779 3034 crassa
1801 2989 1884 3023 faeta
1905 3011 1915 3026 ,
1953 3000 2085 3031 magnos
2107 2992 2296 3025 continebat
2330 2993 2436 3028 calcu-

1435 3035 1506 3073 los,
1527 3033 1642 3075 eosque
1666 3032 1810 3076 asperos.
1833 3034 1882 3066 At
1907 3031 1969 3066 sine
1984 3033 2136 3071 calculis,
2161 3043 2197 3068 ut
2219 3034 2332 3069 illaede
2355 3039 2436 3079 qui-

1434 3076 1492 3110 bus
1527 3077 1625 3111 modo
1647 3076 1830 3110 dicebamus
1854 3096 1863 3112 ‚
1897 3076 2027 3109 inventa
2063 3077 2128 3111 suit
2161 3078 2200 3111 ab
2231 3079 2354 3112 Hottin
2381 3092 2435 3114 ero

1428 3124 1443 3160 (
1464 3131 1481 3162 q
1504 3124 1518 3160 )
1540 3120 1682 3163 digitum
1706 3121 1864 3153 minorem
1888 3119 2101 3154 transversum
2124 3119 2219 3155 crassa
2237 3143 2249 3160 ‚
2282 3122 2355 3156 fibri
2372 3136 2434 3166 que

1428 3164 1644 3205 magnitudine
1665 3163 1847 3197 chordarum
1870 3162 2023 3205 majorum
2047 3163 2238 3206 conspicuis,
2263 3166 2362 3209 idque
2387 3169 2433 3201 ob

1429 3208 1530 3240 urinae
1555 3208 1766 3240 acrimoniam
1791 3215 1937 3243 tantam,
1961 3216 1995 3240 ut
2019 3208 2051 3240 in
2077 3206 2267 3241 Prose&oris
2290 3209 2433 3244 manibus

1425 3251 1586 3291 pruritum
1607 3249 1697 3283 valde
1719 3248 1873 3289 molestum
1896 3250 2110 3284 excitaverit:
2134 3263 2150 3284 a
2173 3251 2327 3286 Genselio
2350 3265 2432 3294 quo-

1427 3304 1491 3334 que
1513 3294 1528 3336 <
1548 3304 1564 3326 r
1587 3296 1597 3331 )
1622 3291 1717 3337 craffa
1732 3293 1776 3326 ob
1800 3291 1962 3326 ulcuscula
1987 3294 2277 3328 &excrescentiam
2302 3298 2335 3329 in
2350 3297 2431 3329 Pro-

1427 3338 1531 3376 stata,
1554 3336 1759 3378 purulentum
1784 3336 1901 3370 lotium
1927 3337 2099 3371 retinentia
2125 3351 2132 3369 :
2168 3351 2183 3371 a
2208 3337 2325 3380 Bajero
2348 3338 2430 3381 (s)

1426 3378 1588 3427 denique5
1614 3391 1651 3412 ne
1676 3380 1753 3412 alios
1777 3378 1829 3412 hic
1854 3379 1988 3417 addam
2008 3380 2157 3422 pollicari
2179 3381 2329 3424 malfiae,
2353 3383 2428 3424 quia

1425 3431 1511 3457 intus
1534 3422 1674 3457 ulcerosa
1693 3445 1703 3461 ‚
1734 3424 1766 3456 &
1790 3421 1866 3457 hinc
1890 3424 2018 3458 irritata
2041 3424 2121 3460 adeo
2141 3446 2150 3463 ,
2185 3435 2220 3459 ut
2243 3425 2351 3459 crebra
2374 3424 2428 3461 sua

2308 3479 2386 3501 con-

462 3589 498 3616 l)
516 3590 658 3615 comment.
676 3589 702 3614 in
720 3591 792 3619 Synt.
810 3588 917 3617 Vesling.
935 3595 954 3611 c.
972 3595 995 3616 5.
1058 3587 1072 3616 (
1088 3595 1111 3610 m
1128 3585 1142 3615 )
1159 3585 1218 3610 Obs.
1237 3588 1250 3610 8

461 3628 478 3649 p
495 3620 508 3647 )
523 3621 622 3645 Theatr.
640 3623 714 3645 Anat.
735 3621 750 3644 Ι.
772 3628 791 3644 ι.
809 3627 828 3643 e.
849 3627 886 3648 31.
905 3625 955 3643 not.
974 3620 1002 3641 k.
1064 3619 1078 3647 (
1096 3626 1110 3647 q
1128 3622 1139 3645 >
1155 3617 1212 3641 Obs.
1229 3618 1302 3641 Anat.

463 3651 501 3678 s)
520 3652 543 3674 in
560 3651 645 3676 additis
663 3653 692 3675 ad
713 3651 788 3675 Patris
805 3650 881 3674 suffit.
900 3651 971 3673 Anat.
990 3648 1005 3672 1.
1025 3655 1045 3672 1.
1063 3655 1083 3671 e.
1100 3655 1138 3671 20.
1201 3648 1215 3675 (
1231 3653 1242 3670 t
1288 3647 1305 3670 l.

465 3689 478 3703 x
495 3681 508 3708 )
524 3685 595 3705 Anat.
614 3688 694 3711 quart.
715 3689 795 3705 renov.
815 3683 831 3704 l.
852 3688 872 3704 1.
890 3688 910 3704 c.
929 3688 968 3703 20.
1032 3678 1100 3708 (y)
1119 3678 1180 3707 Eph.
1198 3679 1229 3701 N.
1248 3679 1277 3701 C.
1295 3679 1353 3701 Dec.

463 3711 503 3769 ef)
521 3712 572 3739 Eph
596 3714 628 3735 N.
646 3714 675 3736 c.
695 3715 753 3737 Dec.
769 3720 788 3740 3.
807 3714 836 3734 A.
857 3718 877 3740 9.
895 3709 954 3735 οὺς.
972 3716 1005 3738 31.

521 3779 544 3794 n.
562 3779 587 3795 12
656 3773 669 3801 (
685 3772 701 3796 k
721 3773 728 3800 )
745 3780 759 3795 n
787 3777 800 3795 6
831 3771 883 3795 Vid.
900 3771 974 3795 etiarn
992 3768 1062 3797 Epist.
1081 3779 1120 3799 40.
1140 3777 1162 3792 n.
1180 3778 1203 3797 4.

435 3591 444 3617 s

434 3622 447 3649 (

434 3652 448 3678 (

434 3682 448 3708 (

436 3711 445 3739 (

439 3740 454 3769 (

438 3770 474 3798 (ι

443 3801 458 3829 (
473 3809 488 3823 n
506 3805 512 3829 j
531 3809 546 3824 n
574 3809 609 3830 ²3·

440 3832 455 3861 ί
469 3839 484 3861 q
502 3834 511 3863 )
528 3831 588 3862 Eph.
600 3833 634 3857 N.
647 3834 674 3857 C.
685 3835 774 3861 Dec-3.
786 3834 816 3856 A.
829 3830 1055 3861 9.&10.0bs.232.

1255 3603 1261 3609 .
1280 3585 1352 3609 modo
1369 3585 1410 3609 cit.

521 3742 578 3765 Seii.
597 3744 633 3766 28.
654 3742 725 3768 huius
740 3745 756 3766 l.
777 3750 798 3770 3.
815 3741 874 3765 Obs.
894 3750 928 3768 ιι).
947 3741 969 3763 δι
986 3738 1044 3763 Sest.
1065 3748 1103 3769 ²3-
1122 3739 1144 3763 in
1164 3738 1242 3763 schol.
1259 3737 1287 3761 ad
1304 3738 1360 3762 Obs.
1382 3746 1398 3762 1.
1419 3737 1440 3767 §.
1459 3740 1480 3762 8.

1265 3767 1274 3797 (
1292 3768 1301 3791 l
1318 3769 1327 3798 j
1344 3770 1360 3792 l.
1377 3777 1397 3792 2⁴
1416 3771 1489 3791 Anat.
1509 3768 1612 3792 Praesest.
1629 3775 1669 3797 24.

672 3803 686 3830 (
703 3810 714 3825 ο
731 3802 745 3829 )
762 3801 815 3825 Vid.
831 3801 894 3829 apud
911 3799 1065 3825 Brendelium
1082 3808 1107 3825 n.
1124 3807 1146 3822 a..
1165 3802 1315 3827 Programm.
1331 3798 1398 3826 supra
1416 3799 1444 3822 ad
1461 3807 1483 3822 n.
1502 3799 1538 3823 18.
1555 3798 1596 3823 cit.

1118 3832 1126 3860 s
1145 3837 1157 3855 r
1172 3831 1185 3859 )
1202 3829 1315 3855 Eorund.
1332 3830 1404 3858 Ceut.
1420 3832 1444 3854 6.
1460 3828 1518 3856 Obs.
1535 3831 1574 3859 84.

1473 3585 1487 3614 (
1503 3593 1518 3608 n
1537 3581 1545 3612 l
1564 3587 1627 3608 Part.
1644 3593 1668 3613 4.
1685 3585 1744 3610 Obs.
1762 3586 1831 3611 Med.
1850 3588 1887 3612 18.
1950 3589 1964 3617 (
1979 3596 1991 3612 o
2008 3588 2021 3618 )
2038 3588 2100 3613 lbid.
2118 3588 2179 3614 obs.
2197 3595 2234 3618 19.

1654 3647 1668 3675 (
1684 3655 1700 3670 u
1720 3649 1729 3676 l
1745 3650 1884 3673 Commeat.
1901 3647 1944 3673 cit.
1960 3648 1986 3673 in
2002 3648 2109 3679 Vesling.

1689 3678 1858 3706 (zln.28.
1920 3679 2086 3708 (a)n.20.

1366 3617 1380 3645 (
1395 3624 1405 3639 r
1423 3618 1432 3641 )
1451 3617 1612 3645 Anthropogr.
1628 3617 1644 3640 1.
1662 3623 1683 3639 2.
1699 3624 1721 3640 c.
1740 3618 1776 3641 28.

1324 3654 1347 3676 3.
1365 3645 1422 3670 Obs.
1442 3646 1510 3670 Med.
1530 3654 1553 3699 cf.
1571 3655 1593 3676 5.

1068 3710 1081 3738 (
1097 3709 1112 3731 d
1128 3709 1140 3737 )
1158 3710 1227 3732 Cent.
1244 3706 1301 3731 Obs.
1320 3685 1393 3731 Ana?
1411 3678 1479 3731 {hg-
1496 3677 1538 3736 809b
1549 3684 1664 3731 '&¹3191{es.
1683 3709 1754 3732 Anat.
1772 3716 1795 3733 2.
1814 3710 1858 3733 Ass.
1878 3716 1899 3737 3.
1916 3716 1938 3732 n.
1958 3717 1978 3738 5.

2174 3678 2188 3702 b
2233 3686 2256 3702 n.
2277 3686 2312 3704 ν.

1907 3738 1911 3741 ,
2041 3711 2054 3739 (
2070 3718 2082 3734 e
2091 3708 2107 3738 -)
2125 3679 2193 3733 Piax.
2203 3679 2319 3733 {dediefh
2331 3717 2365 3740 ¹4·
2374 3718 2393 3737 c.
2404 3718 2425 3737 1.

1542 3739 1586 3767 (g
1602 3737 1615 3766 )
1633 3737 1655 3767 §.
1672 3739 1724 3762 eod.
1787 3738 1830 3768 ζ*
1852 3740 1858 3767 )
1878 3739 1936 3763 ibid.
1956 3740 1977 3769 §.
1995 3748 2016 3769 3.
2078 3739 2086 3768 (
2104 3741 2118 3763 h
2134 3741 2143 3769 )
2162 3739 2219 3763 Obs.
2240 3746 2275 3768 19.
2294 3739 2336 3765 cit.

1730 3772 1742 3794 (
1759 3778 1783 3792 m
1800 3770 1812 3796 )
1830 3769 1888 3797 Eph.
1909 3771 1941 3792 N.
1960 3772 1987 3793 C.
2005 3772 2077 3794 Cent.
2097 3777 2116 3798 3.
2134 3769 2189 3793 Obs.
2210 3777 2246 3793 ιο.

1659 3799 1702 3828 (ρ
1717 3799 1731 3828 )
1748 3801 1885 3823 Commerc.
1905 3799 1991 3824 Litter.
2009 3803 2038 3823 A.
2057 3807 2125 3828 1734.
2145 3800 2221 3825 Hebd.
2233 3802 2255 3825 6.
2273 3806 2298 3826 n.
2316 3808 2338 3832 5.

1635 3828 1706 3861 (s)
1723 3829 1830 3855 Eorund.
1848 3829 1904 3857 Ast-
1919 3831 1995 3856 Tem.
2011 3838 2035 3860 ς.
2052 3829 2111 3857 Obs.
2130 3836 2181 3856 ιιι.
