2498 4075
403 168 558 235 Epist.
592 169 754 222 Anat.
790 167 1009 222 Medica
1043 144 1241 223 xm.
1279 167 1400 220 Art.
1433 167 1505 220 16.
1554 168 1610 220 &
1638 183 1710 230 17.

55 248 308 293 magnitudine,
334 249 366 283 &
389 248 495 283 fot-a
510 273 519 289 ,
542 249 648 282 colore
673 256 780 282 autem
802 247 931 281 cinereo
943 269 955 287 ,
978 247 1066 282 intus

56 304 97 326 ex
118 292 216 328 rubro
239 292 350 331 fusco,
372 292 407 326 in
430 292 567 326 rotunda
589 291 740 325 videlicet
762 301 857 325 cavea
890 301 987 331 quam
1021 292 1066 324 al-

56 336 114 373 bi,
141 347 197 370 nec
220 336 288 370 laxi
314 338 449 379 parietes
470 334 787 378 comprehendebant
810 360 816 368 .
856 335 937 366 Eam
972 334 1064 376 glan-

56 379 167 413 dulam
190 391 249 422 pro
272 391 334 413 una
357 391 396 413 ex
410 388 460 412 tot
484 379 571 414 illis,
593 378 642 412 ibi
665 378 787 411 anobis
801 376 968 411 delineatis
980 377 1042 420 (y)
1057 399 1069 415 ,

57 424 259 465 accepimus:
286 434 357 465 quae
379 421 508 456 occluso
532 421 576 456 ob
599 422 726 455 interna
749 422 829 455 vitia
858 418 1018 454 foramine
1028 423 1069 455 ad

57 467 183 500 arteriae
207 477 321 501 cavum
345 467 545 509 pertinente,
568 464 630 502 sic,
657 467 688 497 &
711 462 840 499 fortasse
853 464 933 498 olim
948 465 1070 507 magis,

58 510 244 544 excrevisset
258 536 265 545 .
399 508 556 543 Ventrem
565 507 750 550 priusquam
763 508 977 549 aperiremus;
999 519 1072 541 cra-

58 554 108 586 nii
133 554 240 592 enim,
268 552 448 587 &thoracis
472 551 633 594 aperiendi
656 560 780 594 tempus
804 561 867 583 non
892 550 979 591 fuit;
1000 562 1068 585 ma-

57 595 273 631 nifestiffimus
298 609 314 629 a
337 595 523 637 bubonibus
546 595 718 638 inguinum
741 595 905 628 cicatrices
928 594 1066 628 adnota-

58 640 189 674 vimus.
213 642 305 676 Tum
328 638 506 672 visceribus
527 639 651 672 caeteris
685 650 757 681 quae
794 639 839 672 fic
872 637 946 670 satis
979 639 1066 671 intra

58 692 182 718 naturae
208 683 341 718 modum
364 681 424 715 effe
456 681 522 714 visa
558 681 656 718 sunt,
681 680 914 725 praetermiffis,
939 681 970 714 in
997 682 1066 715 uri-

59 728 158 762 nariis
179 725 381 760 substitimus
406 724 577 759 Partibus.
603 726 706 761 Renes
719 723 810 759 valde
834 725 924 766 parvi
948 733 1066 764 erant,

59 773 92 805 &
113 770 158 803 ob
189 767 448 811 hemisphaericas
481 768 739 810 protuberantias
773 767 925 809 inaequali
959 766 1067 809 super-

59 813 154 847 ficie:
179 812 351 847 substantia
373 820 481 844 tamen
497 836 505 851 ‚
529 810 587 844 nisi
610 812 697 854 quod
722 811 848 844 firmior
879 809 945 844 fuit
967 822 1065 853 quarn

62 857 184 898 soleat,
207 855 372 899 magisque
387 855 572 896 compacia,
596 854 681 888 nihil
695 855 769 887 vitii
782 853 944 894 ostendit‚·
965 865 1067 894 quan-

58 910 160 944 quam
182 901 215 941 in
231 900 314 932 renis
329 898 460 932 alterius
483 898 569 940 pelvi
592 898 651 932 seri
674 897 806 939 aliquod
819 899 919 931 inerat
944 897 1068 938 albidi,

60 947 93 978 δε
129 942 258 977 turbidi
282 967 289 975 .
327 943 481 975 Ureteres
505 944 535 976 &
558 942 696 975 multum
718 940 885 981 dilatati,
915 942 947 973 δε
979 941 1069 974 intus

59 987 211 1021 rubentes
234 985 299 1021 fere
321 985 360 1018 ad
385 996 472 1018 renes
492 984 589 1027 usque
610 983 914 1026 conspiciebantur;
936 991 1070 1025 utraque

61 1040 168 1064 autem
192 1030 259 1064 haec
286 1040 369 1062 noxa
394 1040 461 1071 quo
486 1026 823 1070 magisascendebant
845 1050 857 1066 ‚
891 1038 930 1061 eo
967 1027 1069 1069 magis

59 1073 282 1108 decrescebat.
307 1075 345 1105 In
371 1071 506 1105 dextero
529 1073 615 1105 circa
631 1070 773 1106 medium
788 1095 795 1109 ,
818 1071 1069 1105 interioremtu-

61 1119 170 1152 nicam
194 1116 262 1151 vidi
287 1116 484 1151 exstantem,
508 1117 539 1148 δι
565 1114 595 1148 se
617 1114 858 1158 duplicantem,
881 1113 1071 1148 utannula-

62 1174 132 1196 rem
156 1160 330 1195 mediocris
356 1159 540 1192 altitudinis
564 1158 652 1200 quasi
678 1158 838 1191 valvulam
861 1156 979 1192 faceret
993 1167 1072 1191 con-

62 1214 113 1239 tra
137 1205 238 1239 urinae
262 1204 390 1236 cursum
415 1202 624 1236 conversam.
650 1202 737 1235 Cum
760 1201 856 1235 ambo
880 1198 974 1234 essent
998 1212 1072 1234 mu-

65 1249 141 1283 cosa
165 1248 300 1281 materia
324 1245 514 1286 semipleni;
538 1245 577 1278 ab
607 1245 762 1280 interiore
797 1255 909 1278 eorum
944 1243 1025 1278 facie
1060 1256 1077 1280 a

63 1291 174 1327 medio
199 1289 321 1324 sursum
345 1288 528 1330 prostabant
552 1287 608 1323 hic
631 1288 702 1322 illic
733 1287 870 1328 majores
887 1312 895 1328 ‚
919 1287 1077 1321 minores-

64 1347 103 1371 ve
127 1334 288 1378 sphaericae
305 1357 313 1373 ‚
334 1341 371 1366 ut
406 1332 600 1367 videbantur
623 1356 633 1371 ,
664 1340 767 1374 guttae
787 1353 799 1371 ‚
832 1343 909 1374 quas
942 1330 1076 1374 spongia

65 1379 242 1421 abstergere
267 1377 483 1419 nequicquam
507 1384 643 1409 conatus
652 1397 667 1415 ,
689 1375 824 1410 cultello
858 1383 980 1408 amotas
1001 1400 1010 1415 ,
1045 1378 1077 1409 &

68 1424 154 1456 inter
176 1420 305 1465 digitos
327 1418 539 1460 compressas,
564 1419 673 1454 statim
696 1420 731 1453 in
743 1417 912 1453 humorem
925 1418 1049 1454 lentum
1063 1441 1074 1457 ,

64 1468 97 1500 &
119 1463 207 1508 quasi
230 1462 353 1498 cabacci
375 1462 568 1498 dilutiffimo
578 1463 689 1497 colore
711 1461 868 1496 infeetum
886 1487 895 1501 ‚
920 1463 1009 1495 abire
1023 1463 1076 1496 vi·

64 1508 127 1548 di;
150 1518 186 1542 ut
213 1506 382 1549 postquam
405 1505 596 1549 hydatides‚
623 1504 718 1540 sicuti
743 1505 818 1540 alias
841 1507 855 1547 <
876 1517 901 1548 z
923 1508 936 1544 >
970 1504 1008 1539 ad
1042 1513 1074 1540 te

64 1550 200 1595 scripsi,
224 1552 264 1584 ab
289 1549 398 1584 eadem
422 1551 533 1583 tunica
557 1548 729 1593 pendentes
754 1549 863 1582 inveni
889 1571 902 1589 ‚
933 1547 1074 1590 ejusdem

65 1596 188 1639 generis
201 1594 271 1628 illas
292 1593 331 1628 de
342 1592 460 1635 quibus
483 1593 620 1635 loquor,
645 1601 753 1633 guttas
777 1590 889 1629 fuisse,
915 1593 1071 1626 arbitrer.

66 1642 178 1674 Porro.
197 1638 296 1671 vesica
322 1647 362 1670 ex
382 1636 570 1671 craffiffimis
595 1636 714 1671 tunicis
738 1634 845 1675 facta,
869 1644 924 1676 per
937 1646 1075 1678 quarum

66 1686 230 1717 internam
253 1679 367 1715 faciem
389 1680 477 1713 craffi
511 1677 598 1723 quafi
632 1679 746 1714 lacerti
771 1700 780 1714 ‚
815 1680 905 1713 varia
937 1680 1022 1713 inter
1045 1679 1074 1714 se

66 1725 296 1768 implicatione
320 1723 488 1765 conjunt‘ti
503 1746 512 1762 ,
535 1722 849 1765 transpiciebantur,
873 1722 948 1755 albo
972 1723 1077 1756 turbi-

61 1770 168 1813 doque
192 1766 512 1802 humore‘scatebat.
537 1766 629 1801 Tum
653 1778 669 1800 a
704 1765 840 1809 glande,
866 1764 957 1808 cujus
994 1766 1077 1799 alte-

64 1824 137 1847 rum
164 1822 292 1847 coronae
326 1812 408 1845 latus
443 1809 548 1845 ulcere
578 1810 659 1843 olim
683 1809 812 1843 exesum
837 1807 943 1843 suerat
962 1831 974 1849 ‚
1005 1820 1079 1843 ure-

69 1856 154 1890 thrae
178 1854 371 1889 incisionem
395 1854 524 1888 exorsus
541 1874 550 1890 ‚
575 1852 659 1888 nihil
689 1854 756 1887 fere
791 1852 1002 1887 adnotatione
1033 1852 1085 1886 di-

87 1910 167 1933 num
202 1909 235 1933 re
261 1899 308 1931 eri
330 1897 433 1932 donec
457 1905 589 1931 ventum
611 1895 655 1930 est
678 1895 716 1930 ad
741 1896 856 1931 Littrii
880 1894 1083 1937 glandulam.

101 1952 150 1976 rat
175 1954 210 1977 ea
246 1940 315 1976 edes
337 1938 577 1976 confertissimis
613 1938 806 1980 sanguiferis
828 1938 963 1973 vasculis
997 1939 1086 1973 intus

65 1986 211 2020 obducta
232 2007 241 2023 ‚
283 1994 320 2018 ut
356 1984 452 2026 longe
476 1983 579 2025 magis
602 1993 640 2017 ex
665 1992 737 2016 atro
759 1993 857 2025 quam
881 1981 1047 2017 consuevit
1072 2005 1084 2023 ,

63 2029 217 2064 ruberet.
240 2029 386 2062 Prostata
414 2035 521 2061 autem
534 2024 686 2069 glandula
711 2025 797 2060 nihil
822 2026 946 2059 obtulit
961 2027 993 2058 in
1018 2036 1084 2067 quo

65 2082 235 2110 morarer,
260 2079 378 2113 praeter
400 2069 600 2104 brevissimos
621 2091 632 2107 ,
665 2071 697 2102 ἃ
727 2066 968 2112 superficiarios
1001 2067 1085 2102 finus

67 2126 136 2151 tres
160 2127 200 2149 ex
222 2114 376 2157 ampliori
407 2112 520 2146 osculo
555 2114 589 2146 in
614 2113 690 2145 coni
726 2111 873 2145 modum·
895 2113 923 2146 se
952 2122 1084 2146 contra-

68 2160 205 2199 hentes,
228 2159 317 2193 inter
340 2155 548 2191 carunculam
571 2155 655 2189 reste
679 2153 709 2188 se
732 2154 928 2193 habentem,
951 2158 983 2189 &
1007 2154 1085 2188 vesi-

68 2215 116 2239 cae
148 2200 315 2250 oris-icium
346 2199 520 2235 secundum
554 2196 693 2233 urethrae
726 2198 967 2243 longitudinem
1000 2196 1087 2242 pofi-

67 2255 144 2282 tos.

120 2291 170 2323 16.
194 2290 232 2322 In
255 2288 320 2323 hoc
342 2298 410 2323 uno
422 2287 464 2322 fic
478 2287 625 2321 affedam
649 2287 687 2322 ad
713 2287 888 2330 perinaeum
912 2286 1081 2322 urethram

72 2331 187 2367 vidisse
210 2332 368 2366 memini:
394 2333 448 2366 cui
470 2341 578 2365 tamen
603 2329 767 2365 affeffioni
791 2331 917 2365 causam
940 2332 1082 2375 praebere

71 2387 205 2420 quoque
227 2376 337 2418 potuit
361 2377 508 2409 restitans
523 2400 533 2415 ,
557 2375 719 2417 decrepita
742 2374 920 2416 praesertim
954 2385 1044 2409 aetate
1068 2397 1081 2415 ,

75 2432 114 2455 eo
136 2421 172 2453 in
197 2420 272 2454 loco
294 2429 366 2462 pars
391 2418 499 2460 aliqua
523 2419 645 2458 urinae,
668 2416 797 2461 ejusque
820 2429 885 2451 non
908 2418 1081 2453 secundum

73 2471 228 2497 naturam
261 2462 290 2495 se
323 2460 494 2495 habentis.
517 2462 613 2494 Certe
645 2462 679 2494 in
711 2470 764 2494 tot
808 2462 879 2495 aliis
919 2473 1085 2505 nunquam

73 2506 139 2541 fuit
154 2530 162 2543 .
184 2516 268 2548 quos
290 2503 488 2547 gonorrhoea
512 2503 684 2546 prehensos
713 2502 863 2545 descripsi
885 2528 895 2543 ‚
927 2516 1032 2548 neque
1050 2506 1085 2538 in

73 2548 223 2592 Epistola
246 2548 306 2582 hac
329 2556 480 2586 tantum,
508 2547 560 2581 sed
583 2550 616 2581 in
641 2548 714 2582 aliis
737 2549 857 2588 etiam,
880 2551 910 2583 δι
935 2550 1085 2582 nomina-

73 2595 140 2628 tim
173 2593 209 2626 in
243 2592 417 2625 Molitoris
450 2590 594 2636 quodam
626 2590 753 2626 famulo
775 2594 788 2630 <
811 2592 891 2635 a),
913 2592 971 2636 qui
1005 2592 1085 2625 dum

73 2635 274 2681 gonorrhoea
297 2643 487 2674 teneretur,
508 2634 687 2673 interiens,
713 2645 833 2668 noxam
857 2637 890 2669 in
914 2635 1052 2678 pendula
1074 2657 1085 2674 ,

77 2690 177 2723 quam
200 2677 349 2713 diffecare
374 2688 438 2711 non
463 2678 560 2712 licuit
587 2700 613 2718 ‚,
630 2676 769 2712 urethrae
794 2689 884 2722 parte
908 2678 1060 2713 habuerit
1076 2702 1088 2720 ,

81 2722 206 2756 necesse
236 2721 309 2762 est,
343 2719 475 2764 quando
504 2723 539 2754 iu
572 2721 695 2756 summa
728 2721 787 2755 hac
822 2733 887 2755 non
932 2723 1017 2756 secus
1052 2733 1089 2755 ac

81 2774 135 2800 tot
168 2765 260 2804 alii,
301 2765 458 2807 nusquam
502 2764 641 2798 habebat
667 2789 676 2796 .
727 2765 827 2798 Unde
858 2776 937 2808 ergo
969 2764 1090 2799 factum

81 2809 128 2843 est
143 2833 154 2849 ,
178 2808 307 2849 inquis,
331 2816 368 2841 ut
390 2809 424 2840 in
437 2807 580 2841 Prostata
602 2807 752 2850 glandula
766 2833 775 2848 ,
799 2807 1091 2851 &carunculaipsa

82 2851 231 2887 seminali
254 2851 375 2884 vitium
396 2850 456 2884 esse
470 2875 479 2891 ,
506 2852 675 2885 communi
697 2850 839 2893 quadam
857 2852 1090 2886 sententiatra-

85 2892 222 2930 derent?
245 2893 417 2928 Nimirum
440 2894 516 2937 quia
549 2904 585 2928 ut
620 2893 792 2929 humorem
823 2897 857 2928 in
893 2895 1091 2938 gonorrhoea

83 2939 317 2975 distillantem,
341 2936 364 2969 si
388 2937 463 2970 esset
486 2938 654 2980 legitima,
677 2938 780 2972 semen
815 2939 874 2973 esse
907 2950 972 2972 non
1005 2937 1092 2971 inse-

86 2984 197 3023 ᾶυῐῐι,
221 2983 292 3019 ita,
316 2978 338 3012 si
363 2979 493 3022 spuria,
526 2992 660 3015 venereo
692 2983 860 3016 miasmate
892 2984 1095 3016 contamina-

86 3036 183 3066 tum,
206 3035 273 3057 non
296 3022 492 3058 dubitabant
515 3036 553 3058 eo
577 3033 747 3066 tempore.
774 3026 883 3060 Postea
915 3037 992 3059 vero
1025 3037 1093 3058 coe-

87 3077 205 3113 perunt
230 3066 436 3100 Medicorum
460 3067 562 3110 aliqui
587 3067 764 3111 suspicari,
784 3070 817 3103 id
841 3069 930 3110 quod
953 3070 986 3101 in
1011 3069 1096 3110 legi-

89 3115 172 3147 tima
194 3110 300 3145 effluit
324 3109 542 3152 gomorrhaea,
566 3122 631 3144 non
657 3110 778 3155 semper
808 3114 871 3147 effe
902 3112 1005 3154 ipsum
1049 3112 1094 3146 se-

89 3167 163 3190 men
179 3176 191 3193 ,
210 3155 336 3200 quippe
358 3163 433 3187 cum
455 3153 560 3194 plures
584 3154 732 3188 viderent
756 3157 879 3189 nonita
903 3155 1092 3194 macescere,

90 3202 121 3233 δέ
144 3199 308 3235 enervari,
332 3206 369 3231 ut
391 3199 487 3239 copia
507 3195 657 3231 humoris
688 3198 854 3240 posceret,
876 3210 976 3232 annos
1008 3200 1093 3234 haud

91 3255 166 3278 raro
188 3251 322 3283 pergens
342 3239 525 3283 profluere3
548 3240 570 3273 fi
596 3241 701 3275 semen·
724 3242 818 3276 esset.
840 3243 885 3276 Et
909 3242 979 3277 sane
1002 3243 1095 3276 vide-

93 3298 168 3320 mus
187 3296 283 3325 quam
306 3285 342 3316 in
374 3284 508 3317 maciem
524 3306 539 3323 ‚
558 3287 588 3318 &
612 3284 839 3320 infirmitatem
863 3287 982 3320 virium
1016 3287 1096 3320 inci-

91 3330 169 3364 daut
193 3329 250 3370 qui
275 3327 377 3360 nimis.
395 3326 509 3360 crebro
531 3338 585 3368 per
607 3336 739 3362 venerea
771 3330 931 3363 insomnia
963 3330 1000 3363 ad
1025 3332 1099 3364 lon-

96 3384 176 3416 gum
200 3381 326 3413 tempus
351 3370 457 3404 semen
478 3369 670 3406 effundunt.
694 3372 849 3411 Quorum
879 3384 941 3412 ego
973 3374 1098 3417 aliquos

1957 183 2051 233 ι99

1118 248 1261 289 margine
1292 256 1422 279 coronae
1444 243 1569 287 glandis
1603 243 1832 285 circumligare
1855 253 1919 278 non
1944 246 2118 282 infeliciter

1118 291 1347 330 instituerant,
1371 300 1406 322 ut
1429 288 1532 322 donec
1555 289 1645 329 penis
1669 297 1734 320 non
1769 289 1910 329 rigeret,
1933 288 2015 321 nihil
2039 290 2116 324 hinc

1119 334 1272 369 sentirent
1295 332 1517 370 incommodi3
1541 332 1597 365 ubi
1620 342 1698 363 vero
1721 331 1822 371 rigere
1844 332 2025 372 inciperet,
2047 344 2118 366 eam

1120 378 1280 412 continuo
1305 377 1482 410 molestiam
1506 383 1648 409 crearet,
1675 382 1710 406 ut
1735 373 1823 408 fimul
1837 386 1912 408 cum
1925 373 2040 407 somno
2052 377 2119 408 tol-

1121 422 1242 455 leretur
1267 421 1442 462 periculum
1466 418 1593 453 seminis
1616 415 1821 451 effundendi.
1847 417 1992 451 Multum
2010 424 2117 458 porro

1123 465 1208 498 ultra
1231 464 1362 498 illorum
1384 462 1590 496 Medicorum
1616 459 1809 502 suspiciones
1842 460 1986 502 proceslit
2020 461 2122 494 Boer-

1123 507 1255 543 haavius
1277 509 1291 545 (
1313 505 1332 540 b
1348 506 1391 551 ),
1414 506 1687 546 disertenegann
1713 503 1814 537 semen
1849 515 1959 537 verum
1995 503 2025 537 se
2060 515 2121 538 un-

1118 562 1215 592 quam
1228 549 1349 583 novisse
1362 549 1477 592 absque
1500 548 1663 588 tentigine
1674 558 1804 581 venerea
1829 547 1938 580 sivein
1961 546 2120 586 somniis,

1119 594 1182 628 sive
1195 602 1283 629 extra
1306 591 1430 626 somnia
1454 590 1542 626 fuisse
1565 589 1719 628 effusum3
1745 600 1779 624 ut
1792 590 1961 624 rariffimus
1982 589 2121 624 nemor-

1118 638 1178 673 bus
1201 644 1371 679 oporteat,
1399 637 1432 669 in
1457 646 1523 677 quo
1548 631 1679 675 sponte,
1704 635 1736 666 δε
1758 634 1821 667 sine
1854 632 1943 666 sensu
1975 631 2123 667 effunda-

1116 691 1192 715 tur.
1218 682 1248 713 A
1273 679 1417 713 Prostata
1441 679 1545 720 igitur
1567 676 1718 718 glandula
1743 677 1776 709 id
1801 674 1859 710 effe
1882 675 2007 711 censuit
2030 701 2036 709 .
2076 677 2122 709 E-

1116 724 1249 766 quidem
1273 723 1341 757 haec
1364 733 1429 756 non
1451 722 1528 756 dico
1550 718 1644 762 ,quod
1677 718 1803 753 credam
1826 742 1835 757 ,
1870 730 1981 752 verum
2016 719 2123 753 semen

1117 769 1180 802 fine
1203 767 1345 801 venereis
1369 764 1625 808 cogitationibus
1650 773 1814 805 nunquam
1838 760 1990 796 effluere.
2013 762 2124 796 Credo

1117 812 1204 846 enim
1227 810 1283 845 ubi
1307 811 1465 850 laxiores,
1489 815 1543 842 aut
1557 804 1655 839 erosae
1678 804 1738 838 sint
1760 817 1825 841 orae
1849 804 2123 840 foraminulorum

1118 866 1173 896 per
1196 865 1269 895 quae
1292 853 1396 887 semen
1420 853 1452 884 in
1466 849 1631 886 urethram
1655 848 1840 885 descendit,
1866 859 1921 882 aut
1945 848 2002 883 ubi
2017 848 2125 890 ipsum

1118 897 1267 940 aquofius
1290 897 1350 935 fit,
1376 895 1462 938 posse
1487 894 1602 936 absque
1626 894 1691 926 illis
1713 893 1973 935 cogitationibus
1996 891 2126 926 deflue-

1119 952 1151 974 re
1166 962 1175 978 ,
1198 950 1234 974 ut
1258 940 1422 974 nonnullis
1433 937 1549 971 accidit
1573 949 1588 970 a
1613 935 1776 970 calidioris
1788 935 1952 978 clysmatis
1974 935 2128 977 injectio-

1121 996 1180 1024 ne,
1204 991 1257 1017 aut
1281 983 1321 1015 ab
1346 982 1516 1016 duriorum
1540 981 1605 1015 alvi
1625 989 1898 1015 recrementorum
1921 981 2127 1017 excretionc;

1122 1027 1179 1062 nisi
1203 1030 1234 1060 &
1256 1026 1323 1059 illis
1347 1026 1380 1060 id
1414 1024 1502 1066 quod
1526 1025 1615 1062 exit,
1638 1023 1760 1064 semper
1785 1034 1924 1065 paucum
1948 1022 2025 1055 adeo
2052 1045 2061 1061 ,
2095 1024 2127 1054 δε

1122 1071 1186 1105 tale
1210 1070 1270 1105 sit,
1294 1077 1329 1102 ut
1353 1080 1369 1100 a
1393 1066 1537 1101 Prostata
1559 1066 1715 1100 deducere
1728 1067 1846 1103 liceat;
1870 1066 1918 1099 his
1944 1076 2021 1099 vero
2045 1075 2129 1098 nun-

1121 1124 1220 1156 quam
1243 1110 1303 1147 esse
1326 1120 1422 1153 queat
1446 1109 1619 1144 avesiculis
1631 1108 1859 1144 seminalibus.
1885 1109 1986 1150 Qod
1999 1118 2034 1141 ut
2047 1108 2130 1141 sem-

1123 1168 1199 1199 per,
1221 1152 1493 1198 quemadmodum
1524 1153 1605 1186 olim
1629 1152 1892 1189 arbitrabantur,
1920 1156 1989 1185 'non
2027 1150 2095 1185 fleri
2119 1172 2130 1187 ,

1119 1201 1190 1280 rsscio
1220 1221 1231 1237 ‚
1254 1199 1320 1252 kita
1362 1206 1608 1241 nonnumquam
1641 1194 1714 1229 fieri
1735 1219 1748 1237 ‚
1791 1206 1907 1238 negare
1950 1206 2015 1229 non
2057 1193 2130 1237 pos—

1143 1255 1196 1277 um
1212 1266 1219 1275 .

1172 1298 1221 1329 17.
1246 1285 1396 1318 Ventum
1421 1283 1486 1324 est,
1505 1292 1543 1317 ut
1565 1283 1652 1318 vides
1677 1307 1685 1322 ,
1720 1281 1758 1317 ad
1784 1281 1973 1325 postremam
1998 1282 2032 1314 in
2057 1291 2131 1314 ure-

1128 1330 1200 1365 thra
1225 1327 1434 1371 gonorrhoeae
1459 1326 1584 1366 sedem,
1610 1327 1787 1361 Prostatam
1811 1325 1962 1359 videlicet
1996 1325 2133 1367 glandu-

1128 1374 1213 1414 lam,
1234 1375 1265 1405 &
1288 1371 1492 1406 carunculam
1516 1371 1729 1405 Seminalem.
1755 1370 1903 1409 Qarum
1926 1368 1994 1403 haec
2017 1367 2039 1402 si
2064 1368 2135 1401 exi-

1126 1428 1179 1452 tus
1203 1415 1334 1449 seminis
1357 1424 1413 1447 aut
1437 1415 1592 1452 laxitate,
1617 1424 1672 1448 aut
1707 1413 1854 1447 erofione
1889 1412 2020 1454 patulos
2054 1420 2134 1445 tunc

1128 1462 1250 1502 semper
1273 1457 1473 1497 ostenderet,
1495 1468 1549 1491 aut
1574 1458 1629 1491 illa
1652 1456 1674 1490 si
1698 1458 1744 1490 ita
1769 1458 1803 1489 in
1827 1457 1979 1490 omnibus
2003 1455 2135 1488 exulce-

1126 1514 1195 1540 rata
1219 1500 1317 1539 esset,
1341 1511 1376 1536 ut
1400 1501 1490 1536 ulcus
1514 1501 1552 1534 ad
1589 1501 1716 1534 seminis
1748 1499 1872 1534 canales
1892 1524 1901 1539 ,
1938 1510 1995 1542 per
2030 1499 2135 1539 ipsam

1126 1546 1312 1590 glandulam
1335 1544 1524 1585 traduc-tos,
1548 1545 1751 1586 perveniret,·
1774 1542 1858 1576 nihil
1890 1541 1966 1576 esset
1997 1539 2099 1575 causae
2123 1563 2133 1578 ,

1125 1602 1183 1625 cur
1206 1589 1334 1623 seminis
1356 1587 1489 1623 fluxum
1504 1612 1516 1629 ,
1537 1587 1658 1629 semper
1682 1597 1788 1619 revera
1812 1595 1889 1619 tunc
1912 1584 2006 1625 fieri,
2040 1595 2138 1626 nega-

1126 1645 1249 1669 remus.
1273 1633 1378 1674 Atqui
1403 1633 1438 1664 in
1462 1630 1607 1675 pluribus
1619 1629 1701 1664 nihil
1722 1629 1900 1672 quidquam
1923 1629 2060 1662 istorum
2073 1627 2138 1667 est,

1127 1687 1164 1712 ut
1188 1675 1377 1711 nonvmodo
1408 1685 1481 1716 quae
1516 1673 1669 1708 ha6tenus
1692 1675 1724 1706 in
1749 1672 1808 1707 hac
1835 1671 1977 1716 Epistola
2009 1670 2137 1714 scripsi-

1129 1733 1220 1762 mus,
1246 1718 1309 1753 fere
1343 1719 1453 1753 omnia
1478 1717 1549 1751 satis
1572 1716 1765 1755 ostendunt,
1793 1715 1845 1750 sed
1879 1715 2020 1749 aliorum
2054 1725 2140 1757 quo-

1127 1776 1189 1807 que
1214 1763 1469 1796 Observationes
1493 1760 1713 1801 confirmant,
1736 1761 1770 1793 in
1802 1759 1920 1802 quibus
1953 1760 2137 1792 Ter-rancus

1128 1811 1143 1848 (
1165 1820 1180 1841 c
1202 1811 1214 1847 )
1230 1807 1271 1840 est
1285 1829 1297 1845 ‚
1319 1808 1349 1838 &
1363 1803 1535 1848 quemipse
1549 1803 1659 1837 laudat
1672 1829 1681 1843 ‚
1696 1802 1911 1841 Blancardus‚
1932 1801 2138 1845 potissimum

1136 1860 1240 1885 autem
1267 1850 1406 1882 Littrius
1427 1851 1440 1887 (
1464 1848 1536 1891 d),
1558 1849 1615 1890 qui
1639 1859 1677 1882 ex
1710 1847 1851 1890 propriis
1885 1845 2139 1888 infpefflonibus

1137 1896 1280 1938 primum
1294 1892 1403 1925 statuit
1427 1889 1632 1933 gonorrhoeae
1656 1890 1741 1924 sedes
1760 1901 1844 1928 tres,
1867 1890 1901 1922 in
1923 1900 2062 1932 quarum
2079 1888 2141 1922 sm-

1137 1939 1221 1981 gulis
1246 1936 1377 1969 morbus
1409 1934 1571 1968 interdum
1595 1934 1639 1968 est
1656 1957 1665 1972 ,
1687 1933 1792 1968 illaefis
1813 1933 1937 1967 duabus
1971 1933 2103 1975 reliquis
2126 1942 2143 1972 ‚-

1137 1983 1175 2017 de
1199 1981 1304 2013 tribus
1338 1988 1446 2013 autem
1483 1989 1579 2011 unam
1603 1976 1685 2012 facit
1708 1977 1888 2011 Prostatam
1919 1975 2105 2018 glandulam
2129 1986 2139 2008 :

1137 2025 1252 2060 deinde
1275 2022 1439 2062 ostendit,
1462 2033 1537 2055 cum
1559 2021 1645 2056 sedes
1668 2024 1703 2055 in
1725 2022 1879 2064 Cowperi
1902 2019 1979 2054 esset
2002 2020 2140 2062 glandu-

1137 2071 1198 2106 lis,
1224 2069 1256 2101 in
1282 2066 1421 2100 Prostata
1446 2077 1511 2099 non
1534 2063 1650 2106 fuisse,
1676 2068 1708 2099 δε
1727 2076 1826 2109 quam
1848 2063 2024 2099 difficilein
2037 2063 2140 2101 hanc,

1137 2120 1192 2147 aut
1216 2112 1249 2144 in
1273 2110 1480 2144 carunculam
1503 2109 1620 2143 abillis
1644 2109 1734 2143 virus
1755 2117 1952 2152 propagetur
1967 2134 1975 2142 .
2000 2108 2081 2148 Sed,
2104 2117 2142 2141 ut

1136 2155 1203 2191 haec
1228 2165 1299 2188 vera
1324 2154 1407 2191 sint·‚
1430 2153 1465 2186 in
1489 2153 1560 2187 aliis
1571 2162 1703 2191 tamen,
1724 2163 1762 2186 ut
1781 2153 1818 2186 in
1841 2151 2001 2196 plerisque
2026 2163 2142 2186 eorum

1137 2201 1194 2244 qui
1219 2196 1416 2242 gonorrhoea
1440 2209 1536 2240 quam
1568 2198 1731 2231 virulenta
1754 2219 1766 2234 ‚,
1797 2198 1828 2230 δε
1858 2207 1953 2239 quam
1987 2194 2141 2230 diuturna

1137 2245 1248 2279 vexati
1281 2241 1403 2276 fuerint
1418 2263 1428 2279 ‚
1452 2243 1486 2273 in
1510 2240 1653 2274 Prostata
1676 2251 1807 2284 quoque
1830 2241 1860 2272 &
1883 2239 2052 2273 caruncula
2090 2249 2143 2272 re-

1136 2297 1264 2333 pertum
1300 2284 1358 2319 esse
1382 2285 1525 2323 vitium,
1546 2283 1686 2318 inficiari
1720 2294 1785 2317 non
1818 2284 1916 2316 licet.
1942 2283 1993 2315 Ut
2033 2282 2140 2316 sileam

1133 2333 1222 2376 quod
1249 2328 1374 2372 scripsit
1397 2327 1625 2368 Whartonus,
1658 2331 1741 2367 (e)
1772 2327 1952 2360 excretoria
1989 2326 2141 2360 Prostatae

1133 2375 1291 2419 glandulae
1316 2371 1538 2410 foramiwla,
1572 2372 1608 2404 in
1640 2369 1722 2405 sanis
1754 2369 1984 2412 inconspicua,
2007 2370 2042 2403 in
2077 2370 2143 2408 illis

1135 2420 1294 2453 evidenter
1318 2416 1422 2453 cerni3
1448 2416 1646 2458 pervulgate
1671 2413 1765 2452 sunt,
1790 2423 1885 2457 atque
1910 2413 1989 2449 adeo
2018 2415 2051 2449 in
2086 2418 2143 2456 Se-

1137 2462 1307 2506 pulchreto
1331 2457 1415 2501 (f)
1440 2468 1549 2492 extant
1564 2457 1751 2491 Bartholini
1769 2482 1777 2496 ,
1801 2459 1966 2496 Severini,
1992 2459 2144 2499 W'irsuu-

1138 2507 1186 2550 gii
1209 2503 1465 2538 Observationes
1490 2501 1631 2544 ejusdem
1645 2501 1805 2544 glandulae
1828 2503 1861 2535 in
1887 2507 2082 2549 gomorrhoea
2094 2510 2145 2543 ul-

1136 2549 1262 2584 ceribus
1280 2572 1289 2587 ,
1313 2555 1368 2580 aut
1402 2545 1542 2580 abscessu
1564 2544 1706 2585 affectae,
1731 2545 1800 2587 post
1822 2550 2052 2593 gomorrhoeam
2088 2564 2145 2586 au-

1137 2604 1202 2628 tem
1226 2590 1444 2626 cicatricosae=
1469 2590 1650 2633 legiturque
1685 2591 1808 2627 ibidem
1833 2599 1843 2633 (
1864 2606 1885 2637 g
1906 2598 1943 2634 ),
1968 2604 2003 2628 ut
2035 2596 2068 2628 in
2104 2608 2142 2630 ρο

1139 2636 1258 2671 morbo
1281 2635 1483 2669 curationem
1506 2632 1686 2676 desperaret
1709 2636 1920 2678 Guenotius,
1945 2638 1999 2671 ubi
2035 2639 2143 2681 digito

1139 2684 1174 2715 in
1198 2680 1347 2723 podicem
1370 2676 1534 2717 immisso,-
1557 2680 1751 2712 renitentem
1776 2681 1866 2714 illius
1898 2680 2058 2723 glandulae
2089 2691 2144 2716 tu-

1144 2733 1272 2758 morem
1296 2723 1502 2766 perciperet.
1525 2722 1599 2755 Nec
1631 2722 1745 2755 desunt
1779 2723 1847 2757 aliae
1885 2724 1989 2766 postea
2021 2724 2143 2759 habitae,

1145 2767 1283 2810 ejusdem
1327 2765 1488 2808 glandulae
1523 2777 1539 2799 a
1575 2765 1770 2808 gonorrhoea
1811 2768 1934 2801 vitiatae
1978 2768 2144 2803 Observa-

1144 2813 1252 2845 tiones
1277 2835 1284 2843 .
1308 2811 1458 2851 Qarum
1500 2808 1577 2843 duas
1611 2807 1808 2851 potissimum
1842 2809 1931 2852 juvat
1965 2808 2108 2853 proferre
2129 2834 2143 2852 ‚

1142 2855 1278 2888 alteram
1320 2852 1478 2886 Brunneri
1512 2852 1567 2893 (h
1585 2852 1601 2893 )
1622 2874 1634 2891 ,
1676 2852 1825 2885 Genselii'
1860 2858 1871 2893 (
1894 2856 1906 2887 ι’
1928 2857 1941 2894 )
1975 2855 2107 2888 alteram
2133 2878 2141 2886 .

1141 2899 1190 2931 Hi
1223 2898 1310 2931 enim
1342 2907 1417 2929 cum
1450 2896 1491 2928 de
1520 2894 1774 2928 excrescentibus
1807 2897 1840 2931 in
1873 2897 2005 2931 urethra
2028 2910 2145 2932 carun-

1144 2942 1226 2976 culis
1258 2942 1342 2973 inter
1375 2938 1405 2972 se
1446 2938 1524 2972 adeo
1564 2937 1776 2980 discreparent
1799 2962 1808 2978 ,
1848 2950 1884 2974 ut
1927 2939 1983 2975 has
2018 2944 2142 2985 primus

1144 2985 1339 3028 figmentum
1379 2981 1622 3024 Chirurgorum
1655 2982 1714 3017 effe
1739 3008 1749 3024 ,
1793 2984 1915 3018 diceret
1938 3006 1949 3023 ,a
1989 2996 2025 3020 ut
2067 2995 2142 3029 pote

1144 3030 1201 3072 qui
1247 3026 1418 3061 catheteris-
1447 3025 1717 3067 impedimentum
1753 3026 1785 3060 in
1829 3027 1967 3071 quadam
1993 3051 2003 3066 ,
2037 3040 2099 3064 non
2126 3041 2143 3062 a

1144 3071 1315 3107 caruncula
1353 3080 1424 3112 quae
1455 3067 1612 3110 nusquam
1646 3078 1712 3103 erat
1737 3093 1746 3109 ,
1777 3070 1827 3105 sed
1852 3071 1892 3105 ab
1924 3071 2063 3106 urethrae
2095 3071 2145 3106 in-

1140 3115 1222 3158 figni
1246 3112 1394 3155 flrifiura
1416 3136 1428 3152 ‚
1460 3112 1502 3145 &
1532 3111 1737 3146 coarctatione
1758 3134 1772 3154 ,·
1802 3125 1855 3148 ceu
1899 3125 1937 3148 ex
1968 3115 2142 3155 adustione,

1147 3158 1240 3192 fuisse
1271 3156 1465 3190 observasset
1496 3153 1597 3188 ferme
1628 3164 1665 3188 ut
1697 3167 1754 3190 nos
1787 3159 1820 3190 in
1855 3157 2059 3192 Asthmatico
2091 3159 2144 3192 su-

1149 3214 1206 3245 pra
1240 3207 1250 3241 (
1275 3200 1327 3248 k)
1349 3198 1591 3242 descripsimus3
1615 3198 1784 3234 Genselius
1818 3210 1922 3235 autern
1954 3202 2011 3243 qui
2043 3202 2075 3234 in
2099 3203 2146 3234 al-

1150 3256 1222 3279 tero
1244 3268 1255 3283 5
1292 3242 1451 3285 ejusmodi
1483 3243 1613 3284 quidem
1646 3245 1847 3277 carunculam
1870 3269 1878 3284 ,
1915 3245 2037 3278 nullam
2070 3256 2147 3278 vero

1147 3289 1399 3323 coar&ationem
1421 3285 1548 3319 vidisset
1572 3309 1580 3324 ‚
1614 3297 1676 3329 pro·
1705 3288 1884 3321 carunculis
1905 3286 2111 3322 contenderet
2136 3302 2146 3325 ·,

1148 3344 1221 3367 cum
1255 3332 1288 3364 in
1321 3329 1382 3364 hoc
1414 3331 1518 3372 igitur
1546 3329 1778 3368 dissentirent3
1812 3333 1847 3363 in
1878 3344 1915 3365 eo
1940 3332 2032 3374 plane
2067 3341 2146 3365 con·-

1151 3375 1324 3410 veniebant
1350 3400 1360 3415 ,
1391 3373 1480 3417 quod
1524 3371 1676 3408 secundus
1707 3374 1740 3405 in
1783 3374 1840 3408 suo
1863 3396 1872 3413 ‚
1906 3376 1962 3417 qui
1996 3374 2064 3416 post
2097 3376 2146 3407 vi-

96 3419 174 3450 novi
199 3418 255 3457 qui
281 3414 376 3448 nullis
408 3411 656 3463 proficientibus
679 3416 829 3455 auxiliis,
863 3417 958 3450 veriti
993 3427 1033 3450 ne
1065 3417 1102 3449 in
1152 3419 1293 3452 rulentas
1339 3418 1465 3460 aliquot
1494 3414 1705 3458 gonorrhoeas
1737 3417 1770 3448 in
1802 3428 1921 3451 novam
1951 3419 2110 3452 inciderat
2136 3441 2145 3456 ,

96 3459 251 3508 lethalem
272 3457 401 3508 demum
426 3456 607 3508 ³¹F⁰Ph¹²3¹¹¹
640 3461 945 3502 praecipitarentur,
970 3461 1016 3492 ita
1049 3472 1104 3502 pe-
1152 3462 1234 3495 circa
1262 3460 1415 3503 prostatus
1446 3458 1567 3503 diversa
1609 3459 1773 3492 invenerat
1804 3460 1960 3504 ulcuscula
1982 3485 1992 3502 ,
2023 3464 2053 3495 &
2082 3462 2149 3504 pri-

98 3514 172 3537 nem
194 3501 254 3536 sibi
286 3501 464 3535 dormiturt-
494 3499 605 3535 1nst1ta
627 3513 665 3534 ex
697 3504 790 3536 molli
822 3503 909 3537 aluta
939 3503 1000 3537 sub
1033 3502 1106 3546 ipso
1153 3516 1225 3539 mus
1245 3526 1258 3543 5
1297 3503 1388 3548 quod
1427 3504 1461 3537 in
1494 3501 1551 3537 suo
1583 3511 1697 3545 praeter
1731 3500 1888 3546 summam
1928 3504 1978 3538 ibi
2019 3516 2149 3547 quoque

1985 3555 2108 3581 meatus

192 3698 209 3720 y
228 3689 235 3718 )
253 3689 350 3714 Advers.
367 3690 388 3713 1.
405 3689 468 3714 Τὼ,
487 3697 508 3714 2.
525 3688 579 3719 Fig.
596 3698 617 3715 1·
679 3691 693 3719 (
710 3698 727 3718 z
740 3691 755 3721 )
772 3692 848 3721 Epist.
862 3700 899 3721 41.
918 3699 942 3715 n.
962 3699 996 3716 11.

196 3721 239 3779 er)
256 3724 290 3745 De
308 3720 423 3744 Glandul.
440 3728 461 3744 c.
479 3729 505 3750 ς,
520 3720 543 3744 δε
560 3720 617 3744 Obs.
634 3728 654 3750 3.
671 3721 694 3744 &
711 3722 755 3751 seq.

228 3753 237 3781 J
254 3753 315 3775 Sess.
337 3751 381 3774 hac
398 3759 434 3779 3¹.
453 3751 511 3775 ΟΜΖ
529 3761 551 3780 ς.
572 3750 596 3782 §.
617 3758 636 3775 ι.
653 3753 676 3776 St
692 3760 716 3775 ι.

205 3790 213 3805 ι
230 3782 243 3810 )
259 3782 368 3807 Earund.
385 3783 456 3807 Cent.
474 3785 498 3807 6.
512 3781 572 3808 obs.
588 3783 628 3811 84.
690 3783 704 3812 (
720 3781 736 3806 k
751 3781 765 3810 )
780 3790 805 3807 n.
827 3791 866 3808 ιο.

1059 3690 1067 3717 (
1084 3699 1101 3716 a
1116 3693 1129 3721 )
1145 3693 1215 3722 Epist.
1233 3700 1270 3721 ²4-
1287 3699 1312 3716 n.
1333 3693 1370 3716 18.

817 3724 831 3753 (
846 3722 891 3756 d.)
907 3724 986 3746 Mem.
1002 3721 1032 3746 de
1048 3722 1066 3746 1'
1082 3723 1157 3747 nead.
1173 3725 1204 3749 R.
1222 3723 1262 3747 des
1280 3724 1317 3747 Sc.
1334 3725 1366 3746 A.
1383 3730 1448 3752 1711.

778 3753 792 3781 (
805 3761 824 3783 g
843 3752 851 3782 )
867 3760 892 3777 in
916 3753 998 3777 Schol.
1014 3752 1043 3776 ad
1060 3752 1117 3777 Obs.
1135 3762 1161 3783 4.

1433 3692 1442 3722 (
1459 3692 1473 3717 b
1487 3692 1501 3722 >
1518 3693 1626 3718 Praelest.
1643 3693 1671 3717 ad
1688 3684 1792 3716 lnsh‘tut.
1812 3691 1838 3722 §.¹
1852 3695 1907 3722 776.

1356 3749 1363 3757 ,
1510 3724 1524 3752 (
1539 3732 1550 3748 e
1565 3725 1578 3753 )
1595 3725 1716 3752 Adenogr.
1733 3730 1755 3747 c.
1773 3729 1809 3751 3¹-

1222 3754 1229 3783 (
1244 3755 1258 3778 b
1275 3755 1284 3783 )
1300 3753 1362 3783 Eph.
1379 3755 1412 3778 Ν.
1430 3756 1458 3779 c.
1477 3755 1548 3779 eent.
1567 3763 1586 3779 ι.
1603 3754 1660 3780 obs.
1678 3761 1717 3783 97-
