2498 4075
414 155 507 221 346

345 237 418 271 tur,
446 233 559 274 saepiu’s
583 232 748 273 quamilla
764 256 773 272 ,
797 231 837 265 ab
850 240 979 264 externa
993 229 1147 264 violentia
1158 231 1347 273 contingat.

348 275 428 308 bunt
451 275 515 309 111ae
538 275 791 308 Observationes
814 277 847 307 in
870 274 910 306 iis
934 272 1205 319 habitaequorum
1227 275 1350 308 claudi-

345 319 432 352 catio
455 330 470 351 a
496 319 685 356 luxatione,
712 328 776 350 non
802 330 818 351 a
842 317 978 350 fractura
990 315 1244 352 essecredebatur
1262 319 1349 356 ‚aliae

348 370 455 396 autern
479 361 516 394 ad
544 360 746 402 Ruyschium
761 384 770 398 ‚
795 360 865 394 aliae
888 360 926 393 ad
937 358 1196 397 Cheleldenum‚
1220 361 1287 394 aliae
1311 360 1349 394 ad

344 405 519 440 Erndlium
533 403 669 445 pertinet
681 425 691 439 ,
705 402 928 436 accedentibus
939 413 1011 437 cum
1026 403 1125 435 Ravii
1139 405 1347 445 approbatio-

345 459 385 481 ne
409 450 481 482 aliis
506 446 622 483 Borstii
646 445 962 482 observationibus,
984 447 1041 487 qui
1066 457 1140 481 cum
1164 447 1240 479 oc'to
1265 449 1346 490 pari-

345 500 394 525 ter
417 490 631 525 claudicantes
655 488 824 528 secuisset,
847 499 1012 531 nunquam
1035 489 1262 535 luxationem,
1299 491 1348 525 sed

346 533 524 570 fracturam
547 532 690 575 semper,
714 544 750 567 ut
775 532 849 571 illi,
871 533 1007 567 cervicis
1029 532 1163 565 semoris
1185 533 1359 578 deprehen-

342 577 457 611 derat.
484 575 668 619 Ruyschius
696 585 830 612 autem,
863 575 955 617 cujus
987 575 1184 617 potiffimum
1218 578 1355 612 aucfftori-

344 630 409 653 tate
433 632 479 653 res
503 619 694 656 confirmari
719 618 836 654 nostris
860 618 1067 659 temporibus
1091 628 1199 662 coepta
1224 620 1267 654 est
1293 643 1301 657 ‚
1324 623 1356 653 δε

342 665 388 698 rei
412 663 517 700 causas
538 666 553 703 (
575 675 591 696 o
616 666 626 704 )
651 662 743 698 simul
767 674 842 697 cum
869 662 1166 696 Observationibus
1192 664 1352 706 protulit,

341 709 373 741 &
397 708 431 740 in
455 708 570 742 harum
593 705 790 749 quibusdam
815 706 975 748 peculiare
999 705 1124 748 aliquid
1149 706 1319 742 adnotavit
1343 732 1351 746 ‚

341 752 498 787 nimirum
522 751 658 784 cervicis
681 751 761 785 olim
785 759 910 791 ruptae,
937 751 967 783 &
989 750 1204 782 comminutae
1228 772 1239 788 ,
1285 762 1351 784 non

342 793 446 829 solum
469 805 533 827 non
559 791 736 835 superstites
760 793 911 833 reliquias
937 790 1050 829 fuisse,
1076 791 1127 826 sed
1171 791 1236 834 ejus
1278 794 1350 829 loco

341 836 516 878 aliquando
537 839 550 876 (
572 847 594 877 p
618 840 627 875 )
654 836 746 878 plura
768 835 944 877 ligamenta
968 845 1135 876 comperta
1160 836 1222 869 esse
1244 836 1319 870 dura
1339 860 1349 876 ,

339 879 461 920 crassa,
483 881 616 918 teretia,
639 890 711 920 quae
735 890 799 912 non
823 879 985 917 exterius,
1009 878 1059 912 sed
1084 879 1324 915 interiusdu&a
1340 907 1349 921 ,

338 922 471 959 femoris
494 932 589 964 capue
615 933 692 955 cum
717 922 860 964 suprema
884 922 950 964 ejus
974 931 1063 964 parte
1086 924 1314 957 connesterent
1338 936 1348 963 ς

337 966 511 1010 aliquando
535 976 640 1004 autem
665 970 675 1006 (
703 966 756 1007 q)
779 976 854 1003 curn
879 965 937 999 hac
962 965 1044 1000 illud
1067 966 1174 1001 rursus
1210 968 1347 1011 conglu-

339 1013 503 1050 tinaturn,
526 1009 842 1051 ferruminatumque
864 1007 957 1044 fuisse
981 1019 1142 1049 repertum
1157 1032 1164 1041 .
1193 1009 1246 1044 Ad
1269 1022 1348 1053 quas

337 1055 413 1090 duas
438 1053 611 1100 peculiares
634 1052 861 1087 adnotationes
884 1052 1041 1086 nonnulla
1066 1052 1137 1086 sunt
1161 1065 1233 1097 quae
1267 1054 1347 1095 adji-

336 1100 423 1133 cias.
449 1098 504 1134 Ad
529 1097 691 1141 primam,
714 1097 945 1133 Salzmannum
970 1096 1003 1129 in
1027 1096 1260 1131 Differtatione
1285 1099 1347 1132 alia

336 1148 352 1185 (
374 1154 390 1178 r
411 1145 449 1182 ),
471 1141 695 1184 quinquennio
717 1149 790 1173 ante
814 1150 884 1174 eam
909 1150 1007 1183 quam
1030 1138 1180 1179 laudavi,
1207 1140 1315 1175 emissa
1337 1165 1347 1180 ‚

333 1186 508 1224 indicasse,
530 1185 705 1226 ligamenta
729 1184 785 1219 illa
807 1182 884 1218 dura
899 1208 909 1222 ‚
932 1185 964 1216 δε
987 1182 1083 1216 crassa
1106 1185 1273 1226 quaeinter
1297 1196 1348 1218 ca.

336 1239 419 1274 put,
440 1232 472 1263 δι
496 1229 601 1262 femur
626 1225 810 1268 Ruyschius
834 1225 980 1263 viderat,
1007 1228 1037 1259 ἃ
1063 1226 1101 1259 ab
1146 1236 1260 1261 natura
1309 1229 1345 1262 in

334 1273 471 1309 cervicis
493 1272 603 1306 locum
627 1270 797 1305 substituta
821 1269 905 1308 esse,
929 1279 993 1302 non
1025 1268 1230 1304 dubitaverat
1252 1293 1262 1307 ,
1307 1282 1346 1306 ex

335 1315 488 1361 periostio
512 1315 594 1349 facta
617 1312 697 1350 esse,
720 1311 988 1355 quodafraecura
1006 1313 1263 1350 laceratum,ibi
1277 1325 1342 1348 non

334 1371 408 1397 raro
431 1359 568 1396 durius,
597 1360 628 1393 δέ
652 1356 779 1391 crassius
802 1355 871 1391 fieri
897 1355 1000 1398 solet,
1024 1367 1059 1390 ac
1083 1356 1256 1399 ligamenti
1293 1360 1343 1390 vi-

332 1415 401 1448 cem
426 1402 594 1448 praestare,
618 1399 709 1443 cujus
725 1401 782 1447 „rei
807 1400 988 1443 exemplum
1013 1401 1047 1433 in
1071 1398 1214 1435 fraecura
1260 1413 1341 1443 qua„

332 1449 407 1484 dam
430 1446 533 1483 ulnae,
560 1446 590 1481 δι.
614 1445 696 1480 radii
721 1454 784 1485 lam
810 1443 893 1478 olim
917 1444 951 1477 in
986 1443 1203 1479 Eruditorum
1248 1446 1340 1479 Astis

335 1489 551 1534 Lipfienfibus
572 1487 655 1531 (s)
681 1487 886 1532 propositum
910 1485 1034 1521 fuerat.
1060 1487 1120 1522 Sed
1145 1497 1253 1521 tamen
1278 1488 1340 1521 hoc

332 1536 443 1572 saltem
468 1532 612 1570 attendas
636 1529 979 1572 velim,Ruyschiana
1001 1529 1057 1563 ista
1080 1530 1253 1573 ligamenta
1277 1543 1343 1565 non

333 1580 372 1614 ad
396 1579 572 1615 exteriores
595 1573 771 1611 fractorum
793 1573 908 1608 offium
944 1574 1077 1616 parietes
1095 1596 1104 1611 ‚
1151 1584 1188 1609 ut
1233 1577 1341 1616 perio-

333 1624 452 1660 stium,
475 1620 530 1656 ubi
553 1619 618 1659 est,
643 1618 747 1661 solet,
771 1617 823 1652 sed
850 1617 888 1653 ad
912 1628 1023 1652 eorum
1048 1627 1168 1661 partem
1201 1619 1338 1652 interio-

332 1677 401 1702 rem
425 1660 633 1707 pertinuisse.
658 1661 712 1696 Ad
735 1660 896 1701 alteram,
918 1660 953 1696 id
975 1663 1019 1695 est
1052 1660 1241 1696 adnotatam
1274 1662 1338 1696 fer-

331 1709 609 1746 ruminationem,
632 1704 696 1739 five
719 1704 1033 1747 conglutinationem
1068 1703 1161 1738 fraeci
1208 1703 1338 1739 femoris

331 1766 407 1788 cum
432 1752 490 1787 suo
514 1751 645 1793 capite,
666 1748 926 1795 quod-alioquin
951 1746 1133 1788 sejunctum
1166 1748 1200 1781 in
1238 1757 1343 1782 aceta-

330 1798 409 1833 bulo
430 1795 569 1832 inveniri
594 1792 698 1832 solet,
722 1789 937 1835 adjiciendum
962 1790 1006 1824 est
1029 1812 1039 1828 ,
1065 1801 1139 1825 curn
1161 1803 1197 1824 ea
1221 1792 1340 1826 accidit

330 1840 590 1881 conglutinati&
612 1833 759 1871 accidisse
782 1844 890 1869 autem
912 1845 977 1867 non
989 1831 1083 1868 semel
1107 1837 1281 1874 novimus;
1304 1836 1340 1870 id

328 1879 582 1927 deligationibus
604 1889 768 1924 acceptum
792 1877 851 1915 effe
873 1877 1103 1918 referendum,
1126 1890 1179 1921 pet
1204 1891 1282 1922 quas
1292 1878 1341 1912 fe.²

329 1930 405 1966 mur'
429 1928 470 1965 ad
493 1934 588 1969 caput
614 1921 792 1968 appressum
814 1923 936 1957 diutius
960 1921 1118 1956 servatum
1143 1922 1207 1962 est,
1243 1923 1337 1966 aegri-

333 1985 395 2020 que
421 1971 611 2007 constantiae
637 1970 671 2001 in
696 1965 890 2010 quiescendo
914 1987 924 2003 ‚
968 1976 1163 2008 omnemque
1209 1976 1337 2001 motum

329 2016 485 2054 vitando.
511 2013 629 2056 Neque
652 2020 758 2045 tamen
782 2021 847 2045 non
869 2008 979 2044 clauda
1002 2009 1058 2042 illa
1081 2020 1157 2043 anus
1180 2019 1268 2046 erat,
1301 2011 1335 2042 in

327 2074 393 2105 qua
416 2057 578 2104 ejusmodi
600 2055 916 2098 conglutinationem
950 2053 1074 2087 invenit
1119 2053 1306 2095 Ruyschius
1329 2077 1338 2087 .

328 2104 398 2141 Etsi
423 2106 508 2139 enim
531 2098 700 2136 deficiente
724 2097 858 2134 femoris
881 2096 991 2137 collo,
1014 2108 1050 2130 os
1073 2105 1181 2130 toturn
1229 2099 1339 2130 minus

330 2147 512 2186 extrorsum
534 2145 706 2188 obliquum
730 2142 790 2181 fit,
813 2152 916 2189 eoque
939 2149 1024 2174 artus
1047 2141 1152 2174 minus
1196 2141 1304 2175 brevis
1327 2165 1336 2180 ‚

328 2204 426 2238 quam
451 2190 579 2227 futurus
601 2187 728 2224 fuiffet;
752 2195 859 2220 tamen
882 2185 925 2218 sic
948 2183 1054 2218 femur
1077 2182 1194 2217 femori
1206 2186 1342 2227 propius,

329 2237 395 2277 est,
418 2238 448 2270 ἃ
472 2232 689 2268 musculorum
712 2230 816 2273 ipsum
835 2249 847 2267 ,
870 2229 901 2261 &
922 2238 994 2261 crus
1018 2228 1223 2262 moventium
1256 2228 1339 2261 dire-

329 2282 452 2317 ffiones
474 2286 661 2311 mutantur.
688 2273 747 2308 Sed
772 2276 803 2307 δε
824 2271 879 2305 illa
902 2271 1108 2306 claudicabat
1132 2271 1269 2305 foemina
1300 2272 1339 2305 de

328 2337 390 2369 qua
415 2324 449 2358 in
473 2320 602 2355 Erndlii
626 2319 768 2353 indicata
793 2315 1030 2351 Observatione
1054 2314 1159 2349 sermo
1182 2316 1225 2349 est
1246 2340 1255 2354 ‚
1290 2324 1339 2348 ta-

329 2367 420 2404 metsi
443 2366 510 2409 ipsa
535 2363 635 2397 fracta
657 2363 767 2396 cervix
791 2370 845 2401 per
867 2358 984 2393 callum
1000 2384 1009 2398 ,
1031 2358 1128 2401 digiti
1142 2359 1270 2400 pollicis
1294 2360 1339 2392 la-

329 2412 475 2446 titudine
499 2408 557 2443 sub
579 2407 684 2448 capite
706 2413 892 2439 extantem,
918 2403 1102 2439 coaluerat,
1125 2411 1160 2435 ut
1185 2413 1249 2435 non
1283 2402 1339 2436 de-

329 2454 389 2489 effe
413 2454 526 2490 cervix
548 2448 652 2484 videri
676 2448 801 2491 posset,
826 2446 975 2489 nullaque
998 2446 1032 2479 in
1056 2446 1266 2488 ligamentis,
1291 2447 1341 2479 vi-

327 2498 470 2543 cinisque
495 2493 681 2529 tendinibus
704 2490 810 2528 laefio,
836 2498 891 2523 aut
915 2499 1026 2530 praeter
1049 2499 1197 2522 naturam
1219 2488 1340 2523 consti-

330 2543 420 2577 tutio
445 2538 640 2582 apparebat3
666 2535 743 2569 adeo
768 2532 872 2567 facilis
896 2532 936 2566 est
958 2533 1027 2576 post
1052 2531 1225 2566 fracturam
1248 2533 1337 2566 clau-

330 2585 478 2621 dicatio!
504 2582 638 2620 Quanto
663 2588 770 2612 autem
794 2576 954 2618 amplior,
976 2579 1006 2609 &
1032 2576 1158 2610 firmior
1189 2576 1232 2610 est
1264 2585 1334 2610 tora

328 2630 386 2664 illa
411 2638 484 2671 pars
506 2624 622 2659 summi
647 2621 780 2656 femoris
803 2631 942 2664 quacum
964 2620 1074 2653 cervix
1098 2619 1151 2652 sua
1184 2619 1247 2653 basi
1280 2630 1336 2652 co-

329 2673 451 2711 haeret,
475 2679 571 2713 quam
597 2667 710 2700 cervix
734 2663 801 2705 ipsa
818 2687 827 2701 ,
849 2671 943 2696 tanto
966 2663 992 2695 is
1015 2663 1154 2696 coalitus
1186 2664 1225 2697 de
1269 2675 1337 2705 quo

328 2718 471 2761 primum
494 2712 657 2747 diximus,
681 2709 787 2742 minus
810 2719 910 2749 quain
943 2705 998 2740 hic
1042 2706 1120 2740 alter
1142 2729 1154 2746 ,
1197 2705 1337 2740 difficilis

330 2759 392 2794 est:
417 2758 506 2801 cujus
529 2762 622 2797 auget
645 2751 869 2787 difficultatem
892 2750 1003 2784 eadem
1025 2760 1097 2792 quae
1120 2749 1251 2784 facilem
1274 2750 1339 2784 fra-

329 2803 454 2837 &uram
477 2800 579 2836 facit,
604 2796 739 2840 obliqua
762 2795 896 2828 cervicis
921 2792 1085 2837 protensio
1101 2818 1109 2828 .
1153 2793 1334 2836 Impulsum

328 2850 417 2881 enim
440 2855 541 2888 quem
564 2842 719 2878 homine,
744 2838 882 2882 exempli
905 2837 1018 2876 causa,
1043 2837 1082 2870 ab
1107 2838 1172 2870 alto
1196 2839 1229 2869 in
1245 2836 1333 2883 pedes

329 2891 486 2928 cadente,
509 2886 595 2921 re6ta
617 2893 770 2920 crurum,
794 2884 826 2916 ὃ(
849 2881 1011 2916 femorum
1036 2879 1100 2915 ossa
1123 2883 1254 2923 impune
1279 2882 1333 2913 133-

329 2935 403 2978 pius
426 2932 594 2974 excipiunt
609 2951 618 2966 ‚
642 2927 728 2962 ferre
752 2926 807 2960 vix
830 2936 974 2969 unquam
1007 2926 1110 2966 potest
1143 2926 1255 2957 cervix
1300 2926 1334 2956 in

329 2975 542 3011 transversum
568 2970 736 3014 protensa,
760 2969 838 3003 adeo
861 2969 1041 3011 praesertim
1064 2966 1188 3010 fragilis
1210 2991 1223 3008 ,
1267 2969 1297 3000 δι
1321 2978 1339 3001 a

328 3022 434 3064 capite
456 3016 548 3060 cujus
571 3014 707 3048 ascensui
729 3013 931 3048 acetabulum
942 3011 1072 3052 obstat,
1094 3022 1223 3045 motum
1234 3010 1337 3044 femo-

327 3066 398 3105 ris,
422 3061 545 3098 sursum
570 3055 711 3102 propulsi
727 3082 735 3096 ,
758 3058 845 3099 sequi
870 3055 1059 3102 prohibita.
1084 3055 1146 3089 Hae
1156 3064 1262 3089 autem
1274 3065 1336 3087 eae-

327 3109 402 3143 dem
423 3104 523 3142 causae
538 3126 549 3142 ,
572 3113 645 3137 cum
669 3100 805 3145 musculi
828 3100 933 3133 femur
958 3099 1247 3147 sursumtrahunt‚
1270 3095 1337 3130 fra-

327 3153 386 3186 &ae
408 3149 548 3185 cervicis
568 3154 672 3189 partes
689 3169 698 3184 ‚
720 3145 826 3178 rursus
849 3145 932 3189 inter
958 3143 986 3177 se
1010 3151 1236 3184 contingentes
1258 3167 1268 3182 ‚
1303 3144 1335 3173 &

327 3198 360 3230 δι
381 3193 555 3230 coalescere
578 3190 791 3231 incipientes,
814 3187 1002 3229 disjungunt
1017 3210 1025 3224 ,
1059 3194 1155 3228 atque
1199 3186 1335 3228 regluti-

327 3248 406 3273 nant
422 3263 429 3271 .
452 3238 496 3271 Et
520 3234 656 3268 cervicis
675 3231 808 3275 quidem
831 3229 917 3264 hunc
942 3231 1080 3272 positum
1103 3229 1257 3263 Auctores
1279 3239 1332 3260 ve-

326 3280 487 3316 tustissimi
511 3289 577 3312 non
600 3277 815 3319 ignorarunt:
839 3275 951 3316 itaque
983 3274 1203 3315 Hippocrates
1248 3278 1258 3314 (
1281 3279 1296 3304 t
1318 3275 1329 3309 )

328 3324 443 3360 diserte
481 3322 630 3364 scripsit,
654 3326 749 3361 caput
765 3316 922 3361 femoris,
946 3317 987 3350 ὅ)
1011 3317 1159 3350 cervicem
1203 3314 1331 3349 articuli

326 3376 442 3402 natura
464 3364 619 3409 obliquam
642 3360 717 3406 effe.
744 3360 933 3396 Aristoteles
956 3369 1063 3394 autem
1087 3362 1100 3398 (
1125 3370 1143 3391 u
1167 3363 1177 3398 )
1201 3370 1274 3393 cum
1287 3356 1336 3408 se-

325 3421 397 3446 mur
420 3409 523 3450 biceps
545 3405 629 3446 esse,
651 3407 757 3445 dixit,
782 3416 844 3438 non
869 3403 901 3437 id
926 3403 1014 3446 quod
1036 3401 1168 3444 Niphus
1192 3406 1261 3442 (x)
1283 3413 1334 3433 in-

327 3461 521 3497 terpretatus
544 3450 586 3486 est
601 3474 610 3488 ‚
636 3450 740 3484 voluit
755 3471 767 3487 ,
788 3447 921 3482 alterum
946 3446 1095 3480 videlicet
1112 3444 1220 3487 femur
1243 3446 1332 3479 essea

326 3497 467 3534 dextris,
491 3494 624 3529 alterum
649 3505 666 3526 a
685 3491 841 3534 sinzstris3
867 3491 967 3525 modo
991 3492 1076 3524 enim
1100 3488 1163 3524 hoc
1186 3488 1261 3523 satis
1283 3490 1333 3521 in-

638 154 793 208 Liber
811 153 904 208 lV‘.
922 152 1007 205 De
1028 153 1231 206 Morbis
1247 151 1569 219 Chirurgicis
1586 191 1600 214 ‚
1634 152 1688 203 ὃ(
1710 150 2095 206 Universalibus

1398 229 1583 269 dicaveram
1605 226 1656 261 sed
1680 227 1757 261 hinc
1783 226 1936 271 majorem
1960 227 2200 264 trochanterem
2218 252 2227 267 ‚
2250 229 2322 264 inde
2334 241 2405 265 cer-

1400 275 1502 305 vicem
1527 273 1560 304 i=n
1585 270 1729 312 suprema
1753 271 1883 306 femoris
1906 283 1994 315 parte
2017 273 2181 315 speetans,
2217 272 2321 314 ipsum
2353 275 2403 309 bi-

1399 326 1470 358 ceps
1493 314 1573 354 esse‚
1595 314 1729 348 docuit.
1754 317 1826 348 Cur
1852 326 1955 351 autem
1978 318 2024 349 ita
2047 316 2187 350 divi-sum
2211 314 2276 358 fit„
2294 321 2404 351 &cer·
2452 340 2455 342 -

1401 361 1505 391 vicem
1529 355 1644 393 habeat
1688 369 1764 400 pene
1785 360 1819 391 in
1844 358 2058 394 transversum
2083 359 2283 403 protensam,
2307 361 2402 403 longe

1400 399 1600 435 manifestius
1621 400 1687 438 est,
1711 413 1807 444 quam
1831 414 1887 435 cur
1910 405 2025 436 cervici
2048 401 2174 445 fragilis
2210 402 2289 434 adeo
2323 402 2405 439 Piru—

1400 446 1489 479 &ura
1512 445 1710 487 contigerit.
1735 445 1827 479 Nam
1847 447 1878 479 &
1901 447 1971 479 aliis
1982 446 2171 487 quibusdam
2188 444 2304 480 offibus
2316 458 2406 480 com-

1400 498 1517 528 mune,
1542 499 1605 520 non
1630 487 1728 529 hujus
1752 487 1948 528 dumtaxat,
1972 499 2008 523 ut
2032 489 2139 522 Docssti¹
2158 488 2294 532 quidam
2326 490 2405 523 Viri

1411 530 1522 573 ajunt,
1545 529 1591 564 est
1614 532 1795 569 peculia-re,
1822 541 1857 565 ut
1892 541 1995 574 partes
2037 533 2189 565 emittant
2222 531 2374 574 quasdam
2393 554 2405 571 a

1408 585 1481 608 curn
1506 573 1579 617 ipsis
1606 575 1759 616 angulum
1782 576 2046 617 intercipientes,
2070 586 2103 610 ut
2128 584 2205 618 puta
2241 575 2374 617 scapulae
2397 601 2407 616 ,

1406 620 1436 650 ἃ
1460 616 1595 650 inferior
1618 618 1769 652 maxilla.
1794 617 1853 652 Sed
1875 617 1992 654 emill‘ae
2017 621 2056 654 ab
2079 619 2129 653 his
2163 628 2266 661 partes
2312 621 2406 662 longe

1404 661 1544 696 firmiori
1568 661 1723 695 structura
1747 661 1840 700 sunt,
1865 661 1886 695 fi
1909 662 1971 696 suis
1993 673 2068 697 cum
2089 661 2203 696 offibus
2236 661 2406 696 conferan-

1405 713 1480 745 tur,
1503 715 1598 746 quam
1623 706 1732 738 cervix
1755 701 1888 739 femoris
1911 717 1984 739 cum
2008 705 2069 739 hoc
2092 715 2300 746 com-parata.
2337 707 2417 748 Ne.-

1402 759 1466 790 que
1489 746 1556 789 ipsa
1580 747 1643 781 osse
1666 751 1717 783 cui
1743 748 1870 782 additur
1886 772 1899 788 ,
1922 750 1963 782 est
1986 758 2080 783 tanto
2103 749 2229 783 craffior.
2244 773 2252 787 ‚
2285 756 2333 782 ut·
2366 751 2405 783 de

1403 802 1436 823 ea
1460 792 1578 832 pariter
1600 789 1665 826 dici
1689 792 1781 834 poffit
1804 792 1891 833 quod
1914 792 1953 824 de
1976 793 2127 826 extremis
2148 793 2332 834 longiorum
2354 792 2406 828 os·

1402 834 1481 867 sium
1506 834 1673 876 partibus,
1696 834 1752 869 sua
1774 835 1973 871 crassitudine
1988 860 1997 875 ,
2032 837 2055 869 ίι
2099 846 2166 871 non
2210 835 2369 870 struffffira
2393 857 2404 873 ,

1402 877 1557 911 fractioni
1581 877 1797 913 resistentibus
1812 902 1819 910 .

1446 931 1474 961 ς.
1501 920 1595 958 Quid
1620 931 1691 954 vero
1714 925 1746 954 in
1770 920 1930 964 plerisque
1967 921 2090 956 accidat
2133 919 2255 967 qui-bus
2295 924 2405 957 cervix

1400 962 1501 997 frasta
1525 962 1588 1001 ests
1611 964 1654 997 ob
1679 976 1727 998 eas
1751 966 1837 998 enim
1861 976 1939 1006 quas
1970 967 2110 999 diximus
2133 988 2144 1004 ,
2189 964 2297 1001 causas
2340 968 2405 1001 rari

1400 1010 1537 1040 omnino
1560 1007 1632 1040 sunt
1656 1009 1773 1049 quibus
1796 1008 1968 1046 coalescat3
1995 1008 2283 1044 mox-videbimus
2308 1032 2320 1049 ,
2365 1010 2403 1044 ad

1401 1051 1585 1085 Salzmanni
1607 1051 1700 1086 illam
1723 1053 1817 1085 aliam
1841 1051 2110 1085 Dissertationem
2134 1052 2353 1092 transeuntes,
2364 1052 2402 1086 fi-

1403 1095 1535 1136 mulque
1557 1105 1607 1127 eas
1630 1106 1708 1136 quas
1731 1097 1765 1128 in
1789 1105 1965 1129 memorata
1992 1096 2143 1130 hactenus
2175 1095 2292 1129 referre
2335 1106 2402 1130 non

1403 1140 1511 1180 potuit
1528 1159 1538 1174 ,
1562 1137 1764 1179 indicante55
1787 1150 1850 1171 non
1875 1150 1985 1173 omnes
2009 1150 2136 1176 tamen3
2180 1139 2284 1181 plures
2315 1140 2404 1173 enim

1402 1180 1485 1222 apud
1509 1181 1589 1214 alios
1612 1190 1742 1222 extare,
1767 1184 1938 1220 novimus3
1963 1182 2011 1225 sed
2036 1184 2129 1216 unius
2153 1182 2277 1220 solum,
2302 1185 2334 1217 &
2358 1183 2404 1218 al-

1398 1225 1500 1258 terius
1522 1225 1717 1260 mentionem
1741 1225 1914 1264 facientes,
1941 1238 2012 1268 qua:
2027 1251 2036 1266 ,
2059 1238 2132 1260 cum
2156 1226 2223 1260 haec
2242 1225 2404 1261 'scribere-

1397 1279 1489 1307 mus,
1516 1278 1604 1301 erant
1627 1269 1660 1300 in
1686 1270 1853 1303 manibus.
1879 1270 1988 1311 Igitur
2012 1280 2047 1302 ut
2079 1271 2127 1305 illi
2162 1281 2244 1315 quos
2273 1271 2403 1303 omitti-

1397 1323 1488 1351 mus,
1512 1312 1558 1345 ita
1583 1312 1683 1345 etiam
1711 1314 1898 1355 experiens,
1935 1312 2170 1355 industriusque
2216 1311 2402 1356 Chirurgus

1393 1355 1577 1397 Gregorius
1587 1355 1783 1394 Barbettus,
1808 1356 1887 1390 sicut
1911 1357 1943 1388 in
1967 1357 2135 1399 Apologia
2158 1359 2223 1398 (y)
2249 1356 2291 1391 est
2305 1363 2404 1400 qua'm

1394 1399 1432 1432 ad
1457 1409 1516 1432 nos
1538 1398 1725 1433 humaniter
1749 1398 1856 1438 misit,
1883 1400 1991 1440 idern,
2014 1401 2048 1433 in
2072 1400 2201 1434 dissecta
2225 1413 2241 1434 a
2264 1400 2315 1439 sev.
2340 1399 2403 1435 foe-

1392 1443 1479 1476 mina
1505 1442 1591 1476 vidit
1612 1442 1781 1486 oetoginta
1803 1440 1934 1477 circ‘iter
1959 1454 2056 1476 annos
2078 1445 2176 1481 nata,
2201 1444 2252 1477 cui
2276 1443 2402 1478 tametsi

1394 1486 1434 1520 ad
1457 1485 1774 1527 quartumdecimum
1797 1486 1896 1529 usque
1920 1498 1958 1520 ex
1979 1498 2046 1529 quo
2077 1487 2235 1522 ceciderat
2260 1509 2270 1525 ,
2312 1487 2403 1523 diem

1397 1540 1461 1563 non
1487 1530 1616 1563 brevior
1639 1531 1714 1564 sano
1740 1540 1813 1564 artu
1839 1532 1917 1564 alter
1940 1527 2071 1567 suerat,
2095 1532 2205 1564 cervix
2227 1540 2334 1565 tamen
2356 1530 2404 1565 fe-

1396 1573 1496 1606 moris
1520 1572 1619 1607 fracta
1642 1583 1734 1614 erat,
1757 1585 1794 1607 an
1809 1595 1817 1610 ,
1841 1583 1878 1608 ut
1903 1572 2105 1615 suspicatur,
2129 1574 2207 1617 quia>
2228 1586 2302 1609 cum
2340 1575 2402 1608 ini-

1393 1617 1442 1649 tio
1465 1615 1538 1650 esset
1562 1628 1625 1650 non
1648 1617 1774 1660 prorsus
1797 1616 1915 1656 fracta,
1940 1618 2056 1651 tandiu
2102 1618 2251 1652 musculis
2296 1618 2401 1652 femur
2436 1644 2438 1648 s

1391 1659 1598 1694 moventibus
1620 1661 1809 1695 restitisset?
1834 1661 1924 1694 Idem
1950 1671 2058 1694 tamen
2091 1662 2225 1694 alteram
2269 1661 2396 1704 profert

1395 1702 1668 1738 Observationem
1692 1703 1836 1738 hominis
1857 1706 1916 1746 qui
1940 1717 1956 1737 a
1982 1703 2164 1737 vehementi
2188 1705 2285 1737 calcis
2330 1706 2401 1739 retu

1394 1746 1432 1779 ad
1457 1746 1591 1781 eundem
1617 1745 1749 1781 femoris
1774 1747 2027 1790 articulum'diu
2051 1748 2284 1781 claudicaverat
2305 1772 2314 1781 .
2361 1748 2401 1782 In

1393 1800 1433 1822 eo
1457 1789 1604 1823 luxatum
1627 1789 1733 1825 femur
1756 1789 1983 1834 deprehendit,
2010 1799 2044 1823 ut
2069 1792 2171 1833 capite
2194 1789 2325 1824 dorsum
2349 1791 2401 1824 os-

1392 1831 1431 1867 fis
1454 1832 1548 1867 ilium
1571 1836 1796 1877 contingeret,
1821 1833 1912 1867 nullo
1936 1837 2045 1866 teretis
2068 1835 2238 1876 ligamenti
2263 1834 2400 1876 vestigio

1392 1876 1578 1918 superstite,
1604 1878 1780 1913 orbiculari
1806 1887 1912 1911 autem
1936 1877 2140 1918 deformato,
2164 1879 2197 1911 &
2230 1878 2401 1911 acetabulo

1391 1920 1481 1961 quasi
1504 1919 1630 1955 deleto.
1760 1920 1833 1962 Ipse
1855 1931 1960 1954 autem
1985 1922 2192 1955 Salzmannus
2215 1923 2273 1963 qui
2317 1921 2401 1955 duo-

1390 1973 1465 1996 rum
1487 1975 1558 2005 quae
1582 1963 1703 2008 fingula
1725 1965 1759 1997 in
1782 1963 1914 2006 singulis
1936 1964 2000 1997 suis
2023 1967 2090 1999 illis
2112 1963 2401 1998 Dissertationibus

1392 2008 1517 2048 egregie
1539 2009 1728 2047 constituit,
1752 2018 1900 2042 neutrum
1923 2008 2060 2049 ingenue
2084 2007 2180 2041 fass‘us
2225 2017 2292 2041 erat
2338 2008 2403 2042 sibi

1392 2052 1565 2084 etiamtum
1600 2051 1770 2095 contigisse
1789 2076 1799 2091 ‚
1846 2061 1881 2085 ut
1904 2062 1958 2094 per
1981 2050 2183 2085 dissectiones
2229 2050 2402 2092 conspice-

1391 2101 1464 2130 ret3
1489 2095 1717 2136 quinquennio
1740 2095 1831 2136 post,
1855 2105 2029 2136 utrumque
2054 2099 2175 2130 interea
2208 2096 2253 2128 ita
2291 2096 2330 2128 ab
2368 2096 2399 2128 se

1392 2147 1595 2179 compertum
1619 2138 1772 2173 affirmare
1795 2140 1905 2181 potuit
1933 2143 1942 2178 (
1968 2139 2050 2181 z),
2075 2148 2111 2172 ut
2136 2139 2224 2180 quod
2259 2138 2297 2171 ad
2330 2139 2400 2183 pri-

1392 2192 1483 2214 mum
1507 2182 1644 2220 attinet,
1667 2182 1840 2216 fracturam
1857 2180 1991 2224 femoris
2009 2180 2206 2225 frequencius
2230 2192 2322 2224 quam
2347 2182 2400 2216 lu-

1392 2226 1556 2259 xationem
1578 2226 1796 2268 deprehendere
1815 2224 1877 2268 fibi
1899 2223 2041 2269 licuisse,
2064 2225 2272 2260 asseveraret:
2308 2224 2399 2268 quod

1392 2279 1469 2301 vero
1492 2268 1530 2302 ad
1554 2270 1713 2308 alterum,
1735 2269 1800 2302 duo
1832 2268 1965 2302 femoris
1998 2269 2203 2303 luxationum
2249 2269 2399 2311 exempla

1392 2310 1578 2354 proferret,
1601 2314 1635 2345 in
1659 2324 1796 2356 quorum
1821 2324 1886 2346 uno
1908 2310 2039 2346 femoris
2062 2322 2180 2356 caput,
2194 2315 2321 2347 cervice
2334 2324 2399 2347 non

1392 2354 1491 2389 fradra
1506 2380 1517 2397 ,
1539 2356 1574 2388 in
1598 2358 1697 2390 altero
1721 2360 1785 2397 (a)
1808 2358 1938 2393 cervix,
1965 2368 1980 2389 a
2003 2359 2131 2400 capite,
2156 2357 2244 2398 quod
2270 2357 2399 2390 absum-

1392 2410 1486 2442 ptum
1511 2409 1599 2439 erat,
1626 2401 1784 2442 abrupta,
1810 2397 1874 2442 offis
1897 2399 1950 2432 ilii
1965 2399 2033 2442 sedi
2066 2407 2196 2434 exte—rnae
2225 2399 2320 2442 paulo
2337 2399 2397 2441 su-

1386 2452 1447 2484 pra
1471 2443 1672 2477 acetabulum
1695 2442 1874 2486 infiftebat‚
1897 2443 1939 2475 Θ
1965 2443 2003 2476 ιώ
2026 2445 2143 2477 attritu
2166 2455 2183 2475 a
2207 2442 2293 2486 longo
2318 2451 2401 2490 teru-

1388 2496 1462 2527 pore
1476 2484 1566 2528 fabio
1588 2488 1757 2520 cavitatem
1779 2487 1930 2529 quandam
1954 2491 1995 2521 ef]-
2013 2485 2115 2529 finum
2147 2486 2235 2521 velut
2262 2485 2396 2528 superfi-

1389 2528 1502 2562 cialem
1525 2527 1765 2573 efformaverat,
1788 2531 1864 2563 unde
1878 2551 1888 2567 ,
1908 2531 1982 2570 pede
2006 2531 2145 2564 breviore
2168 2529 2242 2563 licet
2267 2528 2397 2569 exzsten-

1387 2580 1442 2612 te,
1466 2580 1630 2615 utrumque
1647 2572 1844 2615 subjetffum,
1868 2573 2012 2614 quamvis
2035 2585 2094 2606 non
2119 2573 2279 2614 expedite,
2309 2572 2398 2614 gres-

1382 2615 1439 2658 sus
1456 2614 1605 2658 firmare,
1628 2619 1671 2650 &
1692 2616 1833 2659 progredi
1853 2624 2005 2656 utcunque
2024 2624 2149 2660 poterat
2164 2641 2173 2649 .
2211 2617 2284 2649 Nec
2320 2627 2397 2651 vero

1389 2660 1572 2702 exemplum
1594 2658 1633 2693 de
1655 2659 1780 2693 duobus
1803 2659 1852 2692 his
1876 2660 2016 2700 primum
2038 2682 2050 2698 ‚
2095 2669 2149 2693 aut
2196 2659 2397 2694 Observatio

1391 2714 1488 2744 quam
1513 2715 1551 2736 ex
1575 2703 1665 2737 Affls
1689 2702 1945 2736 Berolinenfibus
1970 2702 2034 2744 ipse
2080 2704 2113 2736 in
2157 2701 2395 2737 Differtatione

1391 2746 1434 2784 (b)
1460 2746 1676 2789 produxerat,
1701 2748 1732 2778 δε
1756 2747 1853 2788 fiquae
1875 2746 1944 2779 aliae
1968 2756 2025 2791 nrm
2041 2743 2219 2789 frequentes
2237 2771 2247 2787 ‚
2271 2757 2307 2779 ut
2318 2757 2392 2781 vere

1390 2793 1458 2829 ait,
1482 2789 1667 2823 istiusmodi
1692 2789 1945 2823 Observationes
1968 2800 2034 2830 ejus
2059 2790 2173 2822 similes
2184 2800 2282 2831 quam
2297 2790 2395 2831 paulo

1386 2842 1460 2867 ante
1484 2833 1620 2867 secundo
1643 2834 1716 2866 loco
1740 2844 1777 2866 ex
1803 2832 1958 2866 Barbetto
1970 2835 2222 2866 commemoravi
2238 2855 2247 2869 ,
2273 2834 2396 2867 senten.

1386 2878 1443 2910 tiae
1457 2876 1663 2911 adversantur
1674 2876 1735 2910 suae
1748 2899 1756 2914 ,
1780 2888 1849 2919 quae
1865 2888 1905 2909 ex
1917 2874 1986 2917 ipso
1999 2874 2239 2910 Differtationis
2252 2876 2392 2919 ejusdem

1388 2922 1489 2954 titulo
1511 2919 1587 2953 satis
1611 2930 1744 2962 apparet
1766 2923 1812 2953 De
1839 2919 2010 2952 taxatione
2035 2917 2239 2964 offisfemoris
2256 2920 2395 2961 rariore,

1380 2962 1592 3008 frequentiore
1615 2963 1687 2997 colli
1709 2962 1878 2997 Fratrum.
1906 2964 1994 2995 Cum
2020 2964 2110 3004 plura
2134 2965 2217 2997 enim
2230 2961 2327 3006 'hujus
2339 2975 2396 2998 ex-

1390 3018 1458 3041 tent
1478 3033 1487 3048 ‚
1510 3019 1606 3050 quam
1630 3007 1740 3046 illius,
1763 3006 1907 3048 exempla
1932 3008 1962 3038 in
1990 3007 2104 3040 adultis
2127 3008 2257 3049 quidem
2273 3031 2281 3046 ‚
2314 3010 2342 3038 ἃ·
2379 3020 2396 3041 a

1388 3051 1480 3085 cansa
1504 3060 1634 3085 externa
1650 3077 1659 3092 ,
1683 3060 1719 3083 ut
1743 3049 1928 3092 Ruyschius
1950 3052 1992 3096 (f)
2015 3061 2102 3088 raro,
2128 3051 2252 3084 Ravius
2275 3051 2322 3090 (d)
2345 3061 2398 3082 ra-

1387 3093 1498 3137 rtffime
1509 3095 1706 3129 luxationem
1720 3096 1859 3127 accidere
1872 3117 1883 3134 ,
1895 3094 2115 3131 coruirniarint
2130 3108 2138 3131 3
2151 3094 2293 3136 exempla
2305 3106 2396 3135 quae-

1386 3139 1460 3172 darn
1483 3140 1644 3172 contraria
1668 3149 1731 3171 non
1755 3136 1898 3171 officient
1943 3146 2044 3170 cautae
2068 3138 2282 3181 prudentique
2306 3137 2396 3171 Salz-

1386 3185 1494 3215 manni
1519 3182 1707 3218 sententiae,
1730 3179 1821 3220 imo,
1845 3179 1867 3213 si
1892 3179 1960 3214 haec
1985 3180 2070 3214 nulla
2094 3181 2192 3214 eflent
2208 3205 2216 3220 ,
2239 3181 2315 3214 stare
2330 3180 2397 3222 ejus

1384 3226 1539 3259 sententia
1563 3237 1628 3259 non
1651 3223 1778 3268 posset,
1799 3235 1869 3266 qua:
1893 3225 2040 3257 rariorem
2063 3223 2122 3257 ess‘e
2134 3225 2331 3258 luxationem
2348 3222 2397 3258 af-

1384 3269 1512 3303 firmat,
1537 3271 1629 3306 Quin
1643 3294 1653 3309 ,
1675 3279 1748 3301 cum
1773 3276 1936 3301 enumerat
1958 3269 2002 3307 (e)
2024 3267 2128 3301 causas
2143 3292 2152 3307 ‚
2177 3276 2307 3310 propter
2318 3278 2395 3308 quas

1386 3312 1455 3346 haec
1477 3315 1639 3347 interdum
1665 3312 1857 3352 contingat,
1880 3320 1915 3345 ut
1940 3312 2165 3354 pervulgat-arn
2199 3311 2396 3354 ligamento-

1385 3357 1636 3390 rumlaxitatem
1656 3358 1694 3388 ab
1718 3353 1912 3394 arthritide,
1935 3356 2218 3397 circumjeetorum
2233 3354 2395 3388 musculo·

1386 3400 1708 3441 rum,tendinumque
1721 3397 2061 3440 paralysim‚majorem
2073 3411 2164 3442 aequo
2175 3411 2190 3432 a
2206 3396 2392 3441 primordiis

1386 3444 1541 3478 acetabuli
1556 3442 1801 3486 amplitudinem
1818 3465 1826 3479 ,
1841 3452 1896 3475 aut
1908 3442 2023 3484 capitis
2037 3442 2169 3475 femoris
2180 3444 2369 3483 parvitatem
2384 3461 2394 3477 ‚

1387 3490 1466 3520 item
1490 3489 1522 3520 in
1548 3497 1692 3530 margine
1717 3485 1876 3520 acetabuli
1898 3485 2069 3520 fratturam
2083 3485 2247 3529 aliquam,
2274 3493 2326 3558 auft
2339 3482 2392 3514 de-

2318 3538 2348 3558 e-

355 3589 2384 3616 Μ

379 3660 436 3688 so)
452 3660 525 3686 Thes.
543 3662 621 3685 Anat.
637 3660 662 3685 8.
679 3665 703 3684 n.
722 3665 774 3689 103.
838 3657 848 3685 s
863 3663 880 3688 p
896 3657 911 3686 )
926 3656 997 3681 Thes.
1018 3664 1041 3685 9.
1058 3663 1084 3681 n.
1101 3664 1140 3685 74.

382 3690 449 3719 (s)
465 3693 494 3715 Α.
515 3694 581 3725 φῆς.
599 3691 638 3724 Μ.
658 3691 727 3714 Nov.

396 3720 613 3780 Ιό))ΑΕῨξ-1οξἶ;.ὼ
629 3721 801 3780 ἀΐεεξῃῖῐςὲῐεί.
817 3750 891 3774 Anat.
907 3749 930 3773 8.
949 3755 975 3773 n.
994 3755 1046 3777 103.
1067 3747 1090 3777 §.
1109 3755 1130 3773 2.

1204 3655 1217 3683 (
1234 3662 1249 3684 q
1266 3653 1280 3681 )
1298 3653 1361 3677 Ibid.
1381 3661 1404 3678 n.
1422 3661 1462 3682 44.

789 3686 800 3719 (
816 3695 827 3712 ι
840 3687 855 3716 )
872 3688 889 3712 l.
907 3687 936 3713 de
953 3687 1056 3711 articul.
1075 3695 1101 3711 n.
1118 3692 1157 3715 ⁶3-
1175 3684 1236 3714 apud
1254 3685 1382 3708 Marinell.

833 3719 876 3746 (z)
899 3718 951 3742 Vid.
969 3717 994 3741 in
1012 3719 1152 3743 comment.
1170 3718 1233 3744 lrnp.
1251 3715 1324 3738 Acad.
1343 3716 1467 3748 Pet'topol.
1483 3715 1556 3737 Tom.
1574 3720 1595 3741 3.
1612 3711 1670 3735 ΟΜ,
1684 3715 1761 3747 Anat.

1190 3750 1205 3778 ς
1224 3745 1240 3769 d
1255 3745 1268 3774 )
1287 3745 1343 3769 Vid.
1363 3745 1455 3770 Differ-r.
1473 3743 1595 3769 salzman.
1613 3742 1686 3767 niodo
1704 3749 1746 3768 eit.
1763 3750 1782 3767 c.
1798 3751 1822 3772 4.
1841 3741 1865 3772 §.
1883 3752 1907 3767 a.

1526 3653 1566 3681 (r
1581 3650 1595 3679 ¹)
1612 3653 1647 3674 De
1664 3651 1767 3675 Articul.
1787 3652 1887 3681 Analog.
1905 3652 1950 3675 δια.
1969 3659 1992 3676 c.
2011 3659 2031 3675 ².
2049 3651 2076 3680 §.
2096 3658 2113 3675 ι.
2134 3651 2157 3675 8c
2173 3658 2196 3679 4.
2213 3652 2234 3674 δι
2252 3655 2274 3680 03
2294 3655 2315 3675 3·
2338 3645 2391 3680 §12⁷

1445 3685 1459 3712 (
1474 3691 1490 3707 u
1508 3682 1522 3710 )
1540 3684 1574 3706 De
1591 3681 1651 3705 Hist.
1670 3683 1778 3706 Animal.
1797 3683 1818 3706 l.
1838 3689 1858 3705 1.
1876 3690 1896 3705 c.
1915 3688 1952 3710 ¹5.
2017 3683 2030 3711 (
2047 3690 2061 3705 x
2079 3681 2086 3711 )
2106 3682 2131 3704 in
2148 3680 2234 3708 Expos.
2253 3685 2304 3705 erus
2322 3677 2367 3700 ¹001
2386 3694 2392 3700 υ

1821 3711 1859 3740 (a)
1878 3712 1933 3736 Vid.
1943 3713 2019 3737 etiarn
2030 3711 2084 3737 Ast.
2098 3714 2128 3735 N.
2140 3713 2168 3734 C.
2177 3706 2391 3734 Tem-2-ObsAOL

1970 3748 2006 3773 se
2022 3751 2033 3772 )
2058 3742 2119 3767 ibid.
2138 3749 2156 3765 c.
2173 3748 2194 3770 3.
2214 3740 2234 3769 ἕ·
2252 3747 2274 3767 5·
