2498 4075
333 227 489 291 Epist.
526 226 692 282 Anat.
727 227 943 285 Medica
975 228 1166 285 XLVI.
1201 231 1595 298 Art.17.1.8;19.
1629 234 1684 288 &
1719 247 1804 287 2οε

1960 249 2052 296 215

60 300 259 358 scipfflze'no'jt
279 307 396 358 potest,
419 305 528 352 neceffe
549 307 608 348 esi,
632 310 770 352 inquit,
791 309 999 344 membranam
1014 309 1071 352 su-
1120 311 1287 349 osculum,
1313 311 1411 344 aliter
1432 311 1538 346 locata
1563 311 1697 344 muliere
1712 336 1722 352 ,
1747 322 1860 354 nempe
1883 312 1932 346 uti
1957 321 2030 348 cum
2053 316 2120 359 spe.

63 349 282 395 perexcrewffii
305 362 338 385 m
363 350 461 394 osculo
481 360 641 386 uterorum
665 376 673 385 .
706 353 782 395 Qa
812 352 851 386 de
885 353 1069 388 membrana

59 395 143 437 quid
168 394 235 438 ipse
257 395 396 430 viderim
410 417 424 435 ‚
445 394 512 428 haec
537 396 765 430 tibiostendet
789 396 1009 431 Observatio.

84 450 161 481 „17.
185 438 443 479 FOEMINA
477 450 577 472 annos
611 449 685 473 nata
721 440 760 474 ad
791 442 1029 483 quinquaginta
1052 462 1062 478 ,

60 482 175 516 clauda
200 482 278 515 adeo
304 506 314 522 ,
344 490 380 516 ut
404 489 490 514 artus
513 480 648 515 inferior
682 482 794 517 dexter
827 484 956 518 brevior
988 482 1062 517 esset

62 535 205 567 quatuor
228 525 362 567 digitis,
388 533 484 567 quam
509 525 653 564 sinister,
677 538 716 559 ex
752 525 909 561 asthmate
931 529 966 561 in
988 528 1064 560 ‘No-

61 570 209 603 socomio
232 569 400 604 decesserat
422 568 485 601 ‘sub
508 569 652 611 Ianuarii
676 568 774 604 finem
798 571 840 603 A.
869 580 965 613 1747.
998 581 1065 613 quo

59 621 207 655 tempore
230 636 243 653 ,
276 623 311 648 ut
335 612 450 645 solitus
472 611 540 645 sum
564 635 576 651 ,
607 613 640 645 in
664 613 846 656 Gymnafio
877 614 1064 648 Anatomen

57 657 241 691 docebam.
377 656 660 690 PECTORE
684 667 750 691 erat
773 659 986 700 perangusto:
1012 668 1065 691 eo-

61 712 124 742 que
147 708 261 742 aperto
285 721 295 736 ,
330 698 432 732 multa
456 699 545 732 intus
569 711 650 741 aqua
676 702 810 734 inventa
834 700 878 733 est
903 712 913 732 :
946 702 1061 735 caetera

58 754 127 787 non
152 741 435 786 perquisiverunt,
457 743 575 784 quippe
598 742 799 784 festinantes,
822 743 972 786 nullaque
999 744 1061 778 alia

58 787 98 820 de
122 799 154 820 re
178 786 324 823 soliciti,
346 785 404 818 nisi
430 793 465 818 uc
489 797 559 828 quae
584 787 681 827 lotii,
697 791 733 820 ·&
757 788 974 829 generationis
986 799 1061 821 cau-

60 830 90 864 sa
115 840 226 864 creatae
250 828 341 867 sunt,
368 829 477 861 Partes
502 839 646 864 accurate
669 831 857 871 demerent,
880 833 911 863 δι
935 833 971 865 in
985 832 1058 873 Gy-

57 872 217 908 mnafium
243 872 392 907 afferrent
418 898 425 905 .
452 872 614 914 Utrasque
645 872 817 915 diligenter
839 875 1029 917 perlustravi
1050 899 1058 908 .

59 919 101 951 In
123 917 219 954 illis,
234 915 404 959 postquam
428 916 467 948 ab
491 917 620 949 annexis
644 917 778 960 Magnis
803 920 924 951 truncis
947 917 1059 960 profe-

56 963 124 994 ἕως
146 961 279 993 arterias
309 984 320 1000 ,
351 958 508 1001 venasque
531 960 645 994 Iliacas
676 972 692 994 a
715 962 836 995 dextris
861 963 1023 995 tenuiores
1047 982 1057 998 ‚

59 1015 157 1046 quarn
180 1015 197 1036 a
221 1001 376 1040 finistris‚
400 1002 561 1046 speetavi,
584 1006 671 1038 r'enes
685 1004 898 1038 animadverti
922 1016 981 1047 pro
995 1003 1058 1037 fce-

57 1049 156 1080 ‘minae
178 1047 294 1081 statura
315 1058 386 1089 quae
411 1058 505 1089 parva
531 1047 635 1081 fuerat
658 1069 668 1084 2
702 1059 765 1080 non
789 1059 904 1091 parvos
928 1069 939 1085 ‚
971 1048 1060 1081 sanos

58 1101 188 1129 tamen,
214 1098 371 1133 quantum
395 1091 548 1124 aestiniare
571 1092 663 1133 potui
687 1104 697 1123 .·
729 1092 772 1124 sic
795 1093 894 1125 etiam
919 1092 952 1124 in
981 1090 1058 1124 vefi-

56 1143 113 1174 ca,
136 1134 227 1177 cujus
252 1145 322 1176 pars
345 1132 456 1167 infima
470 1134 615 1176 phlogosi
629 1135 799 1177 apparebat
824 1134 960 1175 affesta,
985 1147 1059 1169 ure-

55 1189 162 1211 terum
185 1176 292 1211 oscula
317 1177 484 1219 aliquanto
508 1178 686 1221 ampliora.
818 1179 919 1220 Qod
943 1179 980 1213 ad
1003 1190 1058 1222 ge-

56 1222 169 1255 nitalia
192 1224 332 1258 attinet3
357 1231 393 1253 ut
416 1220 470 1254 hic
495 1233 679 1265 praeteream
702 1234 773 1265 quae
786 1221 880 1263 hujus
900 1222 967 1256 loci
991 1235 1057 1258 non

55 1265 151 1306 sunt,
174 1266 209 1298 in
233 1263 411 1307 primisque
434 1265 607 1308 hymenem
631 1290 640 1306 ‚
675 1275 770 1308 atque
794 1264 854 1299 alia
878 1278 947 1308 quae
972 1267 1059 1300 inte-

55 1310 232 1351 gerrimam
256 1308 421 1350 virginem
452 1318 568 1352 praeter
607 1310 865 1348 expectationem
898 1310 1057 1352 fignifica-

55 1363 153 1391 runt3
178 1352 319 1394 primum
343 1363 380 1385 ex
402 1352 443 1384 iis
465 1364 536 1394 quae
560 1351 815 1387 sinedissectione
837 1352 988 1387 adnotare
1001 1362 1061 1395 po-

55 1398 128 1434 tui,
153 1395 262 1431 eadem
287 1394 449 1438 phlogosis
472 1395 537 1429 fuit
558 1398 592 1429 in
605 1395 740 1438 hymene
751 1398 944 1438 dumtaxat,
966 1397 1060 1440 eique

58 1441 208 1481 proxima
232 1440 385 1472 naturalis
408 1440 567 1473 exteriore
591 1438 695 1480 facie,
717 1443 748 1472 &
771 1452 809 1474 ex
832 1440 892 1476 hac
927 1443 1060 1483 parvula

53 1493 170 1527 praeter
194 1492 344 1517 naturam
368 1481 559 1525 assurgentia
585 1484 773 1525 tubercula,
797 1486 916 1527 pariter
938 1485 1034 1518 rubra
1049 1497 1059 1516 .-

55 1531 87 1560 &
109 1525 274 1570 phlogosis
297 1527 377 1560 item
399 1526 432 1559 in
455 1526 614 1569 Falloppii
637 1528 746 1561 Tubis
772 1553 782 1569 ,
814 1527 951 1570 Alisque
977 1527 1059 1561 Ves-

54 1572 266 1613 per-tilionum
281 1581 291 1601 .-
314 1570 404 1603 testes
427 1579 531 1603 autem
554 1569 725 1610 scirrhosi,
748 1574 779 1605 &
803 1571 968 1613 superficie
979 1576 1058 1613 qua-

53 1614 76 1648 si
99 1617 134 1648 in
156 1613 293 1649 tessellas
316 1612 419 1647 divisa
444 1638 452 1646 .
486 1614 583 1647 Tunc
608 1623 723 1656 aperto
745 1616 828 1648 uteri
853 1614 957 1648 fundo
983 1637 993 1652 ,
1030 1617 1060 1646 ἃ

53 1657 200 1700 suprema
222 1657 379 1699 proximae
411 1658 546 1703 cervicis
580 1668 671 1699 parte
695 1680 704 1694 ,
739 1658 936 1701 superficiem
970 1659 1059 1692 illius

51 1703 206 1736 coccineo
230 1700 357 1737 colore,
382 1699 477 1740 hujus
500 1711 538 1733 ne
561 1700 750 1734 rubescente
765 1701 897 1745 quidem
913 1703 1058 1736 animad-

52 1746 158 1779 verti.
186 1747 224 1778 In
248 1743 307 1777 illo
330 1742 394 1777 sive
418 1743 597 1786 posteriora
619 1769 628 1785 ,
664 1743 724 1778 sive
750 1748 911 1779 anteriora
936 1746 1059 1787 speeta-

50 1800 121 1830 res,
146 1787 365 1823 excrescentiae
387 1788 516 1821 inerant
537 1787 750 1826 humillimae,
778 1799 843 1822 non
867 1789 998 1823 modico
1010 1798 1058 1823 ta-

52 1845 126 1867 mer-1
150 1832 301 1869 ambitu,
326 1831 450 1873 planae,
473 1834 503 1863 &
528 1833 583 1864 vix
606 1833 689 1865 ultra
714 1832 916 1874 superficiem
939 1833 1060 1867 demis-

49 1876 111 1915 sae,
137 1888 208 1919 quae
231 1877 320 1908 intus
343 1884 496 1918 extraque
520 1876 630 1908 colore
653 1877 755 1918 magis
778 1874 867 1909 fusco
889 1888 988 1920 quam
1011 1888 1059 1910 re-

50 1920 141 1962 liqua
163 1917 367 1962 superficies,
392 1918 571 1952 rubebant.
599 1921 701 1958 Porro
725 1929 761 1952 ut
784 1919 873 1961 quod
895 1921 1058 1962 reliquum

49 1973 118 1997 erat
140 1963 273 1997 cervicis
297 1961 546 2004 introspicerem
569 1985 580 2000 ,
610 1973 686 1996 cum
722 1972 895 2004 antequam
916 1964 950 1997 id
974 1962 1057 1997 seca-

49 2017 120 2040 ret-n
143 2030 156 2047 ,
186 2005 356 2049 specillum
381 2014 476 2038 tenue
498 2018 514 2039 a
540 2005 643 2039 fundo
667 2007 752 2039 uteri
776 2007 925 2040 osculum
948 2007 1058 2041 versus

49 2050 282 2087 demitterem31
303 2048 470 2083 transitum
494 2048 532 2083 ad
555 2048 618 2082 hoc
628 2060 694 2083 non
719 2057 848 2092 patere,
874 2049 973 2084 sensi.
989 2051 1059 2085 Ita-

48 2106 112 2137 que
134 2094 233 2128 incisa
259 2094 398 2135 vagina,
420 2092 598 2135 osculoque
619 2094 768 2132 retecto,
791 2106 867 2128 cum
892 2094 1058 2136 specillum

48 2149 91 2172 ne
114 2138 205 2171 illinc
229 2138 363 2180 quidem
387 2135 732 2181 immissum-transiret
756 2151 765 2174 ς
789 2138 982 2180 diligentius
1005 2141 1057 2172 in-

49 2182 215 2224 specians,
240 2180 388 2214 osculum
414 2179 505 2216 vidi,
528 2189 620 2219 cujus
643 2182 831 2222 prominens
853 2192 974 2215 corona
1008 2181 1056 2215 se-

47 2227 196 2260 cuudum
220 2233 367 2257 naturam
391 2221 420 2256 se
443 2222 583 2257 habebat
606 2243 616 2259 ‚
650 2223 707 2256 nisi
732 2223 821 2266 quod
845 2236 947 2266 parvo
970 2225 1055 2259 infra

47 2270 195 2303 osculum
219 2268 325 2309 spatio
347 2267 615 2309 corrugationem
639 2268 728 2308 quasi
743 2269 885 2310 aliquam
907 2267 1055 2303 ostende-

45 2313 122 2347 bat.
146 2311 305 2346 Osculum
330 2309 436 2351 ipsum
460 2308 708 2352 perangustum,
732 2313 764 2344 δε
787 2311 900 2345 circuli
923 2315 1060 2347 omnino

47 2356 175 2390 forma.
200 2357 287 2388 Cum
309 2353 576 2399 introspicerem3
602 2355 721 2396 exiguo
745 2354 785 2388 ab
808 2354 878 2398 ipso
900 2356 1057 2390 interval-

43 2401 78 2434 lo
102 2400 205 2434 oculis
229 2397 260 2431 se
285 2397 409 2439 objecit
432 2397 654 2431 membranula
680 2397 787 2431 albida
811 2420 825 2438 ‚
855 2398 962 2440 ipsum
987 2399 1056 2433 for-

39 2443 115 2478 tasse
140 2442 326 2480 coarctans,
348 2448 436 2473 certe
458 2438 651 2474 occludens:
676 2451 775 2483 eaque
787 2441 850 2474 five
863 2441 1054 2478 descenden-

37 2490 67 2521 ti
93 2512 103 2526 ,
136 2488 204 2520 five
227 2482 409 2518 ascendenti
432 2482 568 2525 specillo
592 2483 741 2517 obstabat
765 2510 773 2517 .
806 2484 879 2519 Nec
913 2499 990 2521 vero
1014 2488 1054 2522 ad

38 2529 184 2565 valvulas
211 2537 279 2562 erat
302 2524 466 2561 referenda
490 2538 567 2570 quas
591 2527 668 2561 alias
691 2530 755 2568 (e)
776 2528 810 2561 in
836 2531 960 2564 cervice
985 2532 1054 2564 vir-

39 2575 127 2619 ginei
154 2572 240 2608 uteri
262 2571 442 2608 delineavi3
467 2582 570 2614 neque
592 2572 679 2605 enim
704 2572 835 2605 illarum
858 2571 989 2616 fingulae
1004 2575 1054 2608 ni-

41 2621 65 2653 si
90 2629 130 2651 ex.
151 2625 242 2660 parte
252 2616 413 2649 cervicem
425 2613 604 2648 occludunt
618 2637 629 2651 ,
651 2625 762 2648 omnes
787 2625 893 2649 autem
917 2619 963 2651 ita
978 2617 1053 2651 sunt

43 2661 156 2706 positae
183 2685 194 2701 ,
227 2668 264 2693 ut
287 2658 472 2692 ascendenti
496 2657 629 2701 quidem
653 2657 786 2701 specillo
808 2659 936 2701 obstent
959 2675 968 2699 3
1001 2661 1052 2696 sed

44 2702 250 2740 descendenti
271 2701 494 2745 obsequantur
511 2726 519 2735 .
543 2701 625 2735 Non
649 2711 758 2736 tamen
783 2704 910 2746 negabo
925 2727 935 2744 ‚
959 2705 1051 2739 istam

46 2759 146 2792 quarn
168 2745 268 2782 modo
290 2745 464 2789 descripsi,
487 2745 744 2779 membranulam
757 2749 914 2790 quopiam
937 2746 1052 2781 fortas-

47 2794 78 2827 se
99 2789 323 2826 foraminum,
346 2798 381 2822 ut
405 2790 546 2823 Littrius
570 2786 650 2832 (f)
673 2791 706 2823 in
732 2790 785 2824 sua
811 2791 896 2825 vidit
921 2814 930 2829 ,
955 2790 1048 2826 fuisse

48 2832 237 2880 pertusam,
260 2842 315 2867 aut
339 2832 379 2865 ab
389 2833 497 2876 aliqua
521 2833 633 2866 saltem
644 2833 691 2867 sui
713 2833 855 2868 ambitus
869 2844 959 2877 parte
970 2847 1048 2878 pau-

46 2878 202 2915 xillulum
222 2877 312 2908 'inter
335 2875 364 2910 se
378 2899 390 2916 ‚
414 2879 444 2909 &
466 2877 601 2910 cervicis
625 2878 758 2919 parietes
779 2878 947 2912 intervalli
970 2879 1047 2912 reli-

46 2922 149 2965 quisse
173 2934 182 2958 ;
216 2918 348 2962 quando
371 2919 454 2953 nihil
476 2922 562 2954 intra
584 2928 714 2954 uterum
747 2921 875 2956 colleffl
899 2921 1048 2956 humoris

43 2962 264 3010 deprehendi.-
288 2963 347 2997 nisi
361 2963 597 3003 existimemus,
621 2974 679 2997 nec
702 2965 868 3006 antiquam
881 2965 1052 3000 adeofuis-

46 3010 77 3045 se
100 3005 363 3043 membranulam
379 3027 391 3044 ‚
422 3009 457 3047 δι,
476 3006 646 3043 humorem
669 3008 809 3051 potuisse
833 3020 850 3042 a
871 3008 1053 3043 revehenti-

46 3056 108 3090 bus
134 3050 215 3087 vasis
237 3048 424 3084 absorberi.
479 3045 492 3063 ⁸

94 3097 143 3130 r&
167 3093 308 3128 Credere
332 3102 440 3127 autem
464 3094 573 3128 malim
595 3117 605 3133 ,
641 3105 709 3128 rem
733 3095 873 3138 aliquam
895 3095 1051 3139 ejusdem-

46 3141 161 3177 modi,
186 3147 239 3172 aut
262 3136 360 3180 paulo
383 3138 571 3172 interiorem
586 3138 781 3173 Nabothum
804 3140 857 3182 (g
879 3144 893 3180 )
916 3140 1049 3183 spec-“tas-

46 3185 101 3225 se,
124 3193 200 3217 cum
223 3180 502 3214 extraordinariam
523 3184 643 3216 uterini
667 3181 781 3225 orifi'cii
803 3183 921 3217 interni
950 3195 1048 3227 angu-

38 3228 155 3269 stiam,
178 3222 304 3265 scripsit
318 3247 327 3264 ‚
350 3224 385 3258 in
408 3224 591 3259 viventibus
613 3236 672 3259 non
693 3226 794 3268 magis
827 3226 1012 3268 innotescere
1033 3251 1046 3269 ,

44 3282 138 3314 qnam
165 3267 346 3311 solitariam
375 3266 538 3300 walorum
559 3266 834 3311 conformationem
865 3269 1012 3312 vitiosam
1036 3296 1046 3305 .

44 3315 164 3357 Neque
188 3311 277 3345 enim
299 3312 451 3353 ignorare
473 3320 598 3352 poterat
623 3312 686 3347 Vir
710 3313 836 3347 Defieus
862 3339 871 3353 ‚
906 3325 971 3346 non
1005 3315 1051 3348 se-

43 3357 107 3391 mel
130 3355 252 3390 tradita
275 3352 341 3387 haec
362 3351 456 3387 fuiffe
479 3355 518 3387 ab
534 3355 744 3401 'Hippocrate
766 3359 780 3396 (
802 3356 822 3390 h
837 3356 856 3398 )
872 3369 881 3387 .·
898 3356 969 3398 fios
980 3364 1047 3391 ute.

44 3410 151 3433 rorum
171 3394 494 3446 conclusum-fuerim
513 3396 557 3440 fit
572 3397 700 3443 spissum
721 3399 809 3434 velut
827 3399 945 3444 grossus
961 3413 978 3436 v:
1003 3402 1045 3434 &¹

40 3444 68 3486 si
89 3443 188 3485 digito
209 3448 396 3483 contiger253
420 3440 619 3482 deprehendes
641 3443 752 3476 aarum
775 3454 811 3476 ac
833 3443 1045 3483 convolutum,¹

40 3490 85 3524 &-
106 3486 240 3528 digitum
262 3494 320 3516 non
342 3483 508 3517 admittit:
534 3485 565 3516 &
587 3486 735 3526 quotidie
761 3487 880 3528 peritos
903 3487 1043 3521 Chirur-

43 3540 102 3571 gos
124 3530 233 3570 digito
255 3526 399 3560 immisso
423 3526 461 3561 ad
473 3527 558 3560 uteri
582 3528 679 3571 usque
691 3528 838 3563 osculum
862 3532 1047 3564 examinan-

42 3575 142 3611 dum,
164 3572 264 3607 stante
275 3569 452 3614 praesertim
463 3571 618 3610 muliere,
641 3575 830 3615 pervenire.
854 3574 946 3612 Quin
957 3574 1044 3609 idem

1097 357 1228 391 ·-cu'lum
1251 354 1340 398 quod
1363 364 1481 389 vocant
1503 355 1610 390 uteris
1633 355 1878 396 immittebant,
1903 358 2005 398 potest
2020 360 2121 392 velli-

1114 409 1157 432 ‘ne
1178 410 1216 433 eo
1239 397 1388 441 speculo,
1411 408 1447 432 ut
1472 409 1536 431 non
1561 397 1655 431 semel
1680 399 1769 435 vidi,
1791 401 1825 432 in
1848 399 2054 442 conspectum
2067 414 2121 435 ve-

1115 443 1204 481 nire,
1229 444 1369 475 maxime
1392 440 1413 473 fi
1437 443 1553 484 vagina
1575 442 1705 475 brevior
1731 440 1768 474 fit
1792 468 1803 484 ,
1836 443 1979 477 immisso
2003 445 2121 478 videli-

1114 494 1184 524 cet,
1208 485 1283 519 loco
1305 484 1447 527 speculi,
1472 487 1612 519 eburneo
1637 506 1646 521 ,
1679 494 1735 518 aut
1759 485 1946 527 crystallino
1966 498 2121 532 congrue

1115 529 1297 563 latitudinis
1319 530 1351 561 &
1374 529 1593 570 longitudinis
1615 527 1826 563 infundibulo
1849 553 1862 569 ,
1886 530 2045 573 simulque
2068 532 2121 565 lu-

1115 574 1202 605 mine
1225 584 1258 605 ea
1281 573 1400 608 etiam,
1423 572 1445 603 si
1469 583 1550 614 opus
1572 571 1611 606 sit
1635 595 1647 612 ,
1679 575 1807 606 ratione
1830 585 1901 616 quae
1935 586 1951 608 a
1978 586 2029 609 me
2054 576 2119 609 tibi

1104 616 1192 651 'alias
1216 616 1263 659 (i
1286 619 1297 654 )
1322 615 1463 649 indicata
1488 615 1550 648 est.
1992 638 1995 643 -
2031 652 2033 654 ,

1153 667 1210 701 ‘19.
1237 659 1431 701 Obliquitas
1452 669 1583 701 quoque
1614 658 1716 692 osculi
1747 660 1833 694 uteri
1865 659 1989 694 obstare
2015 661 2120 704 potest

1109 703 1252 743 semini,
1275 702 1360 736 hunc
1386 701 1555 734 subituro..
1581 702 1774 744 Obliquitas
1799 712 1903 736 autem
1928 704 1983 736 illa
2014 706 2119 742 osculi

1112 746 1321 789 consequitur
1345 745 1434 779 uteri·
1452 744 1706 787 obliquitatem,
1729 756 1763 778 ut
1789 746 2005 787 Hippocrates
2029 751 2041 786 (
2065 748 2119 789 k)

1112 791 1249 829 docuit,
1275 789 1440 827 scribens,
1457 787 1485 830 fi
1507 789 1592 822 uteri
1617 787 1844 831 obliquifiant,
1870 790 1966 823 etiam
1991 802 2023 823 os
2035 791 2120 833 ipso-

1109 844 1178 867 rum
1201 831 1358 875 obliquum
1375 831 1449 874 fieri
1472 855 1479 862 .
1516 832 1574 865 Sed
1599 843 1659 873 ego
1682 843 1757 865 cum
1792 832 1832 865 de
1854 833 1993 875 obliquo
2025 844 2120 868 utero

1105 877 1183 909 aliis
1204 877 1341 910 Litteris
1366 880 1375 915 (
1400 874 1446 916 l)
1471 875 1598 908 aduras
1622 874 1700 912 sirn3
1724 887 1762 908 eo
1784 874 1851 918 jam
1882 877 2012 910 transeo
2033 899 2045 916 ,
2080 887 2120 913 ut

1113 919 1299 963 promissam
1323 920 1431 960 exigui
1456 920 1541 951 uteri
1566 918 1839 952 Observationetn
1865 918 2054 961 subjiciam'.

1157 975 1206 997 20.
1233 963 1270 995 M
1284 964 1319 996 U
1333 964 1359 994 L
1373 964 1387 994 Ι
1401 963 1429 994 E
1441 962 1472 994 R
1485 963 1515 994 C
1531 962 1564 994 U
1578 962 1604 994 L
1619 965 1648 995 A
1673 974 1830 996 annorum
1855 964 1984 996 circiter
2008 963 2061 996 sex
2084 965 2117 996 δέ

1111 1005 1274 1049 sexaginta
1289 1028 1298 1043 ,
1324 1008 1446 1046 statura
1470 1004 1603 1047 quidem
1627 1004 1710 1038 infra
1734 1007 1928 1039 mediocrem
1954 1032 1962 1045 ,
1999 1007 2118 1049 majori

1109 1060 1217 1084 tamen
1242 1050 1348 1081 multo
1371 1059 1469 1091 quam
1507 1057 1543 1081 ut
1569 1048 1607 1082 ad
1634 1050 1859 1091 ,pumilionum
1892 1061 1996 1092 genus
2019 1050 2119 1084 refer-

1110 1105 1157 1127 res
1180 1117 1192 1135 ,
1225 1104 1296 1135 quae
1317 1104 1392 1125 cum
1417 1091 1497 1124 olim
1521 1102 1618 1124 annos
1642 1093 1798 1134 plurimos
1829 1093 1928 1135 bajuli
1953 1095 2009 1136 qui
2033 1104 2119 1129 nunc

1110 1137 1195 1170 diem
1210 1137 1344 1168 obierat
1368 1158 1377 1173 ,
1412 1133 1554 1168 hominis
1579 1135 1701 1169 robusti
1727 1157 1736 1173 ,
1755 1135 1812 1168 »sed
1835 1136 1928 1169 bardi
1952 1158 1962 1173 ,
1977 1165 1979 1169 .
1994 1137 2117 1178 conjux

1109 1180 1217 1215 fuisset
1232 1205 1241 1219 ‚
1267 1189 1433 1221 nunquam
1456 1188 1644 1221 pepererat,
1669 1179 1833 1212 noviffime
1849 1180 1945 1221 paulo
1967 1191 2039 1213 ante
2054 1192 2120 1214 me-

1107 1225 1198 1258 dium
1223 1224 1437 1256 Decembrem
1462 1223 1504 1254 A.
1536 1232 1629 1263 1749.
1653 1223 1688 1255 in
1704 1222 1943 1256 Nost-›comiurn
1967 1226 2117 1258 venitin-

1106 1263 1297 1301 firmiffimis
1321 1267 1469 1305 viribus,
1495 1266 1582 1298 nulla
1607 1265 1669 1298 alia
1693 1265 1731 1299 de
1756 1277 1790 1299 re
1814 1265 1919 1308 questa
1945 1289 1954 1304 ‚
1992 1267 2051 1302 nisi
2076 1267 2116 1300 de

1110 1310 1212 1347 fame·‚
1238 1319 1305 1344 erat
1327 1311 1412 1343 enim
1438 1308 1584 1342 mendica
1607 1319 1618 1346 3
1651 1313 1682 1342 &
1705 1309 1743 1342 de
1767 1307 1896 1351 frigidae
1919 1313 2119 1353 tempestatis

1108 1354 1259 1398 injuriis.
1284 1354 1374 1388 Cum
1399 1354 1446 1385 ibi
1470 1354 1598 1394 igitur,
1621 1361 1657 1385 ut
1681 1352 1944 1393 refocillaretur,
1967 1355 2116 1395 cubaret,

1111 1410 1182 1432 ecce
1205 1400 1374 1439 repentino
1388 1397 1491 1429 animi
1512 1396 1659 1437 deliquio
1682 1397 1879 1438 corripitur,
1902 1400 1933 1430 δε
1956 1397 2123 1432 intrabo-

1111 1453 1180 1475 ram
1204 1440 1400 1475 conficitur.
1536 1438 1782 1474 VENTREM
1806 1441 1982 1481 aperientes
2009 1463 2018 1479 ,
2054 1443 2121 1474 im-

1109 1485 1247 1528 provisae
1271 1484 1391 1517 mortis
1416 1482 1545 1516 causam
1567 1482 1673 1515 statim
1685 1483 1975 1524 deprehenderunt,
1985 1494 2120 1527 ruptum

1107 1529 1264 1562 videlicet
1288 1529 1322 1560 in
1347 1526 1540 1559 mesenterio
1563 1525 1736 1558 abscessum
1759 1548 1768 1564 ‚
1797 1538 1836 1559 ex
1860 1539 1961 1570 eoque
1985 1531 2018 1561 in
2042 1538 2122 1562 ven-2

1107 1574 1168 1606 rtris
1191 1583 1307 1605 cavum
1332 1569 1658 1604 effusarn=materiam
1683 1571 1923 1610 graveolentem
1947 1583 1956 1604 .-
1978 1582 2050 1613 quae
2074 1583 2125 1605 res

1111 1626 1205 1649 tanto
1228 1616 1328 1649 citius
1354 1613 1430 1647 huic
1456 1614 1552 1651 anui,
1576 1623 1675 1654 quatri
1712 1611 1863 1647 rhedario
1887 1638 1896 1653 ,
1930 1613 1970 1646 ab
1994 1614 2120 1648 Illustri

1110 1659 1260 1693 Heistero
1285 1660 1350 1700 (m
1371 1657 1386 1698 )
1409 1656 1576 1697 descripto
1600 1677 1612 1695 ,
1649 1656 1786 1689 exitium
1811 1657 1923 1690 attulit
1949 1681 1958 1697 ,
1991 1668 2119 1700 quanto

1111 1703 1179 1737 haec
1202 1700 1441 1736 infirmioribus
1465 1707 1532 1734 erat
1554 1698 1702 1739 viribus,
1726 1701 1759 1732 δε
1782 1702 1931 1742 graviore
1954 1725 1962 1740 ,
1987 1710 2023 1735 ut
2046 1703 2123 1744 opi-

1109 1757 1195 1785 nor,
1219 1755 1315 1779 aetate
1330 1769 1337 1776 .
1364 1745 1411 1777 Ea
1435 1753 1541 1779 autem
1566 1742 1717 1776 exhausta
1740 1768 1750 1784 ,
1790 1742 1991 1787 abstersaque
2015 1755 2119 1779 mate-

1109 1792 1157 1825 ria
1183 1816 1192 1830 ,
1225 1791 1257 1822 &
1281 1787 1568 1822 mesenteriocum
1591 1787 1748 1820 intestinis
1782 1797 1896 1821 amoto
1918 1811 1926 1827 ‚
1959 1790 2123 1823 continuo

1110 1833 1291 1872 urinarias,
1314 1834 1347 1864 δε
1368 1830 1524 1874 genitales
1548 1828 1661 1863 Partes
1681 1829 1922 1872 diligentissime
1946 1844 1962 1865 e
1986 1832 2048 1865 suis
2072 1833 2119 1866 se-

1110 1877 1205 1911 dibus
1225 1875 1416 1915 detrahere,
1442 1884 1477 1907 ut
1501 1885 1561 1916 ego
1586 1873 1811 1908 mandaveram
1835 1898 1844 1914 ,
1870 1879 2080 1916 perrexerunt
2104 1898 2116 1915 ,

1109 1920 1259 1963 utrasque
1283 1920 1351 1957 ibi,
1376 1916 1470 1951 sicuti
1494 1929 1533 1951 ex
1557 1920 1630 1951 viro
1655 1917 1757 1959 pridie
1769 1918 1986 1955 ostenderam.
2012 1920 2057 1952 ita
2080 1931 2121 1953 ex

1109 1966 1243 1998 muliere
1267 1962 1421 1997 Studiosis
1445 1962 1510 1995 Rei
1535 1962 1740 1995 Anatomicae
1765 1963 1914 2005 protinus
1947 1961 2119 1997 ostenden—

1109 2007 1184 2042 das.
1208 2006 1450 2046 Quotiesfeci,
1473 2016 1538 2039 non
1564 2016 1598 2039 ut
1621 2006 1823 2043 naturalem,
1845 2007 2121 2048 quemadmodum

1110 2052 1208 2090 alias,
1234 2051 1285 2085 sed
1307 2061 1341 2085 ut
1366 2049 1683 2094 praeteriiaturalem,
1706 2049 1837 2091 quando
1859 2049 1902 2085 fic
1923 2052 2125 2093 contigerat,

1108 2098 1140 2128 &
1164 2097 1197 2128 in
1222 2104 1312 2137 parte
1335 2105 1498 2138 pei-raram
1521 2105 1630 2128 earum
1653 2093 1926 2129 constitutionem
1952 2095 2121 2129 viderent.

1108 2140 1154 2174 Et
1179 2140 1212 2171 in
1238 2139 1367 2172 renibus
1390 2138 1523 2180 quidem
1547 2137 1580 2172 id
1606 2139 1683 2171 vitii
1708 2147 1799 2176 erat,
1823 2148 1858 2173 ut
1884 2139 1997 2173 vesicas
2021 2140 2091 2174 illas
2108 2163 2121 2179 ,

1107 2182 1166 2216 seri
1192 2182 1318 2224 plenas,
1343 2183 1377 2214 in
1403 2181 1571 2224 superficie
1594 2183 1713 2224 partim
1738 2182 1917 2224 exstantes,
1942 2183 2119 2224 partimfse-

1107 2225 1292 2266 misepultas
1315 2224 1535 2263 ostenderent,
1559 2225 1671 2258 dexter
1696 2225 1873 2267 praesertim
1896 2229 1953 2269 qui
1966 2238 2117 2270 magnam

1106 2269 1246 2304 habebat
1270 2269 1308 2303 ad
1332 2278 1514 2303 extremum
1527 2267 1679 2308 inferius,
1704 2272 1734 2302 δε
1759 2268 1874 2303 faciem
1898 2279 2049 2313 praeterea
2064 2274 2119 2308 hic:

1113 2313 1203 2350 illic,
1225 2311 1247 2345 si
1273 2322 1396 2346 attente
1420 2311 1594 2355 aspiceres,
1620 2312 1813 2355 inaequalem
1837 2338 1844 2346 .
1887 2315 2038 2350 Ureret-es
2063 2327 2115 2351 ta„

1111 2368 1184 2391 men
1208 2366 1272 2390 non
1286 2355 1437 2394 dilatati,
1461 2358 1530 2389 imo
1541 2356 1683 2397 parvulis
1706 2356 1821 2390 osculis
1844 2358 1878 2391 in
1903 2358 2002 2392 vesica
2026 2359 2120 2395 hian=

1108 2409 1176 2439 tes,
1202 2401 1274 2434 sana
1296 2399 1450 2443 quidem,
1473 2399 1533 2433 nisi
1557 2399 1649 2442 quod
1672 2411 1746 2434 curn
1762 2402 1879 2436 tunicae
1904 2401 1970 2444 eJ'us
1992 2413 2118 2439 caeterae

1098 2443 1205 2477 essent
1229 2445 1263 2476 in
1289 2444 1317 2477 se
1341 2443 1536 2482 contrastae,
1564 2445 1684 2477 extima
1709 2453 1815 2478 tamen
1839 2455 1906 2479 erat
1930 2457 1995 2479 non
2019 2449 2120 2482 modo

1105 2487 1284 2524 laxiffima,
1310 2487 1362 2520 sed
1386 2485 1408 2519 si
1433 2487 1483 2519 vel
1506 2487 1622 2520 leviter
1645 2487 1809 2526 traheres,
1833 2488 1927 2523 facile
1953 2490 2083 2533 sequens
2106 2515 2118 2530 ,

1104 2533 1135 2564 δέ
1159 2543 1175 2564 a
1198 2531 1321 2563 caeteris
1346 2530 1407 2563 late
1430 2529 1577 2564 secedens
1603 2555 1611 2564 .
1635 2530 1790 2565 Urethrae
1814 2532 1954 2577 denique
1978 2556 1987 2572 ‚
2021 2535 2118 2577 cujus-

1105 2584 1173 2607 erat
1197 2573 1275 2618 justa
1300 2573 1477 2615 longitudo
1502 2598 1510 2614 ‚
1544 2574 1566 2607 si
1591 2576 1742 2608 intimam
1770 2573 1885 2610 faciem
1910 2578 2078 2620 inspiceres
2104 2594 2114 2617 5

1106 2618 1255 2651 minimas
1279 2616 1334 2650 hic
1358 2617 1425 2650 illic
1450 2618 1542 2659 quasi
1567 2617 1720 2652 vesiculas
1743 2617 1924 2653 sub'videres
1940 2646 1947 2653 .
2072 2623 2113 2658 In

1104 2661 1300 2703 genitalibus
1324 2669 1431 2694 autem
1455 2661 1550 2702 plura·
1570 2673 1586 2693 a
1609 2662 1761 2695 consueta
1786 2673 1908 2697 naturae
1933 2677 2044 2699 norma
2068 2679 2117 2700 re-

1103 2704 1282 2738 cedebant.
1311 2705 1361 2738 Ut
1386 2706 1473 2738 enim
1495 2706 1650 2738 omittam
1675 2708 1708 2738 in
1733 2706 1801 2747 ejus
1824 2710 1932 2741 aetatis
1958 2708 2115 2748 foemina,

1102 2747 1247 2791 &bajuli
1272 2759 1390 2786 uxore,
1416 2749 1570 2782 naturalis
1583 2750 1798 2790 parvitatem,
1824 2751 2043 2792 nympharum
2057 2765 2116 2787 au-

1102 2800 1168 2825 tem
1193 2801 1317 2825 tantam
1340 2792 1544 2829 exilitatem,
1573 2793 1627 2824 vix
1652 2802 1687 2826 ut
1710 2804 1820 2827 earum
1854 2796 1991 2827 initium
2015 2819 2024 2833 ,
2061 2797 2113 2830 id„

1102 2846 1165 2877 que
1188 2836 1403 2875 leviffimum,
1428 2834 1709 2876 breviffimurnque
1735 2848 1921 2879 apparerem
1947 2838 2111 2874 clitoridis

1101 2878 1191 2921 glans
1206 2906 1215 2920 ‚
1238 2882 1267 2913 ὅ(
1292 2878 1489 2920 praeputium
1501 2878 1657 2920 nusquam
1669 2883 1903 2919 occurrebant3
1928 2882 1978 2915 sed
1993 2884 2114 2918 utrius.

1102 2934 1166 2964 que
1188 2924 1263 2956 loco
1286 2923 1485 2963 rotundum,
1508 2933 1566 2955 nec
1589 2932 1702 2964 parum
1727 2924 1850 2957 exstans
1872 2925 2078 2961 tuberculum
2099 2952 2114 2969 ,

1104 2967 1211 3000 eadem
1235 2978 1298 3010 qua
1321 2965 1486 3003 naturale,
1509 2975 1582 2999 cute
1605 2965 1805 3000 obductum.
1831 2968 1939 3007 Quam
1963 2982 2038 3004 cum
2061 2973 2113 3004 in-

1105 3009 1274 3049 ci·dissern;
1296 3010 1466 3042 materiam
1491 3009 1628 3042 multam
1651 3007 1775 3043 offendi
1799 3010 1866 3053 ejus
1890 3013 2018 3055 prorsus
2052 3026 2109 3048 na-

1103 3062 1186 3088 turae
1210 3065 1245 3088 ac
1268 3064 1339 3095 quae
1363 3051 1421 3085 sub
1443 3052 1631 3092 clitoridis,
1655 3053 1782 3094 penisve
1806 3058 1965 3097 praeput-io
1988 3069 2111 3101 conge-

1101 3099 1207 3137 titur,
1231 3096 1389 3137 albidam,
1415 3094 1645 3129 semisiccatam
1671 3118 1679 3133 ‚
1713 3099 1744 3129 &
1767 3108 1937 3140 propterea
1961 3102 2046 3142 quali
2072 3104 2108 3136 in

1101 3142 1268 3184 pelliculas
1292 3162 1301 3177 ,
1336 3149 1371 3172 ut
1396 3149 1467 3173 tum
1495 3139 1576 3172 solet
1601 3164 1610 3179 ,
1633 3151 1771 3182 quarum
1796 3141 1864 3174 aliae
1889 3143 1959 3175 aliis
1983 3145 2109 3178 incum-

1101 3186 1203 3223 bunt,
1227 3182 1436 3226 dispositam:
1464 3183 1520 3216 sub
1543 3182 1609 3223 ejus
1644 3192 1750 3217 autem
1788 3187 1927 3219 materiae
1951 3188 2015 3220 ima
2039 3187 2107 3222 fere

1099 3238 1189 3271 parte
1212 3227 1373 3262 clitoridis
1396 3227 1569 3269 glandem,
1591 3226 1721 3268 ejusque
1738 3231 1954 3270 praeputium‚
1978 3240 2106 3265 utrum-

1096 3283 1159 3314 que
1183 3282 1298 3307 tenue‚
1322 3271 1354 3302 δέ
1378 3281 1537 3313 parvum,-
1562 3272 1732 3303 uttuberis
1757 3272 1846 3304 illius
1859 3272 2105 3313 protuberantia

1103 3316 1210 3351 multo
1235 3315 1373 3348 maxima
1409 3324 1447 3346 ex
1479 3323 1568 3355 parte
1591 3315 1631 3346 ab
1665 3325 1698 3346 ea
1722 3316 1855 3348 materia
1890 3315 2068 3352 efficeretur
2089 3344 2103 3354 a

1100 3358 1186 3397 Qae
1208 3370 1224 3391 a
1249 3370 1298 3391 me
1323 3357 1448 3390 idcirco
1472 3358 1619 3399 pluribus
1644 3356 1696 3389 hic
1721 3359 1827 3390 verbis
1849 3358 2009 3402 descripta
2034 3362 2100 3401 est,

1096 3402 1185 3444 quod
1209 3414 1246 3435 ex
1270 3401 1328 3437 hac
1352 3401 1591 3434 Observatione
1616 3401 1937 3444 dubitatioquaedam
1956 3405 2104 3445 tollitur,

1080 3456 1191 3487 ¹quam
1215 3447 1402 3487 Santorinus
1425 3446 1438 3482 <
1461 3444 1515 3486 n)
1541 3443 1786 3480 infirmaverat,
1814 3444 1929 3479 summi
1955 3446 2103 3490 alioquin

1096 3488 1170 3520 Viri
1197 3487 1383 3522 Boerhaavii
1411 3490 1420 3525 (
1446 3488 1496 3529 o)
1521 3511 1528 3519 .
1564 3488 1660 3520 Certe
1684 3487 1772 3520 enirn
1796 3489 1989 3523 cumincisa
2014 3502 2030 3523 a
2051 3502 2103 3526 me

1094 3533 1180 3564 cutis
1202 3542 1301 3574 neque
1326 3529 1496 3563 foraminis
1519 3552 1528 3566 ,
1565 3541 1667 3573 neque
1690 3532 1851 3565 cicatricis
1885 3534 1986 3566 ullum
2010 3545 2100 3575 pror.

1095 3574 1144 3609 sus
1164 3575 1294 3610 haberet
1319 3574 1490 3616 vestigium
1513 3584 1525 3612 5
1565 3584 1733 3617 nunquam
1757 3575 1834 3608 illuc
1870 3577 1898 3609 se
1931 3576 2103 3618 conjicere

1922 3630 2056 3655 materia

65 3702 2077 3725 ffiffl——ss—-m———W

96 3760 107 3790 s
121 3770 132 3786 e
146 3761 162 3790 )
176 3761 270 3787 Advers'.
287 3762 360 3785 Anat.
379 3767 405 3795 1.,
413 3761 470 3786 Tab
496 3769 517 3791 3.
578 3760 620 3791 (f
635 3762 644 3792 )
659 3760 728 3791 supra
743 3763 774 3789 ad
788 3765 866 3787 n.=16.
884 3763 927 3788 cit.
941 3763 994 3787 loco
1007 3780 1014 3787 .

99 3793 114 3821 (
130 3793 144 3815 h
160 3792 173 3820 )
189 3794 225 3826 De
240 3792 324 3817 Morb.
341 3791 457 3817 Muliebr.
474 3792 490 3816 Ι.
507 3799 531 3817 2.
548 3800 574 3819 n.
595 3801 634 3823 50.
652 3792 675 3816 δε
692 3795 727 3817 De
743 3795 804 3819 Nat.
822 3794 940 3818 Muliebr.
956 3802 978 3826 n..
998 3801 1036 3823 33·

99 3823 113 3849 (
127 3821 137 3844 l
155 3823 163 3851 )
180 3822 252 3856 Epist.
270 3829 308 3851 4²·
323 3830 351 3846 n.
369 3830 405 3851 31-
424 3824 447 3846 δι’
462 3822 525 3853 seqq.
588 3825 596 3854 (
613 3830 638 3849 m
652 3823 667 3854 2
684 3822 823 3851 Diffeitsde
836 3824 930 3850 Hernia
946 3825 1020 3851 carn.
1038 3823 1060 3856 §-
1077 3825 1117 3852 28.

98 3853 114 3881 (
128 3860 141 3876 ο
158 3851 171 3881 2
188 3852 260 3883 Epist.
276 3854 306 3879 de
323 3852 395 3879 Fabr.
412 3852 502 3880 Gland.

1075 3764 1085 3792 (
1101 3771 1120 3793 g
1135 3763 1150 3793 )
1165 3772 1189 3788 n.
1207 3772 1244 3788 ιο.
1262 3762 1327 3793 Disp.
1344 3762 1412 3792 supra
1428 3763 1457 3787 ad
1474 3770 1498 3787 n.
1517 3770 1553 3788 η.
1571 3763 1613 3787 cit.
1663 3785 1666 3789 <

1098 3796 1113 3823 (
1129 3796 1138 3819 i
1154 3795 1168 3824 2
1183 3795 1257 3824 Epist.
1276 3802 1312 3822 ¹4·
1332 3801 1356 3818 n.
1374 3800 1411 3823 13.
1474 3795 1489 3824 (
1504 3793 1520 3818 k
1536 3795 1550 3827 ).
1565 3794 1629 3819 libro
1643 3792 1767 3822 novissime
1784 3794 1829 3822 cit.
1844 3802 1869 3821 ni
1886 3802 1929 3827 34‹

1184 3825 1221 3858 (n
1237 3826 1251 3855 2
1269 3823 1328 3852 obs.
1347 3826 1424 3856 Anat,
1441 3831 1462 3850 c.
1480 3832 1516 3851 to.
1535 3826 1556 3855 §-
1575 3832 1614 3855 ia,
