2498 4075
437 111 507 163 90

374 177 658 222 explicariqueant
668 197 682 216 ‚
693 172 778 208 secus
792 182 827 220 ac
839 171 996 207 Paisenius
1008 174 1056 212 (x)
1068 195 1078 210 ,
1095 178 1192 221 atque
1203 171 1373 206 Peclilinus

373 225 390 261 (
395 222 444 265 y)
465 223 500 255 in
522 232 561 254 eo
583 218 673 262 cujus
694 226 790 260 caput
808 227 878 259 jam
900 216 969 250 inde
992 226 1011 248 a
1031 222 1204 260 nativitate
1214 226 1251 249 ex
1262 215 1374 258 hydro÷

376 264 503 307 cephalo
526 269 705 298 tumuerat,
728 260 876 294 videntur
899 257 1104 307 existimasse.
1127 257 1374 308 Etsiparieturn

374 308 573 342 Lateranum
596 304 847 337 ventriculorum
868 300 1035 335 craffitudo
1057 311 1089 333 Vl
1112 312 1199 342 aquae
1222 301 1324 335 fuerat
1341 313 1376 334 in

374 349 571 394 quinquenni
590 348 652 381 illo
675 347 793 390 Tulpii
816 348 911 389 (z),
933 356 996 377 non
1020 342 1158 378 modoin
1170 346 1287 378 trienni
1297 346 1376 379 Hil-

374 394 451 428 dani
475 396 516 432 (a
531 395 566 433 )‚
588 400 644 425 aut
666 391 776 424 bienni
800 388 921 422 Vesalii
943 388 1009 431 (b)
1024 412 1036 428 ‚
1059 387 1188 429 superne
1202 412 1211 427 ‚
1237 388 1377 422 &adla-

374 447 440 471 tera
466 436 563 479 usque
586 435 664 469 adeo
685 441 851 467 extenuata
863 455 875 472 ‚
900 440 935 465 ut
958 432 1060 473 prima
1081 430 1278 472 inspectione
1291 433 1377 465 nulla

374 479 432 514 csse
454 479 613 513 videi-etur
627 504 635 518 ,
656 489 731 511 cum
755 475 849 516 instar
869 473 1004 511 alicujus
1026 473 1177 517 crassioris
1199 474 1379 509 membrana

374 522 588 564 adhaeresceret
611 514 742 562 undique
764 525 896 552 arcuatae
908 516 1118 561 dissolutorum
1135 516 1238 566 offium
1248 520 1380 552 circum-

368 564 536 610 ferentiae3
560 564 646 598 nihil
671 563 761 597 dubii
787 560 849 599 est,
895 561 951 594 uin
974 569 1067 594 tanto
1089 569 1249 594 tenuiores
1264 583 1272 597 ,
1294 563 1377 594 mol-

376 609 532 651 lioresque
556 609 589 640 in
614 607 699 641 foetu
722 605 858 648 parietes
894 615 921 636 ic
945 603 1036 647 poffit
1048 615 1125 646 aqua
1135 602 1308 637 distendere
1317 614 1377 643 ,ut

377 652 515 694 denique
527 661 580 685 aut
596 648 724 693 prorsus
735 671 745 687 ‚
770 657 823 681 aut
835 646 1068 689 propemodum
1078 647 1194 686 deleat,
1205 646 1376 694 saepiusque

373 706 430 739 per
462 705 515 727 eos
535 717 548 734 ,
580 696 612 726 δε
646 694 679 725 in
713 702 812 725 unum
842 701 917 723 cum
953 688 1028 732 ipsis
1060 698 1129 724 tum
1153 691 1324 735 conjun&a
1345 695 1375 725 δε

374 738 495 772 cerebri
509 739 522 777 ‚⁴
542 739 573 770 δε
596 735 695 769 cranii
719 733 844 768 extensa
867 733 998 777 laxaque
1020 733 1240 775 integumenta
1263 735 1314 767 via
1337 733 1378 767 fi-

375 782 409 815 bi
432 792 494 823 qua
519 781 624 813 minus
647 777 809 815 refilium,
837 786 944 818 aperta
967 784 1021 809 aut
1040 777 1073 808 in
1096 786 1190 812 utero
1204 801 1213 816 ,
1237 786 1289 810 aut
1300 778 1377 811 dum

374 835 430 867 per
455 822 549 863 hujus
574 821 729 864 angustias
751 821 785 852 in
810 828 903 862 partu
937 819 1107 862 expellitur
1140 818 1240 853 foetus
1261 843 1273 860 ‚
1303 833 1376 855 cum

372 865 556 905 dissoluto,
580 874 634 898 aut
659 862 846 896 semisoluto
869 864 996 896 cerebro
1018 873 1181 905 erumpat.
1207 863 1308 903 Quod
1319 877 1375 898 au-

373 918 440 943 tem
464 907 606 942 diximus
629 906 666 940 de
690 905 932 949 superioribus,
955 909 987 939 &
1010 906 1376 941 lateralibusdexterisi·

372 952 522 995 nistrique
545 950 716 985 ventriculi
740 949 935 991 parietibus,
959 948 1044 982 idem
1068 949 1276 984 inferioribus
1294 963 1379 994 quo-

371 1008 434 1039 que
450 1019 462 1036 ,
482 996 608 1038 totique
632 993 709 1027 adeo
732 992 879 1026 medullae
903 993 1122 1035 Oblongatae‚
1146 997 1178 1027 &
1200 995 1379 1037 cerebello,

375 1043 408 1073 &c
432 1039 581 1073 medullae
607 1037 729 1080 Spinali
765 1034 904 1069 accidere
937 1038 1080 1080 poterit3
1105 1048 1287 1081 quanquam
1319 1039 1379 1071 ali..

351 1084 498 1126 ‘quanto
519 1080 684 1116 difficilius
702 1105 708 1113 .
734 1081 779 1113 Et
803 1080 872 1112 sane
894 1080 946 1113 Cl.
962 1080 1154 1114 Pitschelius
1177 1084 1239 1121 (c)
1263 1084 1379 1116 cumin

370 1125 613 1168 hydrocephalo
635 1125 691 1166 qui
713 1121 849 1157 duodevi
876 1123 936 1155 inti
959 1123 1076 1157 menses
1102 1125 1224 1157 vixerat
1241 1146 1250 1161 ‚
1281 1137 1379 1168 quan-

371 1178 443 1203 tum
466 1169 583 1202 cerebri
608 1167 851 1210 colliquatume
877 1167 1197 1209 et,Oblongataeque
1208 1170 1303 1202 etiam
1316 1181 1380 1203 rne-

369 1211 490 1251 dullae,
513 1210 705 1253 perscribit,
728 1210 849 1243 nullam
870 1208 965 1252 hujus
988 1211 1114 1247 trunci,
1141 1211 1262 1244 nullam
1294 1224 1379 1246 cere-

371 1255 447 1289 belli
471 1253 716 1288 dissolutionem
738 1262 915 1286 memorat.
941 1253 1033 1294 Qin
1044 1263 1128 1286 certe
1143 1253 1290 1288 Vesalius
1312 1257 1379 1297 (d)

372 1300 407 1332 in
431 1299 483 1332 sua
509 1297 566 1331 illa
590 1297 699 1330 bienni
723 1295 961 1338 liydrocephala
984 1296 1167 1330 cerebellum
1190 1298 1299 1339 vidit,
1331 1310 1379 1334 ce-

374 1341 518 1383 rebrique
541 1339 722 1375 universam
745 1337 845 1372 basim
867 1338 1040 1372 secundum
1062 1348 1207 1373 naturam
1231 1340 1344 1377 habere
1365 1367 1379 1384 ‚

371 1387 404 1419 δι
427 1384 592 1418 Hildanus
614 1387 678 1423 (e)
703 1385 738 1416 in
761 1382 819 1416 suo
838 1383 959 1415 trienni
982 1382 1164 1417 cerebellum
1187 1386 1220 1417 in
1231 1394 1380 1419 tantace-

369 1427 456 1462 rebri
482 1428 701 1463 attenuatione
724 1427 873 1467 excepit,
897 1428 930 1458 δε
953 1425 1073 1468 reliqua
1095 1427 1128 1460 in
1150 1426 1268 1462 cerebri
1288 1428 1351 1471 basi
1369 1455 1376 1462 .

372 1471 545 1505 Pechlinus
570 1481 700 1514 quoque
721 1467 780 1511 (f)
802 1470 836 1503 in
862 1467 1184 1511 septimestriHornii
1198 1471 1380 1506 cerebellum

369 1515 539 1559 conspexit
562 1514 654 1557 plane
678 1514 835 1554 integrum
851 1536 859 1544 .
887 1511 946 1545 Sed
967 1514 1002 1545 in
1026 1513 1137 1546 eodem
1170 1514 1293 1548 videbis
1329 1526 1379 1548 ta-

368 1569 460 1598 men,
486 1558 620 1592 radicem
642 1554 757 1589 cerebri
778 1554 844 1598 jam
867 1556 898 1588 in
916 1554 1018 1598 fibras
1041 1554 1206 1600 diffluxiſje
1224 1570 1235 1596 ς
1260 1568 1294 1591 ut
1332 1560 1381 1592 in-

367 1602 520 1642 telligas,
542 1602 576 1634 in
597 1598 810 1633 tenerioribus
825 1624 833 1639 ,
859 1601 890 1632 δε
913 1599 1020 1632 multo
1044 1601 1145 1643 magis
1180 1601 1214 1633 in
1245 1600 1381 1637 foetibus

368 1657 405 1678 ea
427 1640 557 1689 qiioque
578 1645 614 1676 in
636 1642 765 1676 cerebro
787 1643 821 1674 vi
846 1653 935 1684 aquae
958 1640 1086 1677 dissolvi
1110 1643 1266 1686 denique,
1289 1646 1382 1678 &ab-

373 1688 457 1723 sumi
479 1700 550 1732 quae
575 1687 677 1730 magis
699 1684 871 1725 refistunt,
893 1686 969 1727 quia
993 1685 1026 1718 iu
1049 1687 1137 1721 illius
1153 1684 1348 1729 formatione
1369 1712 1382 1729 ‚

369 1742 408 1768 ut
432 1733 530 1766 Steno
552 1731 615 1776 (g)
637 1730 676 1764 de
700 1727 874 1763 observatis
898 1730 931 1761 in
956 1729 1012 1763 suo
1034 1730 1139 1764 vitulo
1161 1730 1382 1773 hydroceplia-

368 1776 405 1809 lo
428 1774 523 1809 verba
546 1773 672 1808 faciens
690 1798 697 1812 ‚
721 1771 971 1812 animadvertit,
994 1771 1146 1807 struffiira
1170 1777 1202 1806 ὃ(
1221 1776 1380 1817 nexujam

362 1819 445 1863 sunt
464 1816 604 1862 perfec‘la
619 1842 631 1859 ‚
655 1817 774 1860 quando
796 1825 929 1855 caetera,
953 1824 997 1849 ut·
1013 1815 1161 1850 laterales
1183 1827 1308 1859 partes,
1326 1819 1385 1861 sua

368 1862 468 1896 adhuc
493 1863 624 1905 capiunt
646 1863 856 1895 incrementa.
884 1860 957 1893 Nos
980 1870 1054 1892 vero
1079 1860 1149 1903 post
1183 1869 1235 1894 tot
1268 1861 1348 1894 alios
1373 1886 1385 1903 ,

368 1905 455 1940 nihil
479 1906 514 1938 in
538 1904 665 1938 duobus
690 1903 728 1937 de
751 1902 866 1946 quibus
889 1902 981 1945 supra
1006 1901 1069 1942 (h)
1092 1903 1271 1938 indicatum
1312 1904 1354 1939 cst
1372 1929 1382 1945 ,

365 1949 509 1984 foetibus
521 1972 532 1989 ‚
557 1949 715 1982 Patavino
728 1948 835 1989 primo
848 1969 861 1986 ,
884 1948 915 1979 ἃ
928 1946 1137 1980 Porolivienfi
1150 1969 1163 1987 ,
1174 1957 1230 1980 aut
1242 1948 1381 1991 cerebri,

363 2002 423 2028 aut
446 1991 620 2033 cerebelli,
643 2000 699 2025 aut
721 1989 868 2023 medullae
893 1989 1091 2032 Oblongatae
1115 1988 1210 2024 fuisse
1244 1991 1379 2026 scimus:

359 2037 448 2081 quin
472 2039 505 2071 &
528 2035 672 2078 Spinalis
695 2035 729 2068 in
747 2033 857 2067 altero¹
874 2033 933 2075 (i)
952 2034 1060 2074 potius
1072 2034 1284 2068 rudimentum
1296 2035 1381 2078 quasi

367 2080 524 2123 quoddam
548 2088 699 2120 pertenue
719 2102 728 2117 ,
752 2079 847 2120 atque
871 2077 1131 2117 membraneum,
1154 2089 1248 2120 quam
1262 2077 1385 2112 medul-

365 2125 432 2157 lam
457 2122 559 2164 ipsam
574 2144 584 2160 ‚
606 2119 893 2165 deprehendimus.
920 2120 1137 2153 Hancautem
1148 2122 1282 2153 omnino
1292 2121 1384 2154 fimul

368 2178 447 2200 cum
470 2165 600 2199 cerebro
622 2162 776 2204 defuisse,
800 2173 866 2196 non
889 2161 989 2197 modo
1006 2172 1105 2196 ·aetate
1129 2163 1257 2205 nostra,
1275 2164 1331 2199 ,sed
1352 2168 1385 2198 &

368 2221 464 2245 ..antea
488 2209 697 2243 observatum
720 2207 781 2241 est.
809 2204 983 2252 Wepferus
1007 2206 1076 2249 (R)
1099 2218 1233 2250 namque
1265 2210 1385 2243 Fonta-

366 2266 446 2289 num
470 2262 631 2287 memorat
653 2250 815 2285 infantem
839 2248 971 2290 vidisse,
996 2249 1060 2284 loco
1071 2250 1189 2284 cerebri
1201 2252 1383 2294 ‚&spina-

362 2298 409 2332 lis
430 2296 575 2331 medullae
596 2305 709 2338 aquam
732 2291 978 2335 limpidzffimam
989 2291 1384 2339 liabentemstumrefert,

370 2340 540 2380 abortum,
562 2337 602 2372 de
632 2349 689 2373 ruo
715 2336 896 2370 Mauritius
920 2336 1139 2370 Hostmannus
1155 2359 1165 2374 ‚
1188 2347 1224 2370 ut
1247 2337 1290 2371 est
1302 2339 1386 2380 apud

370 2381 561 2418 Velschium
573 2405 586 2423 ,
610 2394 625 2415 a
660 2380 868 2422 Veslingium
892 2377 1039 2420 scripsit,
1060 2379 1279 2423 'Norimbergae
1294 2385 1385 2423 1641.

366 2428 492 2462 editum
515 2424 569 2470 effe
587 2424 651 2467 fine
674 2422 796 2457 cerebro
819 2423 860 2456 ἄν
878 2421 1000 2464 spinuli
1010 2420 1164 2455 medulla.
1181 2446 1188 2453 .
1204 2425 1277 2457 ..in
1286 2425 1388 2457 cervi-

370 2482 404 2505 ce
422 2465 646 2513 perforatum,
669 2467 719 2500 ita
744 2473 782 2499 ut
806 2465 929 2507 digitus
940 2464 971 2496 in
987 2465 1161 2498 cavitatem
1171 2466 1388 2501 vertebrarum

370 2513 508 2547 thoracis
530 2510 666 2546 immitti
686 2506 808 2553 poffet:
834 2509 915 2540 item
936 2507 1103 2541 Hornium
1126 2509 1168 2541 A.
1198 2512 1289 2551 1665.
1326 2509 1390 2544 foe-

373 2568 447 2592 tum
472 2553 704 2598 septimestrem
729 2549 904 2586 dissecuisse
927 2551 959 2582 in
982 2561 1048 2592 quo
1069 2550 1155 2596 nulla
1165 2552 1288 2586 interna
1299 2554 1389 2587 cavi.

373 2609 425 2635 tas
448 2598 573 2640 cranii,
597 2607 633 2631 ut
657 2595 744 2639 quod
770 2603 873 2629 totum
884 2603 949 2626 erat
962 2592 1072 2637 offi’um
1094 2593 1317 2638 solidumque,
1340 2597 1390 2630 uti

372 2654 428 2678 nec
451 2641 553 2676 ullum
575 2639 718 2682 cerebri,
740 2638 793 2673 vel
815 2636 957 2673 cerebelli
977 2637 1160 2686 vestigium,
1184 2640 1322 2688 Spinalis
1336 2652 1391 2687 au-

375 2696 442 2720 tem
466 2684 615 2721 medullae
638 2694 676 2717 ne
699 2695 751 2724 ypv
783 2681 909 2724 quidem
941 2688 1089 2722 apparuit
1109 2703 1121 2720 ‚
1153 2693 1271 2725 quippe
1305 2695 1395 2726 cujus

375 2732 411 2763 in
435 2727 540 2762 solida
564 2727 654 2771 spina
678 2726 777 2760 tubus
800 2725 936 2758 omnino
959 2722 1220 2758 defiderabatur:
1256 2726 1393 2769 denique

379 2772 675 2815 Kerckringianam
700 2769 781 2810 (l)
804 2767 1073 2802 observationem
1108 2768 1231 2802 indicat
1263 2770 1391 2805 XXIII.

375 2814 545 2850 monstrofi
568 2814 691 2852 foetus,
713 2812 804 2854 cujus
828 2812 969 2845 cranium
995 2821 1048 2844 nec
1069 2811 1252 2852 cerebrum,
1274 2824 1330 2846 nec
1339 2825 1392 2847 ca-

375 2859 515 2894 vitatem
538 2857 637 2891 ullam
661 2855 817 2892 hahebat,
842 2855 938 2897 Spina
975 2863 1083 2887 autem
1117 2854 1257 2896 superius
1293 2856 1390 2890 bifida

377 2901 500 2936 nullam
522 2897 702 2934 continebat
725 2896 893 2931 medullam
907 2897 1079 2939 spinalem.
1108 2898 1236 2937 Quibus
1248 2899 1392 2933 observa-

384 2945 534 2979 tionibus
558 2942 625 2977 suas
635 2941 698 2975 hoc
709 2940 826 2975 saeculo
837 2939 1025 2973 addiderunt
1037 2942 1178 2975 Littrius
1199 2946 1296 2982 (m),
1311 2945 1392 2977 Fau-

383 2988 486 3022 velius
509 2989 595 3030 (n),
619 2986 752 3027 Meryus
776 2985 863 3028 (o),
885 2985 987 3016 Sueus
1012 2985 1102 3027 (p),
1124 2986 1242 3028 aliique
1262 2985 1391 3021 fortasse

384 3033 399 3071 (
442 3035 481 3072 )‚
505 3031 628 3074 primus
649 3029 683 3061 in
708 3026 793 3061 foetu
817 3026 1014 3067 octimestri,
1039 3029 1215 3063 ultimusin
1231 3029 1390 3071 semestri,

382 3043 501 3118 reliqui
527 3075 561 3113 in
584 3070 830 3107 novimestribus
853 3069 978 3103 duobus
993 3093 1005 3110 ,
1029 3082 1165 3113 quorum
1191 3072 1268 3107 alter
1288 3097 1301 3114 ,
1333 3085 1387 3107 nec

382 3117 448 3152 -fine
472 3118 582 3160 aliquo
604 3114 761 3150 sentiendi
785 3111 931 3153 indicio,
955 3113 1031 3147 duas
1053 3116 1135 3149 vixit
1159 3116 1274 3158 horas,
1307 3118 1388 3151 alter

381 3171 483 3196 ‘unam
504 3162 537 3195 &
561 3160 709 3202 viginti,
729 3168 785 3191 nec
814 3155 878 3189 fine
913 3157 1018 3200 aliqua
1050 3159 1195 3193 alimenti
1228 3160 1388 3203 sumptio-

386 3216 424 3237 ne
439 3231 447 3239 .
581 3205 634 3238 Ex
658 3201 709 3236 his
731 3201 807 3235 octo
829 3198 1121 3236 observationibus
1146 3204 1266 3237 nullam
1277 3203 1394 3244 vide03

386 3247 410 3281 fi
434 3248 564 3282 tertiam
587 3247 753 3288 excipias,
776 3247 809 3279 ὃ(
832 3244 964 3286 inparte
975 3255 1140 3287 quartam3
1161 3259 1232 3290 quae
1243 3259 1295 3290 per
1307 3250 1396 3291 capi-

387 3293 430 3325 tis
447 3314 460 3331 ,
482 3291 650 3333 Spinaeque
672 3288 854 3331 hydropem
877 3297 1009 3330 nequeat
1023 3290 1200 3333 explicari,
1222 3291 1395 3333 praesertim

390 3345 463 3368 cum
489 3335 523 3367 in
571 3334 650 3366 rima
673 3333 770 3365 etiam
793 3341 864 3365 turn
887 3342 964 3373 aqua
987 3331 1057 3365 esset
1081 3334 1114 3366 in
1136 3345 1217 3367 cavo
1236 3343 1396 3378 utroque,

388 3379 424 3410 in
447 3344 579 3411 secunga
603 3385 711 3409 autem
732 3373 911 3416 perforatio
927 3399 936 3414 ,
959 3373 1038 3408 ficut
1061 3387 1076 3409 a
1099 3387 1149 3410 me
1162 3378 1393 3419 Forolivii(r)

390 3420 556 3463 conspecta
578 3417 638 3460 fit,
661 3418 791 3462 spinalis
813 3419 885 3453 tubi
907 3419 941 3451 in
962 3420 1104 3461 cervice,
1126 3422 1160 3454 in
1182 3430 1294 3464 quarta
1316 3432 1392 3465 por-

483 3551 523 3580 t)
555 3550 597 3586 (y
611 3552 625 3579 )
656 3551 717 3576 ΟΜ.
749 3552 791 3577 eit.
823 3553 892 3581 supra
921 3553 951 3577 ad
982 3561 1006 3576 n.
1035 3563 1058 3582 4·

483 3588 495 3604 c
511 3584 522 3607 )
538 3581 612 3609 Epist.
629 3581 658 3605 ad
675 3583 795 3608 Kulmum
812 3583 843 3607 de
860 3582 1017 3612 Hydroceph.
1035 3585 1146 3610 interno.

487 3611 501 3633 b
518 3611 531 3639 )
549 3619 571 3634 n.
591 3619 613 3641 ς.
632 3614 654 3636 ἃ
670 3615 694 3636 6.
754 3614 770 3643 (
785 3615 795 3638 i
811 3614 825 3642 )
843 3614 897 3639 vid.
916 3613 989 3642 Epist.
1005 3615 1077 3639 Anat.
1095 3622 1134 3639 ιο.
1149 3623 1171 3639 n.
1191 3621 1229 3645 56.

488 3643 537 3677 mx)
555 3642 633 3665 Mem.
648 3642 676 3666 de
691 3642 787 3667 l’Acad.
809 3646 841 3668 R.
858 3646 899 3669 des
915 3646 952 3669 Sc.
972 3647 1002 3669 Α.
1022 3652 1089 3672 170¹.

482 3672 568 3729 5523
583 3673 691 3725 ¹532?
709 3674 777 3726 322³?
795 3676 866 3733 {iiia
884 3678 908 3734 ⁶(
923 3711 934 3728 ι
951 3705 964 3732 )
981 3703 1043 3729 lbid.
1060 3706 1120 3731 obs.
1138 3715 1174 3737 35.

489 3739 506 3760 ε’,

516 3731 530 3759 )
547 3700 609 3760 Exi-i.
627 3734 658 3756 N.
678 3734 706 3757 C.
724 3734 795 3758 Cent.
815 3741 833 3758 ι.
851 3736 873 3757 ἃ
889 3742 910 3759 2.
929 3734 986 3759 Obs.
1009 3742 1061 3764 127.

1119 3556 1133 3584 (
1149 3563 1166 3583 z,
1183 3556 1193 3586 J
1227 3555 1286 3580 Seci-
1318 3553 1361 3578 cit.
1392 3552 1451 3577 ΟΜ.
1484 3563 1523 3584 14.

1206 3586 1221 3615 ζ
1235 3585 1251 3610 d
1266 3586 1279 3614 )
1309 3586 1323 3613 ζ
1339 3593 1350 3608 e
1366 3584 1379 3613 )
1396 3582 1452 3608 Obs
1471 3585 1545 3610 modo
1561 3585 1656 3611 citatis⁷

1292 3616 1306 3644 (
1321 3615 1338 3639 k
1357 3618 1364 3642 )
1380 3616 1410 3639 ad
1428 3615 1485 3640 Obs.
1505 3624 1555 3645 ¹²9·
1573 3623 1617 3641 cit.
1637 3617 1705 3645 supra
1721 3619 1750 3641 ad
1768 3627 1793 3643 n.
1810 3629 1831 3649 ς.

1152 3647 1198 3675 (n
1214 3647 1227 3676 )
1243 3646 1301 3670 Hist.
1319 3645 1348 3669 de
1365 3647 1387 3669 la
1403 3642 1484 3672 meme
1501 3649 1531 3671 A.
1552 3655 1614 3677 ¹711·
1632 3648 1690 3672 ΟΜ.
1708 3651 1781 3673 Anat.
1800 3658 1823 3679 3.

970 3675 976 3704 s
996 3682 1012 3702 q
1027 3675 1039 3702 3
1057 3676 1123 3706 Quin
1140 3677 1188 3700 vid.
1207 3677 1280 3702 etiam
1299 3676 1370 3710 Epist.
1387 3679 1424 3706 48.
1443 3684 1466 3702 n.
1483 3686 1523 3707 49.
1540 3678 1563 3702 δε
1579 3678 1623 3708 seq.

1236 3708 1449 3737 (u2Ep1st.11.
1466 3717 1491 3734 n.
1510 3712 1545 3734 16.

1030 93 1187 148 Liber
1221 102 1256 146 Ι,
1293 91 1380 147 De
1414 85 1623 146 Morbis
1653 83 1864 154 Capitis
2433 117 2448 131 2

1423 181 1481 208 ro,
1507 171 1540 202 &
1561 167 1676 202 0&an
1698 163 1862 214 ffiss.,idffi?
1886 163 1980 201 tubus·
2004 164 2041 202 td
2064 165 2202 205 tranum
2226 161 2332 204 milito
2355 164 2429 202 lon.-

1424 214 1571 255 giorem‚
1593 211 1628 244 in
1649 209 1763 255 quinta
1784 211 1922 257 denique
1950 210 1988 244 ab
2012 213 2079 247 imo
2102 210 2141 247 ad
2164 210 2321 248 summum
2353 212 2428 247 esset

1423 265 1552 299 apertus
1570 280 1578 287 .
2362 270 2371 280 ‘

1470 312 1502 342 9.
1525 300 1563 331 In
1586 297 1671 333 hunc
1696 308 1800 333 autem
1822 302 1928 344 Spinae
1950 300 2064 335 tubum
2088 308 2214 348 congeri
2238 318 2317 351 aqua
2329 310 2441 350 potest-

1428 353 1498 378 tum
1521 354 1593 385 quae
1618 354 1632 375 a
1658 344 1758 376 cranii
1781 355 1860 377 cavo
1883 344 2070 385 descendat,
2092 355 2163 381 tum
2185 361 2255 393 quae
2279 352 2364 385 intra
2386 354 2430 387 il-

1428 389 1497 421 lum
1522 386 1719 424 secernatur3
1744 395 1780 420 ut
1800 387 1900 422 modo
1920 388 1958 422 fit
1981 388 2144 432 utriusque
2154 391 2243 429 simul
2256 392 2401 440 hydrops
2416 424 2427 439 ,

1428 430 1527 464 modo
1551 429 1701 470 alterius,
1724 441 1780 462 nec
1798 431 1886 465 secus
1908 433 1942 465 in
1955 431 2113 476 foetibus,
2135 438 2305 479 &pueris,
2357 452 2432 476 uam

1429 476 1463 507 in
1486 473 1625 512 adultis3
1648 473 1699 506 sed
1719 475 1752 506 in
1775 474 1843 507 illis
1866 476 1970 509 multo
1991 479 2093 519 magis
2118 490 2152 513 ut
2175 478 2339 524 inquibus
2370 485 2431 521 aud

1429 518 1522 551 aliter
1543 527 1641 560 quam
1662 519 1786 555 cranii,
1806 519 2021 553 vertebrarum
2043 520 2106 554 ossa
2129 526 2162 557 &
2184 523 2282 559 facile
2315 527 2398 569 posse
2419 553 2433 570 ,

1430 564 1461 594 &
1486 571 1590 593 revera
1612 559 1741 601 cedere,
1764 572 1967 604 compertum
1988 562 2050 597 est:
2075 566 2182 610 itaque
2197 567 2433 609 dehiscentibus

1427 606 1504 637 alias
1527 604 1676 646 aliquot,
1700 604 1778 637 alias
1799 606 1949 640 omnibus
1973 607 2145 651 vertebris,
2169 615 2290 657 &aqua
2303 609 2435 656 urgente

1427 647 1595 680 involucra
1619 648 1755 690 Spinalis
1777 649 1948 691 medullae,
1971 650 2046 684 alias
2069 654 2196 694 minor,
2231 658 2306 692 alias
2329 657 2433 702 major

1427 692 1461 723 in
1485 692 1590 732 Spinae
1614 691 1785 733 posteriore
1809 691 1891 725 facie
1914 702 2024 727 tumor
2046 696 2153 733 existit
2167 724 2180 741 ‚
2204 702 2261 745 qui
2275 701 2433 745 hydroce-

1430 734 1527 776 phalo
1550 733 1593 767 est
1616 735 1783 777 analogus.
1809 736 1991 771 Dehiscunt
2015 748 2120 774 autem
2144 745 2359 781 vertebrarum
2369 745 2434 780 oss'a

1427 778 1475 811 ibi
1499 777 1693 820 potiffimum
1713 778 1769 813 ubi
1792 777 1875 813 sedes
1906 779 2014 815 futura
2048 783 2090 818 est
2122 787 2321 829 processuum
2352 801 2434 834 quos

1427 821 1529 865 spinas
1553 832 1693 863 vocant,
1716 833 1779 855 non
1803 831 1952 865 tantum,
1975 834 2011 858 ut
2032 827 2189 872 credunt,
2211 833 2435 875 quiaibitunc

1426 863 1489 899 offa
1511 864 1669 908 disjunfta
1692 866 1787 905 sunt3
1809 877 1883 900 nam
1905 866 1977 901 sunt
1999 871 2095 904 etiarn
2120 884 2136 906 a
2158 875 2309 912 lateribus
2333 877 2437 920 sejun-

1428 910 1478 942 &a
1500 921 1563 952 qua
1585 908 1623 942 ad
1645 908 1860 944 vertebrarum
1883 922 2018 954 corpora
2042 917 2277 959 anneRuntum
2302 919 2353 954 sed
2384 922 2436 954 in-

1428 952 1538 995 super,
1560 961 1596 987 ut
1619 964 1678 995 ego
1701 953 1862 993 arbitror,
1885 957 1958 998 quia
1982 957 2076 1000 longe
2097 961 2204 994 minor
2222 963 2259 996 ad
2275 962 2437 1006 spinarum

1429 996 1552 1037 sedem,
1574 1007 1669 1039 quam
1692 1009 1707 1030 a
1727 996 1878 1032 lateribus
1898 1023 1906 1038 ,
1930 999 2100 1035 resistentia
2133 1004 2175 1038 est
2207 1006 2436 1049 impositorum

1429 1040 1647 1074 musculorum
1659 1063 1671 1080 ,
1694 1043 1726 1073 &
1749 1040 1916 1075 tendinum
1930 1067 1937 1076 .
1962 1044 2115 1079 Curvero
2131 1048 2158 1081 is
2170 1058 2278 1083 tumor
2289 1049 2436 1094 rariffime

1429 1093 1577 1117 occurrat
1601 1084 1634 1115 in
1657 1081 1822 1126 infhrz‘ore,
1848 1089 1889 1120 (φ
1914 1088 2067 1129 ι’σττΐενὶονιε»Ι
2086 1098 2177 1130 parte
2207 1091 2275 1135 offis
2278 1092 2368 1134 sacri
2377 1104 2436 1132 ‚ut

1431 1126 1713 1170 experientissimus
1735 1128 1971 1163 animadvertit
1996 1131 2179 1173 Ruyschius
2202 1138 2217 1174 (
2227 1136 2255 1178 s
2265 1139 2280 1177 )
2302 1138 2437 1172 miratus

1429 1173 1488 1209 (t)
1501 1193 1514 1210 ,
1535 1180 1595 1204 non
1617 1171 1672 1213 effe
1686 1167 1932 1212 frequentiorem
1943 1173 1975 1205 in
1990 1174 2071 1208 dieta
2079 1185 2173 1218 parte
2185 1201 2198 1218 ,
2221 1187 2258 1213 ut
2269 1192 2341 1223 quae
2350 1180 2438 1222 sem-

1426 1224 1483 1254 per
1504 1215 1537 1247 in
1559 1213 1700 1247 naturali
1714 1213 1801 1252 statu
1823 1214 1915 1256 hiat,
1937 1216 2060 1250 causam
2082 1218 2158 1258 ess‘e,
2181 1223 2321 1264 opinor,
2344 1224 2434 1267 quod

1429 1256 1593 1290 Craffi01·is
1617 1257 1777 1299 meningis
1801 1257 1920 1299 tubus,
1946 1260 2131 1304 Equinam,
2154 1273 2191 1297 ut
2202 1275 2343 1307 vocant,
2365 1269 2440 1302 Me-

1428 1299 1524 1334 dullae
1559 1300 1704 1334 Caudam
1738 1311 1811 1334 cum
1835 1312 1946 1344 aquae,
1969 1302 2005 1336 de
2030 1315 2091 1347 qua
2115 1306 2193 1340 alibi
2219 1312 2288 1348 (u)
2312 1309 2440 1346 die-tum

1430 1343 1495 1384 est,
1518 1345 1612 1386 copia
1639 1343 1742 1385 aliqua
1764 1344 1813 1377 vel
1839 1344 2006 1379 secundum
2017 1354 2442 1394 naturam,continens,ad

1430 1387 1520 1420 illam
1543 1387 1638 1430 usque
1663 1386 1806 1420 infimam
1829 1387 2032 1433 hiantemque
2043 1403 2166 1434 partem
2179 1404 2243 1428 non
2254 1395 2418 1433 descendit
2433 1425 2442 1433 .

1429 1430 1621 1473 Aliquando
1643 1439 1748 1464 tamen
1772 1431 1928 1465 morbidae
1952 1445 2039 1477 aquae
2063 1437 2094 1469 vi
2115 1436 2263 1473 deorsum
2285 1451 2444 1484 urgente,

1428 1474 1509 1508 illuc
1519 1475 1704 1517 pervenire,
1727 1474 1923 1509 &distentus
1935 1478 2134 1521 extrorsum,
2158 1480 2387 1522 ejusdemmodi
2398 1486 2446 1520 fa-

1431 1528 1499 1551 cere
1519 1526 1678 1551 tumorem
1690 1517 1792 1561 potest
1807 1531 1815 1552 :
1839 1521 2003 1565 itaqueibi
2017 1524 2116 1556 etiam
2127 1548 2140 1564 ,
2156 1523 2248 1560 semel
2261 1528 2445 1571 Ruyschius

1434 1561 1497 1604 (x)
1520 1561 1630 1601 vidit,
1652 1564 1684 1595 &
1709 1572 1764 1593 nos
1789 1566 1878 1595 annis
1902 1564 2121 1606 superioribus
2146 1578 2211 1601 non
2235 1569 2314 1606 hinc
2348 1573 2446 1617 longe

1432 1606 1468 1637 in
1491 1604 1630 1646 quodam
1655 1603 1777 1637 infante
1801 1605 1904 1639 visum
1919 1606 2001 1648 esse,
2023 1608 2159 1649 scimus,
2180 1611 2356 1659 sedGenga
2367 1628 2448 1660 prae-

1435 1647 1543 1681 sertim
1568 1648 1672 1685 vidit,
1701 1651 1732 1680 δε
1757 1649 1930 1689 rariffima,
1952 1661 2008 1684 nec
2032 1650 2127 1686 facile
2151 1654 2304 1697 speranda
2334 1661 2369 1693 in
2394 1660 2445 1695 his

1426 1691 1615 1725 tumoribus
1638 1689 1793 1724 felicitate
1817 1695 1942 1734 aperuit
1964 1695 1997 1726 in
2020 1706 2061 1728 eo
2082 1696 2156 1731 casu
2179 1710 2276 1741 quern
2300 1704 2448 1738 Summus

1435 1734 1511 1768 dum
1535 1737 1678 1774 viveret,
1702 1735 1767 1767 Vir
1789 1735 1953 1770 Lancisius
1975 1736 2028 1769 Cl.
2065 1740 2214 1775 Fantono
2251 1745 2414 1790 descripsit
2435 1771 2449 1788 ,

1435 1778 1519 1820 apud
1541 1789 1637 1820 quem
1660 1781 1723 1820 (y)
1745 1789 1809 1811 non
1834 1791 1894 1813 una
1920 1779 1958 1813 de
1981 1780 2072 1815 causa
2096 1784 2216 1826 relegas
2237 1787 2336 1822 velim
2357 1815 2367 1830 ‚
2399 1790 2451 1825 sed

1422 1822 1480 1853 rob
1505 1821 1583 1855 hanc
1608 1821 1802 1864 potiffimum
1818 1845 1831 1861 ,
1854 1832 1889 1856 ut
1914 1835 2119 1860 communem
2143 1830 2270 1871 cranii,
2293 1833 2325 1866 &
2343 1834 2450 1876 Spinae

1435 1876 1513 1911 cavp
1535 1865 1715 1907 hydropem
1739 1864 1854 1906 fuisse,
1879 1869 1909 1900 &
1935 1878 1973 1900 ex
1996 1868 2057 1901 illo
2079 1872 2112 1903 in
2124 1869 2188 1905 hoc
2201 1885 2316 1916 aquam
2326 1875 2453 1910 descen·

1434 1907 1535 1949 dille,
1558 1910 1738 1950 intelligas.
1764 1911 1849 1942 Cum
1874 1912 1960 1943 enim
1982 1913 2168 1947 contusioni
2193 1919 2311 1960 capitis
2327 1918 2451 1963 hydro-

1433 1950 1628 1997 cephalum,
1653 1952 1729 1986 huic
1754 1963 1828 1985 vero
1849 1954 1876 1986 is
1900 1953 1972 1996 post
1994 1956 2130 1990 mensem
2154 1968 2268 1994 tumor
2280 1958 2318 1996 ad
2332 1974 2454 2006 coccy-

1433 2006 1504 2036 ,ἕξεσι
1530 1996 1771 2037 supervenisset,
1795 1997 1890 2030 credo
1912 2000 1987 2039 quia
2011 2000 2043 2032 in
2061 2011 2159 2042 puero
2170 2004 2377 2045 quadrimulo
2390 2009 2455 2041 nii-

1436 2048 1495 2070 iius
1518 2037 1613 2071 facile
1636 2042 1855 2073 vertebrarum
1878 2041 1940 2074 ossa
1964 2042 2084 2081 laxari,
2110 2056 2205 2088 quam
2232 2049 2454 2093 integumenta

1438 2080 1475 2113 ad
1500 2079 1666 2122 hiantem,
1688 2085 1725 2117 de
1751 2094 1812 2125 qua
1845 2083 1969 2119 dietum
1991 2086 2034 2119 est
2058 2088 2143 2121 Sacri
2169 2089 2240 2124 offis
2255 2103 2382 2135 partem
2393 2106 2454 2138 po-

1425 2122 1681 2165 =tuislcnt5non
1706 2126 1806 2160 modo
1829 2138 1868 2159 ex
1891 2138 2001 2170 aperto
2024 2127 2086 2162 hoc
2110 2132 2179 2164 imo
2205 2144 2335 2171 tumore
2350 2138 2455 2172 multa

1439 2168 1497 2201 diu
1523 2179 1601 2211 aqua
1624 2169 1822 2211 egrediente,
1847 2181 1943 2213 caput
1990 2173 2123 2207 aulatim
2147 2175 2377 2221 detumuerat;
2403 2180 2457 2215 sed

1438 2222 1513 2244 cum
1536 2213 1672 2254 Genga,
1694 2225 1732 2249 ei<
1755 2223 1844 2256 parte
1867 2214 1968 2257 superi
1985 2227 2015 2249 es
2040 2218 2074 2250 in
2098 2221 2265 2262 occipite,
2289 2222 2449 2266 hydroce-

1436 2254 1570 2297 phalum
1594 2266 1688 2289 manu
1712 2257 1941 2299 comprimeret
1954 2282 1963 2297 ‚
1981 2259 2093 2298 statim
2105 2285 2117 2302 ‚
2140 2264 2228 2306 quod
2241 2266 2326 2300 vidit
2339 2269 2458 2302 Lanci-

1438 2297 1498 2331 fius
1512 2321 1523 2336 ‚
1547 2308 1585 2331 ex
1604 2306 1713 2340 aperto
1736 2300 1767 2333 in
1792 2311 1920 2343 coccyge
1934 2302 2100 2343 foramine
2140 2306 2227 2341 ichor
2255 2309 2457 2353 subpallidus

1435 2339 1633 2384 profiliebat.
1660 2341 1766 2376 Porro
1789 2354 1804 2374 a
1826 2345 1936 2375 cranio
1951 2348 1991 2389 *in
2016 2347 2228 2384 vertebrarum
2241 2354 2356 2388 tubum
2367 2354 2457 2389 vide.

1439 2393 1493 2417 tur
1517 2395 1595 2426 aqua
1617 2385 1652 2416 in
1676 2386 1748 2419 aliis
1774 2387 1869 2419 etiam
1881 2386 2175 2426 Observationibus
2189 2394 2400 2431 descendisse.
2417 2400 2458 2431 Iti

1440 2427 1500 2459 illo
1523 2428 1607 2460 enim
1631 2427 1755 2462 infante
1778 2427 2025 2472 hydrocephalo
2035 2443 2129 2475 quem
2141 2432 2292 2471 describit
2304 2441 2457 2482 Mayerus

1441 2472 1536 2513 (z),
1561 2479 1600 2503 ex
1623 2479 1748 2505 tumor-e
1770 2470 1865 2515 hujus
1888 2481 2011 2508 naturae
2034 2477 2091 2517 qui
2116 2478 2156 2511 acl
2175 2480 2324 2516 ‘medium
2346 2495 2382 2517 os
2400 2487 2455 2519 Sa-

1441 2523 1533 2546 crum
1558 2514 1710 2555 extabat,
1735 2515 1834 2558 paulo
1856 2525 1930 2549 ante
1953 2527 2092 2552 mortem
2114 2520 2284 2567 disrupto,
2320 2527 2457 2571 lympha

1440 2555 1568 2590 turbida
1590 2557 1722 2591 subsalsa
1745 2558 1900 2593 effluxit:
1924 2559 2008 2602 stylo
2032 2571 2137 2597 aurem
2162 2567 2233 2609 post
2257 2569 2388 2605 obitum
2400 2583 2458 2615 per

1441 2610 1628 2641 tumorem,
1651 2605 1684 2635 &
1707 2603 1838 2644 Spinam
1861 2603 1900 2636 ad
1923 2603 2086 2640 cerebrum
2113 2607 2212 2652 usque
2235 2611 2395 2655 demisso,
2418 2626 2458 2649 ex

1446 2642 1509 2677 hoc
1533 2645 1655 2686 pariter
1676 2645 1786 2688 liquor
1807 2645 1955 2680 turbidus
1978 2651 2192 2690 promanabat
2208 2680 2215 2687 .
2229 2656 2396 2693 Quoniam
2410 2668 2458 2692 ta-

1446 2697 1517 2720 men
1539 2698 1609 2729 quae
1633 2689 1716 2721 intra
1740 2688 1858 2723 cerebri
1882 2691 2042 2733 meninges
2076 2694 2216 2736 plurima
2248 2701 2380 2734 inventa
2414 2703 2457 2736 est

1447 2741 1527 2773 aqua
1543 2753 1555 2770 ,
1580 2730 1711 2765 subsalsa
1734 2731 1863 2775 quidem
1884 2733 1952 2776 ipsa
1974 2745 2103 2777 quoque
2115 2748 2206 2782 erat,
2229 2741 2280 2777 sed
2294 2745 2456 2787 limpida,-

1443 2774 1527 2807 malo
1552 2785 1621 2807 eam
1645 2775 1916 2822 Observationem
1951 2779 2095 2813 attendas
2127 2795 2201 2826 quae
2238 2799 2253 2819 a
2289 2788 2457 2824 Brunnero

1441 2828 1516 2850 cum
1538 2818 1615 2851 XII.
1641 2820 1813 2861 conjuncta
1835 2819 1878 2854 est
1899 2832 2004 2854 earum
2028 2835 2099 2866 quae
2109 2823 2182 2861 sunt
2194 2828 2228 2861 in
2238 2830 2455 2866 Additamen-

1443 2861 1487 2894 ti's
1509 2861 1547 2894 ad
1570 2861 1651 2894 hanc
1674 2862 1873 2905 Sepulchreti
1899 2864 2079 2900 Sectionem
2095 2892 2102 2899 .
2129 2870 2217 2904 Nam
2240 2883 2368 2909 tumore
2393 2875 2455 2911 hu-

1444 2903 1495 2946 jus
1517 2905 1637 2945 generis
1661 2906 1695 2938 in
1719 2904 1815 2939 dorso
1837 2906 1927 2948 supra
1952 2919 1987 2941 os
2013 2910 2143 2945 Sacrum
2179 2914 2354 2951 infeliciter
2375 2945 2383 2958 ‚
2418 2929 2453 2953 ut

1444 2946 1551 2991 solet,
1575 2948 1699 2988 exciso,
1725 2948 1808 2983 unde
1829 2949 1901 2992 plus
1923 2951 2004 2984 libra
2029 2965 2116 2996 aquae
2140 2957 2368 3002 limpidiffimae
2406 2962 2456 2995 es-

1443 2991 1540 3024 fluxit
1552 3014 1565 3031 ‚
1589 2999 1683 3034 caput
1707 2990 1842 3036 infantis
1863 2993 2011 3036 considere
2026 2996 2138 3035 statim
2159 3003 2202 3035 ὠ*
2235 3003 2315 3038 mole
2349 3007 2451 3040 minui

1442 3032 1718 3077 observatumfuit
1729 3061 1736 3067 .
1749 3037 1787 3068 In
1799 3035 1865 3076 ipsa
1880 3047 1986 3070 autem
1996 3039 2234 3079 observatione
2245 3048 2324 3080 XII.
2337 3048 2422 3083 idem
2437 3063 2451 3083 a

1439 3078 1605 3110 contrario
1617 3077 1744 3111 videtur
1753 3078 1993 3126 proban-neum
2005 3085 2091 3118 enim
2103 3095 2212 3121 tumor
2221 3087 2454 3132 ejusdemmodi

1440 3120 1808 3169 indoi·socompun&us
1820 3121 1947 3164 fuisset,
1965 3125 2049 3171 unde
2073 3141 2155 3172 aqua
2166 3133 2315 3175 prosiluit
2338 3137 2451 3178 limpi-

1446 3162 1568 3213 di-ffima
1579 3186 1588 3202 ‚
1598 3176 1669 3214 quae
1675 3164 1780 3207 sexies
1796 3165 1906 3200 diebus
1919 3168 2157 3218 insequentibus
2171 3173 2302 3210 effluxit
2313 3180 2454 3221 qualibet

1447 3217 1516 3256 vice
1528 3208 1568 3240 ad
1581 3218 1690 3256 uncias
1701 3215 1765 3241 tres
1775 3232 1788 3249 ‚
1801 3220 2032 3257 quamprimum
2044 3238 2058 3256 ,
2070 3217 2202 3253 inducta
2214 3222 2367 3256 cicatrice
2378 3247 2391 3263 ,
2402 3224 2453 3256 ni-

1447 3249 1493 3283 hil
1509 3250 1577 3293 seri
1586 3249 1722 3292 amplius
1732 3252 1897 3287 extillawt
1906 3277 1919 3294 ,
1931 3257 2043 3297 puellae
2054 3269 2150 3304 caput
2161 3263 2271 3296 attolli
2281 3267 2382 3308 coepit
2393 3289 2406 3306 ‚
2420 3269 2452 3299 δε

1447 3293 1533 3327 brevi
1547 3292 1788 3336 hydrocepbalus
1810 3296 1898 3335 vasiae
1908 3299 2000 3334 molis
2009 3303 2130 3346 emerfit
2145 3329 2150 3334 .
2164 3305 2215 3338 Sic
2226 3308 2324 3342 etiam
2337 3312 2370 3342 in
2387 3310 2450 3343 IV.

1447 3336 1569 3369 ibidem
1592 3336 1826 3371 Observatione
1849 3341 2017 3377 Lcchelius
2040 3357 2113 3380 cum
2147 3348 2306 3384 infantem
2337 3352 2453 3386 descri-

1446 3380 1502 3412 bat
1535 3390 1645 3414 natum
1677 3391 1751 3415 cum
1788 3391 1914 3417 tumore
1945 3385 2082 3429 ejusdem
2116 3401 2236 3426 naturae
2273 3394 2312 3427 ab
2335 3396 2452 3430 ultima

1447 3422 1591 3458 thoracis
1633 3425 1778 3459 vertebra
1822 3427 1861 3460 ad
1903 3440 2074 3475 coccygem
2105 3434 2202 3480 usque
2234 3439 2415 3481 pertinente
2438 3462 2451 3480 ,

2298 3481 2410 3516 diebus

1586 3557 1661 3586 (a)
1693 3555 1752 3581 ΟΜ.
1783 3557 1825 3581 cit.
1859 3563 1898 3584 16.
1959 3563 2030 3592 (b)
2067 3562 2131 3589 Ibid·
2165 3566 2225 3591 obs.
2260 3571 2285 3593 6.

1720 3587 1734 3616 (
1745 3586 1788 3617 f)
1804 3590 1863 3613 ΟΜ·
1880 3591 1924 3616 Cit-
1985 3593 2056 3628 (3,)
2073 3595 2128 3621 Ast.
2140 3596 2274 3623 Hafn.v01.
2289 3600 2381 3628 hol-rs.
2394 3611 2450 3634 131·

1894 3622 1901 3647 ί
1920 3623 1930 3646 l
1946 3627 1956 3650 )
1973 3625 2082 3654 spicileg.
2102 3627 2174 3651 Anat.

1798 3682 1801 3685 ἱ
1887 3652 1928 3686 ζα
1946 3654 1959 3681 )
1975 3657 1997 3678 8:
2015 3658 2131 3689 A31712.
2150 3657 2207 3682 Obs.
2224 3661 2328 3687 Amne,

1688 3680 1700 3708 (
1716 3687 1728 3701 r
1744 3679 1756 3706 )
1774 3682 1829 3705 vid.
1848 3684 1920 3712 Epist,
1941 3686 2013 3709 Anat.
2032 3692 2074 3709 eit.
2091 3694 2129 3710 20,
2147 3696 2171 3711 n.
2191 3695 2227 3718 ςό.

1608 3710 1622 3739 (
1640 3718 1653 3732 ,ν
1669 3711 1683 3738 )
1700 3709 1758 3734 ΟΜ.
1776 3718 1818 3737 cir.
1836 3721 1873 3742 35·
1935 3717 1979 3745 (y
1998 3722 2006 3746 )
2023 3717 2052 3741 In
2067 3718 2196 3744 Pacehion.
2216 3720 2328 3745 Animzd.
2347 3727 2370 3746 6.
