2498 4075
451 172 550 223 204

374 279 925 353 EPISTOLA
1007 272 2186 343 ANATOMICO-MEDICA
2269 270 2447 338 XXI.

516 434 827 488 Absolvitur
862 430 1036 483 sermo
1071 429 1137 504 de
1172 425 1403 480 Pestoris
1424 455 1438 477 2
1472 424 1766 484 Laterum,
1798 424 1854 477 δι
1888 423 2043 476 Dorfi
2076 423 2312 478 Dolore.

493 563 602 598 Odem
623 563 720 598 ferme
751 560 863 595 ordine
887 570 953 603 quo
976 557 1136 591 Valsalvae
1170 554 1383 589 Observatio-

501 620 576 647 nes,
601 618 685 640 meas
708 616 837 649 quoque
861 603 898 637 ad
923 612 955 635 te
980 602 1179 643 scripturus,
1204 597 1294 630 abiis
1318 599 1383 630 ini-

502 653 585 685 tium
608 652 735 692 capiam
757 673 769 690 ‚
801 650 835 681 in
858 645 974 690 quibus
998 646 1115 678 intima
1141 641 1304 676 Thoracis
1327 643 1386 674 In-

384 694 577 729 flammatio
598 717 611 733 ‚
642 693 740 726 illaesa
764 690 890 735 prorsus
915 689 1022 732 plenta
1043 713 1053 729 ,
1090 685 1192 721 sedem
1216 684 1328 718 habuit
1352 685 1387 717 in

380 739 591 783 pulmonibus
605 762 610 768 .

425 794 454 815 2.
482 781 676 815 MULIER
699 791 738 812 ex
760 775 1023 821 peripneumonia
1040 798 1053 815 ,
1075 784 1132 807 nec
1154 772 1216 805 fine
1241 770 1390 814 pulsuum

380 824 658 867 inaequalitatibus
681 847 693 863 ,
726 830 855 855 mortua
879 828 946 853 erat
982 819 1016 851 in
1050 814 1243 851 Bononiensi
1278 815 1391 848 Noso-

379 870 490 902 comio
514 869 544 899 S.
569 867 685 900 Mariae
706 865 744 898 de
767 866 878 898 Morte
909 864 951 895 A.
980 864 1072 905 1706.
1097 860 1223 894 Martio
1256 858 1359 892 mense
1380 881 1393 898 ,

379 923 453 946 cum
478 922 536 949 ego
559 921 618 952 pro
643 909 790 944 Valsalva
815 929 825 945 ‚
857 910 1004 941 Parmam
1026 902 1179 938 accersito
1201 927 1210 943 ,
1245 901 1392 936 cadavera

381 956 416 988 in
454 953 604 988 Theatro
635 954 838 986 Anatornico
871 949 1072 984 diffecarem.
1206 946 1392 979 PULMo-

383 1000 476 1033 NES
501 997 725 1040 commestam,
749 1005 784 1030 ut
807 997 842 1028 in
863 993 978 1036 hepate
1001 991 1043 1026 est
1061 1016 1073 1033 ,
1106 989 1311 1025 substantiam
1335 987 1393 1021 ha-

381 1042 527 1075 bebant:
551 1040 767 1084 pericardium
800 1047 905 1073 autem
930 1036 1065 1071 multam
1090 1045 1203 1077 aquam
1227 1057 1235 1065 .
1267 1032 1390 1066 Cordis

381 1087 521 1119 exterior
556 1084 655 1117 facies
679 1085 787 1127 primo
811 1082 937 1124 aspectu
962 1079 1087 1114 corrosa
1111 1078 1283 1111 maximam
1318 1087 1391 1118 par-

379 1138 445 1163 tem
468 1128 635 1162 videbatur
658 1139 665 1160 :
702 1139 756 1160 nec
782 1135 847 1159 erat
870 1136 1007 1164 tamen,·
1039 1122 1089 1156 sed
1112 1121 1282 1164 inaequales
1314 1130 1391 1154 con-

377 1173 559 1211 cretiones,
584 1169 642 1214 ipsi
667 1170 860 1204 adba‘rentes
875 1192 883 1207 ‚
908 1167 943 1201 id
964 1166 1202 1200 mentiebantur
1228 1177 1235 1196 ε
1273 1163 1390 1206 quibus

379 1216 474 1250 nullo
506 1224 638 1257 negotio
662 1215 778 1249 amotis
802 1235 811 1249 ,
845 1212 967 1246 extima
990 1210 1098 1244 cordis
1130 1206 1311 1241 membrana
1335 1206 1391 1239 lae-

376 1261 426 1293 vis
450 1282 464 1299 ,
499 1261 531 1292 &
554 1260 678 1299 integra
712 1257 742 1290 se
767 1256 904 1290 ostendit
927 1258 941 1294 (
962 1266 981 1286 a
1003 1258 1016 1294 )
1041 1278 1048 1286 .
1084 1252 1236 1286 Interiori
1259 1261 1389 1294 quoque

377 1300 473 1336 faciei
499 1302 668 1346 pericardii
695 1298 896 1334 adhaerebant
920 1298 1141 1332 concretiones
1154 1295 1248 1334 aliae,
1272 1294 1390 1336 aprio-

377 1347 466 1381 ribus
486 1343 615 1388 prorsus
639 1343 810 1388 sejunetae,
835 1341 886 1376 sed
911 1340 1051 1383 ejusdem
1075 1339 1224 1383 generi55
1248 1346 1284 1371 ut
1307 1336 1389 1369 faci-

378 1390 408 1424 le
432 1388 608 1432 conjiceres
630 1411 643 1429 ,
676 1387 823 1428 utrasque
846 1386 967 1429 pariter
990 1396 1029 1417 ex
1051 1382 1250 1417 craffioribus
1275 1404 1285 1419 ‚
1318 1391 1390 1424 quae

376 1433 418 1467 ab
451 1433 507 1466 illa
543 1444 622 1476 aqua
657 1430 835 1465 seceffiffent
867 1452 881 1470 ,
926 1428 1095 1472 particulis
1126 1422 1275 1459 coaluisse
1308 1448 1316 1456 .
1349 1425 1390 1456 In

377 1476 486 1511 cordis
517 1476 705 1509 ventriculis
728 1498 742 1515 ,
786 1476 818 1506 &
843 1472 996 1506 *auricula
1027 1471 1154 1505 dextera
1187 1478 1311 1511 magnae
1343 1467 1391 1499 al-

376 1521 425 1554 bae
451 1546 460 1561 ‚
494 1531 549 1553 nec
581 1518 735 1552 firmioris
766 1526 873 1550 tamen
917 1515 1082 1549 strufturae
1117 1536 1126 1551 ‚
1171 1512 1391 1546 concretiones

378 1563 565 1607 polyposae.
703 1564 740 1595 In
764 1559 849 1594 fellis
875 1557 1007 1592 vesicula
1031 1557 1145 1591 calculi
1169 1558 1235 1590 duo
1266 1554 1353 1597 nigri
1378 1578 1389 1593 ‚

376 1607 420 1641 fic
446 1607 521 1641 satis
543 1606 616 1640 duri
637 1628 646 1644 ‚
682 1605 720 1638 ad
743 1604 817 1638 cubi
855 1602 997 1636 formam
1022 1601 1205 1635 accedentes
1230 1625 1240 1641 ,
1272 1599 1390 1641 impari

376 1650 626 1694 magnitudine5
652 1647 702 1681 sed
726 1657 836 1692 neuter
861 1656 955 1688 parva
972 1669 979 1678 .

421 1706 452 1739 3.
473 1692 772 1739 JUVENEM
817 1689 966 1723 tot-osum
989 1711 999 1728 ,
1033 1698 1131 1721 annos
1164 1695 1277 1719 natum
1309 1684 1391 1718 duo-

377 1738 538 1782 deviginti
564 1759 574 1774 ‚
605 1747 701 1778 quem
733 1735 882 1768 Venetiis
914 1734 999 1765 intra
1031 1732 1109 1765 osto
1149 1730 1279 1763 circiter
1324 1729 1392 1761 dies

379 1782 647 1828 peripneumonia
672 1777 837 1813 sustulerat
863 1802 872 1817 ‚
904 1776 1015 1810 Amici
1047 1776 1108 1808 mei
1141 1774 1219 1809 Viri
1254 1771 1345 1805 ἀοξὶί
1377 1783 1392 1804 a

386 1838 437 1860 me
469 1826 632 1870 petierunt
656 1846 667 1864 ,
699 1831 736 1857 ut
769 1821 960 1865 persecarem
1000 1819 1102 1852 mense
1137 1816 1308 1851 Decembri
1346 1816 1387 1848 A.

387 1871 481 1913 1708.
505 1869 612 1903 multo
635 1868 736 1909 magis
759 1875 795 1901 ut
818 1876 888 1908 quae
912 1862 1082 1897 secundum
1104 1870 1250 1898 naturam
1272 1857 1395 1899 essent,

383 1915 532 1958 pleraque
555 1912 746 1954 diligentius
769 1906 999 1950 cognoscerent
1018 1930 1031 1946 ,
1065 1916 1160 1949 quam
1183 1912 1220 1937 ut
1254 1913 1324 1945 quae
1356 1903 1396 1935 ad

378 1958 531 1992 morbum
554 1956 747 1989 attinerent.
771 1953 825 1987 Ad
850 1950 935 1985 hunc
960 1959 1066 1984 tamen
1089 1959 1161 1991 quae
1195 1945 1394 1989 speetarent,

378 2002 450 2036 haec
475 1998 708 2035 demonstravi.
842 1995 868 2029 P
892 1997 927 2028 U
951 1996 979 2027 L
1002 1994 1041 2027 M
1065 1993 1100 2025 O
1143 1990 1254 2023 dexter
1277 1989 1396 2022 arffius

378 2046 522 2087 undique
565 2042 745 2077 adhaerebat
791 2040 922 2073 viciniae
965 2047 1020 2081 per
1070 2045 1197 2069 tenuem
1237 2032 1396 2075 quandam

380 2088 599 2123 membranam
633 2110 640 2117 .
689 2082 845 2128 Ejusdem
882 2082 1026 2124 superior
1058 2079 1150 2113 lobus
1181 2076 1361 2110 durisiimus
1385 2097 1395 2113 ,

379 2130 642 2176 graviffimusque
674 2152 688 2169 ,
731 2128 852 2171 quippe
885 2137 923 2158 ex
967 2123 1138 2158 substantia
1176 2119 1275 2162 hepar
1316 2118 1397 2152 refe-

381 2186 470 2210 rente
501 2200 514 2216 ,
557 2184 654 2217 quam
687 2174 716 2205 ἃ
756 2181 827 2212 pars
860 2169 982 2212 reliqua
1028 2166 1095 2209 ejus
1130 2164 1293 2208 pulmonis
1317 2186 1330 2203 ,
1363 2165 1396 2195 δε

380 2219 497 2254 sinistri
532 2229 602 2262 pars
635 2215 774 2249 maxima
805 2213 1024 2257 quadantenus
1066 2207 1273 2243 ostendebant
1306 2231 1314 2239 .
1355 2207 1396 2239 In

382 2263 508 2298 sinistro
543 2261 687 2295 thoracis
720 2269 800 2291 cavo
832 2268 911 2299 aqua
936 2255 1039 2289 multa
1062 2277 1074 2294 ‚
1107 2263 1205 2295 eaque
1230 2258 1360 2284 cruenta
1384 2272 1394 2287 ,

384 2310 417 2341 &
451 2304 537 2351 quas]
575 2304 769 2347 nigricans:
803 2299 988 2343 cujusmodi
1022 2308 1103 2340 aqua
1125 2320 1139 2338 ‚
1171 2305 1227 2328 nec
1259 2305 1358 2337 pauca
1382 2316 1395 2333 ,

383 2352 418 2384 in
453 2347 633 2393 pericardio
665 2356 795 2390 quoque
829 2353 894 2377 erat
921 2367 928 2373 .
964 2341 1087 2375 Cordis
1110 2339 1287 2374 auriculam
1320 2337 1396 2370 dex-

385 2404 487 2428 teram
511 2417 521 2432 ,
558 2390 653 2425 facile
686 2387 837 2421 videlicet
872 2386 1038 2419 cedentem
1071 2408 1084 2424 ,
1126 2383 1251 2423 sanguis
1296 2381 1399 2423 pluri-

386 2450 457 2472 mus
480 2446 627 2470 extremo
647 2457 659 2474 ,
691 2442 726 2466 ut
750 2430 854 2464 censui
876 2452 886 2467 ,
923 2438 1069 2471 tempore
1102 2427 1136 2458 in
1160 2436 1195 2457 ea
1228 2424 1374 2469 restitans
1389 2445 1398 2459 ,

386 2482 530 2516 multum
554 2478 765 2513 dilataverat.
793 2475 901 2516 Niger
924 2474 951 2505 is
975 2481 1062 2512 erat,
1086 2469 1320 2511 &grumosus‚
1347 2477 1402 2499 nec

385 2525 448 2560 fine
472 2522 626 2568 polyposa
659 2520 865 2553 concretione
889 2517 992 2549 tenaci
1017 2540 1026 2555 ,
1059 2516 1090 2547 &
1115 2522 1230 2555 magna
1258 2535 1273 2552 ,
1313 2510 1404 2554 cujus

386 2580 457 2612 pars
480 2569 514 2601 in
539 2565 717 2608 sribjestum
740 2561 954 2595 ventriculum
978 2556 1160 2601 pertinebat
1188 2568 1197 2589 :
1223 2555 1321 2588 altera
1345 2565 1401 2587 au-

387 2622 477 2652 tern,
501 2609 577 2644 huic
600 2607 771 2642 substantia
793 2615 858 2638 non
880 2602 1023 2637 dissimili
1042 2626 1054 2643 ‚
1087 2600 1138 2634 sed
1161 2604 1267 2640 teres,
1291 2599 1325 2631 in
1351 2608 1400 2630 ar-

387 2658 469 2690 teria
491 2663 558 2688 erat
582 2649 789 2688 Pulmonari.
814 2648 917 2682 Nulla
940 2656 1046 2680 autem
1070 2645 1105 2677 in
1129 2642 1253 2676 sinistro
1276 2642 1399 2675 ventri-

388 2701 464 2734 culo
479 2722 492 2740 ,
514 2696 696 2739 adjectaque
722 2692 897 2738 auriculaz
910 2692 944 2723 in
957 2690 1072 2732 quibus
1096 2687 1305 2729 nesanguinis
1328 2686 1404 2728 qui-

386 2744 462 2778 dem
482 2765 492 2781 ‚
527 2740 584 2775 nisi
608 2740 694 2773 forte
724 2739 810 2771 inter
830 2733 1045 2768 dissecandum
1079 2731 1246 2766 effluxerat
1264 2753 1276 2769 ‚
1306 2729 1405 2771 quid-

389 2798 489 2830 quam
511 2786 641 2819 inveni.
779 2782 817 2813 In
841 2780 965 2813 Ventre
982 2777 1087 2818 aliqua
1112 2786 1200 2817 aquae
1212 2774 1306 2814 copia
1320 2771 1407 2812 fuit;

392 2831 479 2873 jecur
502 2828 541 2862 ad
562 2826 761 2870 crepidinem
781 2822 942 2857 lividum:
967 2819 1114 2854 intestina
1130 2844 1140 2860 ‚
1165 2817 1282 2850 alicubi
1297 2815 1407 2849 subru-

391 2875 469 2915 bra,
492 2882 585 2915 grave
605 2869 735 2903 olebant
748 2893 755 2900 .

435 2928 468 2960 4.
506 2916 525 2949 S
550 2916 580 2948 E
604 2913 640 2946 N
667 2913 697 2945 E
719 2912 750 2944 X
796 2920 956 2944 annorum
989 2906 1189 2951 septuaginta
1234 2913 1375 2946 quatuor
1399 2928 1407 2943 ,

394 2960 520 2996 staturae
544 2956 680 2991 humilis
702 2977 716 2994 ,
751 2965 910 2996 cauponas
945 2951 1147 2995 frequentare
1170 2947 1285 2981 solitus
1312 2973 1321 2989 ‚
1356 2946 1408 2981 his

394 3004 523 3040 ultimis
557 3002 647 3034 annis
694 2998 855 3031 obnoxius
890 2997 1080 3039 pulmonum
1122 2992 1372 3026 inflammationi
1398 3015 1410 3031 ‚

395 3048 458 3084 hac
504 3043 666 3080 novissime
699 3043 732 3075 in
780 3042 936 3074 Patavino
969 3037 1174 3072 Nosocomio
1207 3037 1293 3068 intra
1326 3036 1411 3069 octi-

401 3092 501 3126 duum
532 3087 701 3123 confeetus
733 3085 838 3118 fuerat
862 3109 872 3118 .
905 3083 1082 3117 Peculiaria
1105 3081 1345 3124 symptomata,
1372 3090 1410 3111 eo

396 3144 541 3178 tempore
575 3128 789 3166 animadversa
811 3152 822 3169 ,
853 3139 918 3160 non
950 3126 1015 3161 fuit
1055 3126 1110 3168 qui
1148 3132 1290 3156 accurate
1335 3122 1410 3155 satis

398 3186 573 3214 narraret:
606 3173 815 3219 quamobrem
847 3171 917 3214 ipsa
941 3195 949 3209 ‚
994 3178 1030 3203 ut
1062 3171 1096 3202 in
1130 3167 1252 3201 duabus
1294 3168 1412 3208 pariter

399 3220 615 3266 superioribus
647 3217 791 3252 historiis
826 3216 888 3248 feci
910 3216 953 3247 ob
984 3212 1113 3258 eandem
1149 3210 1274 3244 causam
1297 3233 1310 3250 ,
1347 3221 1412 3243 non

400 3266 525 3301 refero.
549 3265 625 3297 Hoc
649 3272 749 3296 unum
771 3258 858 3302 quod
883 3270 942 3301 pro
964 3267 1053 3292 certo
1085 3257 1162 3289 scire
1187 3255 1279 3297 potui
1303 3277 1315 3293 ,
1346 3264 1411 3287 non

401 3309 563 3346 reticebo.
589 3306 696 3340 Nullo
719 3302 846 3348 prorsus
861 3302 1074 3344 symptomate
1087 3297 1173 3342 quod
1184 3298 1349 3340 speciatim
1372 3298 1413 3331 ad

402 3350 646 3388 describendum
677 3347 784 3382 cordis
817 3347 934 3379 vitium
970 3347 1118 3378 attineret
1144 3365 1152 3379 ‚
1187 3341 1240 3374 hic
1284 3341 1411 3374 labora-

403 3406 514 3437 verat,
537 3405 603 3428 non
624 3393 800 3434 deliquiis,
827 3400 891 3422 non
916 3385 1190 3431 palpitationibus
1214 3407 1224 3422 ‚
1249 3394 1311 3416 non
1338 3385 1411 3425 pul-

405 3441 496 3477 suum
511 3465 519 3481 ,
541 3438 599 3482 qui
624 3437 714 3479 parvi
736 3433 931 3475 caeteroquin
955 3442 1043 3464 erant
1066 3456 1078 3471 ,
1102 3427 1375 3470 inaequalitatibus
1402 3451 1410 3465 ,

406 3495 505 3527 neque
527 3483 600 3515 aliis
623 3477 874 3522 ejusdemmodi.
902 3475 1042 3516 Qaefivi
1068 3474 1153 3507 enim
1176 3470 1242 3505 haec
1275 3471 1413 3513 diligen-

407 3538 472 3560 tius
504 3525 673 3569 postquam
704 3522 743 3556 ad
776 3519 999 3555 absolvendam
1031 3520 1215 3552 Anatomen
1248 3514 1413 3548 Publicam

1434 556 1478 590 A.
1507 566 1599 599 1730.
1624 553 1691 597 ejus
1726 550 1876 586 cadavere
1906 553 1978 587 usus
2010 553 2134 587 fueram
2157 576 2167 585 .

1435 600 1474 634 M
1496 601 1531 632 O
1555 599 1591 632 N
1615 599 1645 631 E
1669 598 1688 630 S
1721 595 1862 638 undique
1893 606 1981 630 erant
2016 598 2133 638 pleurae
2168 598 2282 630 annexi

2316 621 2324 630 .
2363 600 2413 632 De
2436 620 2455 627 -

1435 643 1497 690 teri
1521 653 1591 685 pars
1616 641 1736 687 summa
1759 638 1838 673 dura
1853 663 1867 680 ‚
1889 642 1921 673 ὃ(
1946 641 2134 682 nigricans:
2159 639 2361 684 ejusdemque
2377 610 2453 683 pisi..

1437 687 1542 719 monis
1566 685 1746 727 sanguitera
1777 683 1847 717 vasa
1877 694 2019 717 connexa
2051 683 2215 717 arctissime
2248 696 2321 718 cum
2355 684 2454 717 bron-

1439 729 1524 763 chiis
1563 740 1570 761 :
1614 731 1762 770 interque
1796 737 1831 759 ea
1869 728 1940 759 vasa
1985 738 2085 760 unum
2128 727 2379 761 animadversum
2411 728 2454 762 est

1439 772 1527 815 quod
1558 771 1601 805 -ad
1630 771 1773 814 ‘trabium
1805 770 1847 802 ali
1873 778 1931 803 uot
1954 769 2133 812 digitorum
2157 781 2222 804 erat
2246 770 2418 806 dilatatum
2440 784 2454 812 3

1444 828 1483 849 eo
1517 825 1622 849 autem
1655 813 1781 847 emenso
1804 823 1851 846 tra
1888 825 1909 847 u
1932 837 1945 854 ,
1977 814 2014 846 ad
2036 812 2150 855 justam
2181 814 2374 848 diametrum
2404 826 2455 848 re-

1444 860 1534 894 dibat
1555 884 1563 892 .
1599 857 1658 892 Sed
1692 860 1724 890 &
1761 856 1964 890 Bronchialis
1998 859 2123 891 arteriae
2155 866 2306 893 truncum
2340 858 2454 893 existe-

1445 915 1478 936 re
1508 903 1577 937 vidi
1600 914 1639 935 ex
1671 900 1784 934 arteria
1818 901 1938 943 Magna
1971 899 2102 934 insolita
2127 902 2342 943 amplitudine
2365 925 2379 942 ,
2415 910 2454 936 ut

1442 947 1604 980 diametro
1634 943 1718 994 esset·
1732 942 1834 987 triplo
1863 942 2096 987 propemodum
2128 944 2245 986 majori
2268 956 2366 989 quam
2400 943 2455 978 so-

1443 992 1487 1024 let
1511 1016 1519 1025 .
1551 991 1583 1023 A
1605 987 1776 1032 posteriore
1800 996 1907 1021 autem
1946 987 2108 1030 superficie
2142 987 2256 1022 sinistri
2289 989 2454 1022 ventricu-

1443 1035 1467 1067 li
1491 1033 1596 1067 cordis
1618 1056 1631 1073 ,
1662 1031 1833 1065 intervallo
1865 1032 1986 1073 gemini
2020 1030 2121 1073 digiti
2154 1032 2318 1065 transversi
2360 1032 2453 1074 supra

1441 1088 1626 1111 mucronem
1649 1099 1661 1117 ‚
1692 1074 1872 1109 extrorsum
1906 1075 2109 1117 prominebat
2141 1076 2366 1117 tuberculum,
2389 1087 2455 1108 me-

1440 1121 1561 1155 diocris
1593 1117 1688 1153 cerasi
1719 1117 1940 1161 magnitudine
1963 1142 1976 1160 ‚
2009 1122 2042 1152 &
2066 1118 2167 1161 figura
2189 1142 2202 1160 ,
2233 1119 2323 1161 cujus
2356 1120 2455 1153 dimi-

1442 1165 1534 1199 dium
1566 1163 1706 1213 exstabat
1730 1187 1738 1202 ‚
1769 1162 1947 1195 dimidium
1979 1163 2065 1196 intra
2105 1161 2311 1196 substantiam
2348 1162 2456 1198 cordis

1441 1208 1471 1242 se
1495 1207 1694 1241 immittebat
1719 1231 1727 1239 .
1761 1206 1843 1238 Erat
1868 1205 1963 1239 instar
1986 1204 2122 1248 alicujus
2148 1207 2315 1248 hydatidis
2348 1218 2387 1240 ex
2411 1208 2453 1241 iis

1441 1264 1512 1295 quae
1544 1252 1629 1284 intra
1663 1250 1723 1282 alia
1758 1247 1878 1281 viscera
1901 1272 1914 1289 ‚
1945 1250 2111 1290 pulmones
2146 1260 2222 1291 puta
2261 1274 2271 1292 ‚
2318 1259 2373 1285 aut
2407 1261 2458 1283 re-

1442 1307 1494 1329 nes
1519 1318 1531 1336 ‚
1568 1296 1614 1327 ita
1638 1292 1849 1326 innascuntur
1871 1315 1883 1332 ,
1920 1301 1957 1326 ut
1993 1302 2082 1334 parte
2117 1292 2165 1326 sui
2187 1293 2296 1336 aliqua
2330 1295 2455 1336 promi-

1440 1348 1536 1372 neant
1568 1348 1674 1372 tamen
1699 1362 1706 1368 .
1752 1334 1811 1369 Sed
1844 1337 2076 1377 compunetum
2117 1347 2249 1379 paucam
2283 1336 2388 1371 emisit
2424 1349 2458 1370 a-

1439 1393 1571 1426 quam3
1604 1379 1823 1415 turbidiorem
1860 1389 1966 1412 autern
1997 1379 2166 1413 humorem
2199 1381 2355 1414 retinuit.
2383 1381 2456 1426 Qi

1440 1438 1480 1459 ex
1517 1424 1645 1468 prorsus
1669 1432 1779 1467 aperto
1811 1421 1942 1457 eduetus
1979 1422 2021 1457 est
2051 1434 2112 1457 una
2145 1434 2218 1458 cum
2254 1424 2458 1459 membranu-

1443 1469 1474 1502 la
1495 1493 1508 1510 ,
1539 1472 1573 1502 in
1606 1480 1667 1512 qua
1703 1467 1775 1515 alba
1808 1466 1953 1509 quaedam
1978 1477 2068 1500 erant
2092 1489 2101 1504 ‚
2133 1470 2166 1500 δε
2191 1467 2319 1502 mucosa
2343 1493 2356 1510 ,
2383 1478 2456 1503 tum

1444 1513 1602 1555 particula
1625 1511 1712 1554 quasi
1737 1509 1893 1543 tendineae
1918 1511 2054 1543 duritiei
2079 1535 2086 1542 .
2128 1510 2207 1544 Visa
2229 1511 2272 1545 est
2294 1524 2328 1545 ea
2352 1525 2457 1547 mem-

1441 1556 1572 1590 branula
1605 1555 1714 1588 locum
1758 1554 1884 1586 intimae
1920 1555 2038 1587 tunicae
2082 1556 2117 1587 in
2151 1556 2322 1589 tuberculo
2366 1557 2459 1590 obti-

1442 1611 1548 1638 nere;
1586 1610 1661 1632 nam
1696 1599 1836 1630 exterior
1869 1600 1935 1629 erat
1968 1598 2063 1631 altera
2097 1597 2189 1631 densa
2216 1622 2228 1638 ‚
2261 1602 2294 1632 &
2329 1600 2461 1641 albida,

1442 1645 1531 1676 intus
1564 1642 1671 1684 aspera
1694 1663 1704 1678 ‚
1738 1643 1770 1674 ὃς
1803 1641 1969 1682 inaequalis
2004 1667 2013 1680 ,
2058 1653 2129 1684 quae
2163 1642 2344 1677 universnm
2385 1646 2459 1678 cin-

1442 1687 1536 1729 gebat
1571 1684 1813 1721 tuberculum5
1855 1693 1890 1715 ut
1930 1684 1985 1717 suo
2019 1685 2161 1728 quodam
2198 1685 2298 1719 modo
2331 1686 2372 1720 ad
2405 1698 2459 1721 eos

1444 1740 1590 1764 tumores
1625 1728 1786 1760 videretur
1833 1725 2032 1761 referendum
2066 1751 2079 1768 ‚
2121 1729 2223 1771 qui,
2265 1739 2300 1762 ut
2345 1731 2460 1765 Celsus

1444 1777 1457 1813 (
1480 1773 1534 1823 b.)
1568 1773 1718 1821 loquitur
1743 1794 1755 1810 ,
1789 1780 1827 1803 ex
1847 1769 1985 1811 parvulo
2008 1771 2166 1814 incipiunt
2191 1797 2201 1812 ,
2234 1773 2277 1805 Θ
2298 1775 2352 1807 diu
2372 1785 2457 1816 pau-

1446 1817 1599 1858 latzmque
1641 1813 1815 1863 increscunt
1850 1836 1860 1851 ,
1908 1814 1951 1847 Θ*
1982 1815 2088 1848 tunica
2117 1815 2178 1857 sua
2219 1816 2424 1852 includuntur
2449 1843 2458 1850 .

1448 1861 1559 1901 Qam
1591 1869 1652 1901 ego
1685 1867 1830 1891 tunicam
1864 1855 1940 1891 dum
1975 1868 1992 1889 a
2033 1857 2243 1900 circumje&a
2277 1871 2369 1893 carne
2416 1861 2462 1896 se-

1447 1914 1591 1946 pararem
1626 1925 1640 1943 ,
1686 1902 1767 1933 hanc
1802 1899 1908 1933 sanam
1952 1902 2056 1943 reperi
2103 1910 2174 1936 tum
2215 1903 2424 1938 circumcirca
2449 1929 2462 1946 ‚

1449 1955 1521 1980 tum
1554 1958 1616 1989 qua
1649 1944 1854 1978 tuberculum
1888 1945 1973 1977 inter
2006 1965 2016 1982 ‚
2055 1947 2093 1978 ’δέ
2128 1946 2300 1980 ventriculi
2337 1959 2463 1983 caveam

1449 1988 1667 2025 intercedebat
1703 1998 1855 2034 Qneque
1891 1988 1976 2020 enim
2024 1987 2110 2021 illud
2155 1990 2240 2023 ultra
2283 1990 2464 2027 dimidium

1450 2032 1666 2066 crassitudinis
1713 2043 1779 2072 CJus
1824 2031 1857 2062 in
1899 2043 1966 2073 quo
2010 2042 2151 2065 creverat
2184 2056 2196 2073 ‚
2256 2035 2388 2074 parietis
2434 2035 2464 2070 se

1449 2076 1590 2125 multum
1633 2074 1822 2107 extendebat
1848 2097 1855 2104 2
1992 2075 2143 2118 Denique
2188 2076 2311 2110 sinistra
2352 2079 2463 2114 cordis

1449 2119 1594 2153 aur1cula
1632 2117 1739 2151 multo
1769 2127 1867 2159 quam
1897 2116 1997 2150 soleat
2020 2141 2033 2158 ,
2069 2118 2201 2162 longior
2226 2144 2235 2160 ,
2281 2124 2313 2155 &
2337 2122 2371 2154 in
2415 2122 2465 2157 fa-

1447 2164 1496 2196 cie
1540 2163 1666 2195 interna
1700 2186 1707 2192 .
1763 2161 1878 2193 Aortae
1935 2159 2116 2204 frequentes
2168 2163 2258 2198 osseae
2312 2163 2464 2208 squamu-

1447 2208 1486 2240 1ae
1532 2204 1847 2248 conspiciebantur,
1882 2202 1922 2236 ad
1975 2211 2180 2239 curvaturam
2236 2207 2415 2250 praesertim
2450 2233 2464 2250 ,

1446 2254 1479 2284 &
1524 2260 1626 2292 prope
1676 2259 1735 2297 cor
1785 2246 1826 2280 sic
1872 2255 1978 2280 tamen
2031 2257 2067 2282 ut
2110 2261 2218 2284 earum
2275 2262 2464 2294 apparerent

1447 2295 1617 2327 dumtaxat
1673 2290 1899 2324 mchoarnenta
1955 2302 2038 2335 pone
2092 2294 2232 2328 valvulas
2287 2297 2467 2331 Semiluna-

1449 2349 1496 2371 res
1521 2361 1528 2368 .
1579 2335 1746 2369 Caeterum
1789 2335 1919 2367 illarum
1966 2336 2080 2377 aliquae
2125 2338 2223 2372 etiam
2267 2338 2350 2372 alibi
2432 2343 2467 2375 δε

1449 2381 1645 2414 nominatim
1702 2377 1741 2411 ad
1794 2379 1950 2411 Coeliacae
2005 2377 2172 2415 orificium
2205 2405 2219 2422 ,
2274 2393 2340 2415 non
2372 2364 2469 2418 'dee-

1455 2433 1548 2458 rant.

1500 2479 1530 2510 5.
1555 2468 1608 2500 De
1639 2466 1749 2499 cordis
1782 2464 1954 2499 tuberculo
1975 2463 2030 2498 hic
2064 2466 2206 2507 primum
2238 2467 2347 2503 dicam
2376 2469 2468 2514 quod

1456 2510 1529 2556 dixi
1553 2521 1626 2543 cum
1649 2509 1683 2543 id
1705 2507 1922 2543 Auditoribus
1947 2507 2168 2549 ostenderem,
2191 2522 2230 2544 ex
2255 2512 2313 2547 hac
2338 2525 2468 2558 quoque

1456 2555 1676 2587 observatione
1700 2552 1844 2594 intelligi
1869 2575 1883 2591 ‚
1914 2562 1979 2584 non
2004 2551 2079 2585 satis
2101 2564 2176 2587 cum
2199 2566 2276 2589 vero
2307 2568 2467 2601 conguere

1456 2599 1600 2648 Pliniana
1624 2600 1637 2637 (
1659 2609 1675 2630 c
1697 2600 1711 2636 )
1732 2596 1787 2628 illa
1811 2595 1908 2628 verba
1933 2594 2065 2636 :solum
2087 2595 2141 2630 hoc
2163 2597 2317 2640 viscerum
2340 2604 2353 2640 (
2375 2613 2432 2635 cor
2453 2607 2468 2645 )

1453 2650 1550 2675 vitm
1572 2651 1630 2673 non
1655 2647 1833 2685 maceratur
1853 2662 1867 2680 ,
1888 2648 1942 2672 nec
1958 2638 2116 2681 supplicia
2147 2642 2223 2674 vitae
2247 2643 2351 2677 trahit
2373 2657 2382 2678 :
2417 2645 2469 2679 lae-

1448 2684 1580 2727 fitmque
1603 2691 1736 2717 mortem
1758 2682 1845 2716 illico
1869 2679 1962 2725 affert
1984 2707 1991 2714 .
2023 2683 2126 2717 Nunc
2151 2684 2235 2717 addo
2261 2699 2269 2720 z
2304 2698 2360 2721 nec
2393 2688 2469 2724 satis

1456 2740 1530 2762 cum
1553 2738 1628 2760 vero
1661 2727 1831 2760 convenire
1855 2725 2079 2769 plerorumque
2113 2728 2304 2770 opinionem
2323 2753 2336 2770 ,
2368 2734 2470 2766 nimi-

1459 2783 1530 2817 rum
1562 2782 1619 2804 cor
1653 2769 1762 2803 laesum
1799 2767 1862 2802 sine
1895 2768 2038 2810 aliquo,
2076 2780 2131 2804 aut
2168 2773 2315 2815 pluribus
2352 2786 2469 2812 eorum

1458 2817 1714 2857 symptomatum
1748 2810 1805 2846 esse
1838 2811 2024 2861 non-posse
2046 2836 2059 2854 ,
2102 2825 2241 2857 quornm
2274 2817 2400 2851 nullum
2435 2822 2470 2854 in

1460 2859 1523 2909 boc
1559 2860 1636 2891 Sene
1670 2856 1762 2891 fuiffe
1785 2880 1797 2897 ‚
1828 2856 1934 2901 retuli
1965 2882 1973 2888 .
2006 2856 2165 2894 Quaenam
2197 2871 2303 2894 autem
2347 2859 2470 2898 fuerint

1460 2914 1494 2935 in
1529 2902 1692 2945 Veslingii
1727 2899 1826 2934 nostri
1859 2899 2095 2933 Observatione
2128 2925 2138 2941 ,
2181 2905 2301 2938 rariore
2334 2906 2378 2939 ob
2424 2907 2471 2942 se-

1459 2945 1531 2980 dem
1556 2969 1575 2995 ,ι
1601 2945 1638 2978 ad
1672 2944 1756 2978 idem
1799 2953 1905 2993 tamen
1939 2954 1972 2976 ac
2006 2955 2074 2976 mea
2098 2966 2106 2981 ‚
2137 2956 2234 2988 genus
2280 2949 2435 2983 attinente

1460 2988 1615 3023 Rhodius
1638 2992 1652 3028 (
1672 2989 1692 3021 d
1713 2992 1727 3028 )
1749 2989 1808 3030 qui
1833 2987 1924 3019 illam
1949 2987 2118 3029 proposuit
2141 3012 2154 3029 ,
2178 2992 2384 3032 peculiariter
2409 2975 2471 3029 do:

1461 3045 1531 3067 cere
1565 3030 1764 3075 praete1·m1fit
1792 3057 1798 3063 .
1830 3031 2004 3068 ‘Quantum
2038 3032 2126 3065 enim
2151 3042 2272 3069 certum
2307 3035 2349 3069 est
2371 3059 2384 3076 ,
2415 3050 2472 3071 ex-

1464 3085 1607 3120 emptum
1633 3088 1648 3109 e
1673 3076 1798 3107 dextera
1831 3075 1888 3107 illa
1921 3074 2027 3107 cordis
2061 3077 2204 3110 auricula
2227 3100 2236 3114 ,
2277 3089 2341 3111 non
2376 3082 2473 3124 poly-

1464 3121 1579 3168 posum
1613 3120 1780 3162 quidpiam
1803 3116 1894 3151 fuisse
1919 3143 1929 3158 ,
1964 3127 2000 3151 ut
2024 3120 2058 3151 in
2083 3120 2157 3152 aliis
2179 3114 2374 3162 quibusdam
2398 3125 2473 3158 Ob-

1463 3163 1693 3199 iei-vationibus
1737 3162 1921 3195 dubitamus
1946 3185 1958 3201 ‚
1992 3161 2042 3195 sed
2076 3174 2190 3197 verum
2222 3166 2254 3199 in
2287 3177 2347 3208 quo
2391 3166 2473 3201 nihil

1458 3209 1550 3251 puris
1573 3229 1583 3245 ‚
1608 3205 1794 3256 foll-iculum
1820 3230 1828 3244 ,
1860 3207 1981 3249 quippe
2017 3206 2142 3239 venulis
2181 3208 2212 3240 ei
2244 3210 2284 3243 ad
2319 3211 2473 3244 nutritio-

1463 3263 1533 3285 nem
1559 3260 1688 3284 annexas
1711 3272 1724 3289 ,
1756 3258 1883 3282 tantum
1916 3261 2043 3292 quoque
2076 3249 2204 3284 evidens
2239 3252 2281 3285 est
2303 3276 2317 3294 ‚
2348 3253 2473 3288 hvdro-

1463 3306 1571 3337 pem,
1606 3298 1637 3326 ὃ(
1672 3303 1748 3339 pus,
1764 3294 1864 3326 initio
1897 3293 2003 3326 morbi
2037 3303 2198 3327 excretum
2231 3307 2292 3338 pro
2331 3291 2474 3340 peculia-

1464 3339 1552 3372 ribus
1595 3337 1684 3369 illius
1726 3338 1823 3378 signis
1865 3336 1971 3370 haberi
2014 3347 2078 3368 non
2120 3336 2235 3380 posse.
2368 3341 2473 3373 Caete-

1462 3394 1533 3415 rum
1577 3379 1664 3423 quod
1709 3379 1747 3412 ad
1792 3380 1927 3422 praesens
1972 3381 2089 3413 attinet
2134 3380 2353 3421 institutum3
2399 3383 2473 3426 pul-

1466 3435 1602 3458 monum
1656 3423 1971 3457 inflammationibus
2015 3445 2024 3460 ,
2079 3425 2197 3466 quibus
2251 3425 2354 3459 noster
2416 3429 2469 3460 Se-

1467 3480 1528 3518 nex
1572 3468 1735 3500 obnoxius
1781 3466 1923 3507 fuerat,
1967 3477 2042 3500 num
2077 3469 2166 3501 illius
2213 3467 2370 3502 tuberculi
2406 3471 2474 3503 ini-

1469 3521 1553 3545 tium
1576 3535 1588 3551 ‚
1634 3519 1905 3554 augmentumque
1949 3510 2180 3554 imputandum
2223 3509 2302 3545 est?
2350 3512 2473 3547 Vidisti

2346 3567 2432 3590 enim

411 3642 2470 3669 W

499 3738 514 3754 a
531 3731 545 3760 )
568 3729 622 3754 Vitl-
650 3726 724 3756 Epist.
749 3736 787 3759 ²5·
817 3736 841 3752 n.
864 3734 903 3755 ²4·
966 3725 1032 3756 (b)
1062 3727 1098 3751 De
1122 3723 1216 3749 Medic.
1241 3723 1260 3746 l.
1289 3730 1312 3750 7.
1338 3730 1359 3747 c.
1384 3730 1406 3752 3.

506 3761 546 3792 d)
574 3763 646 3785 cent.
672 3767 693 3788 3.
717 3758 775 3784 Obs.
800 3757 870 3784 Med.
894 3768 918 3788 4.

471 3730 489 3791 ⁶³¹³

1471 3721 1539 3751 (c)
1563 3722 1621 3745 Nat.
1650 3720 1709 3745 Hist.
1735 3723 1752 3747 l.
1778 3729 1815 3747 n.
1842 3728 1864 3746 c.
1889 3728 1926 3751 37.
