2498 4075
411 157 502 208 134

339 226 443 265 magis
467 226 628 258 Mortono
649 224 663 261 (
679 221 706 265 s
719 227 733 264 )
751 246 763 264 ,
795 222 910 256 nedum
933 234 970 256 ex
1001 222 1042 254 iis
1064 219 1154 253 libris
1184 221 1241 265 qui
1265 231 1339 254 nec-

341 267 417 301 dum
444 268 630 310 prodierant
653 277 691 298 eo
715 276 856 309 tempore
877 291 886 305 ,
909 276 944 300 ut
966 264 1132 298 Centuriis
1154 266 1167 303 (
1190 272 1205 297 t
1226 267 1240 303 )
1262 288 1271 303 ,
1305 266 1337 296 δε

341 310 436 344 Aesis
456 315 471 350 (
495 322 513 344 u
536 313 550 350 )
573 308 710 353 ejusdem
731 310 913 345 Academiae
936 334 946 349 ,
968 309 1176 341 Commercio
1199 308 1339 342 Littera-

339 354 390 385 rio
410 358 424 392 (
447 365 468 387 x
487 357 524 392 ),
548 354 701 395 aliisque.

392 408 442 430 20.
467 397 523 429 Sed
558 399 712 439 quoniam
735 395 892 439 plerisque
925 406 1037 428 eorum
1061 405 1143 429 nunc
1180 393 1264 427 sorte
1287 404 1339 425 ca-

339 451 408 479 res,
431 451 485 473 nec
509 438 638 482 indigua
662 449 766 472 tamen
791 450 835 472 res
867 448 934 471 tota
958 437 1000 471 est
1022 437 1060 471 de
1082 450 1143 480 qua
1167 438 1265 481 paulo
1285 447 1338 468 ac-

337 484 479 516 curatius
511 494 636 525 agamus
660 495 670 520 3
713 483 831 516 summa
865 480 996 523 quidem
1019 481 1228 524 perleehrum
1250 490 1266 512 a
1291 490 1340 512 me

342 525 550 560 historiarum
573 527 676 568 capita
694 524 755 559 huc
779 525 909 558 redeunt
924 549 931 556 .
1065 525 1116 557 Ei<
1128 534 1193 567 quo
1216 521 1342 556 Aristo-

342 569 421 602 teles
443 572 456 608 (
475 580 495 610 y
518 572 532 610 )
555 571 588 601 in
613 569 788 602 hostiarum
811 569 961 610 pulmone
983 568 1120 601 calculos
1152 566 1340 609 saepenume-

339 623 378 644 ro
413 613 643 645 animadversos
676 611 814 645 indicare
848 610 931 645 visus
962 610 1035 650 est,
1066 611 1211 642 Aretaeus
1235 618 1339 643 autem

335 658 352 694 (
375 666 399 697 ζ
420 658 458 695 ),
483 658 515 688 8(
537 656 679 688 Galenus
702 659 716 694 (
737 668 755 688 a
779 659 789 693 )
816 654 974 687 extuffitas
985 654 1023 687 ab
1048 652 1233 697 hominibus
1246 663 1339 694 gran-

335 698 426 730 dines
451 698 664 737 adnotarunt,
690 699 787 740 primi
807 721 820 738 ,
843 697 928 740 quod
952 697 1047 729 sciam
1072 719 1085 737 ,
1121 695 1282 730 induratas
1304 697 1338 728 in

333 751 425 773 veros
447 741 585 774 calculos
608 740 679 783 ejici
705 740 850 773 viderunt
864 740 1046 773 Trallianus
1069 742 1082 777 (
1104 738 1123 772 b
1144 743 1187 779 ),
1211 742 1242 771 ἅτ
1257 741 1339 773 Pau-

333 784 383 821 lus
407 787 420 822 (
444 796 458 816 c
481 787 496 822 )
518 807 524 814 .
561 786 597 817 ln
621 784 690 826 ipso
715 793 817 817 autem
841 782 982 816 hominis
1007 783 1157 825 pulmone
1182 783 1304 824 primus
1326 805 1336 820 ‚

334 835 492 869 quantum
517 828 548 858 in
575 827 739 868 praesentia
764 827 918 865 memini,
943 827 1045 859 noster
1066 826 1187 858 invenit
1202 826 1339 859 Curtius

333 873 352 909 s
374 870 393 901 d
415 873 450 908 ),
474 868 524 902 sed
547 880 623 903 num
648 880 719 910 ter,
743 880 779 903 ut
801 868 934 912 quidam
959 868 1046 910 ajunt
1064 892 1076 909 ,
1097 880 1159 902 non
1184 870 1337 905 memini,

335 913 392 955 qui
418 912 483 945 haec
506 921 632 946 tantum
656 912 760 955 legisse
786 924 835 945 me
858 912 953 945 sciam
969 938 977 951 ,
1001 910 1121 955 diffebio
1142 922 1264 954 corpore
1286 914 1338 945 νὶ-

338 952 409 999 disse
432 955 537 997 ipsum
562 956 685 998 lapillos
703 956 860 1001 plurimos
880 957 912 989 in
931 955 1229 998 pulmonegenztos‚
1255 956 1337 988 inter

357 1009 411 1031 uos
435 998 550 1040 aliquis
576 1007 664 1039 erat,
687 1000 741 1041 qui
762 999 802 1031 ad
824 999 1071 1041 magnitudinem
1099 996 1196 1041 faseli
1218 999 1337 1032 accede-

353 1049 410 1074 ατ.
545 1044 644 1075 Porro
666 1041 755 1085 quod
788 1041 822 1075 acl
849 1053 1017 1076 numerum
1049 1052 1159 1075 eorum
1184 1043 1300 1074 attinet
1325 1066 1336 1081 ‚

335 1082 411 1127 ipsis
434 1085 597 1119 Fernelius
608 1097 733 1128 quoque
756 1088 770 1125 (
792 1097 806 1119 e
831 1088 841 1123 )
866 1087 1021 1119 interdum
1035 1085 1195 1126 pulmones
1219 1082 1337 1127 confer-

332 1136 381 1161 tos
403 1126 635 1170 deprehendit,
653 1128 861 1171 plurimosque
884 1129 916 1160 in
940 1126 1050 1171 juvene
1060 1125 1200 1185 quodam
1224 1129 1332 1159 inven-

332 1180 384 1204 tos
407 1174 597 1205 memoravit
621 1172 778 1206 Gesnerus
801 1168 908 1214 (f),
930 1182 1020 1212 quam
1043 1171 1199 1212 plurimos
1222 1172 1254 1203 in
1265 1182 1334 1204 rnu-

333 1214 410 1248 liere
435 1215 594 1248 Hildanus
617 1218 671 1257 (g
686 1215 705 1257 )
720 1237 727 1251 ‚
751 1214 872 1256 aliquot
882 1223 1005 1248 centum
1029 1215 1061 1246 in
1086 1213 1333 1246 StudiosoHul-

333 1256 536 1291 denreichius
560 1261 574 1297 (
596 1258 615 1291 Ι]
636 1261 668 1297 ),
697 1259 729 1290 in
753 1257 818 1289 alio
841 1259 1016 1291 innumeros
1039 1258 1205 1299 Raygerus
1227 1260 1240 1296 (
1263 1258 1275 1289 i
1295 1260 1330 1297 >3

330 1310 367 1333 ut
389 1299 491 1333 sileam
516 1312 672 1341 caeteros,
694 1299 750 1334 eos
770 1311 807 1334 ue
829 1302 926 1333 etiam
958 1300 1013 1342 qui
1036 1298 1167 1345 rejeftos
1190 1311 1331 1333 comme-

333 1354 500 1377 morarunt
514 1368 522 1382 ,
548 1345 586 1377 cle
609 1344 724 1386 quibus
747 1312 827 1377 duos
850 1345 1016 1376 nominare
1039 1344 1113 1376 latis
1128 1342 1192 1383 est,
1214 1343 1333 1376 Hilda-

332 1398 409 1421 num
431 1391 445 1427 (
466 1387 485 1428 l<
505 1392 540 1428 )‚
564 1390 619 1431 qui
644 1386 785 1430 infinitos
808 1398 823 1420 a
847 1385 1011 1429 phthisico
1034 1384 1175 1433 redditos
1189 1386 1332 1429 scripsit,

330 1433 363 1464 a&
389 1430 622 1464 Boerhaavium
646 1434 659 1470 <
682 1431 693 1463 l
715 1434 751 1471 ),
774 1432 828 1472 qui
860 1431 890 1462 a*
916 1429 1103 1463 Vaillantio
1134 1430 1250 1473 ejeftos
1273 1440 1337 1463 tra-

334 1472 422 1507 didit
444 1476 707 1517 quadringentos,
733 1473 847 1516 eosque
869 1486 879 1512 3
912 1483 949 1507 ut
973 1471 1010 1505 de
1047 1473 1267 1514 magnitudine
1292 1483 1337 1506 et-

331 1517 398 1551 iam
422 1517 565 1552 dicamus
587 1529 598 1556 3
632 1528 740 1550 omnes
763 1518 914 1559 exiguos.
1046 1516 1105 1550 Sed
1129 1529 1143 1549 a
1167 1528 1337 1559 granorum

332 1562 420 1594 milii
447 1559 671 1602 magnitudine
696 1560 773 1603 saepe
796 1560 835 1593 ad
859 1560 976 1597 lentis,
1003 1559 1040 1593 ad
1064 1558 1121 1602 pisi
1149 1585 1157 1599 ‚
1188 1560 1223 1593 ad
1257 1562 1336 1593 cice-

329 1607 394 1642 ris,
420 1604 456 1638 ad
482 1604 565 1640 fabae
588 1603 844 1646 magnitudinem
868 1604 1035 1638 crescunt:
1059 1604 1135 1645 quin
1150 1604 1336 1639 Benivenius

332 1653 345 1688 (
367 1659 397 1681 m
420 1651 454 1687 )‚
479 1650 512 1681 δέ
542 1648 718 1681 Praei-otius
738 1647 840 1680 noster
863 1650 876 1686 (
897 1657 917 1678 n
939 1650 953 1686 )
975 1646 1156 1680 extuffitum
1168 1646 1336 1688 viderunt,

329 1691 385 1726 ille
407 1693 463 1733 qui
498 1689 537 1724 ad
563 1691 734 1723 avellanam
757 1689 945 1733 aequandam
979 1690 1138 1723 accederet
1157 1713 1166 1728 ‚
1200 1689 1254 1723 hic
1278 1693 1334 1734 qui

328 1746 397 1769 eam
420 1741 531 1769 nucem
558 1734 732 1775 superaret.
759 1732 906 1767 Grandes
929 1745 1058 1777 quoque
1072 1732 1213 1777 fuerint,
1238 1746 1336 1776 opor-

331 1788 398 1816 tet.
420 1789 507 1824 quos
529 1778 706 1811 mirabatur
720 1775 902 1811 Kochlerus
925 1779 939 1816 (
962 1788 978 1810 o
1000 1781 1015 1818 )
1039 1776 1099 1810 sine
1126 1776 1258 1811 instante
1271 1776 1337 1811 suf-

331 1821 494 1857 focatiOne
515 1833 571 1864 per
594 1820 745 1863 glottidis
770 1821 884 1855 rimam
908 1821 1015 1862 egredi
1040 1820 1177 1863 potuisse
1199 1844 1211 1861 ,
1233 1823 1265 1854 δε
1289 1821 1335 1853 sa-

329 1876 368 1900 ne
391 1867 424 1898 in
449 1866 582 1899 transitu
609 1864 760 1907 Asperam
784 1864 941 1898 laedebant
965 1866 1135 1897 arteriam:
1160 1875 1216 1896 nec
1230 1865 1334 1899 minus

332 1909 398 1954 ipse
420 1910 555 1943 miratus
581 1908 646 1942 sum
672 1919 771 1951 nuper
788 1932 799 1948 ,
830 1920 904 1942 cum
927 1918 975 1940 me
997 1905 1149 1941 Cifiarius
1173 1907 1336 1941 consulens

333 1965 392 2000 pro
418 1954 492 1987 sicca
520 1952 586 1986 tuffi
608 1975 617 1990 ‚
651 1952 809 1987 calculum
833 1951 954 1986 obtulit
984 1950 1141 1984 mediocri
1165 1949 1227 1983 osse
1258 1952 1334 1984 mali

332 1997 455 2044 perficae
480 1999 534 2030 vix
558 1997 738 2036 minorem,
761 2007 852 2038 quern
877 2003 993 2029 conatu
1017 1994 1150 2027 immani
1184 1994 1335 2036 expesto-

332 2050 453 2079 ravcrat
467 2066 478 2082 ,
500 2040 640 2084 duosque
666 2042 747 2074 alios
769 2041 859 2073 viciae
872 2037 1119 2081 magnitudine,
1142 2037 1243 2080 postea
1267 2037 1335 2071 red-

329 2087 419 2122 ditos
441 2113 447 2124 ,
469 2096 579 2119 ornnes
604 2096 643 2117 ex
665 2085 818 2123 dextero,
842 2094 913 2115 nam
940 2082 946 2088 '

971 2080 1009 2114 de
1033 2081 1194 2115 ascendere
1229 2092 1336 2122 perce-

334 2140 445 2175 perat,
471 2130 619 2173 pulmone
642 2153 649 2160 .
676 2127 784 2171 Major
805 2135 909 2159 tamen
933 2093 1032 2165 chi-it
1053 2126 1109 2167 qui
1134 2125 1171 2157 ab
1195 2125 1337 2157 Oethaeo

334 2179 347 2215 <
367 2179 425 2219 p)
448 2173 639 2207 describitur
654 2194 663 2208 ‚
690 2181 803 2204 nucem
829 2166 954 2212 aequaris
978 2167 1183 2211 juglandem,
1205 2178 1223 2201 a
1247 2167 1336 2210 puel-

336 2221 385 2256 la,
411 2216 444 2251 id
468 2216 557 2261 quod
581 2224 671 2259 auget
693 2214 939 2248 admirationem
966 2237 973 2250 ‚
1007 2222 1339 2259 annorum-quatuor-

337 2262 464 2302 decim,
487 2264 518 2294 &
544 2260 656 2303 absque
679 2259 742 2291 ulla
767 2256 927 2291 subsecuta
950 2254 1088 2287 evidenti
1115 2255 1263 2295 laesione,
1287 2266 1340 2287 ex-

330 2305 485 2343 rtuffitus,
509 2298 531 2336 si
558 2302 676 2336 Medici
701 2300 830 2344 quidem
855 2300 930 2332 satis
961 2296 1018 2331 fibi
1040 2310 1055 2331 a
1080 2297 1232 2331 foeminea
1256 2297 1341 2331 frau-

341 2349 380 2383 de
403 2356 572 2382 caverunt.
598 2344 656 2379 Sed
681 2345 790 2378 eadem
813 2341 1033 2383 magnitudine
1056 2343 1140 2374 intra
1157 2342 1341 2383 pulmonem

339 2394 505 2427 inventum
531 2390 570 2422 ab
593 2386 738 2422 Hildano
761 2386 825 2428 (q)
849 2384 943 2417 facile
967 2384 1084 2421 credo,
1116 2393 1151 2417 ut
1180 2383 1341 2416 columbi-

340 2438 374 2472 ni
399 2438 451 2469 ovi
478 2447 492 2468 a
516 2431 664 2467 Contulo
688 2434 700 2469 (
724 2441 740 2461 r
760 2433 774 2470 )
794 2453 806 2470 ,
840 2428 985 2469 quamvis
1009 2429 1115 2469 inepte
1138 2426 1232 2459 abuso
1257 2424 1342 2459 Mas-

341 2479 492 2524 pighiana
518 2477 621 2510 ranini
646 2474 809 2517 pulmonis
832 2473 970 2514 imagine
985 2495 997 2510 ,
1021 2471 1055 2503 in
1078 2481 1141 2513 qua
1164 2470 1257 2502 nobis
1280 2469 1342 2503 hu-

341 2526 470 2559 manum
494 2521 650 2554 calculum
672 2517 843 2552 delinearet
858 2540 866 2547 .
1303 2556 1309 2560 Π

385 2578 433 2602 21.
460 2567 567 2600 Habet
600 2572 706 2596 tamen
730 2559 874 2603 quaedam
908 2569 970 2591 non
995 2556 1173 2591 omittenda
1204 2556 1242 2589 de
1279 2568 1347 2600 ejus

340 2612 486 2649 duritie,
509 2608 605 2649 signis
627 2629 636 2644 ‚
670 2609 702 2639 δε
726 2603 915 2645 incipientis
938 2602 1122 2634 curatione.
1245 2602 1342 2633 *Cum

340 2657 424 2689 enim
449 2647 634 2696 plerumque
668 2648 702 2682 hi
726 2646 841 2681 calculi
872 2644 987 2678 soleant
1010 2642 1066 2678 esse
1097 2642 1211 2677 fimiles
1245 2653 1345 2676 mate-

340 2702 419 2738 riae,
444 2698 476 2730 in
502 2694 659 2740 junCmris
683 2691 926 2725 arthriticorum
949 2687 1178 2720 concrescentis
1199 2712 1207 2726 ,
1231 2685 1347 2719 friabi-

340 2744 406 2782 les,
431 2740 525 2774 instar
551 2738 691 2781 pumicis
718 2736 798 2768 leves
814 2756 824 2772 ,
846 2741 977 2765 cretacei
993 2754 1006 2771 ,
1029 2730 1213 2773 tophaceive
1241 2753 1249 2767 ‚
1272 2742 1348 2772 qua-

341 2787 404 2821 lem
425 2796 465 2817 ex
488 2782 626 2817 Cifiario
647 2780 706 2823 (s)
728 2777 817 2817 vidi5
841 2786 907 2809 non
930 2774 1041 2807 crebro
1063 2784 1166 2807 autem
1189 2774 1348 2813 praeduri,

343 2830 415 2863 duri
440 2827 530 2868 supra
555 2824 712 2863 modum,
735 2820 912 2858 duriffimi,
937 2821 968 2850 δι’
992 2819 1044 2850 vix
1068 2818 1157 2851 semel
1174 2816 1275 2849 filicea
1287 2817 1347 2850 du-

346 2873 421 2906 ritie
437 2894 447 2910 ,
473 2873 502 2902 δι
529 2868 665 2911 pondere
689 2875 858 2908 granorum
882 2862 1023 2904 viginti.
1049 2862 1075 2893 is
1096 2861 1133 2894 de
1149 2871 1214 2903 quo
1239 2861 1347 2908 loq-ui-

343 2926 415 2951 mur
441 2910 531 2947 fuisse
556 2911 679 2951 dicitur
701 2918 889 2942 marmoreus
907 2904 1068 2946 striatas,
1090 2907 1121 2937 δε
1142 2903 1346 2946 ροηιίενο]ι[ᾕ-

343 2970 433 2994 mus.
568 2956 614 2988 Et
637 2963 709 2986 cum
735 2950 818 2985 haud
842 2961 911 2982 raro
935 2946 1054 2980 asthma
1071 2971 1082 2987 ‚
1106 2945 1345 2994 &orthopnoea

344 3000 496 3036 comitari
532 2997 615 3031 hunc
639 2994 786 3029 morbum
820 2992 1039 3025 consueverint
1056 3014 1069 3030 ‚
1104 2992 1216 3033 saepius
1241 3000 1345 3036 autem

344 3046 494 3080 diuturna
518 3040 621 3074 tuffis.
646 3050 741 3082 eaque
766 3062 776 3077 ‚
809 3034 864 3069 nifi
891 3034 1070 3083 haemoptoe
1088 3057 1100 3074 ‚
1134 3044 1186 3067 aut
1210 3032 1346 3075 phthisis

346 3088 562 3130 adjungantur
586 3109 594 3123 ‚
625 3082 702 3116 ficca
735 3084 749 3120 (
772 3090 931 3123 perrarum
967 3088 1054 3110 enim
1077 3077 1119 3110 est
1138 3101 1150 3117 ,
1183 3088 1344 3119 nunquam

347 3124 566 3165 suiu'e‘tuffim
590 3148 599 3164 ,
634 3136 667 3160 ur
694 3127 726 3157 in
743 3126 798 3170 Jo.
824 3123 934 3155 Franci
969 3124 981 3160 (
1004 3129 1019 3154 τ
1042 3124 1053 3159 )
1079 3120 1311 3154 Observatione
1333 3142 1342 3158 ‚

347 3186 420 3208 curn
446 3173 609 3214 pulmones
634 3168 740 3202 referti
766 3166 861 3200 essent
886 3165 1030 3207 lapilli53
1059 3167 1162 3197 multo
1185 3174 1346 3209 autem-ra-

347 3220 414 3252 rius
438 3215 501 3255 est,
527 3225 589 3247 non
613 3212 712 3246 modo
736 3210 838 3245 tuffim
864 3208 947 3242 haud
972 3209 1155 3246 nominari3
1178 3206 1229 3241 sed
1250 3206 1346 3240 diser-a

349 3271 381 3296 te
405 3259 536 3302 negari,
561 3267 702 3300 unquam
724 3267 738 3296 ,·
776 3255 874 3287 mitto
897 3252 934 3285 de
957 3251 1024 3284 ullo
1047 3251 1158 3285 dolore
1184 3266 1193 3290 3
1227 3250 1264 3285 de
1288 3251 1351 3284 ulla
1402 3258 1438 3282 ut
1463 3250 1572 3282 Petrus
1597 3249 1740 3283 Borellus
1762 3252 1775 3288 (
1796 3249 1815 3280 d
1836 3251 1872 3287 J,
1895 3249 2076 3286 Richardus
2099 3253 2274 3286 Mortonus
2298 3254 2311 3290 (

921 140 1076 195 Liber
1108 138 1169 190 ΙΙ.
1203 138 1286 191 De
1322 138 1527 192 Morbis
1562 136 1817 192 Thoracis

1388 217 1580 252 difficultate
1603 218 1791 260 pulmonum
1814 218 1871 253 esse
1887 218 2099 262 ,conquestum
2114 219 2247 262 alterum
2273 220 2288 257 (
2310 227 2330 250 u
2352 218 2388 254 3,

1388 265 1420 294 in
1444 273 1510 304 quo
1532 271 1617 294 erant
1642 262 1676 295 hi
1698 262 1829 296 calculis
1852 264 1969 305 pariter
1994 262 2103 295 referti
2127 286 2138 302 ,
2170 266 2355 295 nec‘tamen
2377 281 2388 295 s

1386 304 1476 339 sicuti
1500 305 1534 337 in
1558 305 1685 346 priore,
1706 304 1851 339 exficcati
1869 329 1881 346 ‚
1916 314 1953 340 ut
1977 307 2082 339 minus
2104 304 2277 338 irritabiles
2299 301 2388 336 credi

1389 346 1617 392 possent)cum
1631 347 1863 390 symptomata,
1887 350 2017 392 inquam
2038 373 2047 388 ,
2074 348 2226 391 proedic‘la
2248 357 2312 380 non
2336 356 2387 378 ra-

1389 404 1448 430 ro,
1471 400 1524 423 aut
1548 392 1659 433 saepius
1682 389 1739 424 esse
1759 391 2000 432 consueverint;
2023 391 2211 425 adolescenti
2234 390 2309 424 huic
2327 388 2384 433 suo

1389 434 1574 473 Contulus,
1596 432 1700 467 valida
1723 434 1840 469 oborta
1863 436 1931 470 tuffi
1955 437 2082 478 copiam
2115 446 2203 477 aquae
2228 431 2385 475 limpidis,-

1390 477 1475 511 fimae
1498 488 1514 509 e
1537 475 1700 514 faucibus,
1725 488 1851 518 narrat,
1874 479 2079 520 profluxisse,
2100 477 2251 511 crescente
2274 479 2307 508 in
2321 474 2388 508 dies

1392 525 1424 555 ὅ(
1447 522 1570 559 macie,
1591 524 1622 554 δε
1644 519 1756 554 dolore
1778 523 1812 554 in
1838 521 1947 555 medio
1969 522 2111 556 thoracis
2124 520 2304 557 vehementi
2318 542 2331 558 ,
2355 520 2388 550 &

1390 563 1474 607 quasi
1497 564 1537 597 ab
1560 562 1660 597 infixo
1682 564 1775 597 clavo
1802 588 1815 605 ,
1849 567 2003 607 pertinaci
2037 568 2070 598 δε
2101 567 2243 600 immoto
2262 591 2270 598 .
2306 562 2387 594 N0¹¹

1391 608 1458 641 sum
1481 607 1601 640 nescius
1624 631 1636 648 ,
1669 607 1762 641 illum
1785 619 1878 649 quem
1914 608 2010 651 paulo
2033 617 2102 641 ante
2135 607 2277 641 dicebam
2301 605 2387 639 nulla

1390 662 1530 694 unquam
1553 650 1622 684 ruffi
1645 649 1735 684 fuisse
1758 659 1905 685 vexatum
1929 675 1941 691 ‚
1974 651 2090 685 affiduo
2114 651 2302 693 pulmonum
2326 648 2387 681 do-

1391 694 1455 726 lore
1477 696 1510 727 in
1535 694 1629 727 latere
1652 694 1782 727 dextero
1805 693 1954 727 laborasse
1977 719 1986 733 ‚
2024 697 2055 727 δε
2078 706 2173 738 quarn
2195 695 2387 732 diuturnos,

1391 741 1421 769 δε
1445 745 1583 780 quantos
1605 737 1739 771 laterum
1761 737 1888 771 dolores
1909 739 1936 770 is
1958 738 2067 771 tulerit
2090 750 2183 780 quem
2207 738 2296 778 supra
2319 739 2388 774 (x)

1390 792 1427 813 ex
1450 781 1624 813 Benivenio
1645 781 1809 814 indicavi:
1831 781 1909 822 quin
1924 782 2096 814 Mortonus
2116 785 2130 820 <
2147 792 2171 821 y
2193 784 2207 821 )
2230 779 2388 813 docuiticl

1389 824 1477 865 quod
1510 824 1641 866 prolatis
1663 825 1758 857 etiam
1791 822 1992 857 confirmavit
2028 823 2168 859 historiis
2190 847 2202 864 ‚
2236 823 2291 856 ubi
2314 833 2388 863 cum

1388 865 1572 912 haemoptoe
1596 866 1769 901 horrendus
1793 865 1931 900 thoracis
1955 867 2050 900 dolor
2069 890 2081 907 ,
2114 867 2274 909 pleuritici
2293 889 2306 906 ‚
2334 865 2388 899 'vel

1388 911 1663 953 peripneumonici
1688 910 1820 944 aemulus
1842 932 1854 949 ,
1886 912 1967 943 circa
1993 912 2125 944 initium
2149 909 2287 953 phthisis
2310 921 2388 943 con-

1386 954 1516 996 tingat,
1541 957 1602 988 rite
1624 955 1773 996 suspicari
1796 955 1888 987 licere
1906 977 1918 993 ‚
1954 953 2034 987 hanc
2057 952 2113 986 effe
2136 954 2257 996 generis
2281 953 2389 990 calcu-

1388 996 1465 1029 lofi.
1492 997 1550 1030 Sed
1574 1006 1678 1031 tamen
1703 997 1759 1031 effe
1782 1009 1857 1031 tunc
1881 998 2040 1033 calculos,
2058 997 2128 1036 ait,
2152 996 2276 1039 angulis
2305 1020 2320 1037 J,
2354 999 2387 1028 &

1389 1040 1504 1074 aculeis
1524 1040 1698 1083 praeditos,
1721 1045 1752 1074 ὃ(
1775 1050 1857 1074 certe
1879 1042 1975 1074 etiam
2000 1040 2113 1074 Paulus
2147 1043 2162 1079 (
2184 1052 2208 1082 z
2231 1044 2241 1078 )
2265 1041 2299 1072 iu
2322 1039 2389 1073 hae-

1387 1085 1556 1124 moptoico
1570 1107 1580 1121 ,
1601 1087 1656 1128 qui
1680 1084 1803 1126 asperos
1828 1083 2020 1118 tribulorum
2045 1083 2143 1116 modo
2167 1083 2277 1125 rejecit
2299 1104 2312 1130 ’.
2330 1081 2390 1115 do-

1390 1126 1489 1159 lorem
1512 1129 1776 1161 commemoravit
1799 1141 1807 1158 :
1842 1128 1896 1160 ubi
1919 1138 1994 1159 vero
2027 1127 2142 1160 calculi
2166 1127 2258 1160 laeves
2291 1127 2351 1158 sint
2374 1148 2389 1166 ,

1388 1179 1443 1201 nec
1466 1170 1503 1203 ad
1527 1171 1726 1204 lacerandum
1750 1170 1855 1204 idonei
1879 1194 1890 1209 ,
1922 1172 2066 1213 quamvis
2090 1170 2163 1204 satis
2196 1170 2304 1212 magni
2326 1169 2389 1202 sint

1386 1213 1558 1255 aliquando
1578 1238 1591 1254 ‚
1614 1215 1785 1248 Mortonus
1809 1213 1944 1246 tradidit
1967 1239 1976 1253 ,
2008 1214 2092 1247 nihil
2115 1212 2314 1247 incommodi
2340 1211 2391 1245 af-

1384 1254 1463 1288 ferre
1496 1267 1610 1299 praeter
1633 1259 1758 1291 inanem
1791 1257 1893 1290 tuffim
1914 1280 1927 1296 ‚-
1962 1260 1993 1290 &
2028 1258 2166 1300 aliquam
2189 1258 2222 1289 in
2261 1256 2388 1297 peistore

1383 1301 1593 1340 gravitatem.
1619 1302 1743 1334 Verum
1766 1311 1821 1333 nec
1844 1302 2003 1340 Francus,
2025 1311 2080 1333 nec
2095 1300 2286 1333 Benivenius
2300 1321 2310 1337 ,
2333 1309 2390 1332 nec

1384 1344 1545 1389 Contulus
1569 1344 1638 1377 suos
1663 1344 1786 1385 angulis
1808 1368 1816 1381 ,
1849 1347 1879 1376 &
1904 1345 2019 1380 aculeis
2053 1341 2224 1377 inst1·u<9cos
2261 1340 2354 1375 fuisse
2376 1363 2388 1379 ‚

1385 1397 1495 1427 ajunt3
1520 1389 1627 1430 itaque
1651 1388 1774 1421 nullum
1798 1386 1955 1429 sanguinis
1983 1386 2111 1429 sputum
2134 1386 2330 1421 attule1·unt;
2354 1393 2393 1419 ut

1387 1428 1545 1472 conjicere
1569 1431 1708 1473 proclive
1730 1428 1768 1463 fit
1787 1455 1797 1470 ,
1820 1441 1883 1462 non
1909 1430 2078 1472 pungendo
2102 1429 2242 1472 semper,
2264 1429 2391 1462 &lace-

1387 1473 1486 1506 rando
1502 1502 1509 1514 ,
1534 1474 1583 1507 sed
1610 1473 1745 1516 pondere
1770 1474 1954 1516 pulmonem
1980 1485 1994 1505 a
2020 1475 2124 1516 pleura
2150 1498 2159 1513 ‚
2192 1482 2245 1507 aut
2269 1471 2393 1505 media-

1388 1515 1488 1556 stino,
1513 1519 1564 1551 cui
1589 1516 1675 1551 forte
1698 1516 1805 1550 affixus
1819 1515 1857 1549 sit
1872 1538 1881 1553 ,
1904 1515 2127 1554 distrahendo,
2155 1516 2318 1551 interdum
2329 1515 2393 1548 do-

1388 1559 1485 1593 lorem
1509 1561 1633 1599 facere,
1658 1560 1819 1594 interdum
1844 1570 1880 1591 ne
1904 1559 1945 1592 sic
1969 1560 2098 1602 quidem
2120 1582 2132 1599 ‚
2154 1559 2205 1593 sed
2229 1560 2322 1592 aliter
2341 1558 2393 1592 fa-

1387 1614 1473 1635 cere.
1502 1606 1575 1637 Imo
1600 1603 1690 1636 fuisse
1714 1615 1777 1636 non
1803 1613 1874 1635 raro
1897 1602 1934 1636 acl
1958 1602 2156 1636 lacerandum
2180 1602 2335 1642 idoneos,
2358 1605 2392 1634 &

1388 1657 1489 1679 revera
1515 1659 1577 1680 non
1602 1647 1691 1679 semel
1717 1644 1856 1679 lacerasse
1878 1669 1891 1686 ,
1914 1657 1968 1678 nec
1991 1646 2135 1680 dolorem
2158 1655 2262 1680 tamen
2287 1646 2392 1680 ullum

1388 1687 1526 1723 attulisse
1546 1714 1557 1731 ,
1590 1702 1627 1722 ex
1651 1691 1693 1722 iis
1726 1689 1887 1730 intelliges
1910 1701 1978 1731 quae
2012 1701 2090 1723 mox
2114 1688 2281 1732 subjiciam
2302 1711 2310 1726 ‚
2335 1688 2392 1721 ubi

1386 1732 1473 1776 quod
1495 1734 1533 1767 de
1557 1734 1715 1767 sanatione
1739 1732 2080 1766 adnotavitContulus
2103 1733 2245 1776 aliique,
2268 1731 2393 1765 indica-

1387 1787 1483 1809 vero.
1616 1778 1700 1810 Cum
1727 1775 1930 1809 Medicorum
1956 1776 2097 1819 plerique
2110 1774 2147 1809 ad
2171 1775 2315 1809 dolorem
2339 1785 2395 1816 pa-

1385 1820 1541 1861 candum,
1556 1822 1760 1862 ,maciemque
1784 1819 1972 1859 arcendam,
1996 1820 2044 1851 illi
2063 1817 2253 1852 adolescenti
2278 1819 2324 1851 lac
2347 1816 2394 1850 es-

1388 1862 1417 1895 se
1442 1862 1602 1905 dandum,
1627 1860 1823 1902 statuisl‘ent3
1848 1863 1999 1896 Albertus
2022 1862 2154 1897 Fabrius
2178 1863 2206 1896 is
2229 1873 2325 1904 quem
2348 1861 2393 1894 ti-

1387 1905 1420 1938 bi
1444 1907 1518 1940 alias
1542 1911 1556 1946 (
1576 1922 1594 1941 a
1614 1912 1628 1946 )
1652 1908 1767 1940 merito
1791 1906 1915 1940 laudavi
1936 1930 1949 1946 ,
1973 1908 2123 1939 acerrime
2145 1904 2283 1940 dissensit
2311 1928 2323 1946 ,
2358 1912 2395 1937 ut

1386 1950 1443 1992 qui
1465 1962 1545 1984 unus
1570 1952 1675 1984 morbi
1697 1950 1820 1983 causam
1840 1950 1988 1983 divinans
2012 1973 2024 1990 ‚
2057 1950 2228 1983 calculosas
2254 1950 2287 1981 in
2323 1947 2396 1990 pul-

1385 1993 1535 2026 monibus
1554 1997 1773 2028 concretiones
1789 1993 1843 2028 usu
1870 1993 1959 2027 lactis
1984 1995 2089 2036 augeri
2104 1992 2207 2035 posse,
2230 1992 2370 2025 censebat
2385 2002 2397 2022 .-

1385 2048 1447 2077 qua
1471 2038 1503 2068 in
1528 2037 1681 2071 sententia
1704 2035 1796 2070 fuisse
1820 2035 1924 2079 postea
1949 2037 2139 2071 Mortonum
2164 2039 2179 2076 (
2201 2036 2218 2069 b
2241 2039 2279 2075 ),
2305 2033 2396 2067 vide-

1385 2090 1475 2118 mus,
1497 2078 1540 2111 ob
1551 2081 1681 2113 eandem
1703 2080 1958 2113 istamrationem
1975 2103 1985 2119 ‚
2007 2080 2141 2113 la&eam
2164 2081 2293 2113 diaetam
2305 2089 2397 2117 non,

1388 2121 1446 2155 nifi
1469 2132 1601 2164 urgente
1625 2122 1796 2156 neceffitate
1811 2146 1823 2162 ,
1846 2125 1877 2155 in
1903 2122 2051 2165 phthisia
2077 2123 2204 2157 calculis
2228 2122 2398 2165 pulmona-

1388 2165 1476 2199 ribus
1498 2169 1759 2208 permittentem:
1784 2169 1816 2199 &
1840 2166 1909 2199 sane
1933 2167 1959 2199 is
1981 2165 2072 2207 cuius
2085 2166 2252 2209 pulmones
2274 2165 2395 2208 lapillis

1390 2210 1499 2251 plenos
1523 2222 1540 2242 a
1563 2212 1686 2244 Franco
1709 2211 1855 2243 inventos
1878 2207 1956 2249 effe,
1981 2209 2125 2244 dicebam
2146 2235 2154 2249 ‚
2179 2208 2293 2252 cupide
2319 2207 2399 2241 adeo

1391 2253 1439 2285 lac
1464 2262 1610 2294 appetere
1634 2252 1746 2287 solitus
1756 2252 1880 2291 fuerat,
1905 2262 1941 2286 ut
1966 2253 2028 2287 hoc
2044 2276 2052 2291 ‚
2078 2254 2263 2286 etiarnloco
2286 2263 2401 2295 aquae,

1393 2299 1425 2328 &
1458 2296 1612 2329 cerevifiae
1646 2297 1766 2329 biberet
1789 2322 1796 2328 .
1930 2297 2037 2330 Fabrii
2085 2305 2192 2331 autern
2238 2294 2401 2338 judicium

1393 2338 1615 2380 comprobavit
1636 2341 1759 2373 exitus.
1784 2339 1893 2372 Laetis
1916 2342 2001 2373 enim
2025 2339 2097 2374 usus
2122 2340 2278 2374 calculum
2304 2361 2313 2375 ‚
2345 2347 2401 2372 aut

1392 2392 1476 2414 certe
1500 2381 1645 2415 dolorem
1668 2384 1778 2419 auxit3
1803 2392 2002 2424 mortemque
2026 2384 2209 2416 acceleravit
2224 2396 2234 2416 :
2256 2395 2330 2416 cum
2354 2384 2400 2415 al-

1392 2426 1455 2458 teri
1487 2424 1709 2465 adolescenti,
1749 2424 1837 2466 cujus
1863 2425 2012 2458 morbum
2047 2437 2085 2459 ex
2108 2426 2221 2460 iisdem
2251 2426 2401 2459 omnibus

1393 2466 1490 2510 signis
1513 2468 1552 2500 ab
1574 2469 1680 2502 eadem
1704 2468 1793 2502 causa
1816 2470 1975 2511 repetebat
2003 2469 2133 2503 Fabi-ius
2153 2492 2166 2510 ,
2199 2480 2261 2502 non
2286 2469 2364 2502 laete
2388 2491 2402 2508 ,

1398 2510 1448 2543 sed
1480 2512 1553 2544 oleo
1577 2511 1781 2554 amygdalino
1801 2533 1810 2548 ,
1845 2512 1975 2555 aliisque
2008 2511 2192 2554 ejusmodi,
2229 2514 2327 2545 etiam
2362 2511 2401 2545 ad

1397 2553 1619 2594 lambendum,
1642 2555 1725 2588 datis
1741 2580 1749 2595 ‚
1773 2555 1854 2588 illud
1878 2555 2065 2589 consecutus
2088 2554 2129 2588 est
2152 2582 2160 2596 ‚
2193 2565 2229 2588 ut
2253 2555 2402 2588 extuffito

1398 2597 1533 2638 lapillo,
1557 2598 1651 2631 dolor
1674 2599 1831 2640 paulatim
1854 2599 1975 2637 abiret,
2002 2599 2200 2642 perfeftaque
2215 2599 2330 2632 rediret
2356 2599 2403 2631 sa-

1398 2641 1500 2673 nitas.
1527 2642 1577 2674 Sic
1601 2643 1696 2675 etiam
1720 2642 1909 2676 Benivenius
1934 2643 2081 2676 leniendo
2104 2644 2229 2684 peetus,
2254 2644 2404 2675 mollien-

1399 2683 1442 2716 do
1465 2693 1577 2727 guttur
1595 2708 1607 2725 ,
1641 2688 1672 2718 δε
1698 2685 1851 2728 Asperam
1875 2686 2024 2718 arteriam
2045 2710 2058 2727 ,
2092 2687 2250 2719 calculum
2274 2686 2313 2719 de
2335 2697 2403 2728 quo

1400 2727 1541 2761 diximus
1562 2751 1571 2765 ‚
1605 2727 1732 2762 extrudi
1757 2729 1877 2762 viderat
1896 2753 1909 2769 ,
1941 2740 2129 2773 omnemque
2152 2729 2296 2763 dolorem
2328 2741 2403 2763 culn

1401 2771 1489 2804 inani
1515 2771 1655 2805 tussicula
1679 2774 1838 2806 amoveri.

1445 2826 1496 2846 22.
1522 2816 1713 2858 Quanquam
1738 2814 1896 2857 igiturvel
1922 2816 2051 2850 calculis
2064 2817 2294 2858 expefforatiffi
2320 2817 2405 2850 rnul-

1400 2867 1435 2890 to
1458 2858 1569 2901 saepius
1592 2857 1746 2900 ejusmodi
1771 2861 1847 2901 aegri
1875 2869 2002 2900 pereunt
2024 2884 2035 2900 ,
2070 2861 2129 2893 sive
2152 2861 2238 2902 quod
2270 2861 2404 2894 ειιηέὶος

1398 2900 1482 2934 haud
1505 2901 1677 2944 ejecerint,
1702 2901 1762 2934 five
1785 2901 1872 2945 quod
1897 2902 1976 2935 alios
2001 2905 2116 2937 iterum
2141 2905 2275 2946 gignant
2301 2929 2312 2944 ,
2344 2902 2405 2938 five

1397 2944 1485 2986 quod
1508 2946 1541 2976 in
1563 2945 1772 2987 *pulmonibus
1806 2944 1943 2988 peffimas
1968 2947 2004 2980 ab
2028 2949 2094 2980 illis
2129 2947 2247 2980 servent
2271 2958 2368 2980 noxas
2390 2972 2404 2989 ,

1397 2987 1479 3020 unde
1502 2999 1540 3020 ex
1562 2987 1684 3031 phthisi
1704 3012 1716 3029 ‚
1750 2997 1803 3021 aut
1827 2986 1891 3020 fere
1922 3001 1960 3022 ex
1998 2990 2156 3032 sanguinis
2194 2991 2287 3032 sputo
2320 2992 2404 3022 inte-

1398 3040 1488 3064 reunt
1501 3055 1522 3077 ,ἢ
1537 3032 1688 3065 mollibus
1712 3031 1862 3064 videlicet
1887 3033 2095 3073 pulmonibus
2119 3034 2213 3067 facile
2247 3037 2343 3067 etiarn
2368 3035 2405 3067 ab

1397 3086 1434 3106 eo
1469 3075 1539 3116 ipso
1562 3077 1642 3108 nixu
1675 3075 1751 3109 laesis
1774 3086 1868 3117 quem
1908 3076 1942 3108 ad
1978 3078 2212 3111 excludendum
2245 3076 2405 3110 calculum

1398 3116 1495 3150 edunt
1517 3142 1529 3158 ,
1561 3128 1596 3151 ut
1620 3120 1700 3152 reRe
1723 3118 1834 3152 docuit
1862 3118 2075 3155 Boerhaavius
2108 3125 2122 3161 (
2143 3134 2158 3154 c
2179 3125 2193 3161 )
2219 3134 2228 3160 ς
2267 3131 2406 3154 attamen

1399 3162 1544 3202 exempla
1569 3173 1632 3206 non
1656 3162 1767 3196 desunt
1794 3184 1802 3198 ‚
1827 3172 1924 3203 neque
1947 3176 1980 3197 ea
2007 3177 2126 3208 perrara
2147 3188 2155 3203 ‚
2192 3165 2324 3198 illorum
2348 3165 2406 3208 qui

1399 3204 1533 3238 redditis
1555 3205 1706 3245 calculis,
1730 3217 1792 3238 non
1816 3204 1913 3237 modo
1937 3208 2068 3249 longum
2092 3218 2214 3250 tempus
2241 3212 2407 3247 vixerunt,

2336 3263 2350 3285 e
2365 3252 2406 3295 )‚

2313 3297 2366 3329 Se-

498 3497 654 3525 Phthisiotog.
674 3496 690 3519 l.
710 3503 730 3525 3.
747 3503 768 3520 c.
785 3499 808 3519 6.
872 3494 886 3523 (
904 3499 915 3517 t
930 3492 945 3523 )
961 3493 1010 3517 111.
1029 3493 1087 3518 Obs.
1103 3496 1142 3517 62.

500 3531 535 3552 De
554 3528 643 3551 partib.
661 3527 771 3551 Animal.
793 3526 811 3550 1.
829 3532 851 3554 3.
868 3531 889 3547 c.
906 3531 928 3551 4.

504 3561 643 3582 Comment.
663 3558 686 3581 in
705 3556 817 3581 Mundin.
836 3557 907 3578 Anat.
925 3561 945 3577 c.
964 3562 1000 3583 34.
1018 3563 1042 3578 in
1059 3552 1100 3578 fin.
1123 3584 1125 3586 ‚

503 3589 563 3616 Eph.
581 3590 616 3611 N.
634 3590 662 3613 C.
680 3590 736 3611 Dec.
756 3595 772 3610 ι.
792 3588 819 3610 Α,
837 3588 859 3609 6.
878 3584 936 3608 Obs.
955 3592 1002 3608 221.
1067 3585 1075 3612 (
1093 3586 1103 3608 i
1120 3588 1129 3615 )
1144 3582 1250 3609 Earund.
1268 3585 1327 3607 Dec.

497 3619 604 3642 Praeleffl.
624 3619 646 3642 in
665 3617 741 3641 Instit.
761 3618 783 3647 §.
801 3618 855 3645 833.
1033 3646 1036 3649 ι

504 3650 641 3673 Commere.
662 3649 744 3671 Litter.
764 3651 792 3670 A.
816 3654 880 3676 ¹74¹-
898 3645 973 3669 Hebd.
993 3647 1015 3669 8.
1032 3654 1056 3669 ln
1073 3646 1114 3670 fin.

502 3686 521 3702 c..
541 3680 554 3701 8
582 3679 622 3702 cit.
641 3678 709 3706 supra
726 3678 753 3702 ad
772 3685 794 3700 n.
816 3684 848 3704 19,
911 3675 976 3704 (s)
993 3684 1016 3699 n.
1033 3683 1072 3701 20,

505 3717 527 3732 n.
546 3715 581 3731 20.
652 3709 691 3738 (y
707 3711 718 3734 >
735 3715 755 3732 c.
773 3708 816 3731 eit.
834 3707 900 3735 supra
916 3707 945 3729 ad
963 3714 987 3729 n.
1006 3714 1041 3736 19.

457 3740 471 3765 h
485 3740 499 3768 >
516 3746 538 3764 c.
556 3739 676 3764 indicato.
740 3747 748 3769 r
765 3744 776 3762 c
792 3738 806 3767 >
823 3737 850 3761 ad
869 3736 891 3767 §·
908 3737 949 3761 eit.
968 3736 1034 3767 supra
1051 3737 1082 3761 ad
1098 3744 1120 3761 n.
1137 3741 1177 3761 20.

921 3618 934 3644 t
952 3624 973 3638 m
989 3616 1002 3643 D
1019 3615 1080 3643 apud
1099 3615 1220 3639 Schenck.
1239 3613 1256 3636 1.
1272 3614 1314 3636 eit.

447 3718 460 3733 κ
446 3688 457 3702 ³
445 3659 456 3673 υ
439 3500 459 3643 *waes*-

472 3504 482 3527 )

475 3532 483 3558 )

475 3560 487 3588 )

475 3590 484 3619 )

473 3631 479 3647 ι

473 3649 486 3676 )

473 3679 485 3707 )

477 3713 486 3739 )

415 3744 429 3769 r*
413 3716 426 3737 f*
411 3500 428 3707 ΛΑΛΛΛΛΛ

1204 3489 1213 3525 s,
1229 3499 1245 3514 α
1261 3490 1275 3519 )
1291 3492 1362 3515 Tom-
1381 3499 1405 3519 4·
1422 3488 1479 3513 ΟΜ·
1497 3498 1540 3519 49.
1561 3489 1583 3515 8(
1599 3490 1677 3514 Tom.
1694 3496 1717 3518 ς.
1735 3487 1795 3513 Obs,
1812 3490 1850 3514 68,

997 3526 1004 3553 s
1024 3531 1041 3552 z
1056 3525 1069 3553 )
1085 3523 1166 3548 Morb.
1184 3524 1252 3546 Dlut.
1270 3524 1287 3545 l.
1307 3529 1328 3545 1.
1347 3530 1367 3546 c.
1384 3531 1408 3548 ς.

1018 3554 1023 3557 “
1164 3554 1177 3582 ζ
1192 3561 1203 3576 e
1218 3552 1234 3580 )
1249 3552 1258 3581 (
1273 3552 1312 3580 f)
1328 3551 1389 3580 apud
1406 3549 1525 3574 Schenck.
1547 3552 1594 3575 loc.
1610 3557 1651 3575 cit.

1343 3591 1365 3612 3.
1386 3585 1413 3605 Α.
1433 3589 1452 3610 3.
1471 3581 1531 3606 Obs⁴
1549 3584 1604 3609 248.

1179 3644 1186 3671 (
1203 3652 1220 3674 p
1239 3651 1244 3671 a
1261 3644 1322 3672 apud
1340 3643 1458 3667 Schenck.
1477 3644 1493 3667 l.
1512 3643 1554 3668 eit.

1135 3676 1149 3705 (
1164 3682 1175 3699 t
1190 3676 1204 3704 )
1220 3675 1279 3703 Eph.
1303 3677 1334 3697 N.
1356 3676 1385 3698 C.
1401 3677 1459 3698 Dec.
1480 3682 1500 3703 3.
1517 3676 1546 3698 Α.
1563 3683 1586 3705 3.
1605 3673 1662 3698 Obs.
1679 3682 1716 3702 72.

1105 3709 1116 3732 (
1131 3715 1149 3734 z
1165 3708 1174 3736 )
1188 3706 1249 3735 apud
1265 3706 1385 3729 Schenck.
1402 3707 1420 3729 l.
1439 3705 1482 3729 cit.
1500 3704 1567 3733 supra
1583 3705 1611 3729 ad
1629 3713 1652 3728 n.
1673 3713 1710 3733 19.

1238 3738 1244 3765 (
1264 3736 1279 3760 d
1295 3737 1308 3765 )
1325 3737 1393 3761 cent.
1411 3744 1431 3761 1.
1449 3733 1501 3760 ob.
1515 3740 1553 3765 ⁶7·

1916 3491 1925 3522 (
1942 3498 1956 3514 x
1970 3491 1984 3519 3
2000 3489 2030 3514 A.
2050 3495 2117 3518 1743-
2133 3488 2212 3514 Hebd.
2231 3496 2267 3519 ¹3·
2284 3496 2309 3514 n.
2325 3494 2348 3512 ².

1469 3520 1483 3547 (
1494 3529 1509 3544 a
1525 3521 1540 3550 )
1559 3523 1572 3551 (
1588 3520 1602 3545 b
1619 3522 1627 3550 )
1644 3522 1658 3549 (
1674 3527 1685 3543 c
1701 3520 1714 3547 )
1730 3520 1792 3548 apud
1809 3521 1935 3545 Seh'enck.
1951 3521 1993 3545 cir·
2011 3520 2079 3548 supra
2098 3519 2127 3545 ad
2142 3527 2167 3545 n.
2185 3526 2222 3548 19.

1626 3551 1630 3554 ”
1719 3550 1726 3578 ζ
1742 3551 1787 3581 g)
1809 3552 1880 3575 Ceut.
1898 3559 1920 3576 2.
1937 3550 1995 3575 Obs.
2011 3558 2048 3580 29.

1667 3583 1680 3611 (
1696 3581 1712 3605 k
1729 3580 1742 3609 )
1759 3582 1827 3605 Ceut.
1846 3585 1870 3605 6.
1888 3582 1946 3606 obs.
1964 3588 2001 3605 ²2.

1374 3612 1416 3640 (n
1431 3612 1445 3640 )
1463 3612 1522 3636 Vid.
1543 3612 1630 3636 Rhodii
1647 3612 1707 3637 Obs.
1724 3612 1766 3635 cit.
1785 3612 1851 3641 supra
1867 3613 1894 3636 ad
1914 3621 1937 3637 n.
1956 3619 1991 3641 19-

1620 3642 1628 3672 (
1646 3652 1660 3671 q
1677 3643 1690 3671 )
1705 3642 1762 3667 ΟΜ.
1780 3643 1821 3666 cit.
1842 3644 1908 3672 supra
1925 3651 1963 3671 ²9·

1778 3675 1791 3702 (
1809 3683 1824 3696 u
1839 3674 1853 3702 )
1870 3674 1972 3697 Earund.
1990 3674 2048 3696 Dee.
2067 3679 2089 3695 1.
2106 3669 2166 3696 Obs.
2186 3672 2235 3697 181.

1774 3703 1784 3734 (
1801 3705 1840 3732 a)
1860 3705 1931 3734 Epist.
1949 3705 1971 3727 8.
1989 3711 2016 3727 n.
2033 3711 2071 3732 3²·
2091 3702 2114 3726 ἃ
2131 3702 2202 3732 Epist.
2222 3711 2256 3728 10.
2275 3711 2298 3727 n.
2320 3709 2353 3728 ιι.

1618 3736 1630 3764 ζ
1645 3743 1656 3759 e
1674 3749 1678 3764 ,2
1696 3734 1736 3759 cit.
1754 3742 1776 3760 c.
1795 3735 1862 3764 supra
1878 3737 1907 3760 ad
1924 3742 1947 3759 n.
1965 3741 2001 3758 ιι.
