2498 4075
454 231 626 299 Epist:
649 232 825 290 Anat.
866 233 1082 286 Medica

49 312 145 345 >enim
176 311 209 345 'in
230 323 354 347 ‘renum
385 315 542 348 alterutro
572 320 663 345 tanto
711 311 837 345 facilius
869 312 960 354 gigni
997 318 1057 354 po'-

54 357 118 387 tuit
142 354 153 397 2*
195 358 282 398 quod
317 357 455 391 obesiori
500 355 625 390 homini
677 355 885 396 pinguedinis
929 354 1056 397 pondus

53 400 158 431 minus
182 398 308 433 facilem
334 400 484 434 reddebat
508 399 653 441 corporis
663 399 956 445 exercitationem(
973 408 988 431 e
1010 401 1024 437 >
1047 422 1054 429 .

53 443 190 475 Rationi
223 443 298 477 huic
332 456 394 487 qua
430 442 643 476 ssoerhaavius
675 440 758 483 (f)
791 441 930 484 lapidem
954 442 1056 474 credi-

52 484 100 517 dit
124 485 235 519 itidem
259 488 291 521 in
317 498 389 520 rene
413 488 515 520 altero
542 488 556 525 (
580 496 680 528 neque
704 488 790 517 enim
824 486 946 526 semper
970 494 1056 517 uter-

53 540 115 570 que
149 532 269 570 pariter
303 530 346 564 est
380 530 417 563 ad
449 530 530 563 hanc
564 539 630 561 rem
666 528 881 571 dispositus)
914 530 1055 570 praepin-

50 572 142 613 guis
161 572 304 608 hominis
336 573 527 607 concrevisse
553 597 561 612 ,
596 572 691 605 aliam
723 583 852 614 quoque
885 570 980 605 addas
1012 571 1055 603 li-

53 624 104 647 cet
127 638 135 652 ,
166 628 264 658 quam
299 628 372 651 cum
408 617 549 650 Andr-‚re
581 614 693 648 eodem
735 616 802 657 (g
824 615 845 657 )
878 623 997 657 repetes
1035 626 1052 647 a

53 659 259 700 pinguedinis
291 662 381 702 copia
406 683 419 699 ,
461 670 567 692 renem
590 680 600 696 ‚
643 661 673 690 &
705 667 860 691 ureterem
904 668 1049 698 premen-

53 709 86 734 te
109 727 119 743 ,
151 715 251 746 eoque
282 715 344 737 non
369 703 454 736 secus
478 714 511 735 ac
545 702 646 736 rarior
668 701 812 742 corporis
836 709 942 734 motus
967 724 976 738 ,
1011 700 1060 733 lo-

52 746 139 779 tium
161 757 322 781 ¹morante
345 771 352 780 .
398 747 490 786 Qin
524 747 624 779 etiam
656 746 688 776 in
721 747 761 776 iis
795 746 851 787 qui
884 744 913 776 se
946 743 1058 779 multis

54 800 90 822 ac
123 791 235 832 saepius
266 791 504 833 ingurgitantes
529 812 537 826 ‚
572 787 792 821 ventriculum
813 810 826 825 ,
861 789 893 819 δε
930 787 1058 820 intesti-

53 841 97 866 na}
115 832 302 876 plerumque
324 833 449 867 habent·
469 833 565 865 nimis
586 831 751 878 distenta2
771 829 809 863 ad
833 839 960 863 caeteras
982 841 1058 864 cau-

51 875 98 909 sas
121 877 239 919 quibus
261 887 372 911 renum
407 876 539 910 calculis
571 875 708 908 obnoxii
729 874 814 919 siunt
839 896 851 912 ,
883 873 965 906 hanc
990 885 1056 906 rne-

53 914 128 952 dum
162 919 262 962 adjice
294 920 381 963 quod
427 931 514 952 renes
536 942 548 958 ‚
588 922 619 952 &
651 919 828 959 praeiertim
862 915 1022 949 sinistrum
1047 940 1056 955 ‚

54 961 229 1005 ambosque
261 972 399 997 ureteres
424 985 432 999 ,
467 964 586 1006 quippe
618 963 704 1007 inter
744 960 948 1006 posteriorem
981 970 1056 993 ven-

51 1007 110 1039 tris
134 1008 308 1046 parietem,
331 1010 361 1040 &
385 1007 504 1040 viscera
529 1007 582 1038 illa
607 1004 751 1046 polum,
775 1003 845 1044 plus
867 1003 948 1044 justo
969 1013 1059 1036 com-

51 1049 194 1089 primane
219 1074 227 1081 ·
262 1051 345 1085 Quae
377 1049 467 1084 causa
499 1060 572 1082 cum
608 1046 646 1080 ad
677 1057 805 1079 caeteras
829 1046 897 1078 illas
921 1046 1058 1080 acceffis-

49 1093 93 1125 set
127 1093 159 1124 in
205 1094 359 1135 generoso
394 1094 480 1127 Viro
524 1103 619 1134 quem
664 1088 820 1123 describit
866 1090 1056 1123 Scroeckius

50 1134 104 1174 (h
126 1138 139 1174 )
162 1158 170 1173 ‚
209 1146 303 1169 tanto
338 1137 442 1171 minus
477 1136 596 1169 mirum
632 1131 675 1166 est
700 1157 710 1172 ,
752 1134 785 1165 in
821 1141 941 1165 uretere
981 1134 1058 1167 alte-

52 1189 90 1211 ro
121 1190 186 1212 non
222 1181 374 1222 exiguum
409 1179 571 1214 calculum
595 1201 605 1215 ‚
638 1177 673 1208 in
706 1185 781 1224 ren-e
816 1185 921 1223 aute-m
954 1188 1057 1219 oppo-

51 1221 114 1254 sito
147 1234 299 1264 magnum
333 1235 407 1257 cum
441 1231 492 1255 tot
538 1222 606 1255 aliis
651 1219 830 1253 minoribus
874 1218 965 1266 fuisse
1007 1220 1061 1255 de-

51 1264 222 1306 prehensos
245 1292 252 1299 .
301 1266 505 1309 Compreffio
540 1274 647 1299 autem
685 1275 701 1296 a
744 1265 837 1305 copia
883 1263 944 1296 sive
984 1266 1062 1310 pin-

52 1310 202 1349 guedinis
226 1331 235 1346 ‚
267 1308 331 1342 five
362 1309 561 1352 ingestorum
587 1332 596 1346 ‚
630 1320 668 1341 eo
703 1307 805 1347 magis
838 1307 872 1338 in
905 1306 1061 1341 obesiori-

50 1351 109 1384 bus
146 1354 243 1385 noxia
279 1354 322 1387 est
345 1376 356 1392 ,
388 1352 477 1396 quod
512 1352 618 1394 supini
666 1350 760 1383 facile
805 1349 925 1383 cubant
951 1362 961 1382 .·
1003 1352 1061 1393 qui

49 1398 199 1435 corporis
230 1395 307 1429 fitus
341 1405 414 1430 tum
447 1407 533 1429 renes
557 1417 566 1433 ‚
601 1398 632 1428 δε
665 1403 804 1427 ureteres
846 1394 946 1434 magis
979 1404 1061 1436 pon-

50 1438 121 1472 deri
153 1439 308 1481 imposito
341 1439 475 1481 subjicit
499 1460 510 1478 ‚
533 1449 602 1473 tum
625 1447 749 1481 quanto
771 1434 974 1479 frequentior
999 1461 1009 1476 ‚
1030 1441 1062 1484 ξε

49 1482 242 1516 diuturnior
273 1482 319 1516 est
343 1505 352 1520 ‚
397 1492 488 1516 tanto
525 1483 623 1524 magis
656 1479 817 1514 descensui
854 1481 953 1513 urinae
989 1480 1062 1513 osh-

50 1526 129 1558 cit.
167 1525 224 1558 Sed
256 1528 286 1558 &
320 1526 480 1569 quandam
511 1526 564 1559 Cl.
600 1526 736 1558 Fantoni
782 1523 861 1562 (i)
897 1522 1061 1557 Observa-

52 1570 179 1602 tionem
215 1569 321 1611 legens
356 1571 390 1602 in
417 1568 529 1606 viro*³
565 1567 755 1611 nephriticis
798 1566 964 1599 doloribus
987 1590 996 1605 ‚
1044 1578 1060 1599 a

51 1612 187 1646 sinistris
223 1611 402 1654 praesertirn
425 1637 435 1653 ,
472 1611 620 1646 obnoxio
643 1637 653 1650 ‚
687 1622 760 1644 rene
784 1620 890 1644 autem
913 1608 1059 1648 sinistro,

55 1657 122 1698 qui*
147 1654 247 1697 duplo
278 1656 407 1689 craffior
439 1666 504 1689 erat
528 1678 537 1692 ‚
570 1657 603 1688 δὲ
637 1655 804 1696 geminum
837 1653 971 1687 fovebat
994 1655 1060 1687 cal-

53 1700 165 1733 culum
189 1721 200 1736 ‚
233 1698 365 1731 obtecto
398 1705 537 1731 concreta
560 1698 693 1739 quadam
726 1697 859 1730 materia
885 1696 970 1730 lardo
988 1707 1060 1739 per-

45 1741 146 1783 fim'ili
169 1764 179 1779 ,
214 1741 264 1774 hic
287 1739 496 1784 transversum
519 1743 667 1774 minorem
689 1741 824 1783 digitum
847 1763 856 1778 ,
894 1739 962 1773 tlltc
990 1740 1061 1782 pol-

49 1783 142 1818 licem
173 1784 215 1818 &
259 1784 396 1826 amplius
438 1783 567 1827 craffa,
613 1794 719 1817 renem
761 1793 868 1816 autem
920 1784 1057 1817 alterum

49 1837 117 1861 non
153 1837 314 1870 tegente;
347 1826 441 1861 facile
488 1829 527 1862 de
558 1828 671 1871 pingui
716 1829 846 1860 materia
894 1827 941 1859 ibi
974 1839 1058 1870 quo-

48 1879 113 1914 que
135 1873 233 1905 noxia
256 1871 417 1912 cogitabis
441 1895 448 1902 .
475 1874 512 1904 In
538 1870 646 1904 nostro
669 1871 770 1913 igitur
793 1893 804 1908 ‚
827 1869 865 1903 ad
888 1882 983 1913 quem
1007 1882 1056 1904 re-

47 1915 111 1948 deo
135 1939 144 1955 ‚
179 1914 267 1948 Viro
313 1915 442 1955 genitus
484 1914 624 1948 calculus
648 1937 658 1952 ‚
708 1912 769 1946 five
815 1915 898 1947 renis
931 1915 1060 1947 alterius

51 1967 211 1991 ureterem
247 1956 408 1991 summum
431 1980 440 1996 ‚
477 1959 539 1991 sive
573 1956 709 1990 urethrae
742 1958 876 1990 initium
909 1957 1060 1990 clauden-

52 1999 97 2033 do
120 2025 128 2041 ,
162 2002 192 2033 &
225 2001 413 2034 lumborum
448 2001 596 2036 dolorem
630 1999 740 2034 afferre
764 2002 875 2042 potuit
899 2023 910 2040 ‚
945 2004 977 2033 &
1010 2002 1060 2034 lo-

55 2044 101 2077 tii
134 2043 382 2087 suppressionem
406 2067 414 2076 .
448 2044 538 2079 Nam
576 2044 632 2077 etsi
674 2055 739 2076 non
785 2044 907 2087 semper
931 2066 939 2081 ‚
974 2044 1060 2078 haud

52 2086 207 2120 rariffime
241 2096 348 2121 tamen
382 2089 550 2131 contingit
574 2109 584 2125 ,
616 2096 651 2120 ut
677 2097 741 2120 uno
765 2087 878 2121 affecto
902 2098 994 2125 rene,
1017 2089 1061 2121 al-

49 2138 102 2162 ter
134 2142 266 2173 quoque
297 2133 330 2164 in
365 2130 553 2164 consensum
578 2130 725 2164 trahatur
751 2155 758 2161 .
795 2131 981 2164 Deturbato
1005 2143 1061 2164 au-

49 2182 118 2206 tem
150 2175 250 2207 urinae
287 2175 502 2208 incumbentis
537 2174 568 2206 vi
600 2174 724 2207 calculo
745 2197 757 2213 ‚
804 2178 834 2206 δι
878 2176 911 2206 in
957 2177 1059 2208 imum

49 2215 160 2250 vcficae
193 2214 357 2251 orificium
391 2216 543 2260 protruso
568 2241 577 2257 ‚
623 2218 810 2250 lumborum
847 2226 953 2250 tamen
999 2218 1056 2251 do-

48 2260 101 2294 lor
134 2260 272 2301 perstare
306 2263 419 2303 potuit
452 2260 560 2295 eadem
594 2262 720 2293 ratione
751 2271 815 2302 qua
850 2271 965 2293 renum
998 2261 1060 2294 do-

47 2304 99 2337 lor
135 2303 309 2345 aliquando
355 2303 434 2337 solet
479 2302 612 2337 vesicam
658 2303 762 2337 versus
810 2304 970 2340 extendi,
1005 2316 1058 2345 per

49 2356 191 2380 ureteres
227 2346 374 2381 videlicet
407 2347 484 2381 hinc
508 2347 636 2380 renibus
660 2369 670 2384 ,
706 2346 780 2380 inde
815 2346 923 2380 veficae
948 2349 1057 2381 conti-

48 2399 166 2423 nuatos
191 2412 200 2427 ,
234 2393 265 2435 ‹ch
296 2402 372 2425 curn
396 2391 466 2434 plus
500 2392 599 2424 urinae
632 2389 695 2431 jam
729 2402 841 2433 capere
877 2389 975 2424 vesica
999 2402 1055 2424 ne-

49 2433 123 2475 quit
148 2455 158 2471 ,
195 2434 281 2474 ipsos
314 2445 444 2477 quoque
468 2435 558 2467 urina
582 2433 735 2467 distentos
760 2457 767 2463 -
801 2434 882 2472 Quae
916 2435 973 2467 etsi
998 2445 1054 2476 per

0 2497 5 2500 ⁷
48 2476 221 2509 immistam
259 2476 392 2511 fistulam
424 2477 641 2514 educeretur,
690 2487 796 2510 tamen
840 2488 938 2518 quam
984 2480 1053 2511 cito

48 2519 155 2553 rursus
190 2519 324 2553 vesicam
362 2521 510 2562 impleret
533 2543 546 2560 ,
587 2520 654 2553 haec
690 2520 758 2562 post
801 2522 879 2561 aegri
914 2530 1052 2555 mortem

45 2564 190 2604 inspecta
226 2563 364 2598 ostendit
391 2587 399 2597 .
444 2564 543 2602 Quod
575 2563 596 2595 fi
621 2586 630 2601 ‚
676 2565 753 2605 quia
786 2563 848 2596 sani
889 2564 944 2598 visi
979 2565 1051 2598 sunt

46 2614 186 2640 ureteres
210 2627 221 2643 ‚
255 2618 319 2640 non
353 2616 444 2648 putas
465 2631 478 2648 ,
509 2607 668 2640 calculum
691 2630 701 2644 ,
748 2607 806 2639 nisi
841 2617 914 2640 cum
947 2611 1057 2641 minor

47 2650 122 2683 esset
151 2674 159 2689 ,
205 2661 257 2683 eos
295 2650 461 2693 pervasisse
487 2675 496 2691 ,
538 2661 639 2692 neque
674 2650 798 2684 lotium
841 2651 1053 2690 distendisse5

45 2703 232 2735 quanquam
269 2696 299 2727 δι
334 2703 453 2736 parvus
487 2704 553 2727 erat
584 2693 723 2727 calculus
747 2716 757 2731 ,
802 2695 834 2727 δι
869 2694 975 2728 brevis
1004 2695 1055 2728 di-

46 2735 165 2769 stentio
187 2735 256 2773 fuit,
275 2747 289 2776 ;
326 2746 358 2771 at
383 2747 419 2771 tu
453 2738 620 2771 distractos
643 2738 754 2770 saltem
778 2739 914 2781 concipe
936 2751 951 2771 a
987 2740 1053 2771 tal-

48 2780 124 2812 culo
146 2801 159 2817 ,
192 2778 346 2814 summam
370 2806 382 2822 ,
414 2783 447 2814 in
480 2792 576 2823 quam
612 2778 643 2813 se
675 2781 864 2820 intruserat,
891 2781 1054 2816 urethram

53 2821 159 2864 figura
194 2821 246 2854 sua
280 2823 378 2867 usque
412 2824 490 2858 adeo
522 2822 688 2858 lacessente
711 2849 720 2864 ,
764 2835 797 2859 ut
829 2825 956 2867 sanguis
988 2828 1055 2869 pri-

51 2876 142 2898 mum
168 2886 178 2902 ‚
213 2864 328 2900 deinde
363 2879 422 2909 pus
444 2889 454 2905 ‚
484 2867 585 2901 foetor
619 2867 748 2901 demum
771 2880 838 2910 quo
862 2870 979 2902 lotium
1003 2872 1055 2903 in-

48 2907 171 2941 fec⁶turn
195 2919 262 2942 erat
286 2930 296 2947 ‚
318 2911 390 2945 inde
414 2911 549 2953 petenda
573 2910 740 2946 videantur
763 2937 771 2951 ‚
794 2912 924 2953 quando
949 2914 1052 2947 aliun·

48 2951 90 2984 de
124 2962 187 2984 non
233 2954 309 2986 licet
334 2974 344 2990 ‚
389 2955 437 2987 uti
471 2965 509 2988 ex
551 2953 681 2987 urethra
705 2980 714 2994 ,
745 2966 844 2997 quam
879 2956 1052 2998 perfectam

50 2993 144 3029 fuisse
167 3018 177 3034 ‚
210 3006 274 3029 non
308 2997 442 3039 legimus
462 3022 470 3029 .
504 2998 552 3030 Ut
587 3008 687 3040 neque
711 2998 846 3040 legimus
877 2998 1054 3040 inspeelum

50 3039 219 3072 cerebrum
245 3061 258 3079 ,
303 3040 337 3071 in
375 3039 461 3082 quod
493 3039 645 3074 credibile
681 3041 755 3082 est,
799 3041 953 3084 suppressa
989 3045 1056 3077 uri-

51 3094 90 3115 na
114 3105 126 3121 ‚
160 3085 326 3124 impumm
360 3083 462 3116 serum
494 3095 533 3117 ex
566 3084 718 3126 sanguine
750 3084 779 3117 se
813 3085 956 3119 effudisse
979 3107 989 3123 ,
1022 3089 1055 3120 δε

52 3126 143 3158 brevi
179 3136 269 3158 mora
304 3127 406 3158 acrius
438 3126 557 3162 fastum
590 3128 795 3169 epilepticam
840 3129 931 3162 illam
975 3142 1053 3163 con-

52 3168 225 3202 cuffionem
253 3192 263 3207 ‚
297 3178 499 3211 mortemque
532 3169 671 3204 attulisse
704 3182 768 3204 non
811 3172 894 3205 secus
926 3181 1019 3215 atque
1041 3196 1051 3211 ,

54 3221 90 3245 ut
142 3214 296 3254 opinor,
341 3212 467 3246 duobus
509 3214 619 3247 attulit
652 3225 791 3256 quorum
832 3216 978 3249 historias
1022 3219 1056 3250 in

39 3254 167 3299 'XXII-
203 3266 300 3298 quam
335 3266 392 3288 nos
427 3256 514 3298 sequi
547 3256 600 3290 hic
626 3258 713 3292 vides
738 3283 746 3296 ‚
781 3258 979 3301 Sepulchreti
1004 3260 1058 3294 Se-

55 3300 164 3331 ctione
197 3303 207 3338 (
245 3298 263 3341 k
294 3303 304 3338 )
343 3298 440 3332 habes
464 3324 474 3339 ,
505 3311 521 3333 a
553 3312 665 3334 renum
698 3301 861 3344 lapidibus
903 3305 1021 3344 pariter
1043 3327 1056 3344 ,

52 3344 84 3374 &
109 3344 207 3374 urinae
231 3342 445 3385 suppreffione
471 3354 533 3376 non
558 3343 888 3379 fineconvulfionibus
902 3346 1057 3381 deceden-

54 3385 170 3422 tium3
204 3394 241 3418 ut
277 3387 425 3428 exempla
450 3386 512 3419 alia
545 3387 684 3429 plurima
716 3389 854 3422 induc‘tae
887 3389 982 3431 ipsius
1017 3391 1057 3424 ab

56 3429 157 3462 urinae
204 3429 414 3470 suppreffione
438 3451 448 3467 ,
485 3430 660 3472 apoplexiae
703 3434 952 3485 praetermittam
976 3458 985 3475 ,
1028 3436 1059 3467 δε

142 3473 306 3515 Morgagni
317 3476 352 3506 cie
363 3473 429 3506 Sed.
448 3472 587 3516 &Caufi
601 3472 702 3507 Morb.
717 3476 818 3509 Τοπι.
831 3476 877 3511 ΙΙ.

142 3628 153 3644 a
169 3622 184 3650 )
201 3619 342 3649 vid.su1m
360 3629 385 3645 n.
403 3629 426 3651 3.
489 3621 550 3652 (f)
567 3622 595 3656 ad
614 3622 636 3653 ᾗ,
656 3626 709 3654 365.
728 3624 788 3650 ibid.
809 3626 855 3651 cit.

148 3652 158 3675 i
174 3652 187 3680 )
204 3655 239 3677 De
255 3651 314 3675 Obs.
332 3652 399 3675 Med.
417 3651 440 3675 8:
456 3655 529 3677 Anat.
547 3653 621 3681 Epist.
638 3655 662 3677 8.
679 3662 702 3678 n.
720 3663 757 3684 14.

190 3684 202 3710 J
220 3682 314 3707 Differt.
332 3683 359 3706 de
376 3690 400 3706 re
417 3684 514 3716 [nonsit.
533 3691 546 3707 a
562 3685 667 3712 Capuec.
687 3685 709 3709 δε
726 3691 780 3710 caet.

209 3712 268 3736 lbid.
286 3713 307 3737 8:
324 3712 348 3736 in
366 3712 489 3738 Additam.
508 3714 537 3737 ad
553 3714 620 3740 eand.
639 3714 701 3739 Sea.
719 3716 777 3741 Obs.
794 3724 818 3741 2.
882 3718 896 3747 (
913 3725 929 3747 p
945 3718 959 3747 )

203 3744 327 3776 Expenmr
342 3744 414 3766 Anat.
432 3744 541 3768 Canicid.
559 3752 580 3773 3.
598 3753 624 3769 n.
642 3753 678 3770 10.
696 3746 719 3770 ἃ
735 3750 772 3771 16.
791 3747 813 3770 8:
829 3748 941 3772 Canicid.
962 3755 998 3772 11.
1017 3756 1039 3771 n.
1058 3751 1096 3776 36.

208 3775 304 3797 Comm.
322 3781 346 3796 m
365 3773 440 3806 Boeth
470 3774 531 3803 Aph.
554 3776 576 3804 §.
597 3783 661 3804 ¹¹34-

213 3803 331 3827 Consider.
350 3809 391 3826 eit.
455 3805 469 3833 (
485 3813 500 3828 a
517 3806 526 3834 )
543 3805 616 3834 Epist.
632 3809 707 3830 Anat.
727 3814 760 3836 ις.
780 3815 805 3831 n.
821 3816 861 3838 47.

115 3618 125 3648 s

116 3650 131 3678 (

120 3679 135 3708 (

118 3711 132 3738 (

117 3741 133 3769 (

120 3771 139 3830 ί(

120 3833 136 3861 ί
211 3835 238 3857 Ρ.
256 3838 279 3858 6.
296 3833 354 3858 Obs-
372 3834 440 3858 Med.
457 3842 491 3860 1².
507 3836 568 3860 Τὼ.
588 3843 610 3864 9.
632 3836 684 3866 fig.
700 3841 726 3863 6.
744 3840 766 3863 &z
783 3846 807 3866 7.

149 3690 173 3705 m

149 3721 160 3735 o

149 3751 159 3766 ν

150 3779 160 3795 t

152 3811 167 3830 1

152 3841 163 3857 e

177 3713 191 3741 )

175 3746 185 3771 )

176 3773 190 3801 )

182 3803 197 3832 )

177 3837 188 3860 >

918 3627 963 3657 (g
978 3627 992 3656 )
1007 3627 1036 3650 ad
1052 3626 1073 3657 §-
1093 3627 1146 3656 387·

821 3656 932 3687 (ιὲ)1Δ
952 3657 1050 3687 3.0bs.
1070 3656 1342 3686 2.&0bs.13.§.1.
1382 3686 1388 3691 ,

844 3688 859 3716 (
872 3695 888 3711 n
907 3687 920 3716 >
936 3687 998 3712 Sest.
1017 3687 1062 3711 hae
1078 3693 1113 3711 22.
1131 3686 1188 3711 Obs.
1206 3695 1244 3715 23.
1263 3688 1286 3716 §.
1304 3696 1315 3716 ς
1343 3689 1365 3711 8(
1382 3695 1407 3711 in
1424 3690 1504 3713 Schol.

975 3718 1127 3742 Confideraz.
1146 3718 1189 3741 int.
1208 3718 1253 3741 alla
1271 3725 1381 3746 generaz.
1396 3718 1431 3742 de'
1448 3719 1546 3744 Vermi-

723 3777 737 3806 (
755 3787 771 3802 u
787 3778 801 3806 )
817 3778 943 3802 offervaz.
961 3778 1009 3801 int.
1027 3778 1075 3807 agli
1092 3780 1174 3811 Anim.
1193 3787 1237 3802 viv.
1256 3778 1277 3801 8(
1294 3785 1348 3802 caet.

922 3811 929 3838 (
950 3807 964 3832 b
980 3813 990 3835 )
1009 3809 1119 3832 Canicid.
1136 3814 1180 3832 cit.

869 3838 936 3870 (J)
953 3839 1077 3868 sepulchr.
1095 3837 1156 3868 sest.
1173 3837 1216 3863 hat
1233 3847 1269 3868 ²3·
1286 3839 1343 3864 Obs.
1363 3847 1401 3869 23.
1420 3840 1441 3870 §.
1462 3850 1482 3871 ς.

1115 230 1232 283 XL.
1271 220 1385 284 Art.
1409 235 1466 285 ²6.
1501 230 1543 297 7.
1575 237 1630 287 sc
1663 235 1706 287 8.
1959 248 2048 300 ως

1107 310 1307 343 nominatim
1343 311 1425 345 illud
1457 312 1612 353 Koenigii
1645 313 1726 355 (l)
1757 314 1791 347 in
1827 314 1983 348 Senatore
2017 315 2110 356 cujus

1107 363 1245 386 ureteres
1277 354 1410 388 calculis
1440 365 1529 388 erant
1559 356 1715 389 obstructi
1742 381 1750 395 ‚
1787 368 1875 391 renes
1908 367 2015 395 autem
2037 380 2045 394 2
2079 362 2110 391 &

1108 398 1221 429 dexter
1245 396 1421 437 praesertim
1444 421 1457 437 ‚
1490 409 1584 440 aequo
1608 397 1743 437 majores
1768 425 1776 439 ,
1810 401 1954 435 dilatatis
1992 402 2110 433 tunicis

1109 439 1213 515 {nulho
1237 439 1305 473 sero
1329 440 1484 479 tumidis,
1509 444 1677 484 permultis
1699 441 1940 478 obhaerentibu‘s
1953 442 2111 479 scatebant

1124 494 1173 523 api
1204 493 1227 515 is
1247 506 1254 516 .
1932 515 1938 525 ‚
2049 510 2052 512 -

1147 528 1178 557 6.
1202 527 1287 560 Cum
1311 527 1409 561 modo
1433 528 1615 562 indicatum
1639 527 1678 561 sit
1703 553 1713 569 ‚
1747 530 1832 570 posse
1867 542 1882 563 a
1916 529 2016 565 vesica
2034 527 2112 563 :do-

1104 568 1205 601 lorem
1239 569 1277 602 ad
1311 571 1439 604 lumbos
1475 573 1679 613 propagari;
1713 573 1890 607 attexendae
1915 573 1978 607 huc
2011 570 2111 607 essent

1105 612 1176 644 alise
1201 612 1360 646 Valsalvae
1395 614 1651 648 Observationes
1675 636 1684 652 ‚
1716 615 1803 650 idern
1837 617 1965 650 aliunde
2000 615 2107 658 profe-

1104 656 1193 687 ctum
1225 656 1546 697 commonstrantes,
1591 658 1648 690 nisi
1695 658 1881 701 priusquam
1924 672 1939 693 a
1985 660 2113 693 renibus

1111 698 1307 732 discedamus
1340 724 1349 737 ,
1399 700 1562 741 praestaret·
1605 701 1769 736 ostendere
1802 727 1812 742 ,
1854 704 1970 736 horum
1995 725 2005 742 ,
2049 705 2079 734 δε
2103 725 2113 741 ,

1111 741 1199 782 quod
1232 742 1441 785 consequitur
1464 767 1476 782 ‚
1508 743 1695 778 lumborum
1730 745 1877 779 dolorem
1910 744 2008 779 causae
2040 744 2116 787 qni-

1108 786 1181 817 den-1
1213 796 1284 828 quae
1317 787 1351 819 in
1384 787 1513 820 renibus
1546 786 1583 820 sit
1607 808 1616 823 ‚
1648 799 1705 821 nec
1739 798 1846 821 tamen
1876 789 2016 822 calculus
2042 789 2080 821 sit
2101 809 2112 826 ‚

1107 839 1339 871 nonnunquam
1360 830 1419 862 effe
1442 828 1689 871 impuffisdum.
1715 832 1833 865 Rarior
1858 856 1867 871 ,
1900 831 1953 866 sed
1976 829 2040 873 non
2065 831 2113 864 in-

1106 871 1272 905 credibilis
1307 873 1398 906 causa
1431 873 1502 907 sunt
1534 885 1656 908 vermes
1680 897 1691 913 ,
1723 886 1805 917 quos
1837 877 1894 919 qui
1927 875 1961 908 in
1984 873 2113 909 renibus

1107 917 1331 949 noncaninis
1370 917 1466 949 modo
1495 939 1504 954 ‚
1547 916 1599 950 sed
1632 920 1662 951 ὅ(
1701 916 1850 952 humanis
1897 917 2114 961 deprehende-

1107 960 1174 990 rint
1197 981 1206 996 ,
1238 959 1357 992 multos
1381 961 1528 993 nominat
1555 962 1748 996 Dominicus
1770 962 1808 995 de
1832 962 1969 996 Marinis
1992 961 2057 1004 (m
2080 964 2114 1001 >2

1112 1001 1151 1034 ad
1175 1012 1256 1043 quos
1279 1014 1391 1044 magna
1415 1015 1452 1035 ex
1476 1014 1565 1045 parte
1585 1005 1618 1036 in
1643 1004 1856 1046 Sepulchreto
1877 1016 2006 1048 quoque
2029 1007 2043 1043 (
2065 1003 2117 1045 n)

1110 1054 1305 1078 memoratos
1328 1068 1340 1085 ,
1364 1046 1456 1079 addas
1480 1048 1559 1080 alios
1582 1047 1735 1089 quosdam
1758 1049 1816 1089 qui
1840 1052 1873 1082 in
1895 1047 2005 1081 eodem
2029 1050 2043 1086 (
2065 1058 2081 1080 ο
2105 1050 2116 1085 )

1110 1088 1299 1121 indicantur
1327 1113 1336 1126 ‚
1366 1092 1397 1121 &
1427 1090 1484 1131 qui
1519 1098 1670 1132 praeterea
1710 1104 1725 1125 a
1759 1091 1957 1125 Vallisnerio
1990 1089 2079 1134 (p)
2103 1113 2116 1130 ‚

1110 1141 1165 1164 aut
1199 1132 1237 1164 ab
1262 1131 1413 1172 Alghisio
1447 1134 1498 1173 (q
1522 1137 1531 1169 )
1568 1134 1606 1167 ad
1633 1133 1865 1168 Vallisnerium
1900 1135 2080 1168 scribentur
2105 1157 2117 1173 ,

1111 1174 1290 1216 praesertim
1315 1186 1390 1207 vcro
1415 1174 1484 1216 post
1507 1175 1649 1209 Redium
1677 1200 1686 1215 ‚
1721 1177 1952 1211 Vallisnerium
1976 1176 2082 1219 ipsum
2105 1198 2115 1214 ‚

1114 1220 1146 1250 δι’
1170 1218 1329 1252 Carolum
1352 1218 1608 1252 Drelincurtium
1633 1219 1684 1262 (r
1705 1223 1719 1259 3
1742 1243 1750 1251 .
1784 1221 1835 1254 Ex
1869 1221 1918 1254 his
1954 1230 2059 1254 tamen
2081 1231 2120 1252 o-

1114 1262 1243 1295 mnibus
1269 1272 1447 1303 perpaucos
1471 1262 1614 1296 invenies
1636 1286 1646 1301 ,
1678 1273 1782 1304 neque
1814 1276 1867 1298 eos
1900 1262 1965 1298 fere
2000 1265 2034 1296 in
2058 1263 2119 1295 ob-

1114 1303 1272 1339 servando
1303 1306 1463 1338 cautiores
1486 1327 1495 1342 ,
1531 1307 1587 1348 qui
1618 1307 1703 1339 intra
1740 1306 1828 1348 ipsos
1865 1307 2037 1342 hominum
2069 1307 2120 1339 re-'

1112 1359 1166 1382 nes
1203 1347 1312 1383 vidisse
1345 1349 1374 1382 se
1398 1370 1408 1385 ,
1440 1348 1582 1382 scribant
1606 1361 1616 1387 3
1651 1358 1687 1383 ut
1719 1349 1777 1383 nisi
1801 1352 1834 1384 in
1857 1352 2012 1388 canibus,
2038 1359 2121 1383 mar-

1113 1392 1266 1435 tibusque
1297 1403 1356 1433 pro
1388 1401 1479 1425 certo
1513 1391 1666 1426 sciremus
1701 1391 1759 1426 esse
1792 1393 2001 1436 deprehensos
2020 1418 2028 1433 ,
2050 1391 2120 1426 for-

1113 1435 1190 1468 tasse
1224 1435 1357 1469 illorum
1389 1433 1646 1469 Observationes
1681 1437 1800 1477 partim
1835 1441 1869 1471 in
1900 1438 2122 1472 dubium‘vo-

1113 1490 1256 1513 caremus
1277 1501 1290 1518 ‚
1324 1480 1444 1521 partim
1477 1480 1568 1513 aliter
1602 1479 1832 1522 explicaremus
1854 1504 1866 1520 ,
1904 1481 2020 1514 mintffi
2053 1480 2122 1522 post

1115 1522 1313 1563 nephriticos
1344 1522 1471 1555 dolores
1503 1523 1642 1564 oblongi
1665 1544 1675 1559 ‚
1709 1522 1882 1567 teretisque
1905 1524 2040 1566 polypi,
2063 1522 2122 1565 qui

1115 1565 1241 1607 Sponio
1274 1565 1361 1607 (s)
1393 1577 1453 1608 pro
1487 1566 1648 1599 lumbrico
1681 1577 1696 1598 a
1730 1566 1838 1607 primo
1883 1565 2084 1609 imposuerat
2112 1590 2123 1605 ‚

1113 1619 1178 1641 non
1204 1610 1302 1644 obliti
1328 1633 1335 1640 .
1360 1609 1497 1650 Qnto
1520 1610 1624 1652 igitur
1648 1618 1810 1642 certarum
1834 1611 1867 1642 in
1891 1612 2026 1644 canibus
2049 1610 2125 1642 Ob-

1113 1652 1334 1686 servationum
1359 1652 1460 1694 magis
1483 1663 1617 1695 augetur
1633 1663 1805 1692 numerum
1829 1663 1923 1687 tanto
1946 1656 2042 1687 etiam
2056 1664 2125 1686 ma-

1110 1697 1162 1738 gis
1183 1696 1339 1730 credibile
1374 1695 1412 1728 fit
1437 1720 1447 1736 ,
1480 1695 1566 1738 posse
1600 1695 1686 1729 idem
1724 1698 1757 1728 in
1782 1697 1971 1733 hominibus
1994 1707 2125 1739 quoque

1110 1740 1318 1783 contingere.
1343 1739 1416 1771 Hac
1441 1749 1547 1773 mente
1570 1740 1659 1781 quod
1686 1739 1833 1773 Valsalva
1856 1742 2026 1784 conspexit
2059 1752 2125 1774 non

1112 1782 1218 1816 multo
1243 1782 1331 1818 secus
1354 1794 1388 1815 ac
1412 1782 1533 1817 Illustri
1557 1794 1686 1825 quoque
1703 1785 1874 1818 Swietenio
1898 1784 1966 1828 (t)
1991 1783 2123 1823 accidit,

1111 1826 1288 1861 describam
1314 1852 1321 1858 .
1450 1846 1455 1847 ν

1162 1881 1194 1912 7.
1217 1870 1431 1909 CANEM
1463 1870 1518 1903 ine
1552 1869 1728 1905 masculum
1752 1894 1765 1910 ,
1803 1871 1984 1906 Anatomes
2019 1871 2124 1906 studio

1115 1914 1261 1947 incensus
1284 1937 1293 1951 ‚
1327 1913 1507 1956 pei-secabat
1532 1936 1543 1951 ,
1577 1926 1652 1948 cum
1676 1938 1690 1955 ,
1738 1916 1812 1948 loco
1847 1918 1932 1950 renis
1967 1915 2124 1953 dexteri,

1112 1968 1229 2000 corpus
1263 1959 1389 1992 invenit
1421 1956 1509 2000 quod
1544 1959 1681 1995 exterius
1727 1957 1860 2000 quidem
1904 1971 2011 1994 renem
2048 1971 2126 2002 pro-

1114 2001 1288 2043 pemodum
1319 2001 1533 2035 :emulabatur
1557 2023 1568 2038 ‚
1613 2011 1644 2034 at
1682 2000 1740 2035 sub
1773 2003 2125 2037 externarmembrana

1115 2054 1245 2077 tenuem
1278 2048 1433 2079 corticem
1466 2045 1694 2087 glandulosum
1727 2045 1863 2079 habebat
1888 2071 1898 2086 ,
1944 2047 1982 2080 ad
2027 2058 2125 2090 quem

1112 2089 1338 2131 pertingebant
1371 2088 1553 2131 {anguifera
1590 2088 1660 2121 vasa
1681 2113 1690 2128 ‚
1715 2088 1771 2122 sub
1794 2092 1916 2124 cortice
1940 2101 2047 2125 autem
2071 2103 2128 2124 ca-

1112 2142 1203 2163 veam
1227 2154 1236 2170 ‚
1268 2143 1366 2175 quarn
1400 2132 1583 2166 membrana
1620 2131 1797 2166 admodum
1828 2134 1978 2177 laevigata
2002 2145 2125 2168 conve-

1112 2175 1224 2207 stiebat
1249 2198 1257 2212 ‚
1296 2176 1444 2216 pluribus
1479 2174 1606 2219 pertusa
1631 2174 1847 2210 foraminibus
1870 2178 1909 2212 ad
1942 2189 2016 2211 eum
2049 2190 2124 2211 cor-

1113 2218 1209 2251 ticem
1242 2220 1480 2261 pertinentibus
1500 2242 1513 2259 ,
1548 2229 1584 2253 ut
1609 2231 1647 2252 ex
1671 2219 1732 2252 hoc
1757 2231 1812 2262 per
1836 2220 1892 2254 illa
1924 2221 2065 2255 defluere
2089 2223 2123 2254 in

1112 2272 1242 2294 caveam
1297 2262 1419 2296 lotium*
1453 2263 1619 2296 videretur
1643 2287 1650 2294 .
1687 2264 1727 2296 In
1760 2274 1854 2297 cavea
1892 2267 2011 2301 vermis
2045 2267 2124 2299 late-

1109 2304 1164 2337 bat
1202 2315 1263 2337 tres
1306 2307 1437 2340 circiter
1483 2307 1572 2340 ulnas
1618 2306 1736 2347 longus
1762 2331 1771 2346 ‚
1816 2307 2023 2342 craffitudine
2069 2320 2124 2341 au·-

1108 2357 1173 2381 tem
1205 2350 1318 2382 calami
1353 2350 1483 2392 majoris
1516 2361 1555 2384 ex
1587 2350 1628 2383 iis
1661 2350 1780 2392 quibus
1812 2351 1938 2385 utimur
1971 2352 2008 2386 ad
2045 2351 2124 2387 scri-

1106 2391 1248 2425 bendum
1273 2419 1279 2425 .
1463 2407 1473 2414 ¹
1666 2404 1669 2406 ·

1151 2436 1180 2467 8.
1215 2437 1341 2469 Redius
1386 2441 1395 2476 (
1433 2440 1497 2474 u)
1543 2436 1680 2479 quidem
1727 2436 1791 2472 hoc
1838 2449 1943 2473 verme
1988 2441 2025 2473 in·
2068 2452 2116 2475 re-

1106 2487 1146 2511 ne
1189 2478 1350 2512 crassiores
1371 2503 1384 2520 ,
1431 2479 1481 2513 sed
1528 2490 1591 2513 non
1638 2492 1729 2524 aeque
1776 2482 1893 2524 longos
1946 2485 2077 2517 invenit
2112 2510 2121 2519 ,

1103 2521 1195 2555 Ulna
1227 2523 1326 2564 ipse,
1373 2527 1403 2556 &
1448 2522 1686 2566 Kerckringius
1730 2525 1855 2566 (x),
1901 2527 2120 2562 Vallisnerius

1106 2569 1173 2606 (y
1201 2565 1218 2607 )
1282 2575 1426 2607 quatuor
1495 2567 1610 2607 palmis
1646 2593 1653 2603 .
1719 2569 1970 2604 Drelincurtius
2034 2573 2118 2606 duo-2

1106 2608 1166 2641 bus
1212 2608 1345 2650 pedibus
1392 2611 1557 2651 longiores
1603 2610 1858 2651 offenderunt3
1905 2624 1939 2648 ut
1995 2617 2119 2650 anima-

1108 2651 1148 2684 lis
1206 2663 1270 2684 non
1326 2653 1496 2686 craffiffimi
1553 2653 1727 2696 longitudo
1782 2657 1930 2692 ulnarum
1987 2661 2117 2694 circiter

1107 2697 1211 2728 trium
1255 2697 1337 2729 mira
1393 2698 1530 2729 nimium
1579 2699 1681 2730 videri
1736 2700 1831 2740 poffir
1866 2726 1875 2741 ,
1931 2703 1988 2735 nisi
2042 2715 2116 2737 cum

1106 2740 1230 2773 mortui
1276 2740 1367 2773 aucta
1413 2741 1553 2774 multum
1600 2741 1676 2779 est,
1722 2751 1758 2774 ut
1812 2754 1872 2784 ego
1918 2748 2028 2785 (a)
2081 2750 2114 2781 in

1108 2782 1173 2827 alio
1208 2784 1364 2816 vermium
1399 2794 1512 2826 genere
1537 2805 1546 2821 ‚
1592 2785 1627 2816 in
1664 2783 1725 2818 hoc
1748 2793 1852 2819 autem
1891 2788 1956 2829 ipse
1991 2789 2114 2825 Redius

1106 2827 1202 2859 iacile
1235 2825 1408 2866 accidere,
1445 2829 1614 2860 adnotavit
1640 2849 1649 2864 ‚
1695 2837 1751 2861 aut
1786 2828 1877 2862 sicuti
1912 2832 1993 2874 apud
2030 2834 2113 2868 Dte..

1105 2869 1298 2903 lincurtium
1353 2870 1462 2911 (Kb)
1506 2869 1571 2904 duo
1617 2869 1748 2904 fuerunt
1792 2884 1933 2915 quorum
1981 2876 2113 2911 alterius

1106 2912 1245 2946 rostrum
1312 2914 1398 2946 circa
1454 2914 1588 2946 alterius
1645 2915 1777 2948 caudam
1834 2917 2000 2952 arffiffime
2066 2921 2110 2955 es.

1106 2955 1152 2988 set
1196 2956 1337 2990 defixum
1363 2981 1370 2987 .
1419 2956 1505 2990 Nam
1548 2959 1579 2989 &
1624 2957 1692 2989 bini
1717 2958 1889 3001 aliquando
1936 2960 2008 2995 sunt
2045 2976 2111 2999 uno

1106 2999 1140 3032 in
1173 3010 1245 3033 rene
1268 3022 1280 3040 ,
1324 2999 1442 3041 dispari
1488 2999 1618 3041 quidem
1666 3001 1873 3043 longitudine
1898 3005 1915 3046 (
1944 3016 1960 3037 c
1991 3010 2037 3046 ),
2071 3019 2107 3042 ut

1106 3042 1231 3089 Redius
1276 3054 1406 3085 quoque
1450 3043 1536 3081 (d)
1569 3042 1752 3078 observavit
1774 3068 1782 3083 ,
1817 3056 1847 3079 at
1882 3050 1951 3089 pari
1985 3061 2000 3081 a
2035 3052 2110 3085 Bla..

1106 3087 1152 3119 110
1186 3090 1197 3126 (
1230 3086 1287 3127 e)
1332 3085 1411 3128 picti
1457 3085 1526 3118 sunt
1550 3109 1559 3123 ,
1605 3086 1703 3129 hique
1735 3100 1772 3121 ex
1807 3089 1941 3124 homine
1973 3096 2109 3128 emacia-

1106 3138 1144 3161 το
1168 3153 1177 3168 ,
1211 3130 1313 3175 qualis
1346 3129 1426 3162 alter
1450 3129 1543 3163 fuisse
1577 3130 1696 3172 legitur
1728 3132 1809 3174 apud
1844 3135 2001 3170 Zacutum
2027 3135 2110 3181 (f)

1107 3172 1141 3203 in
1187 3184 1279 3214 cujus
1322 3173 1453 3205 renibus
1500 3183 1620 3206 vermes
1655 3195 1673 3212 ,ν
1714 3185 1744 3208 at
1798 3178 1908 3210 multis
1962 3181 2108 3220 partibus

1107 3214 1269 3249 breviores
1303 3215 1396 3250 fuisse
1429 3216 1582 3250 dicuntur
1616 3219 1722 3252 colore
1757 3220 1832 3252 albo
1856 3243 1864 3257 ‚
1910 3231 1983 3254 cum
2017 3225 2111 3257 rubi..¹

1109 3260 1215 3293 cundo
1257 3260 1353 3292 essent
1397 3260 1430 3292 in
1476 3260 1574 3294 Blasii
1620 3260 1894 3304 Observatione‚
1940 3276 2005 3306 quo
2050 3279 2108 3301 co..

1105 3302 1171 3336 lore
1215 3300 1334 3345 semper
1377 3303 1411 3336 in
1455 3304 1587 3338 canibus
1629 3307 1661 3337 &
1703 3304 1856 3344 Redius,
1898 3309 1928 3340 δε
1973 3310 2108 3343 Drelin-

1106 3345 1280 3379 lincurtius
1306 3369 1315 3384 ‚
1363 3345 1416 3379 hic
1460 3349 1624 3381 interdum
1672 3351 1795 3385 vivos,
1852 3349 1906 3383 ille
1958 3362 2105 3388 mortuos

1105 3390 1293 3430 conspexere
1320 3405 1328 3427 3
1373 3388 1427 3422 hic
1460 3402 1522 3424 non
1557 3390 1613 3423 nisi
1647 3392 1680 3423 in
1712 3392 1852 3425 maribus
1875 3416 1884 3431 ‚
1930 3397 1961 3427 &
1990 3406 2006 3427 a
2030 3399 2106 3429 dex-

1111 3434 1169 3465 tris
1192 3454 1202 3469 ,
1234 3433 1287 3465 ille
1319 3434 1418 3467 etiarn
1450 3435 1483 3467 in
1522 3434 1656 3468 foemina
1680 3456 1690 3472 ‚
1723 3438 1800 3468 &-a
1835 3434 1967 3471 sinistris
1990 3462 1997 3471 .
2035 3441 2117 3474 Do·-

1713 3479 1732 3510 S
1776 3488 1792 3509 2
1964 3482 2063 3516 'lores

1207 3626 1221 3655 (
1237 3626 1252 3649 h
1268 3625 1282 3654 )
1297 3626 1349 3650 Ast.
1367 3628 1403 3650 N.
1420 3629 1449 3652 C.
1466 3630 1541 3652 Torn.
1559 3636 1579 3654 1.
1598 3628 1656 3653 Obs.
1673 3636 1727 3658 247.

1405 3656 1413 3684 s
1431 3659 1440 3680 l
1458 3659 1466 3687 1
1481 3659 1730 3688 Lithogenes-human.
1748 3661 1849 3691 Specim.
1867 3659 1940 3688 Epist.
1956 3668 1979 3686 2.

1607 3721 1621 3748 c
1638 3729 1651 3749 q
1668 3720 1681 3749 )
1697 3722 1777 3749 Opere
1786 3719 2104 3753 delvallisn.Tom.1.P.5„

1133 3776 1137 3780 .
1158 3749 1172 3777 (
1184 3748 1226 3781 sq)
1244 3748 1296 3771 Αξὶ.
1313 3748 1384 3772 Erud.
1403 3748 1466 3778 Lips.
1482 3753 1511 3775 A.
1531 3752 1595 3778 1684.
1612 3752 1652 3774 M.
1670 3754 1729 3781 Jun.

1409 3779 1417 3807 (
1435 3789 1450 3803 x
1469 3781 1476 3808 )
1492 3781 1572 3809 spicil.
1590 3782 1661 3806 Anat.
1679 3781 1736 3807 Obs.
1754 3789 1793 3812 59.

1200 3817 1220 3837 3-
1240 3816 1264 3831 n.
1284 3813 1320 3833 16.
1382 3809 1421 3837 (c
1436 3811 1450 3839 )
1468 3812 1528 3836 Ibid.
1546 3818 1570 3835 n.
1587 3818 1622 3835 11.
1686 3813 1694 3841 (
1712 3812 1727 3836 d
1746 3812 1893 3843 Joffervaz.
1907 3812 1954 3837 tit.
