2498 4075
468 224 623 292 Epistr
656 225 819 279 Anat.¹
851 223 1066 278 Medica
1099 223 1222 279 LX;
1239 222 1364 278 Art.
1386 239 1461 295 ¹3·
1486 237 1557 290 14.
1576 225 1716 281 &15.

84 303 223 344 parietes
245 301 427 344 ducuntur,
449 303 506 338 ubi
531 314 621 346 aquae
645 303 849 347 aliquantum
882 312 969 345 erat,
1001 314 1081 346 prae-

82 346 191 380 sertim
217 358 233 379 a
255 346 407 381 sinistris.
614 353 616 355 ’

129 399 176 431 13.
210 389 478 424 Observationem
512 389 594 425 hanc
623 401 700 424 curn
733 402 767 423 ea
796 388 947 425 ,conferas
973 413 982 428 ‚
1026 401 1081 424 ve-

80 433 160 471 lim,
181 445 282 475 quam
303 432 404 468 habui
433 434 466 467 in
501 435 597 466 Petro
628 433 779 469 Fasolato
809 433 890 474 (k).
921 434 1015 468 Plura
1047 434 1082 468 in

82 486 221 518 utraque
243 478 379 519 reperies
398 488 472 520 ›quae
494 478 690 511 conveniant
715 478 801 510 inter
834 476 863 511 se
881 500 893 517 ,
928 480 958 510 &
992 477 1084 520 plura

80 522 202 562 pariter
224 521 258 553 in
280 521 321 553 iis
344 531 413 562 qnae
438 519 477 553 ad
499 521 588 555 illam
612 519 786 560 adnotavi,
809 523 840 553 δι
862 519 916 555 hic
939 528 1003 553 non
1027 531 1083 554 va-

76 572 132 596 cat
156 573 321 605 repetere,
345 564 383 598 ad
406 562 487 598 hanc
508 564 755 610 explicandam.
789 563 940 605 Adjicere
973 573 1081 598 tamen

80 606 227 647 quaedam
251 607 328 641 licet
343 633 352 647 ‚
376 606 518 641 hominis
541 606 638 648 hujus
659 608 831 649 peculiaria
847 630 855 637 .
882 609 995 642 Fuerat
1028 607 1082 641 hic

81 649 201 687 bibax,
225 651 255 682 ὃ(
278 650 368 692 quod
391 660 455 684 non
475 649 609 685 difficile
632 651 705 684 inde
737 651 943 693 consequitur
961 674 973 690 ,
1004 649 1082 692 saepe

80 694 209 727 ebrius.-
232 704 303 734 quae
326 704 374 727 res
396 703 556 736 quantum
578 694 616 728 ad
639 694 767 736 copiam
791 693 953 737 sanguinis
963 705 1081 736 augen-

80 736 154 770 dam
169 759 182 776 ,
202 739 233 770 &
257 737 296 770 acl
320 736 391 771 vasa
414 748 486 779 quae
509 738 596 771 intra
619 739 763 771 cranium
787 738 881 777 iunt,
913 737 1080 771 infirman-

79 780 120 814 da
145 778 271 820 valeat,
293 777 390 814 facile
412 780 590 821 intelligis.
617 782 693 815 Huc
728 781 807 815 adde
841 781 925 815 ossea
961 781 1015 814 illa
1049 781 1082 813 in
1106 804 1108 806 v

80 825 207 857 arteriis
228 821 439 858 inferioribus
461 825 562 863 vitia,
587 833 658 866 quae
682 833 717 857 ut
742 823 906 866 sanguinis
936 822 1085 857 deorsum

80 869 189 900 motui
211 866 417 905 officiebant,
443 869 488 900 ita
511 867 632 901 sursum
655 866 770 909 majori
794 868 887 910 copia
918 866 996 900 ferri
1021 872 1086 907 {co-

81 911 224 952 gebant.
250 911 309 944 Sed
333 909 413 946 illud
436 911 596 953 praecipue
620 910 799 945 addendum
819 911 864 944 est
885 935 898 951 ,
929 911 962 944 in
999 919 1089 945 tanta

82 951 140 986 isia
164 954 282 987 ultima
305 955 460 988 ebrietate
478 966 556 989 cum
577 953 679 988 homo
700 955 835 989 cubaret
849 979 859 995 ,
884 963 982 996 atque
1014 955 1090 988 dor-

81 998 202 1036 miret,
226 996 264 1029 ad
287 999 456 1040 pristinam
481 998 644 1039 sanguinis
664 999 796 1039 copiam
820 997 958 1032 multum
982 1009 1021 1031 ex
1042 998 1082 1030 iis

82 1038 232 1073 accedere
255 1039 386 1083 coepiffe
409 1052 480 1082 quae
502 1042 784 1084 ingurgitaverat,
816 1053 855 1076 ex
887 1043 966 1075 vino
1001 1052 1085 1083 prae-

82 1081 221 1123 sertim,
243 1084 336 1127 cujus
360 1084 542 1118 acceffionis
563 1096 637 1118 curn
668 1093 791 1119 tantam
823 1094 947 1129 partem
982 1086 1084 1118 vefica

80 1127 275 1170 excepisset,
299 1138 334 1162 ut
357 1128 427 1171 plus
450 1127 536 1171 posse
558 1127 730 1163 admittere
752 1140 816 1163 non
839 1129 1019 1164 videretur,
1033 1139 1089 1162 ne-

81 1182 144 1212 que
167 1170 288 1209 homo,
311 1174 434 1214 quippe
456 1172 637 1213 ebrietate,
660 1173 691 1204 &
727 1173 854 1206 sommo
886 1171 1050 1215 oppressus
1073 1193 1083 1208 ι

81 1215 250 1256 mingendi
271 1215 485 1249 neccffitatem
507 1215 637 1249 sentiret
654 1239 663 1253 ‚
684 1227 748 1258 qua
770 1218 894 1249 ratione
916 1217 1023 1250 locum
1049 1215 1084 1248 in

81 1256 183 1292 vefica
205 1259 325 1293 iterum
349 1255 518 1301 paravisset
542 1259 673 1302 reliquae
696 1261 773 1293 lotii
795 1261 960 1297 materiae‚
994 1261 1084 1292 inte-

79 1312 134 1347 rea
156 1303 190 1335 in
214 1302 340 1336 alveum
361 1302 525 1345 sanguinis
547 1302 709 1342 adveetae,·
730 1314 804 1337 cum
826 1304 894 1337 haec
909 1328 919 1343 ,
941 1304 1088 1346 inquam,

85 1345 134 1379 ita
156 1347 185 1378 se
208 1344 387 1387 haberent,
410 1346 553 1380 accidere
574 1345 736 1387 debuisse,
760 1355 797 1381 ut
822 1348 862 1380 ab
895 1358 941 1385 ea,
964 1355 1088 1380 retenta

82 1391 220 1423 materia
244 1389 316 1424 vasa
341 1391 443 1433 magis
465 1390 739 1431 distenderentur,
764 1400 863 1432 eaque
886 1389 1088 1433 potissimum

81 1445 153 1475 quae
177 1436 258 1467 intra
284 1434 456 1469 calvariam
480 1433 574 1472 sunt,
601 1444 713 1474 nempe
737 1432 882 1476 jamdiu
914 1442 1005 1467 antea
1037 1434 1089 1466 in-

81 1478 210 1511 firmata
224 1500 233 1515 ,
255 1481 287 1512 &
310 1479 344 1511 in
365 1477 519 1512 decubitu
540 1477 718 1519 praesertim
738 1499 749 1514 ‚
780 1477 955 1518 »repletioni
988 1478 1091 1520 magis

63 1522 248 1555 ‘'obnoxia.
276 1520 421 1561 Videfis,
448 1530 484 1555 ut
517 1520 617 1555 ferme
650 1522 768 1563 pariter
792 1522 947 1554 Lowerus
986 1521 1043 1560 (l)
1077 1533 1094 1554 a

81 1565 258 1603 decubitu,
284 1564 459 1608 somnoque
484 1564 552 1606 post
574 1565 728 1606 largiores
751 1565 858 1598 statim
883 1565 1066 1606 potationes
1081 1589 1092 1604 ,

81 1608 271 1651 priusquam
296 1611 440 1643 maxima
466 1608 554 1649 epoti
577 1609 716 1649 liquoris
738 1609 830 1651 copia
864 1618 920 1650 per
953 1607 1091 1642 vesicam

82 1653 266 1696 prodierit,
289 1663 380 1688 ortos
402 1652 543 1693 explicet
565 1661 697 1692 graves,
721 1660 755 1684 ut
779 1652 857 1693 saepe
880 1649 1091 1691 viderat,ce-

82 1697 170 1730 rebri
193 1697 326 1729 morbos
336 1715 351 1734 ·,
373 1698 405 1728 &
427 1697 460 1727 in
482 1694 535 1727 his
558 1694 754 1727 nominatim
777 1695 999 1737 apoplexiam.

130 1749 179 1782 14.
204 1739 317 1774 Credo
340 1740 444 1782 igitur
457 1761 469 1777 ‚
487 1736 661 1770 hominem
674 1749 689 1770 a
702 1749 753 1770 me
764 1738 965 1782 propositum
978 1759 987 1775 ,
999 1737 1088 1780 quod

82 1783 184 1816 nimis
207 1783 277 1816 sero
300 1781 406 1816 vesicae
431 1781 667 1823 plenitudinem
692 1780 847 1820 senserit,
869 1782 946 1814 dum
981 1791 1088 1814 matu-

82 1827 149 1860 lam
173 1827 305 1860 tandem
329 1836 440 1868 capere
454 1824 572 1864 vellet,
595 1834 648 1858 aut
672 1826 782 1867 potius
793 1824 1088 1867 cepisset‚lotium-

83 1880 147 1913 que
171 1880 211 1903 ex
233 1870 332 1902 nimis
354 1869 491 1903 distenta
520 1867 644 1909 vesica,
667 1869 755 1910 quod
790 1867 986 1903 facillimum
1023 1879 1087 1901 non

83 1913 150 1951 est,
173 1912 287 1956 ejicere
309 1920 504 1947 conaretur,
527 1912 562 1943 in
586 1923 623 1944 eo
646 1911 716 1953 ipso
741 1912 812 1946 nisu
833 1911 1088 1954 quisanguinem

84 1959 189 2000 magis
209 1957 246 1989 in
272 1955 351 1990 vafis
371 1955 488 1999 capitis
511 1963 679 1995 moratur,
702 1954 783 1989 forti
817 1956 985 1998 apoplexia
1017 1966 1090 1988 cor-

82 2012 237 2045 reptum,
260 1997 405 2034 cecidifle
420 2024 427 2031 .
451 1998 581 2031 Scilicet
605 1997 644 2031 ad
673 2008 748 2035 eum
779 1999 984 2033 distentionis
1017 2010 1092 2040 gra-

81 2047 164 2083 dum
187 2045 353 2089 pervenire
375 2044 513 2085 denique
536 2049 713 2084 potuerunt
731 2053 866 2079 „externa
880 2043 1092 2086 ‚internaque

1972 236 2071 287 405

1133 304 1207 336 vasa
1225 313 1303 346 quaa
1325 303 1412 337 intra
1433 302 1608 336 calvariam
1633 303 1724 340 sunt,
1748 308 1784 334 ut
1807 299 1964 342 quidquid
1982 302 2048 343 ipsa
2059 305 2138 336 con-2*

1131 344 1237 381 cludit
1267 368 1279 385 ,
1324 345 1593 381 vehementiffime
1638 346 1892 386 comprimerent
1918 368 1924 373 i
1968 345 2137 386 Quoniam

1134 400 1213 424 vero
1233 391 1267 423 ,ὃς
1288 387 1360 426 his,
1386 392 1418 422 δε
1441 389 1510 422 aliis
1535 389 1614 432 saepe
1638 388 1676 422 ad
1698 399 1729 420 te
1755 387 1890 420 Litteris
1913 387 1953 420 ab
1975 387 2139 429 ejusmodi

1131 432 1422 475 ‚compressionibus
1446 435 1545 474 petita
1568 432 1659 467 causa
1682 432 1726 465 est
1751 431 1954 473 apoplexiae3
1973 440 2053 472 ⁴rave
2084 430 2140 464 ‚su-

1137 476 1284 520 spiceris,
1304 475 1430 509 obstare
1454 476 1549 510 nobis
1572 476 1625 509 Cl.
1652 474 1771 518 Laghii
1795 478 1874 514 (m)
1896 475 2140 516 experimenta,

1133 520 1253 562 quibus
1275 531 1328 561 per
1352 520 1599 554 instrumentum
1625 519 1703 552 illud
1726 518 1798 561 sane
1822 518 1969 560 elegeos,
1993 518 2034 551 ab
2066 517 2143 549 Nm

1133 562 1285 596 biliffimo
1300 585 1310 600 ‚
1335 561 1512 606 eodemque
1535 560 1789 603 Ingeniosiffimo
1812 562 1949 595 Comite
1972 560 2142 602 Gregorio

1129 607 1261 640 Casalio
1283 608 1525 647 excogitatum,
1548 592 1707 642 offendit,
1741 607 1775 638 in
1803 605 1941 638 canibus
1969 604 2142 637 cerebrum

1134 648 1219 693 posse
1242 651 1419 691 comprimi
1443 649 1481 682 ad
1505 648 1851 684 Londinenses‘lisneas
1877 649 2053 681 minimum
2088 646 2142 681 sex

1134 692 1249 735 absque
1273 694 1341 726 ullo
1364 694 1397 726 in
1421 693 1485 726 illis
1509 692 1660 727 molestiae
1683 690 1830 725 indicio:
1855 692 1935 733 quin
1959 691 2016 724 ubi
2049 692 2144 733 queri

1133 737 1298 777 incipiunt
1319 757 1328 773 ,
1354 735 1511 779 paulatim
1535 746 1613 769 mox
1636 734 1821 778 quiescere,
1849 735 1911 767 nisi
1948 732 2141 777 compressio

1132 790 1306 822 augeatur:
1330 790 1387 812 nec
1412 781 1500 820 prius
1523 778 1609 820 quasi
1633 779 1803 820 apoplexia
1827 776 1996 819 prehensos
2019 776 2144 815 cadere,

1137 835 1234 867 quam
1256 822 1639 864 compressionis-gradus
1659 821 1701 855 ad
1725 821 1878 864 pollicem
1911 822 2041 854 circiter
2073 830 2144 862 per-

1138 867 1282 900 venerit.
1307 866 1381 898 Alia
1403 867 1492 899 enim
1516 865 1559 899 est
1580 866 1636 898 illa
1658 864 1849 907 compreffio
1872 887 1882 902 ,
1917 864 1978 897 alia
2012 863 2070 897 ista
2104 861 2145 896 de

1139 922 1203 953 qua
1227 909 1279 943 hic
1303 907 1437 951 quidem
1462 920 1519 943 nos
1541 909 1729 952 loquimur.
1756 907 1819 943 Illa
1849 907 1976 949 exiguae
2009 906 2145 940 adhibe-

1140 964 1194 988 tur
1226 954 1347 986 cerebri
1381 954 1489 994 parti;
1510 952 1619 986 nostra
1637 955 1765 986 circum
1789 951 1933 993 undique
1947 952 2035 991 ,imo
2046 950 2145 983 etiam

1135 998 1257 1040 ubique
1280 997 1439 1036 interius,
1461 995 1554 1031 fimul
1577 998 1731 1034 cerebro,
1749 995 1931 1035 cerebello,
1953 998 1988 1027 &
2011 993 2147 1027 Oblon-

1136 1050 1218 1083 gatae
1242 1039 1412 1078 medullae,
1436 1049 1471 1073 ut
1496 1041 1530 1073 in
1555 1051 1592 1074 eo
1624 1040 1663 1073 de
1689 1050 1759 1081 quo
1790 1040 1915 1081 agimus
1934 1061 1943 1076 ,
1978 1036 2148 1085 homine..

1139 1083 1241 1126 Qod
1262 1082 1417 1126 siquando
1439 1085 1475 1116 in
1500 1083 1570 1117 aliis
1600 1093 1667 1117 non
1696 1081 1860 1124 ejusmodi
1892 1080 1979 1118 fuit3
2014 1090 2046 1114 at
2085 1078 2149 1112 alia

1139 1127 1345 1165 addidimus,
1368 1138 1502 1169 eamque
1522 1128 1611 1160 intra
1634 1128 1779 1160 cranium
1799 1134 1888 1159 certe
1901 1124 2068 1167 posuimus
2086 1133 2149 1157 un-

1139 1172 1237 1214 dique
1260 1169 1430 1210 clausum,
1450 1173 1485 1203 ,δε
1509 1169 1671 1207 resistens3
1699 1180 1763 1202 non
1787 1181 1826 1202 ex
1848 1177 1940 1212 parte
1965 1168 2030 1201 ulla
2054 1177 2149 1209 aper-

1133 1224 1228 1249 tum:
1253 1223 1439 1257 quanquam
1461 1211 1606 1247 foeminae
1630 1214 1681 1246 illi
1706 1211 1743 1245 de
1766 1223 1829 1254 qua
1854 1212 1964 1252 Regiae
1988 1210 2150 1244 Scientia-

1134 1270 1207 1293 rum
1232 1256 1415 1291 Academiae
1439 1255 1601 1290 Parisienfi
1626 1256 1738 1289 retulit
1763 1256 1957 1297 Poupartius
1982 1257 2075 1292 (n),
2097 1252 2150 1286 di-

1142 1301 1284 1335 midium
1306 1301 1453 1335 calvariae
1474 1297 1583 1333 deerat
1597 1324 1605 1339 ‚
1628 1303 1659 1333 &
1683 1308 1791 1334 tamen
1810 1308 1890 1332 cum
1911 1294 2058 1330 Crassam
2082 1307 2150 1330 me-

1139 1347 1273 1387 ningem
1297 1347 1386 1388 apice
1407 1344 1506 1386 digiti
1529 1344 1645 1377 leviter
1670 1343 1786 1385 aliquis
1811 1339 2073 1384 tetigisset,eam
2096 1349 2149 1373 at-

1140 1390 1221 1423 tulit
1244 1388 1446 1426 molestiam‚
1471 1397 1506 1420 ut
1531 1387 1620 1421 mille
1643 1385 1760 1421 faculae
1780 1394 1855 1419 ante
1889 1384 2000 1418 oculos
2030 1384 2151 1417 obver-

1142 1431 1204 1465 sari
1226 1433 1432 1470 viderentur,
1459 1442 1677 1473 magnumque
1701 1430 1791 1465 edere
1814 1430 1987 1464 clamorem
2012 1437 2151 1470 cogere-

1142 1485 1217 1509 tur.
1242 1477 1300 1509 Tu
1322 1485 1398 1509 vero
1422 1477 1639 1517 experimenta
1662 1474 1717 1507 illa
1732 1497 1741 1512 ,
1764 1482 1924 1516 quantum
1948 1471 1987 1505 ad
2019 1481 2070 1504 me
2105 1479 2150 1503 at-

1142 1521 1250 1559 tinet,
1273 1520 1439 1560 aceipito,
1463 1519 1564 1561 iisque
1588 1519 1693 1551 utitor
1714 1529 1790 1551 cum
1813 1515 1852 1550 ad
1876 1517 1958 1551 alia,
1981 1524 2052 1548 tum
2069 1524 2153 1556 prae-

1144 1563 1254 1597 sertim
1278 1562 1315 1596 ad
1338 1562 1401 1595 hoc
1424 1561 1488 1595 fine
1522 1560 1737 1598 admiratione
1770 1557 2030 1602 agnoscendum,
2066 1554 2153 1599 posse

1142 1616 1232 1640 certo
1258 1604 1505 1648 compressionis
1536 1603 1651 1646 gradui
1691 1603 1808 1645 absque
1842 1602 1986 1637 molestia
2017 1600 2152 1636 ferendo

1142 1650 1309 1684 cerebrum
1331 1659 1387 1690 par
1409 1647 1488 1686 esse,
1514 1649 1681 1689 eidemque
1706 1648 1752 1680 ita
1776 1648 1875 1680 auc'tae
1897 1668 1907 1684 ,
1947 1654 1984 1678 ut
2019 1642 2152 1677 molesta

1142 1692 1201 1727 esse
1223 1693 1380 1734 incipiat,
1406 1692 1586 1734 paulatim,
1610 1688 1709 1724 modo
1734 1700 1799 1723 non
1823 1690 1964 1729 crescat,
2000 1686 2152 1720 assuesce-

1141 1747 1200 1776 re,
1232 1736 1334 1769 donec
1359 1735 1442 1769 illud
1463 1734 1602 1777 denique
1628 1733 1785 1773 addatur,
1812 1732 1871 1767 sub
1893 1743 1961 1775 quo
1996 1730 2145 1764 succum-

1139 1781 1212 1815 bere
1248 1778 1364 1813 necesse
1387 1777 1448 1813 sit,
1771 1780 1773 1782 ’

1187 1832 1237 1865 15.
1262 1822 1429 1855 Hastenus
1453 1825 1465 1862 (
1488 1821 1568 1856 alias
1591 1821 1678 1854 enim
1701 1817 1741 1853 ad
1773 1817 1859 1853 hunc
1893 1816 2047 1867 morbum
2076 1816 2152 1850 atti.

1142 1876 1251 1901 nentes
1276 1864 1531 1900 Observationes
1555 1863 1716 1907 praestabit
1740 1863 1778 1896 ad
1802 1861 2044 1903 Hemiplexiam
2068 1859 2150 1901 (ο),

1142 1914 1173 1944 &
1198 1909 1235 1943 ad
1259 1907 1449 1949 Aphoniam
1474 1909 1537 1951 (p)
1560 1905 1716 1945 differre)
1738 1905 1912 1943 haetenus,
1938 1906 2095 1946 inquam,
2110 1903 2152 1937 de

1141 1952 1333 2030 Amplexi&
1341 1952 1405 2029 ·1A
1428 1964 1492 1997 qua
1517 1962 1595 1987 mox
1617 1951 1657 1987 ad
1679 1951 1763 1987 alios
1785 1949 1911 1986 cerebri
1925 1947 2056 1985 affeetus
2079 1957 2154 1991 perf

1142 2007 1274 2044 gemus.
1337 2006 1352 2028 a
1369 2006 1403 2030 e.

185 2240 676 2304 EPISTOLA
736 2239 1814 2306 ANATOMICO-MEDICA
1866 2244 2037 2311 LXL

417 2375 652 2429 Pertinet
682 2372 750 2427 ad
784 2372 988 2427 DelIria
1024 2393 1144 2444 quae
1176 2377 1278 2430 fine
1311 2376 1446 2431 febri
1480 2380 1825 2447 contingunt.‘

220 2551 259 2585 ad
283 2561 313 2583 te
338 2545 546 2592 scripsimus,
569 2550 774 2592 Apoplexia.
800 2548 858 2583 Sed
881 2551 989 2591 gravis
1011 2563 1095 2594 quo.

220 2606 304 2637 que,
329 2602 424 2635 atque
446 2593 527 2627 adeo
552 2593 767 2627 miserabilior
790 2591 833 2625 est
869 2594 923 2627 ille
953 2594 993 2628 de
1026 2607 1093 2638 quo

83 2640 240 2683 scripturi
264 2648 349 2670 nunc
372 2635 502 2677 sumus,
525 2635 588 2671 fine
627 2637 714 2671 febre
747 2634 873 2669 Insania
895 2661 903 2670 .
938 2638 1021 2675 Quae
1054 2639 1093 2673 ad

84 2685 169 2720 hanc
192 2681 397 2725 pertineant,
418 2689 482 2715 tres
506 2679 608 2714 adhuc
631 2678 833 2714 dissectiones
857 2678 1031 2716 habemus.

131 2738 162 2760 2.
186 2724 377 2760 MULIER
398 2724 491 2759 stulta
507 2746 515 2761 ‚
538 2723 609 2766 post
634 2725 737 2757 varios
758 2723 866 2762 casus,
890 2725 994 2758 media
1016 2749 1026 2765 ‚
1057 2731 1094 2757 ut

87 2770 260 2804 videbatur
274 2791 283 2807 ,
306 2775 399 2800 aetate
411 2769 445 2801 in
470 2768 532 2801 hoc
544 2768 670 2803 obierat
682 2765 1039 2807 Nosocomio,ineunte
1052 2769 1095 2799 A·

90 2817 188 2856 1746.
214 2811 269 2844 Ne
292 2809 377 2843 mihi
398 2811 535 2844 deessent
557 2812 687 2853 quaeibi
698 2809 737 2843 de
750 2811 801 2843 Re
814 2812 1098 2845 Anatomicatunc

91 2856 290 2893 ostenderem
316 2867 325 2890 3
348 2853 506 2895 quaesivi,
530 2865 568 2886 an
592 2854 727 2889 cadaver
763 2853 803 2887 ad
837 2855 871 2888 id
904 2853 962 2887 esse
996 2853 1098 2896 posset

89 2903 264 2935 idoneum.
288 2897 376 2931 Cum
409 2896 597 2940 accepissem
616 2918 627 2934 ,
660 2897 705 2930 ob
739 2897 875 2930 maciem
910 2896 1066 2931 summam
1087 2918 1098 2934 ‚

92 2947 239 2986 itemque
261 2941 306 2974 ob
326 2951 501 2982 magnam,
522 2938 822 2982 foetidiffimamque
846 2942 882 2974 ad
906 2951 942 2975 os
965 2943 1096 2974 Sacrum

90 2993 316 3032 gangraenam,
342 2984 400 3023 vix
422 2984 613 3023 thoracem,
639 2986 778 3024 &caput
791 2984 905 3017 idonea
921 2983 1010 3022 fores
1035 2995 1097 3017 cae-

90 3042 160 3066 tera
171 3029 284 3064 omnia
307 3026 434 3060 humari
454 3026 523 3070 jussi
537 3052 546 3067 ,
565 3035 662 3070 caput
673 3027 844 3060 dumtaxat
866 3039 939 3061 cum
953 3028 1096 3068 thorace,

91 3078 117 3112 fi
142 3074 241 3109 modo
263 3071 316 3105 hic
337 3069 403 3103 {ine
425 3082 502 3113 pure
524 3071 602 3105 esset
616 3096 625 3111 ‚
646 3069 738 3115 cujus
764 3078 852 3102 tanta
887 3071 944 3104 illa
981 3071 1098 3104 macies

92 3119 316 3163 suspicionem
340 3111 482 3148 faciebat
495 3114 649 3154 ,servari.
781 3113 1096 3157 THORACEigi-

91 3175 146 3199 tur
168 3169 281 3204 aperto
299 3183 308 3198 ,
331 3168 405 3190 cum
428 3157 641 3200 suspicionem
665 3156 749 3191 haud
774 3167 890 3190 vanarn
912 3156 1096 3201 suisse,ap-

92 3213 239 3251 pareret,
263 3201 384 3244 quippe
409 3201 509 3234 altero
532 3203 684 3244 pulmone
708 3210 823 3242 magna
847 3212 886 3234 ex
909 3210 998 3243 parte
1010 3202 1097 3243 puris

92 3251 215 3295 pleno,
235 3246 286 3280 his
308 3254 438 3287 quoque
460 3244 637 3279 visceribus
659 3245 828 3288 sepulturae
849 3244 955 3284 datis,
977 3246 1094 3287 capitis

92 3294 268 3329 sectionem
291 3286 422 3329 aggressi
447 3289 573 3324 sumus,
703 3288 829 3321 Cranio
853 3288 1095 3325 recluso,illud

92 3346 195 3372 unum
217 3335 251 3366 in
276 3332 481 3372 meningibus
504 3332 756 3367 animadversum
777 3329 843 3369 est,
866 3332 1016 3366 Tenuem
1040 3332 1095 3365 vix

93 3376 322 3424 apprehensam
336 3397 348 3415 ,
370 3377 402 3407 &
424 3376 561 3409 tractam
579 3398 587 3413 ,
611 3375 765 3409 facillime
789 3375 899 3418 sequi,
923 3377 956 3408 &
978 3385 1016 3408 et<
1039 3386 1094 3408 an-

93 3422 252 3459 frafiibus
275 3417 539 3464 cerebri-educi.
564 3418 726 3453 Subsuisse
749 3419 850 3461 igitur
865 3429 1002 3461 aquam,
1027 3429 1092 3452 non

93 3478 161 3502 erat
184 3464 340 3500 dubium,
362 3472 452 3502 cujus
475 3462 574 3498 etiam
596 3463 630 3496 in
653 3462 838 3496 ventriculis
859 3462 954 3504 copia
986 3462 1092 3497 modi-

92 3523 130 3546 ca
153 3512 285 3543 inventa
308 3502 372 3543 esti
397 3503 449 3540 sed
474 3506 544 3548 plus
566 3517 605 3540 ex
629 3505 846 3541 vertebrarum
869 3506 950 3540 tubo
963 3504 1091 3548 proflu-

90 3563 201 3591 xerat.
225 3552 269 3585 Et
293 3558 401 3584 tamen
422 3549 565 3590 cerebri,
588 3552 620 3583 &
643 3548 790 3583 cerebelli
813 3547 982 3585 substantia
1006 3558 1093 3584 utra..

81 2507 309 2622 GRavis
333 2514 420 2539 certe
440 2506 470 2540 is
492 2505 534 2540 est
555 2506 680 2541 cerebri
705 2502 836 2539 morbus
857 2503 896 2539 ele
918 2518 985 2550 quo
995 2518 1096 2552 nuper

1145 2520 1210 2552 que
1233 2509 1346 2543 durior
1369 2506 1481 2552 procul
1515 2510 1607 2542 omni
1640 2508 1744 2543 dubio
1783 2510 1847 2543 fuit
1867 2532 1879 2550 ,
1909 2522 2005 2555 quam
2036 2513 2115 2549 solet
2139 2520 2155 2548 ῑ

1145 2552 1330 2587 Choroides
1352 2555 1462 2595 plexus
1486 2551 1651 2586 decolores
1673 2552 1805 2596 quidem
1827 2553 1997 2597 conspexi3
2022 2556 2074 2592 sed
2086 2570 2151 2602 qua

1147 2597 1237 2631 rimae
1262 2599 1475 2639 imponuntur
1498 2597 1671 2629 ventriculi
1696 2599 1810 2635 tertii,
1833 2608 1924 2631 erant
1948 2611 2003 2641 per
2026 2601 2077 2635 sua
2094 2613 2150 2636 va-

1145 2640 1231 2674 scula
1252 2652 1326 2675 cum
1350 2641 1438 2674 illius
1462 2639 1527 2672 oris
1552 2640 1642 2674 firme
1676 2640 1754 2674 adeo
1788 2639 1957 2682 conjunfiti
1976 2667 1988 2683 ,
2020 2654 2055 2678 ut
2089 2646 2151 2680 nisi

1168 2684 1312 2727 ostquam
1337 2683 1410 2717 sunt
1434 2694 1468 2716 ea
1492 2682 1617 2717 vascula
1640 2683 1817 2726 diligenter
1840 2684 1970 2725 soluta,
1994 2688 2076 2721 rima
2099 2690 2151 2722 ni-

1145 2695 1194 2762 liii
1219 2728 1343 2769 prorsus
1366 2727 1491 2761 hiaret.
1515 2727 1634 2760 Praeter
1658 2727 1749 2767 haec,
1771 2727 1948 2769 quidquam
1963 2730 2151 2765 adnotatio-

1147 2782 1186 2804 ne
1208 2771 1345 2814 dignum
1369 2781 1433 2804 non
1457 2772 1622 2809 occurrit,
1647 2771 1704 2803 nisi
1731 2770 1868 2804 Pinealis
1891 2771 2151 2817 glandula,-quae

1148 2814 1215 2848 visa
1240 2814 1366 2857 major,
1391 2817 1421 2846 δε
1447 2813 1653 2854 longioribus
1677 2811 1829 2847 radiculis
1853 2815 2083 2852 medullaribus
2108 2817 2149 2853 ad

1148 2858 1236 2892 suam
1261 2858 1362 2891 sedem
1388 2867 1527 2894 annexa,
1549 2856 1722 2898 eademque
1746 2856 1922 2892 mucofior.

1194 2913 1224 2945 3.
1251 2902 1339 2935 Cum
1363 2899 1403 2933 de
1426 2898 1529 2933 stultis
1540 2900 1614 2933 alias
1626 2900 1799 2934 scriberem
1815 2901 2018 2938 ‚meminisse
2031 2912 2146 2947 potes,

1147 2957 1220 2988 quae
1243 2945 1276 2977 in
1300 2946 1340 2979 iis
1363 2944 1467 2982 vitia,
1492 2942 1532 2975 ab
1554 2944 1650 2983 aliis,
1673 2945 1704 2976 &
1738 2954 1755 2976 a
1785 2955 1840 2978 me·
1870 2945 2045 2985 praesestim
2078 2950 2149 2982 ani-

1148 2988 1331 3029 madversa,
1355 2987 1597 3021 memoraverim
1620 2987 1685 3029 (a)
1710 2986 1747 3021 ad
1772 2989 1930 3022 Pinealern
1984 2990 2148 3026 landulam

1148 3032 1348 3066 attinentia:
1372 3041 1444 3072 quae
1466 3030 1499 3062 in
1533 3029 1640 3072 aliqua
1671 3031 1771 3064 etiarn
1805 3033 1866 3065 alia
1891 3033 1954 3075 Epi
1983 3035 2035 3068 ola
2066 3035 2114 3074 (b
2136 3039 2147 3075 )

1148 3086 1214 3108 non
1237 3075 1372 3109 reticui.
1398 3072 1526 3107 Prodiit
1550 3073 1653 3115 postea
1680 3073 1767 3117 Justi
1801 3075 1987 3110 Godofredi
2019 3078 2148 3113 Gunzii

1147 3119 1291 3154 Prolufio
1312 3121 1398 3158 (c),
1428 3126 1500 3159 quae
1532 3118 1656 3150 utinam
1690 3117 1748 3150 illo
1781 3127 1925 3161 tempore
1958 3121 2113 3155 extitisset
2136 3148 2148 3157 .

1148 3163 1199 3197 Ut
1224 3163 1310 3196 enim
1335 3158 1559 3206 eruditiffimus
1583 3159 1669 3198 fuit,
1694 3160 1861 3204 plerosque
1892 3173 2004 3197 eorum
2038 3164 2147 3200 lauda.

1147 3207 1195 3239 vit
1217 3206 1273 3248 qui
1296 3205 1335 3239 de
1358 3203 1448 3237 vitiis
1471 3214 1539 3244 ejus
1562 3203 1721 3245 glandulae
1745 3202 1893 3239 fecerunt
1917 3208 2144 3248 mentionem3

1145 3249 1253 3292 itaque
1278 3259 1382 3282 meam
1405 3248 1439 3280 in
1462 3247 1504 3279 iis
1526 3247 1727 3282 Austoribus
1761 3246 1972 3289 producendis
2001 3252 2146 3292 qualern-

1144 3303 1270 3334 cunque
1293 3301 1423 3334 operam
1447 3289 1632 3328 minuisset,
1656 3290 1718 3325 five
1741 3291 1826 3333 quod
1852 3291 1889 3325 ad
1911 3291 2046 3334 stultos,
2081 3293 2145 3330 five

1144 3336 1234 3380 quod
1257 3337 1433 3376 generatim
1458 3332 1495 3368 ad
1517 3345 1570 3367 eos
1594 3332 1712 3375 spestat
1735 3335 1793 3376 qui
1818 3335 2146 3376 lapillos‚arenulas·

1144 3390 1183 3414 ve
1206 3381 1238 3412 in
1262 3378 1317 3411 illa
1341 3377 1490 3421 glandula
1514 3375 1714 3411 habuerunt.
1740 3378 1805 3419 (d)
1831 3377 1890 3411 Sed
1915 3386 2022 3413 tamen
2045 3381 2079 3415 id
2094 3392 2146 3415 ac-

1142 3423 1225 3457 cidit
1250 3419 1337 3464 quod
1361 3424 1394 3456 in
1417 3419 1612 3463 ejuscemodi
1645 3420 1737 3454 rebus
1770 3421 1813 3455 est
1844 3420 2041 3458 facillimum
2064 3446 2074 3462 ‚
2106 3434 2142 3460 ut

1142 3465 1259 3507 aliquis
1279 3476 1392 3500 eorum
1413 3464 1472 3508 qui
1496 3474 1512 3497 a
1538 3474 1587 3497 me
1609 3464 1771 3496 nominati
1794 3463 1888 3505 sunt,
1920 3465 2023 3508 ipsum
2055 3466 2146 3510 suge.·>

1142 3512 1205 3548 rit,
1229 3510 1260 3541 &
1282 3508 1416 3542 viciffim
1440 3516 1477 3542 ut
1499 3507 1556 3541 alii
1579 3517 1618 3542 ex
1639 3507 1704 3540 illis
1727 3506 1784 3549 qui
1807 3507 1847 3541 ab
1879 3509 1950 3550 ipso
1982 3508 2145 3545 ‘adducun-

1142 3561 1217 3592 tur,
1242 3562 1292 3585 me
1316 3550 1483 3595 fugerint,
1506 3561 1573 3585 non
1596 3551 1675 3584 alios
1698 3548 1761 3585 fere
1786 3551 1951 3587 nominare
1975 3552 2108 3589 solitum
2131 3578 2144 3596 ,

2042 3596 2102 3632 nifi

115 3704 2093 3722 &ww—mmmmm»

150 3783 163 3812 (
179 3784 195 3809 k
211 3786 224 3815 )
239 3784 314 3814 Epist.
333 3792 352 3812 3.
370 3791 395 3807 n.
412 3787 452 3811 26.
481 3782 483 3785 ’
514 3782 550 3813 (1
566 3784 580 3813 )
595 3782 675 3807 Traet.
694 3781 819 3816 tle-Corde
833 3791 855 3808 c.
868 3792 891 3810 ι.

151 3816 166 3839 <
182 3817 222 3845 o)
238 3816 310 3845 Epist.
327 3819 365 3849 ὀρ.
381 3821 406 3838 n,
422 3824 445 3843 7·
466 3823 489 3844 9.
507 3822 545 3839 11.
603 3815 650 3848 (J
665 3813 678 3842 )
694 3813 813 3846 Epist.o3.
831 3822 854 3839 n.
873 3823 910 3848 ¹3·
981 3844 987 3847 -

153 3847 170 3875 ζ
184 3852 196 3870 c
212 3851 222 3878 )
237 3849 274 3874 De
290 3845 389 3876 Lapillis
405 3845 498 3871 Gland.
512 3844 607 3871 Pineal.
625 3852 651 3869 in
666 3851 750 3875 quinq.
766 3850 846 3870 mente
861 3847 963 3871 alienat.
980 3849 1074 3871 invent.

950 3786 965 3811 (
979 3791 1002 3807 m
1018 3782 1033 3813 )
1049 3785 1084 3807 De
1100 3784 1229 3809 Senfibilit.
1246 3785 1290 3809 ἃς.
1306 3786 1383 3809 Setm.
1400 3791 1423 3809 ι.

968 3816 979 3841 <
996 3813 1043 3842 ax)
1057 3815 1130 3844 Epist.
1147 3817 1170 3839 8.
1187 3823 1210 3840 n.
1229 3823 1263 3843 14-
1282 3815 1304 3839 ἃ
1321 3819 1360 3839 16.

1498 3785 1514 3816 ζ
1529 3793 1545 3809 '²
1560 3785 1574 3813 )
1591 3784 1650 3809 Hist.
1668 3785 1698 3809 A.
1717 3792 1786 3816 1700.
1802 3785 1862 3812 0bs.
1880 3787 1951 3812 Anat·
1966 3791 2005 3811 ιο.

1262 3845 1267 3849 .
1421 3812 1536 3847 (6)ιιι
1554 3821 1686 3845 59.n.15·

1138 3847 1152 3876 ζ
1166 3845 1208 3876 d)
1225 3846 1297 3876 Epist.
1316 3854 1339 3876 5.
1355 3853 1381 3872 n.
1397 3852 1436 3872 12.
