2498 4075
266 198 436 265 Epist.
473 198 638 254 Anat.
665 195 895 253 ‘Medica
927 197 1061 252 LIV.
1101 198 1217 253 Art.
1245 193 1808 266 23324·25·26·&27·*

64 277 142 314 adeo
163 286 200 313 ut
222 291 261 314 ex
283 278 465 324 improviso
489 290 598 316 toturn
608 292 725 324 corpus
747 279 976 317 concutiatur:
999 290 1064 323 prae

65 321 178 355 dolore
201 332 372 359 externum
396 325 556 367 Chirurgi
581 324 735 361 medentis
757 324 881 359 tassurn
903 321 986 356 ferre
1009 325 1065 356 vix

61 365 172 415 potest
190 389 198 398 .
223 368 375 410 Augetur
397 368 491 405 dolor
514 371 547 401 in
570 367 658 407 dies,
683 378 718 402 ut
743 367 964 404 vehementior
987 389 997 404 ,
1031 368 1064 399 δι

64 418 220 443 continua
245 410 302 445 fiat
325 412 510 450 convulsio,
539 412 716 453 praesertim
739 413 826 445 circa
849 418 965 451 guttur
992 431 1000 446 »
1035 412 1066 442 &

63 462 120 485 os.
135 452 237 503 ’Mens
260 463 368 492 tamen
391 455 435 488 est
458 454 529 491 sana
553 480 560 488 .
593 455 742 489 Tandem
766 455 817 487 die
837 454 909 487 obit
941 452 1068 487 decimo

64 502 186 528 tertio.
321 498 554 531 VULNERE
576 509 631 540 per
653 498 874 532 disseetionem
898 495 1069 538 perlustra-

64 539 276 588 to,.nu11u1n
299 541 485 584 plumbeum
509 539 729 582 fragmentum
755 542 793 575 ad
818 541 972 573 interiora
999 549 1070 581 per-

69 582 215 632 venisse,
237 584 276 618 fit
299 584 523 621 manifestum.
547 585 661 619 Unum
685 595 814 622 tamen,
838 581 966 617 diverso
989 583 1029 615 ab
1039 593 1072 614 a·

65 625 148 665 lus,
172 627 313 665 itinere,
336 628 578 663 comminutum
601 631 701 663 iverat
737 630 918 671 supremum
953 626 1073 667 margi-

66 679 139 702 nem
150 669 223 702 offis
237 672 351 708 ilium,
375 683 438 713 qua
452 670 823 708 musculorumteudines
847 670 962 702 annexi
976 668 1047 701 sunt
1064 691 1071 699 ·

66 713 233 746 Caeterurn
260 715 445 749 in'Ventre
470 714 556 751 laefio
579 716 691 756 nulla,
714 716 735 749 si
758 712 920 756 quandam
931 713 1073 753 excipias

69 754 159 804 quasi
182 754 426 799 sugillationem
448 757 679 793 intestinorum
701 781 714 798 ‚
737 760 768 790 δι
790 756 916 790 omenti
940 754 1069 798 praeser-

67 806 156 848 tim.
283 801 467 835 Cerebrum
492 812 569 834 vero
594 801 704 835 sanum
727 802 865 834 omnino
876 799 960 834 fuit:
984 808 1019 833 ut
1032 809 1070 831 ne

68 841 130 876 sert
154 841 288 884 quidem
313 845 414 879 ullum
439 844 611 886 vestigium
635 845 809 878 ostenderit
825 868 833 875 .

95 929 102 934 Ι
116 895 168 928 23.
193 886 262 920 Hic
278 908 289 924 ‚
310 888 454 929 opinor,
478 889 528 921 vir
540 888 598 923 ille
608 889 690 923 alter
712 887 776 921 fuit
786 895 882 930 quem
905 884 996 927 supra
1009 884 1072 928 (n)

69 927 178 961 visum
200 928 259 964 esse
282 941 299 963 a
322 930 473 966 Valsalva
499 953 508 967 2
541 932 693 966 adnotavi
718 953 728 968 ‚
750 941 790 964 ex
811 928 1074 967 comminutione

70 981 239 1008 mortuum
262 975 420 1015 marginis
441 975 513 1009 offis
536 976 654 1017 ilium,
677 985 751 1009 cum
772 984 810 1008 ex
823 985 856 1016 ea
870 972 1073 1013 absumptum

72 1014 212 1048 alterurn
235 1017 466 1059 proposuissem
489 1018 621 1053 vulnere
650 1017 793 1061 ejusdem
826 1017 950 1058 generis
974 1036 984 1053 ‚
1019 1012 1073 1050 sed

72 1057 218 1092 frustulis
242 1060 401 1101 plumbeis
424 1073 489 1095 non
513 1061 555 1096 fic
579 1075 595 1096 a
618 1071 710 1105 tergo
732 1060 881 1103 jaculatis
904 1082 913 1091 .
937 1058 1073 1099 ‚PropiUS

69 1101 108 1135 ad
132 1113 201 1150 eam
223 1114 319 1145 quam
344 1104 442 1138 modo
465 1104 633 1148 exscripsi,
656 1104 798 1139 Harderi
823 1102 944 1138 accedit
956 1098 1077 1134 Obser-

73 1154 188 1195 vatio,
213 1157 286 1188 quae
309 1148 438 1181 utinam
460 1149 682 1183 dislecfftionem
705 1147 837 1182 haberet
861 1145 1044 1188 adjunffitam
1067 1167 1075 1175 ·

76 1189 182 1237 Extat
206 1190 240 1222 in
265 1190 477 1232 Sepulchreto
497 1195 582 1232 (ο),
607 1193 802 1234 exhibetque
825 1185 1078 1229 hominemsclo-

72 1239 141 1274 pm
165 1231 302 1274 globulo
319 1244 398 1276 pone
420 1244 509 1269 nates
532 1236 657 1274 ictum,
682 1235 844 1278 superiora
868 1231 972 1267 versus
993 1233 1078 1263 inter

75 1274 243 1325 musculos
264 1279 296 1310 δι
319 1277 468 1312 tendines
492 1280 550 1321 qui
573 1278 611 1313 ad
633 1280 764 1313 dorsum
788 1278 949 1319 pertinent
964 1299 973 1314 ‚
999 1283 1077 1316 pro-

73 1319 264 1369 grediente:
290 1332 357 1363 quo
380 1332 418 1355 ex
442 1324 572 1357 vulnere
584 1333 690 1357 ortam
714 1321 853 1362 denique
866 1318 1076 1360 stranguriam

71 1372 217 1413 primum
240 1363 364 1398 videbis
379 1390 388 1404 ,
411 1376 487 1399 mox
509 1366 751 1402 convulsionem
775 1364 813 1398 ad
827 1372 938 1405 guttur
953 1385 961 1399 ‚
984 1363 1076 1397 &0⁵2

71 1417 143 1447 quae
166 1406 281 1442 deinde
305 1408 343 1443 ad
369 1418 455 1443 artus
479 1431 489 1447 ,
525 1413 556 1443 &
588 1410 776 1445 universum
805 1406 936 1441 tandem
959 1413 1076 1445 corpus

74 1459 254 1492 propagata
271 1472 281 1488 ‚
303 1463 425 1494 aegrurn
448 1452 577 1487 sustulit
591 1478 599 1487 .

78 1534 84 1538 ⁴
117 1503 168 1535 24-
196 1494 267 1543 130st
290 1496 421 1530 vulnera
444 1497 527 1530 icftus
543 1496 743 1539 sequuntur,
767 1494 885 1529 lumbis
901 1518 910 1533 ,
933 1492 1075 1526 &inter-

70 1537 157 1586 Jeffita
180 1535 230 1571 lus
255 1539 349 1580 Spina
371 1542 520 1581 excepti·
547 1540 681 1576 Quibus
700 1539 739 1574 de
762 1538 880 1572 ictibus
904 1536 960 1570 has
996 1533 1074 1568 duas

72 1590 182 1622 acclpe
207 1581 367 1628 Valsalvae
391 1583 667 1618 Observationes.

119 1632 169 1665 25.
194 1625 284 1659 VIR
307 1627 547 1668 quinquaginta
573 1638 672 1660 annos
695 1636 789 1660 natus
811 1647 822 1663 ,
852 1623 930 1657 dum
954 1630 1075 1665 pronus

71 1664 158 1717 forte
182 1668 326 1704 ambulat
341 1690 351 1706 ,
372 1670 462 1716 ligno
485 1681 526 1703 ex
550 1671 616 1703 alto
638 1668 771 1704 cadente
793 1666 970 1711 graviffime
1003 1674 1074 1706 Der·

70 1718 198 1760 cutitur
221 1711 260 1744 ad
283 1713 526 1747 tresinseriores
546 1714 733 1747 lumborum
747 1712 927 1746 vertebras.
954 1709 1074 1743 Semia-

72 1763 172 1802 nimis
193 1754 360 1790 concidit:
385 1759 416 1790 &
437 1758 472 1789 in
497 1759 526 1791 S.
541 1758 656 1791 Mariae
677 1756 717 1790 de
742 1758 822 1790 Vita
835 1753 1074 1787 Nosocomium

71 1795 201 1836 illatus,
223 1807 340 1841 quarta
364 1800 405 1833 ab
427 1801 495 1833 iesu
517 1811 576 1834 ora
586 1801 720 1834 interit.
854 1794 1010 1831 LUMBI
1024 1795 1075 1831 ,δε

72 1839 242 1890 speciatim
267 1842 485 1877 musculorum
498 1843 691 1886 Longiffimi
715 1840 800 1877 dorfi
816 1866 826 1883 ‚
851 1839 1078 1874 &Sacrolum-

74 1883 110 1916 bi
133 1889 321 1920 communia
345 1888 505 1928 principia
529 1898 545 1920 a
568 1888 755 1921 contusione
780 1884 931 1928 sanguine
958 1893 1078 1925 coagu-

75 1926 146 1961 lato
169 1928 288 1963 infarta
301 1930 506 1971 reperiuntur
520 1956 528 1964 .
552 1932 645 1965 Intra
655 1932 733 1964 iftas
743 1931 906 1963 vertebras
927 1936 995 1961 erat
1008 1927 1078 1959 san-

73 1972 187 2012 guinis
209 1974 352 2014 gramosi
378 1984 443 2007 non
470 1974 634 2011 multum;
658 1973 779 2008 inclusa
803 1982 911 2007 tamen
933 1968 1079 2006 Medulla

74 2017 216 2049 omnino
239 2015 337 2049 illaesa
362 2012 550 2051 videbatur.
577 2017 679 2052 Illaesa
700 2028 833 2061 quoque
856 2016 968 2050 omnia
981 2012 1081 2046 visce-

73 2068 109 2091 ra
123 2084 130 2091 .
155 2061 194 2093 In
208 2060 334 2093 arteriis
356 2059 549 2099 dumtaxat;
572 2073 644 2103 quae
668 2064 703 2095 in
725 2060 852 2095 demtis
874 2059 1019 2101 alioquin
1032 2056 1082 2090 so-

72 2101 140 2136 lent
164 2113 279 2145 parum
304 2103 466 2145 sanguinis
487 2106 677 2143 continere3
699 2113 828 2138 tantum
838 2101 953 2145 hujus,
967 2104 1084 2134 &coa-

72 2146 179 2188 gulati
201 2146 334 2190 quidem
357 2149 528 2182 inventurn
550 2149 594 2182 est
616 2170 627 2186 ‚
663 2157 698 2182 ut
722 2160 760 2182 eo
797 2147 927 2190 prorsus
948 2145 1080 2186 repletae

75 2188 196 2228 essent,
221 2188 402 2233 praesertim
425 2192 465 2227 ad
488 2190 689 2235 praecordia‚
712 2192 772 2226 ubi
794 2192 821 2224 is
845 2190 952 2225 multo
976 2189 1078 2230 magis

71 2243 279 2269 concreverat
289 2259 297 2266 .

121 2279 171 2310 26.
197 2278 286 2312 VIR
308 2279 388 2312 alter
411 2301 421 2318 ‚
454 2290 574 2313 annum
596 2278 662 2322 jam
685 2289 780 2322 agens
803 2274 1080 2321 quadragesimum

72 2320 223 2360 sextum,
246 2321 380 2356 cadente
402 2323 496 2366 ligno
522 2332 642 2364 atergo
655 2324 852 2365 percutitur.
877 2321 995 2355 lndein
1007 2332 1080 2354 cru-

75 2365 168 2399 ribus
191 2365 343 2400 movendi
367 2365 504 2402 facultas
527 2368 664 2400 omnino
695 2368 778 2409 perit
798 2389 811 2407 ,
843 2364 1001 2399 sentiendi
1033 2375 1081 2398 re-

75 2417 207 2443 manet.
232 2409 311 2443 Alvi
336 2419 532 2445 recrementa
557 2420 672 2453 praeter
698 2411 903 2444 voluntatem
923 2430 935 2448 ,
958 2408 1080 2442 lotium

75 2451 251 2487 catheteria
274 2453 444 2487 dumtaxat
466 2465 528 2496 ope
540 2454 704 2491 redditur,
727 2454 817 2495 quod
840 2452 899 2486 sub
921 2451 1029 2486 morbi
1040 2450 1081 2484 fi-

77 2507 178 2537 nem‚
199 2497 341 2531 naturali
366 2507 465 2532 exuto
488 2497 618 2535 colore,
641 2508 758 2539 aquam
780 2497 938 2531 referebat
961 2496 995 2528 in
1017 2506 1081 2538 qua

74 2550 154 2574 earo
177 2551 284 2574 recens
306 2541 375 2574 lota
397 2541 458 2575 est.
484 2542 522 2574 In
548 2540 687 2583 percussa
711 2541 899 2575 lumborum
922 2548 1011 2582 parte
1025 2539 1081 2571 vix

76 2585 174 2619 dolor
197 2584 437 2628 percipiebatur
461 2607 469 2615 .
506 2586 557 2618 Ita
582 2585 743 2628 paulatim
765 2584 970 2618 deficientem
995 2592 1082 2615 mors

76 2627 206 2663 sustulit
228 2627 281 2661 die
300 2628 430 2663 decimo
451 2637 589 2670 quarto.
723 2626 1006 2663 CADAVERIS
1028 2636 1083 2659 ex-

77 2681 171 2706 terna
193 2672 339 2706 membra
361 2672 432 2707 laxa
455 2677 546 2705 erant
567 2695 576 2710 ‚
610 2673 642 2705 3<
664 2671 762 2706 facile
797 2670 954 2704 mobilia.

80 2716 207 2751 Ventre
230 2724 366 2757 aperto,
388 2714 537 2750 intestina
561 2716 711 2758 plurimis
733 2715 858 2753 inlocis
879 2724 944 2747 non
957 2712 1084 2747 leviin-

78 2757 164 2792 feeta
187 2758 355 2799 nigredine
375 2767 502 2800 reperta
527 2759 621 2799 sunt,
643 2769 706 2801 qua
729 2757 815 2792 laesas
838 2766 944 2801 partes
964 2755 1086 2798 spefia-

81 2802 183 2836 bant.
206 2801 362 2843 Namque
386 2800 495 2837 eadem
518 2803 652 2844 nigredo
677 2813 732 2844 per
754 2811 859 2835 totam
883 2801 1032 2838 iliacam,
1054 2800 1086 2831 &

80 2845 263 2879 lumbarem
286 2846 450 2886 regionem
476 2845 707 2879 extendebatur
726 2870 736 2885 ,
766 2854 804 2879 ut
827 2846 953 2887 sanguis
977 2844 1010 2875 in
1033 2853 1083 2875 ea*

79 2899 154 2924 rum
177 2889 319 2930 partium
340 2888 523 2922 interstitiis
545 2898 712 2925 concretus
735 2888 978 2931 quodammodo
989 2896 1086 2928 appa-

80 2940 166 2968 reret
180 2955 188 2963 .
212 2931 294 2964 Lien
317 2942 448 2975 quoque
470 2931 605 2966 dimidia
630 2943 668 2966 ex
691 2940 781 2973 parte
805 2941 921 2974 praeter
953 2928 1087 2963 modum

81 2976 231 3010 livebat.
258 2975 432 3017 Denique,
454 2984 491 3009 ut
515 2975 623 3009 morbi
645 2974 732 3017 figna
756 2975 1053 3016 praemostraverant
1076 2994 1087 3010 ι

81 3018 187 3054 frasta
212 3018 360 3052 vertebra
378 3018 540 3053 ‘lumbaris
564 3020 699 3053 inventa
721 3017 787 3057 est,
811 3019 975 3052 nonnullis
998 3015 1089 3050 osseis

81 3062 276 3105 fragmentis
300 3072 339 3096 ex
362 3073 396 3095 ea
417 3062 617 3105 conspicuis.
749 3063 787 3095 In
800 3061 949 3096 Thorace
962 3060 1089 3103 pulmo-

84 3117 141 3140 nes
167 3105 300 3140 maculis
323 3105 517 3148 quibusdam
540 3106 641 3149 nigris
674 3104 820 3140 distinffl
843 3129 852 3144 ‚
882 3117 898 3138 a
921 3115 1013 3146 tergo
1035 3115 1091 3137 au-

84 3160 177 3188 tem,
203 3148 326 3182 finister
353 3149 529 3190 praesertim
562 3152 597 3183 in
634 3158 724 3192 parte
753 3146 907 3183 inferiore
926 3171 938 3189 ,
970 3148 1090 3180 nonni-

84 3193 134 3228 hil
159 3192 384 3227 inflammati.
410 3193 561 3235 Uterque
586 3192 691 3227 cordis
714 3192 912 3227 ventriculus
950 3191 1090 3234 polypo-

86 3238 152 3273 sam
176 3236 296 3270 habuit
319 3238 589 3277 concretionem;
612 3236 663 3271 sed
686 3236 797 3272 dexter
821 3235 998 3279 majorem:
1023 3235 1091 3267 haec

85 3282 318 3316 Pulmonarem
331 3279 458 3314 subibat
470 3282 624 3314 arteriam
639 3305 646 3312 .
779 3280 942 3313 Caeterum
966 3277 1093 3320 sanguis

84 3322 120 3359 in
142 3325 233 3358 omni
256 3323 320 3357 fere
344 3332 434 3365 parte
457 3322 581 3358 fluidus
604 3322 669 3357 suit
684 3348 692 3355 .

134 3378 189 3410 27.
217 3367 286 3400 Has
309 3367 389 3400 duas
410 3364 566 3401 historias
588 3366 610 3400 fi
633 3366 778 3402 conferas
802 3367 886 3401 inter
911 3366 940 3399 se
963 3377 973 3404 ;
996 3363 1109 3398 facile*

88 3411 284 3450 miraberis,
305 3410 399 3445 illum
423 3409 516 3452 cujus
538 3411 695 3444 >vertebrae
720 3409 813 3445 fuisse
837 3409 944 3444 fraetae
968 3420 1032 3442 non
1043 3407 1093 3442 di-

87 3464 230 3493 cuntur,
253 3455 339 3488 intra
352 3453 618 3495 horasquatuor;
645 3453 730 3488 hunc
753 3465 830 3487 vero
840 3453 931 3495 cujus
954 3463 1015 3487 una
1026 3462 1093 3486 cer-

88 3510 123 3534 te
148 3498 294 3533 vertebra
317 3497 421 3532 fratta
443 3497 591 3538 dicitur,
614 3508 677 3530 non
692 3498 749 3531 ni‘fi
764 3498 891 3531 decimo
914 3505 1031 3539 quarto
1041 3495 1095 3529 die

90 3542 151 3578 esse
175 3551 362 3576 mortuum.
386 3545 442 3575 An
466 3541 543 3582 quia
566 3541 710 3574 vertebra
735 3541 803 3575 haec
825 3551 889 3574 non
912 3540 1012 3573 modo
1034 3549 1096 3572 una

91 3588 183 3625 fuit3
208 3584 260 3619 sed
283 3583 415 3619 fortasse
437 3586 587 3619 omnium
613 3583 751 3623 infima3
775 3584 839 3617 illae
864 3596 939 3618 vero
963 3593 1028 3616 tres
1064 3594 1097 3614 e-

95 3640 169 3666 rant
183 3628 199 3662 ξ
210 3631 258 3665 At
271 3629 335 3666 illae
345 3640 474 3673 quoque
486 3638 549 3662 tres
564 3638 653 3663 erant
665 3628 833 3663 inferiores
846 3638 980 3670 :corpus
991 3635 1097 3660 autem

150 3734 165 3763 (
180 3742 196 3757 n
212 3734 226 3763 )
260 3750 268 3757 .
285 3742 309 3762 5.
372 3732 383 3763 s
399 3741 412 3756 ο
429 3733 443 3762 )
458 3732 483 3756 in
500 3732 628 3757 Additam-
645 3732 674 3756 ad
690 3733 713 3759 S.
731 3731 793 3757 hanc
811 3739 834 3761 3.
850 3730 908 3755 Obs.
927 3737 964 3759 32.

148 3764 190 3795 ss
203 3764 258 3797 )‘in
275 3763 399 3791 Additum.
413 3762 475 3787 obs.
491 3770 515 3791 4.
532 3770 589 3787 cum
609 3761 694 3788 schel.
757 3763 771 3792 (
789 3768 801 3786 t
817 3764 825 3791 J

151 3796 226 3830 (r)
243 3795 272 3822 ed
288 3798 320 3822 A.
340 3802 408 3827 ¹743·
424 3794 450 3821 in
466 3793 525 3821 obs.
542 3795 617 3821 Anat.
634 3802 674 3822 11-

242 3741 257 3757 Ξ

846 3761 870 3785 in
887 3761 971 3785 Schol.
989 3729 1072 3783 moisi?
1080 3727 1180 3782 cinsest'
1192 3730 1235 3752 hu
1243 3726 1331 3757 3-Obs.
1341 3733 1379 3753 ²9·
1396 3726 1453 3755 §·7-

734 3793 749 3824 (
764 3800 784 3824 ζ
797 3792 811 3822 )
826 3792 887 3818 δοθι-
903 3791 947 3817 hac
964 3798 985 3822 Ξ.
1003 3788 1063 3816 Obs.
1082 3791 1122 3816 26,
1142 3789 1164 3820 ᾗ,
1181 3797 1203 3814 2,

1965 211 2060 262 3²7

1114 280 1219 322 ipsum
1234 277 1379 312 medullae
1390 278 1527 320 Spinalis
1539 274 1577 309 ad
1588 276 1718 314 tertiam
1729 274 1915 309 lumborum
1938 277 2122 312 vertebram

1115 325 1173 360 scis
1198 321 1348 365 profeeto
1371 332 1435 353 non
1449 320 1634 362 pervenire3
1660 330 1725 351 non
1737 318 1868 353 videtur
1891 327 1999 352 autem
2014 330 2030 352 a
2046 330 2125 361 pau-

1116 369 1150 401 lo
1173 366 1319 409 pluribus
1330 363 1482 397 concuffis
1494 363 1629 405 Equinae
1643 384 1653 399 ‚
1679 372 1714 395 ut
1728 364 1873 396 vocitant
1886 384 1898 401 ,
1921 361 2041 398 Caudae
2052 374 2125 396 ner-

1117 413 1187 449 vis,
1209 418 1350 451 quorum
1372 418 1459 440 certe
1482 407 1588 441 nullus
1612 404 1831 448 superioribus
1841 405 2001 447 prospicit
2024 408 2127 447 parti-

1120 456 1180 489 bus
1195 478 1204 493 ‚
1226 461 1353 488 tantum
1376 450 1547 485 discrimen
1572 448 1802 492 repetendum.
1828 448 1983 491 Idemque
2005 448 2125 489 dicam,

1124 499 1146 533 fi
1171 495 1342 529 discrimen
1366 493 1449 531 forte
1472 493 1547 527 inde
1570 501 1694 534 repetas
1726 492 1815 534 quod
1845 493 1932 529 intra
1965 491 2127 527 vertebras

1123 542 1197 575 ,illas
1219 549 1281 572 tres
1314 537 1438 580 aliquid
1476 545 1543 569 erat
1574 534 1663 571 effufi
1698 534 1863 577 sanguinis
1887 558 1896 573 ‚
1931 534 2022 576 cujus
2056 535 2129 569 nul-

1123 586 1153 618 la
1177 584 1261 621 intra
1284 581 1365 615 hanc
1389 591 1485 614 unam
1509 578 1547 614 fit
1572 580 1714 615 mentio.
1738 579 1902 620 Equidem
1924 589 2038 613 eorum
2053 590 2128 621 quae

1124 626 1210 662 laesas
1233 624 1416 662 vertebras,
1440 622 1666 665 Spinalemque
1689 622 1789 665 ipsam
1813 622 1985 655 medullam
2017 621 2129 657 conse-,-

1125 678 1292 714 quuntur‚
1314 667 1501 702 discrimina
1525 666 1603 708 saepe
1618 665 1712 699 video
1736 676 1800 698 non
1823 664 1932 698 faciles
1944 664 2059 699 habere
2072 677 2130 700 ex.

1124 715 1279 756 plicatus.
1307 712 1411 744 Mitto
1435 721 1513 750 quas
1537 710 1570 741 in
1595 706 1805 750 Sepulchreto
1828 707 1948 747 habes,
1970 708 2125 741 Rumleri

1121 756 1234 799 (p),
1260 758 1292 788 δε
1314 755 1452 787 Fontani
1477 752 1540 794 (q)
1564 755 1596 784 in
1620 751 1694 786 casu
1718 751 1757 784 ab
1780 751 1846 784 alto
1857 750 2129 785 Observationes-

1122 800 1212 833 Nam
1237 797 1291 832 etsi
1316 797 1373 830 illa
1397 794 1532 833 similia,
1557 797 1626 829 imo
1648 796 1798 837 graviora
1823 794 1946 837 profert
1970 805 2066 836 quam
2080 793 2129 826 se-

1123 842 1227 877 cunda
1250 840 1409 874 Valsalvae
1425 862 1437 879 ,
1462 838 1704 882 symptomata,
1727 846 1928 879 mortemque
1951 838 2006 871 die
2030 837 2130 880 septi-

1123 897 1202 923 mo,
1225 895 1291 917 non
1312 884 1437 918 constat
1461 891 1595 922 tamen,
1618 893 1710 924 quae,
1732 884 1763 915 &
1787 890 1869 923 quot
1894 881 2071 919 vertebrae,
2095 882 2129 913 δε

1124 939 1282 972 quatenus
1298 926 1377 961 laesae
1391 925 1532 961 fuerint:
1559 926 1698 959 Fontani
1722 933 1829 959 autem
1843 924 2044 958 Observatio
2053 934 2129 964 cum

1124 973 1289 1006 vertebras
1310 972 1456 1013 quinque
1477 968 1562 1004 dorsi
1587 969 1712 1003 luxatas
1735 977 1920 1011 proponat,
1943 979 2000 1002 nec
2024 968 2129 1000 solum

1125 1017 1345 1059 symptomata
1368 1012 1525 1055 ejusmodi
1539 1023 1603 1046 non
1616 1021 1875 1051 commemoret,
1898 1010 1951 1044 sed
1975 1012 2074 1044 vitam
2089 1010 2130 1044 ad

1125 1061 1262 1102 longum
1286 1067 1412 1099 tempus
1434 1055 1781 1100 produstamindiceu
1803 1054 2064 1089 dubitationibus
2076 1065 2132 1087 eo-

1127 1115 1201 1138 rum
1223 1102 1367 1135 obnoxia
1389 1099 1433 1133 est
1457 1101 1514 1142 qui
1538 1098 1758 1132 vertebrarum
1781 1098 1982 1137 luxationes,
2004 1107 2038 1131 ut
2054 1098 2132 1131 alias

1127 1148 1183 1189 (r
1217 1145 1453 1180 indicabimus,
1479 1152 1544 1176 non
1568 1141 1769 1184 agnoscunt.
1793 1141 1993 1175 Meeckrenii
2026 1141 2131 1182 igitur

1126 1191 1162 1224 hi
1194 1190 1299 1223 oriam
1322 1186 1444 1222 ibidem
1468 1185 1529 1229 (s)
1554 1186 1657 1228 relege
1681 1186 1714 1218 in
1738 1182 1938 1227 quasclopeti
1952 1184 2067 1225 globus
2082 1184 2133 1216 in-

1127 1243 1176 1267 ter
1198 1232 1276 1267 duas
1299 1230 1486 1271 lumborum
1511 1229 1671 1262 vertebras
1684 1230 1891 1270 perveniens,
1913 1225 1965 1262 his
1977 1226 2132 1262 vertebris

1127 1276 1260 1316 frastis,
1280 1277 1311 1309 δι
1335 1274 1501 1316 Spinalem
1524 1272 1697 1306 medullam
1722 1270 1897 1314 premendo
1922 1281 1979 1304 nec
1999 1281 2037 1305 ea
2060 1281 2134 1314 quae

1126 1320 1290 1357 diximus,
1318 1316 1559 1360 symptomata,
1583 1327 1641 1350 nec
1666 1325 1807 1349 mortem
1832 1313 1969 1353 attulit,
1992 1313 2049 1348 nifi
2064 1313 2133 1356 poll:

1126 1361 1361 1398 hebdomadam
1383 1359 1632 1400 duodecimam,
1657 1360 1749 1396 imo,
1772 1367 1810 1392 ut
1844 1357 1928 1399 apud
1950 1358 2132 1393 Αυᾶοτειη

1127 1408 1191 1445 est,
1215 1406 1373 1440 decimam
1396 1413 1546 1446 quartam
1561 1427 1569 1436 .
1594 1404 1638 1436 Et
1661 1414 1707 1439 nei
1724 1401 1811 1436 forte
1833 1401 1920 1437 dicas
1944 1412 2021 1440 curn
2041 1401 2134 1434 Hor-

1126 1452 1183 1485 nio
1207 1450 1257 1492 (t
1281 1453 1317 1489 ),
1341 1449 1477 1490 globum
1501 1447 1540 1480 ad
1562 1448 1723 1482 extimum
1747 1443 1906 1480 adhaefiss'e
1928 1445 2134 1487 integumen-

1128 1505 1199 1528 tum
1222 1493 1359 1535 spinalis
1381 1491 1528 1525 medullae
1544 1514 1552 1530 =
1577 1500 1614 1523 ut
1638 1489 1738 1532 ipsam
1762 1500 1905 1532 premere
1928 1498 1993 1521 non
2018 1496 2135 1529 potue-

1129 1539 1197 1576 rit,·
1219 1536 1282 1570 huc
1306 1534 1384 1569 adde
1408 1532 1528 1567 Bohnii
1553 1537 1562 1573 (
1588 1544 1607 1566 u
1631 1537 1644 1572 )
1669 1534 1966 1571 Observationem‚
1990 1531 2047 1572 qui
2061 1529 2135 1571 glo„

1126 1578 1427 1622 buloperforatam
1450 1578 1484 1609 in
1507 1577 1711 1611 Centurione
1736 1587 1801 1609 non
1825 1575 1927 1608 solum
1954 1574 2038 1609 vidit
2052 1574 2136 1613 lum-

1126 1625 1244 1659 borum
1268 1625 1399 1665 Spinam
1412 1642 1422 1658 ,
1447 1619 1499 1655 sed
1515 1622 1555 1653 ’ἂ
1573 1617 1670 1661 fimul
1684 1617 1780 1663 funis
1801 1618 1984 1652 medullaris
2015 1616 2133 1651 medica

1124 1676 1224 1702 tatem
1242 1665 1417 1708 sinistram,
1440 1664 1488 1697 ita
1511 1670 1615 1696 tamen
1637 1670 1674 1695 ut
1696 1673 1750 1696 nec
1772 1661 1881 1695 dextra
1904 1662 2026 1695 omnino
2047 1661 2137 1693 inta-

1125 1711 1175 1745 fta
1197 1716 1358 1748 maneret,
1380 1706 1535 1750 gravibus
1558 1705 1691 1748 quidem
1712 1705 1892 1739 consecutis
1926 1704 2140 1747 symptomad

1126 1756 1215 1789 tibus
1240 1778 1251 1793 ,
1284 1761 1316 1786 at
1341 1752 1409 1785 vita
1433 1749 1647 1784 nihilominus
1671 1748 1709 1782 ad
1732 1749 1883 1782 oetavum
1902 1770 1915 1788 ,
1938 1759 1979 1781 an
2002 1758 2127 1783 nonum

1125 1798 1214 1832 diem
1238 1795 1417 1838 producta.
1442 1794 1568 1826 Verum
1593 1803 1632 1825 ne
1655 1790 1760 1833 postea
1783 1790 1867 1825 forte
1888 1791 1977 1825 dicas
2001 1815 2011 1832 ,
2041 1792 2128 1824 inter

1127 1839 1296 1875 secundam
1317 1840 1348 1871 &
1369 1837 1501 1871 tertiam
1526 1840 1536 1875 (
1559 1837 1590 1869 ὃ(
1615 1836 1720 1869 multo
1745 1835 1850 1869 minus
1865 1859 1874 1875 ,
1896 1844 1932 1868 ut
1966 1835 1999 1868 in
2024 1834 2135 1868 Meec-

1129 1885 1237 1919 krenii
1260 1881 1416 1919 historia,
1442 1880 1573 1915 tertiam
1597 1880 1685 1913 inter
1705 1881 1736 1913 &
1760 1878 2136 1920 quartam)lu-mborutn

1129 1927 1311 1962 vertebram
1336 1924 1522 1959 subeuntem
1545 1922 1741 1966 globulum,
1763 1933 1828 1957 non
1849 1921 1954 1965 ipsum
1980 1920 2137 1956 Medullae

1130 1982 1269 2014 corpus,
1294 1968 1345 2002 sed
1357 1969 1522 2010 Equinam
1545 1968 1713 2000 dumtaxat
1724 1965 1870 2000 Caudam
1882 1965 2046 2001 vulnerare
2070 1976 2134 2008 pm-

1133 2014 1249 2054 tuisse;
1271 2022 1405 2054 utraque
1428 2011 1488 2045 hac
1511 2009 1643 2044 historia
1669 2008 1801 2052 seposita
1813 2020 1831 2049 ,·,
1850 2009 1917 2052 lege
1928 2010 2047 2050 potius,
2061 2019 2136 2052 quae

1135 2060 1215 2093 alibi
1238 2059 1274 2091 in
1300 2055 1508 2098 Sepulchreto
1542 2056 1610 2093 (x)
1632 2062 1719 2087 extat
1734 2077 1745 2093 ‚
1770 2054 1889 2087 Plateri
1914 2052 2132 2088 Observatio—

1134 2114 1208 2137 nem
1231 2125 1239 2133 .
1275 2101 1347 2134 Hac
1372 2099 1479 2141 Virgo
1503 2098 1700 2140 proponitur
1723 2121 1733 2136 ‚
1765 2097 1820 2131 cui
1842 2098 1925 2130 intra
1950 2097 2132 2131 vertebram

1134 2145 1217 2180 dorsi
1241 2145 1391 2178 oftavam
1411 2164 1420 2181 ‚
1452 2150 1507 2176 aut
1530 2152 1648 2175 nonam
1675 2139 1811 2183 sclopeti
1832 2140 1948 2184 globus
1972 2140 2133 2182 Spinalem

1131 2189 1304 2224 medullam
1326 2185 1524 2229 disruperat,
1547 2187 1579 2218 &
1604 2183 1782 2224 movendi,
1807 2184 2022 2228 sentiendique
2034 2184 2138 2218 facul-

1133 2244 1237 2268 tatem
1261 2245 1276 2265 a
1301 2230 1409 2264 medio
1432 2228 1582 2265 deorsum
1607 2229 1715 2263 statim
1739 2228 1902 2263 ademerat
1925 2253 1934 2269 ,
1957 2227 1995 2263 ad
2019 2226 2139 2272 vigesiz

1135 2289 1226 2312 mum
1250 2286 1356 2310 tamen
1379 2274 1478 2318 usque
1503 2272 1590 2308 diem
1601 2275 1667 2307 vita
1680 2274 1860 2315 proti·a&ca.
1884 2273 1976 2313 Qin
2002 2276 2140 2316 perpenn'

1135 2323 1174 2356 de
1197 2324 1229 2354 in
1252 2321 1337 2361 Reg.
1352 2320 1400 2353 Sc.
1413 2317 1596 2352 Academiae
1609 2315 1788 2362 parisiensis
1797 2317 1947 2350 Historia
1968 2317 2037 2359 (y)
2056 2316 2138 2360 quid

1134 2364 1362 2400 Cuvilliersius
1372 2363 1410 2397 de
1423 2363 1530 2396 milite
1553 2360 1671 2395 referat
1686 2382 1695 2397 ‚
1717 2370 1812 2401 cujus
1823 2359 2047 2394 duodecimam
2060 2362 2138 2395 dor-

1129 2409 1153 2444 fi
1178 2408 1363 2442 vertebram
1381 2428 1390 2443 ‚
1415 2405 1643 2448 inclusumque
1666 2402 1772 2447 ipsum
1784 2403 1937 2438 Medullae
1948 2415 2068 2447 corpus
2080 2415 2140 2442 en-‚

1129 2452 1169 2487 sis
1193 2463 1329 2490 mucro,
1354 2449 1435 2484 duos
1450 2450 1582 2494 pollices
1593 2450 1728 2491 longus,
1751 2458 1815 2481 non
1828 2448 1927 2481 modo
1951 2448 2142 2491 trajecerat,

1131 2496 1189 2530 sed
1212 2495 1335 2530 ibidem
1361 2493 1484 2536 semper
1506 2492 1661 2530 haeserat,
1685 2502 1760 2524 cum
1784 2500 1891 2527 tamen
1914 2491 2041 2526 dolores
2063 2495 2140 2535 qui-

1132 2540 1206 2574 dem
1231 2538 1363 2573 acerbos
1379 2562 1388 2576 ,
1412 2536 1462 2570 sed
1485 2537 1606 2570 nullam
1629 2535 1764 2578 usquam
1790 2534 2019 2570 resolutionem
2030 2538 2140 2578 quoad

1132 2585 1217 2618 vixit
1231 2594 1242 2621 3
1266 2582 1350 2615 vixit
1363 2589 1469 2614 autem
1483 2580 1520 2614 ad
1534 2579 1675 2617 menses3
1701 2579 1848 2612 attulerit
1860 2604 1867 2612 .
1892 2580 1979 2612 Cum
1992 2578 2042 2613 his
2054 2591 2141 2616 nunc

1133 2626 1246 2661 confer
1269 2635 1369 2668 quam
1393 2625 1425 2656 in
1441 2623 1657 2666 Sepulchreto
1680 2623 1748 2665 (z)
1766 2622 1883 2659 habes,
1909 2622 2057 2656 Marcelli
2072 2625 2141 2658 Lu-

1133 2673 1178 2705 cii
1202 2669 1496 2707 Observationern.
1521 2667 1702 2702 Hominem
1727 2666 1809 2707 leges
1832 2668 1918 2699 intra
1939 2666 2034 2700 horas
2048 2668 2145 2703 circi-

1134 2725 1186 2748 ter
1198 2714 1336 2755 triginta
1350 2720 1516 2745 mortuum
1529 2732 1538 2747 ,
1562 2711 1615 2744 cui
1633 2708 1917 2752 sclopetiglobusa
1941 2709 2053 2743 dextra
2067 2722 2142 2753 pat-

1135 2768 1167 2791 te
1181 2782 1190 2797 ,
1211 2765 1354 2801 quatuor
1376 2756 1489 2797 digitis
1512 2754 1569 2788 sub
1590 2753 1721 2796 regione
1734 2763 1848 2785 renum
1862 2751 2027 2794 ingressus,
2039 2754 2143 2788 trans-

1135 2802 1204 2835 ibat
1229 2812 1284 2843 per
1308 2800 1448 2833 medium
1473 2797 1613 2840 Spinalis
1634 2795 1805 2835 medullae,
1829 2807 1883 2838 per
1900 2795 2056 2830 sinistram
2068 2810 2142 2839 par,-

1133 2855 1203 2879 tem
1226 2843 1406 2886 egrediens.
1429 2843 1528 2874 Certe
1551 2839 1605 2874 hic
1626 2839 1744 2886 globus
1767 2849 1831 2872 non
1847 2839 2000 2872 Medullae
2012 2841 2143 2883 corpus,

1137 2889 1189 2923 sed
1213 2889 1377 2929 Equinam
1401 2884 1548 2918 Caudam
1571 2890 1761 2926 trajecerat.
1788 2882 1862 2918 Qua
1886 2884 1991 2924 igitur
2015 2885 2141 2918 ratione

1136 2941 1231 2965 tanto
1249 2932 1347 2963 citius
1370 2939 1467 2972 quarn
1489 2927 1620 2963 inillis,
1645 2926 1764 2968 quibus
1787 2925 1892 2967 ipsum
1905 2925 2057 2960 Medullae
2068 2939 2143 2962 cor-

1139 2987 1199 3018 pus
1220 2973 1393 3016 trajeetum
1417 2971 1547 3010 suerat,
1573 2978 1710 3004 mortem
1725 2970 1836 3002 attulit
1850 2995 1859 3009 ,
1882 2969 2079 3012 eandemque
2091 2979 2142 3005 ta-

1134 3030 1211 3053 men
1235 3017 1340 3050 multo
1363 3014 1542 3050 tardiorem
1565 3024 1663 3056 quarn
1690 3015 1796 3054 primo
1819 3013 1869 3046 illi
1893 3012 2052 3047 Valsalvae
2076 3014 2144 3047 Vi-

1138 3074 1196 3100 ro,
1220 3062 1253 3094 in
1277 3072 1345 3102 quo
1369 3060 1425 3093 illa
1448 3059 1515 3101 ipsa
1541 3055 1654 3090 Cauda
1679 3067 1744 3089 non
1769 3055 1872 3090 solum
1908 3067 1973 3091 non
2005 3057 2139 3099 trajecta

1139 3115 1206 3140 erat
1220 3129 1228 3144 ,
1250 3103 1301 3137 sed
1325 3102 1425 3137 illaesa
1447 3102 1584 3135 omnino
1606 3100 1775 3133 videbatur
1795 3104 1805 3132 ?
1830 3100 2001 3133 Nimirum
2024 3093 2144 3135 csiffici-

1139 3151 1193 3189 le,
1216 3156 1252 3182 ut
1274 3146 1365 3184 dixi,
1388 3145 1455 3180 haec
1478 3143 1607 3189 poffunt
1630 3143 1817 3178 discrimina
1841 3143 2016 3185 explicari.
2041 3144 2074 3176 Si
2097 3152 2141 3177 ta.

1142 3204 1213 3227 men
1237 3189 1455 3232 conjeeturis,
1478 3198 1545 3222 non
1568 3186 1712 3230 undique
1736 3185 1865 3220 fortasse
1887 3186 2110 3227 improbandis
2132 3208 2144 3224 ‚

1141 3237 1185 3270 est
1209 3236 1324 3270 locus;
1347 3233 1417 3266 duae
1441 3231 1544 3266 videri
1569 3229 1697 3273 possunt
1720 3228 1809 3268 fuisse
1841 3229 1964 3268 causae,
1985 3240 2044 3264 cur
2065 3240 2143 3263 eum

1146 3278 1306 3314 Valsalvae
1330 3277 1451 3310 Virum
1475 3284 1542 3312 tam
1565 3276 1630 3308 cita
1653 3284 1739 3307 mors
1751 3273 1952 3315 abripuerit.
1977 3274 2029 3305 Ut
2054 3274 2143 3306 enim

1148 3331 1269 3367 pronus
1289 3319 1459 3354 incedebat
1482 3329 1555 3352 curn
1581 3328 1672 3351 ruens
1695 3316 1735 3350 ab
1759 3317 1826 3349 alto
1850 3316 1977 3358 lignum
2000 3325 2062 3349 tres
2096 3327 2147 3349 eas

1148 3365 1312 3400 vertebras
1335 3361 1481 3406 percuffit
1503 3374 1512 3399 3
1546 3370 1637 3394 tanto
1659 3359 1714 3393 has
1739 3358 1958 3392 vehementius
1980 3358 2145 3393 concussas

1144 3407 1334 3445 crediderim
1348 3428 1357 3443 ,
1378 3415 1501 3449 quanto
1523 3405 1624 3437 stium
1648 3404 1754 3436 minus
1775 3414 1813 3435 ex
1836 3402 1973 3443 obliquo
1984 3413 2147 3445 excepere,

1146 3461 1379 3496 proptereaque
1401 3449 1555 3491 disruptis
1579 3445 1766 3489 sanguiferis
1788 3445 1867 3479 vasis
1890 3446 1959 3489 plus
1983 3445 2145 3487 sanguinis

1145 3493 1295 3531 fortasse,
1318 3503 1415 3535 quam
1438 3493 1484 3525 ibi
1510 3493 1657 3534 apparuit
1672 3511 1681 3526 ,
1705 3488 1882 3528 effluxisse,
1905 3488 1978 3522 inde
1990 3488 2145 3525 videlicet

1145 3540 1180 3572 in
1204 3536 1391 3572 concidente
1415 3548 1449 3570 ac
1475 3535 1590 3578 supino
1612 3534 1744 3568 homine
1768 3543 1844 3566 mox
1866 3533 1900 3565 in
1922 3541 2051 3567 caeteras
2074 3542 2146 3567 ver-

1147 3583 1252 3616 tebras
1274 3579 1433 3622 dilapsum
1457 3580 1495 3613 ad
1522 3577 1675 3611 Medullae
1698 3579 1836 3618 corpus,
1860 3586 1925 3609 non
1951 3576 2045 3609 aliter
2068 3586 2144 3616 pro-

1147 3625 1321 3669 pemodum
1346 3633 1440 3667 atque
1464 3635 1480 3656 a
1504 3622 1657 3663 Verneyo
1681 3623 1748 3659 (a)
1770 3619 1839 3653 fieri
1861 3617 2020 3652 creditum
2044 3618 2085 3669 esi
2107 3620 2145 3653 in

2023 3672 2099 3704 qui-

1516 3725 1553 3754 (q
1564 3727 1572 3753 )
1584 3724 1646 3747 [bid.
1662 3723 1720 3747 Obs.
1730 3724 1771 3746 28.
1786 3721 1835 3752 §.L
1897 3722 1949 3751 (r)
1961 3721 2063 3750 Epist-56
2077 3728 2143 3749 n.3·3.

1185 3757 1193 3787 (
1211 3767 1230 3783 u
1245 3760 1255 3789 )
1270 3759 1306 3781 De
1323 3759 1433 3781 Renunc.
1452 3755 1527 3780 Vuln.
1545 3756 1570 3778 S.
1589 3762 1610 3778 ι.
1630 3761 1704 3782 propa
1719 3753 1762 3777 fin.
1826 3752 1881 3783 (x)
1897 3752 1914 3776 1.
1925 3759 1948 3776 ι.
1961 3753 1985 3776 S.
1996 3750 2142 3781 15.Obs.26„

1266 3789 1275 3819 (
1292 3795 1307 3812 a
1324 3789 1334 3818 J
1351 3786 1413 3817 apud
1429 3786 1462 3812 du
1477 3784 1567 3812 Hamel
1584 3783 1647 3811 nist,
1662 3785 1693 3811 R.
1711 3784 1748 3810 Se.
1766 3783 1843 3810 Aeaei.
1859 3784 1876 3809 1-
1895 3790 1916 3814 3.
1932 3783 1960 3809 S.
1978 3791 2000 3813 52
2016 3789 2040 3809 e·
2056 3790 2077 3807 2.
2094 3788 2141 3808 nx·
