2498 4075
406 135 500 203 278

340 217 502 251 &antium
525 213 656 249 consilia
678 216 822 256 primum
844 226 908 248 non
932 213 1162 255 displicerent,
1185 219 1216 250 &
1241 228 1341 251 mate.

341 262 390 295 ria
413 260 566 304 paulatim
590 271 606 291 e
628 268 754 291 tumore
770 258 1013 296 detraheretur5
1037 268 1109 291 ecce
1136 258 1218 292 febri
1242 261 1341 294 obor-

342 316 377 340 ta
399 330 409 344 ‚
439 302 542 346 reapse
567 303 603 335 ad
626 312 693 336 eam
718 313 790 344 quae
813 311 880 335 erat
903 301 1026 343 reliqua
1050 324 1058 338 ,
1092 312 1174 334 nova
1206 302 1343 344 ejusdem

343 350 467 393 generis
493 347 624 379 materia
647 346 771 378 accedit
795 371 802 378 .
839 344 909 377 Post
931 355 1002 385 quae
1034 354 1140 378 tamen
1164 356 1245 388 aeger
1267 358 1344 380 cun-

340 392 494 427 &ationis
519 388 665 431 pertaesus
689 410 699 426 ,
734 387 861 423 strenuo
882 387 1047 429 Chirurgo
1082 386 1110 420 se
1131 390 1309 424 committit
1333 413 1346 430 ,

340 447 398 479 per
423 444 516 477 quem
540 454 550 470 ‚
584 441 620 464 ut
646 431 713 473 ipse
734 433 871 464 omnino
896 429 998 462 voluit
1023 457 1033 470 ‚
1068 432 1192 472 penitus
1224 432 1346 467 exserto

340 488 470 513 tumore
486 500 496 515 ³
517 478 549 507 &
572 474 700 508 vulnere
725 474 762 510 ad
785 474 970 507 cicatricem
995 485 1059 506 non
1082 472 1210 508 difficile
1234 476 1348 517 perdu-

343 524 430 560 ἂο,
473 521 519 552 ita
562 518 731 551 convaluit
767 541 776 556 ,
819 525 855 549 ut
901 517 991 549 nullo
1035 517 1150 550 exinde
1195 520 1312 552 morbo
1337 541 1347 556 ,

342 564 430 607 quod
476 564 571 596 sciam
598 583 606 597 ,
652 571 816 602 correptus
847 558 944 595 fuerit
978 572 985 593 ε
1020 560 1098 593 adeo
1121 561 1154 591 in
1180 561 1345 595 Medicina

340 609 422 642 felix
477 615 708 646 nonnunquam
762 604 804 638 est
860 612 974 645 praeter
1025 605 1186 638 rationem
1247 606 1345 639 auda-

342 652 412 686 cia!

385 707 440 739 47,
463 692 564 736 Qod
588 692 626 725 ad
659 702 756 734 genus
779 700 946 724 tumorum
968 689 1149 732 spec‘tarent
1167 713 1179 731 ‚
1214 691 1265 725 vel
1288 703 1346 731 po-

341 741 410 773 eius
433 764 442 779 ,
474 738 495 771 li
519 737 633 770 mulier
655 736 776 769 diutius
808 733 935 767 vixisset
957 757 970 774 ,
1003 733 1141 774 {perstare
1165 734 1346 777 ‘potuissent

341 785 490 817 duriores
513 791 606 821 aequo
631 788 839 812 mammarum
867 785 992 818 partes,
1016 788 1094 818 quas
1119 776 1207 810 fusco
1228 800 1241 816 ,
1266 781 1346 811 viri-

344 827 402 866 di,
425 834 496 858 atro
518 822 651 857 humore
674 818 834 861 expresso,
862 820 960 861 satis,
984 828 1019 853 ut
1043 820 1236 855 videbantur
1259 844 1268 858 ,
1303 821 1348 854 [ἃ-

343 882 399 903 nas
435 867 537 911 rep‘eri
570 868 604 898 in
637 877 671 898 ea
703 862 890 897 dissectione
922 875 992 906 quae
1024 863 1088 896 tibi
1119 863 1275 905 descripta
1306 866 1349 899 est

343 912 489 956 Epistola
513 911 605 944 XXI.
630 920 662 941 n.
687 918 741 950 47·
769 918 834 939 non
857 906 954 940 facile
978 907 1117 940 dixerim
1133 931 1140 938 .
1167 906 1235 940 Etsi
1259 910 1347 942 enim

345 967 487 990 tumores
520 954 594 988 illos
616 962 691 986 tunc
727 951 845 983 referre
869 948 968 992 posses
1004 950 1041 983 ad
1065 962 1140 984 eum
1173 950 1346 986 dumtaxat

343 1001 535 1036 humorem,
559 995 705 1030 laetifera
730 994 853 1027 vascula
887 993 1116 1028 distendentem
1141 1005 1152 1031 3
1185 1004 1289 1028 tamen
1314 1008 1346 1028 e-

342 1043 484 1088 jusmodi
520 1042 688 1077 humorem
726 1038 804 1071 adeo
836 1039 876 1070 ab
900 1047 1023 1071 naturae
1058 1049 1170 1070 norma
1203 1038 1342 1072 alienum

341 1099 408 1122 non
441 1088 566 1129 aliquos
599 1094 703 1126 pravae
736 1081 857 1114 indolis
892 1088 1034 1114 tumores
1065 1079 1218 1114 diuturna
1253 1093 1342 1115 mora

341 1133 434 1167 fuisse
479 1129 640 1166 facturum
665 1148 675 1165 ‚
719 1126 792 1168 quis
838 1123 994 1157 affirmare
1040 1135 1098 1164 pro
1142 1135 1231 1157 certo
1269 1125 1342 1166 pos-

339 1177 379 1211 fit
412 1175 428 1209 ‚3
473 1174 628 1208 Mulieres
671 1168 803 1212 quidem
845 1169 909 1209 legi
954 1167 993 1200 ab
1038 1168 1175 1199 Riverio
1219 1170 1233 1205 (
1254 1168 1275 1200 d
1297 1172 1308 1206 )
1331 1191 1340 1206 ,

340 1224 372 1254 δε
406 1220 564 1254 Lanzono
588 1219 602 1255 (
624 1225 638 1248 e
661 1217 672 1252 )
697 1211 777 1245 visas
801 1233 811 1249 ,
841 1221 978 1253 quarum
1003 1222 1018 1243 e
1042 1211 1190 1242 mammis
1222 1210 1270 1243 lac
1295 1213 1342 1244 vi.

340 1265 408 1299 ride
432 1262 562 1297 exibat,
586 1259 663 1292 duas
688 1264 793 1290 autem
816 1255 849 1286 in
873 1253 1044 1295 Ephemer.
1072 1252 1243 1285 Nat.Cnr.
1259 1252 1340 1296 (f),

340 1311 372 1342 ἃ
394 1308 428 1339 in
452 1303 659 1338 Commercio
694 1299 869 1331 Litterario
891 1299 946 1339 (g
967 1299 981 1334 >
1005 1304 1196 1344 memoratas
1219 1319 1232 1336 ,
1265 1309 1349 1340 qua--

338 1362 412 1386 rum
437 1348 534 1382 altera
558 1347 606 1379 lac
629 1343 767 1379 habebat
790 1341 921 1382 nigrum
944 1363 954 1378 ‚
977 1343 1007 1373 &
1032 1341 1170 1374 maxime
1194 1336 1320 1373 acidum
1335 1368 1344 1382 ‚

340 1396 437 1429 altera
461 1401 590 1429 autern,
613 1385 869 1432 quotiescunque
893 1383 989 1417 vellet
1011 1407 1020 1422 ‚
1051 1384 1231 1425 exprimere
1252 1393 1344 1427 pote-

340 1447 390 1472 rat
414 1448 452 1470 ex
476 1443 610 1473 utraque
633 1440 772 1465 mamma
797 1427 949 1477 liquidum
972 1426 1098 1468 aliquod
1113 1426 1237 1469 spiffius
1257 1449 1268 1477 .’
1293 1439 1341 1462 1:0-

341 1482 418 1516 loris
440 1479 524 1521 longe
548 1474 709 1519 nigerrimi
733 1498 742 1513 ‚
778 1472 865 1514 quod
890 1471 990 1503 linteo
1014 1479 1185 1512 exceptum
1208 1494 1218 1510 ,
1254 1480 1340 1504 intra

340 1524 434 1559 horas
458 1533 507 1564 24.
533 1519 571 1553 a'd
602 1518 694 1558 instar
715 1514 860 1558 aeruginis
882 1514 983 1547 viride
1014 1512 1165 1547 evadebat
1188 1536 1197 1551 ‚
1230 1512 1339 1555 fimul-

340 1579 422 1611 que,
445 1574 480 1599 ut
502 1561 688 1597 videbatur,
711 1566 855 1592 naturam
877 1555 1061 1599 corrosivam
1086 1556 1255 1591 induebat.
1280 1557 1339 1591 Sed

339 1622 378 1648 ut
403 1607 565 1653 plerasque
587 1616 696 1639 earum
710 1604 814 1636 minus
836 1598 1049 1640 sanasfuisle‚
1073 1600 1191 1637 video;
1217 1598 1342 1643 sien-ul-

321 1655 402 1688 ‘lius
426 1653 493 1687 scio
514 1651 570 1693 qui
595 1649 666 1682 finis
691 1646 790 1680 fuerit
816 1670 824 1684 ,
847 1647 876 1676 δέ
900 1655 977 1677 num
1002 1653 1148 1676 mammae
1170 1665 1179 1681 ‚
1215 1645 1248 1676 in
1275 1647 1343 1687 pri-

340 1699 403 1732 mis
426 1721 438 1737 ,
463 1695 483 1728 fi
508 1703 561 1728 aut
586 1692 633 1725 lac
658 1702 721 1724 non
746 1687 890 1726 efflueret
914 1708 924 1724 ,
957 1695 1010 1720 aut
1032 1685 1120 1729 quod
1144 1687 1279 1719 restabat
1302 1688 1343 1721 il-

340 1738 493 1775 liusmodi
517 1736 661 1771 humoris
686 1744 751 1766 non
774 1732 1027 1772 exprimeretur,
1050 1729 1142 1762 nullo
1154 1730 1287 1766 dolore,
1313 1734 1344 1764 δε

340 1785 433 1818 nullo
456 1782 595 1822 denique
614 1778 771 1819 —malignae
796 1784 917 1807 naturae
940 1782 1067 1806 tumore
1089 1782 1245 1814 correptae
1263 1772 1344 1808 sint.

341 1828 398 1862 Me
424 1826 487 1869 jam
511 1823 670 1864 intelligis
693 1821 731 1854 de
754 1828 870 1853 cancro
892 1817 1007 1859 loqui,
1031 1825 1158 1849 tumore
1181 1817 1238 1857 qui
1263 1815 1343 1859 saepe

343 1871 443 1905 adeo.
467 1873 501 1903 in
527 1866 675 1900 mammis
701 1861 879 1906 praesertim
903 1859 1066 1899 nascitur,
1089 1859 1265 1901 eodemque
1276 1870 1342 1893 tam

342 1913 513 1949 manifestae
539 1909 708 1953 pravitatis
730 1931 739 1946 ‚
772 1915 871 1949 quam
891 1902 1031 1938 difficilis
1064 1904 1243 1939 curationis
1266 1916 1274 1936 .-
1307 1912 1343 1936 ut

342 1959 421 1992 scite
443 1957 583 2001 Joannes
607 1947 877 1994 Bapt-Cortefius
901 1951 910 1986 (
934 1948 950 1965 ⁴‘
973 1951 987 1987 )
1008 1957 1088 1980 cum
1107 1944 1266 1979 ostendere
1277 1947 1342 1979 vel-

341 2003 406 2040 let,
430 2011 486 2033 non
504 1997 593 2042 sequi
611 1995 749 2039 semper,
775 1991 853 2034 quod
875 1989 1001 2023 morbus
1012 1987 1169 2033 cognitus,
1195 1988 1279 2022 illico
1290 2001 1344 2022 cu-

342 2054 428 2080 retur
443 2066 451 2081 ‚
477 2045 572 2084 idque
595 2038 744 2082 praecipue
768 2035 889 2068 ratione
912 2033 1123 2081 malignitatis
1138 2032 1201 2081 sure¹
1224 2043 1234 2070 3
1267 2043 1343 2066 can-

342 2091 389 2124 cri
416 2086 612 2129 potissimum
636 2080 783 2122 exemplo
807 2077 879 2111 usus
902 2077 938 2110 lit
953 2102 961 2115 ,
996 2086 1047 2117 qui
1071 2086 1215 2117 quamvls
1247 2075 1286 2108 ab
1309 2087 1343 2108 0-

341 2132 464 2167 mnibus
488 2126 682 2172 cognoscatur
698 2151 706 2165 ,
730 2122 932 2156 nihilominus
953 2130 1022 2152 raro
1044 2126 1171 2151 curatur
1195 2143 1203 2151 .
1229 2119 1273 2151 Et
1297 2119 1344 2151 sa-

342 2189 379 2210 ne
406 2178 460 2207 vix
485 2180 716 2213 nonnunquam
740 2165 858 2199 accidit
882 2175 915 2198 ut
939 2162 1018 2203 felix
1042 2162 1239 2212 undiquebea
1253 2173 1344 2195 cura-

342 2224 392 2253 tio
418 2219 475 2252 fit.
503 2214 640 2254 Persaepe
665 2221 772 2246 autem
796 2221 829 2242 ea
852 2206 1019 2254 consecuta
1044 2206 1102 2239 esse
1124 2228 1132 2243 ,
1171 2205 1309 2239 vldlmus
1331 2228 1341 2243 ‚

343 2275 413 2307 quae
438 2258 547 2293 Celsus
572 2261 586 2297 (
609 2256 627 2290 h
648 2260 662 2296 )
694 2253 843 2298 praedixit
866 2274 878 2289 ,
912 2261 944 2284 ut
965 2250 1030 2294 sive
1056 2261 1071 2282 a
1094 2248 1267 2291 Chirurgis
1293 2252 1342 2283 vel

344 2305 536 2349 peritiffimis
558 2299 703 2336 excisus,
728 2296 789 2335 posi
812 2294 969 2329 induciam
980 2293 1156 2326 cicatricem
1180 2300 1283 2326 tamen
1297 2303 1345 2330 rea

344 2348 476 2384 verterit
500 2349 532 2379 in
558 2336 794 2383 eundemsaut
820 2340 920 2372 aliurn
943 2340 977 2370 in
1001 2337 1129 2372 locum,
1155 2336 1197 2368 (φ
1221 2335 1344 2378 causam

344 2393 455 2428 mortis
480 2389 625 2424 attulerit
644 2411 653 2426 ,
678 2388 740 2419 sive
761 2395 835 2418 cum
860 2383 913 2414 alii
936 2379 1068 2423 quidam
1094 2378 1137 2428 usi
1160 2379 1257 2428 essent
1281 2390 1344 2420 me-

344 2435 526 2471 dicamcntis
551 2429 749 2465 adurentibus
769 2451 780 2468 ,
815 2423 1003 2467 miserasque
1028 2423 1184 2471 foeminas¹
1209 2423 1265 2455 diu
1289 2430 1345 2454 ex-

345 2477 555 2515 cruciassent,
580 2483 633 2507 aut
658 2472 823 2514 pejorem,
848 2480 899 2501 aut
923 2476 1007 2501 certe
1021 2477 1085 2498 non
1111 2465 1277 2498 meliorem
1290 2464 1344 2497 de-

347 2527 443 2565 nique
469 2520 616 2554 habuerit
642 2518 763 2549 exitum
789 2540 794 2545 .
821 2515 893 2546 Fuit
918 2513 1002 2544 enim
1028 2509 1109 2551 apud
1133 2519 1190 2559 nos
1214 2519 1344 2557 quoqne

346 2566 532 2610 priusquam
566 2561 716 2594 volumen
749 2555 1068 2590 Commentariorum
1103 2561 1205 2585 exiret
1231 2552 1346 2601 Regiae

347 2610 561 2646 Scientiarum
586 2603 770 2638 Academiae
787 2598 963 2633 Parifienlis
985 2595 1073 2638 quod
1097 2597 1134 2629 ad
1162 2598 1200 2627 A.
1226 2603 1341 2644 attinet

350 2665 441 2695 1739.
468 2654 524 2694 qui
560 2649 709 2681 adurente
733 2645 830 2678 herba
867 2641 1013 2675 adhibita
1037 2650 1166 2687 cancros
1190 2639 1342 2688 radicitus

346 2699 457 2731 tollere
481 2693 667 2728 dicebatur.
693 2688 749 2722 Sed
775 2687 835 2720 sive
858 2698 892 2719 ea
917 2681 1109 2730 Dentellaria
1133 2682 1341 2716 Ronueletii‚

346 2752 383 2775 ut
417 2751 454 2772 ex
480 2738 609 2770 indiciis
642 2731 835 2776 quibusdam
859 2729 1092 2776 conjecimus5
1125 2723 1192 2767 ipse
1225 2727 1312 2757 enim
1337 2748 1346 2762 ,

347 2793 506 2827 quantum
521 2787 668 2823 poterat,
692 2775 897 2810 occultabat3
921 2775 982 2804 sive
996 2771 1057 2802 alia
1081 2779 1169 2805 erat,
1190 2779 1345 2802 cumma-

348 2839 444 2866 gnam
471 2829 633 2867 primum,
658 2830 693 2854 ut
717 2819 775 2858 fit,
799 2817 836 2850 de
861 2816 888 2849 se
913 2813 1030 2848 famam
1053 2811 1240 2860 concitasset
1256 2835 1267 2851 ,
1290 2823 1345 2860 (αἶ

348 2865 510 2905 ἶεῑίοηυιῃ
546 2867 634 2899 exitu
668 2875 734 2896 non
770 2857 978 2902 respondente
1009 2857 1147 2889 desertus
1171 2855 1241 2888 est.
1278 2855 1347 2903 Qui

351 2927 388 2948 an
413 2913 552 2947 feliciter
577 2907 658 2951 apud
672 2902 923 2946 Monspelienses
948 2899 1135 2942 respond-:re
1151 2908 1345 2948 perrexerit,

349 2960 556 2998 ignoramus:
581 2950 663 2993 apud
688 2961 745 2983 nos
766 2957 852 2981 certe
880 2944 1027 2982 Medici,
1049 2947 1079 2976 &
1102 2941 1258 2991 Chirurgi
1281 2952 1349 2992 ‘ma-

351 2995 400 3045 gis
425 3000 457 3032 in
481 3010 514 3031 ea
537 2996 690 3029 sententia
714 2991 898 3026 confirmati
926 2988 995 3021 sunt
1021 3012 1029 3025 ‚
1053 2997 1088 3019 ut
1114 2997 1187 3036 curn
1208 2986 1287 3017 Vicit
1310 2996 1350 3034 εξ-

351 3054 483 3084 ,urorum
510 3039 678 3082 precibus,
703 3037 891 3079 minime-ea
915 3044 985 3074 quae
999 3029 1089 3080 supra
1114 3035 1127 3069 (
1149 3041 1159 3063 ι
1183 3033 1197 3069 )
1221 3029 1290 3062 sunt
1303 3027 1351 3060 di-

351 3083 399 3122 [Cta
428 3110 435 3123 ‚
463 3084 677 3126 spectantium
703 3105 711 3119 ,
746 3077 898 3119 suscipere
921 3084 1120 3123 curationem
1153 3082 1315 3114 coguntur
1338 3094 1351 3110 ,

353 3130 546 3165 excisionem
571 3123 761 3168 praeferant,
784 3131 853 3163 quae
879 3119 899 3152 si
925 3128 1116 3166 non-minus
1140 3118 1252 3167 acerbo
1275 3137 1283 3152 ‚
1319 3124 1352 3147 at

354 3177 448 3212 lonae
475 3169 614 3205 breviori
639 3167 750 3200 dolore
775 3164 963 3206 peragitur,
985 3161 1092 3203 sicque
1116 3171 1251 3208 minoris
1274 3168 1350 3208 chon-

353 3211 552 3257 stafaegris,
575 3210 698 3245 tametsi
725 3209 829 3250 postea
854 3217 965 3239 cancer
987 3205 1116 3243 redeat,
1139 3206 1159 3236 si
1187 3214 1252 3236 non
1264 3211 1356 3250 Vita?

357 3271 388 3294 at
413 3270 497 3293 certe
521 3260 594 3289 vita:
621 3279 633 3296 ,
668 3257 786 3287 interea
810 3250 873 3284 sine
905 3248 1028 3281 affiduis
1055 3248 1212 3280 teterrimi
1247 3245 1353 3295 morbi

356 3302 553 3337 cruciatibus
568 3324 576 3337 ,
601 3296 809 3340 prorogatio.
835 3295 961 3326 Verum
986 3291 1177 3333 prorogatio
1199 3290 1266 3323 haec
1289 3286 1355 3328 ipsa

357 3357 391 3380 ut
417 3345 532 3388 sperari
558 3341 649 3385 poffit
665 3366 672 3377 ,
699 3351 790 3382 quae,
815 3339 845 3370 δι
868 3345 948 3379 quot
967 3336 999 3367 in
1024 3336 1115 3383 aegris
1129 3335 1356 3376 requirantur,

358 3392 463 3423 dicere
488 3384 673 3428 supersedeo
699 3408 704 3414 .
742 3384 863 3427 Eorum
877 3378 1030 3421 'quaedam
1054 3400 1066 3426 ³.
1100 3388 1241 3419 itemque
1265 3376 1355 3418 plura

358 3435 397 3466 iis
424 3432 643 3465 adversantia,
667 3438 706 3460 ex
730 3424 968 3466 Oolervatione
991 3422 1124 3462 colliges
1142 3443 1155 3462 ,
1177 3430 1275 3462 quam
1301 3430 1357 3460 po-

361 3476 511 3509 tiffimum
533 3496 541 3512 ‚
566 3482 639 3505 cum
664 3470 739 3503 alias
763 3466 882 3512 possem
907 3487 917 3503 ‚
948 3464 1001 3498 hic
1024 3464 1109 3497 dabo
1134 3488 1142 3495 .
1176 3465 1227 3496 Ex
1250 3462 1359 3496 eadem

635 135 794 190 Liber
828 136 1040 195 IV.De
1078 137 1287 191 Morbis·
1320 137 1673 205 Chirurgicis2
1706 139 1775 199 &p
1799 138 2197 191 Universalibus

1392 220 1479 251 enim
1502 217 1594 250 fimul
1617 227 1689 258 quae
1713 215 1864 251 struuura
1884 215 1959 250 esset
1982 215 2097 250 scirrhi
2120 217 2320 251 incancrurn
2335 216 2395 252 de-

1393 262 1599 303 generantis,
1627 259 1779 301 simulque
1800 260 2028 293 confirmatum
2053 259 2176 294 videbis
2198 282 2208 297 ‚
2244 260 2392 303 contusio-

1394 315 1482 341 nem,
1506 314 1570 344 que
1591 303 1624 335 in
1646 310 1716 335 cute
1737 302 1857 336 nullius
1874 304 2022 336 momenti
2033 300 2103 344 effi’t
2116 326 2127 341 ,
2150 315 2218 336 eam
2243 311 2279 336 ut
2295 302 2398 337 Boer-

1397 347 1505 381 haavii
1540 344 1626 386 (lq)
1662 346 1768 378 verbis
1801 356 1873 379 utar
1894 369 1902 384 ,
1937 346 1970 377 in
1989 345 2138 388 glandula
2169 344 2393 387 conglomerata

1390 389 1546 433 scirrhum
1568 387 1723 431 peffimum
1755 388 1838 430 posse
1855 389 2022 431 producere
2048 402 2057 425 ς
2090 390 2233 432 itemque
2255 399 2398 423 cancrum

1397 435 1501 467 curari
1526 430 1706 475 difficillime
1730 432 1763 464 in
1787 430 1923 465 foemina
1937 430 2178 465 melancholica.
2204 434 2283 467 Sunt
2308 436 2396 467 enim

1398 478 1429 508 ἃ
1454 476 1536 518 apud
1562 485 1618 508 nos
1641 482 1897 516 temperamento
1917 474 1982 508 hoc
1996 475 2166 517 quaedam‚·
2190 487 2254 508 non
2266 486 2402 511 omnes:

1397 531 1460 560 qua
1483 522 1516 551 in
1540 529 1571 551 re
1594 516 1701 550 nescio
1723 518 1796 559 quis
1817 529 1933 559 magno
1956 518 2004 551 illi
2023 518 2116 551 -Viro
2140 518 2218 552 adeo
2231 520 2401 559 [imposue-

1397 563 1440 595 rit
1455 588 1463 601 ‚
1487 571 1522 596 ut
1545 560 1644 594 Italos
1667 562 1805 594 traderet
1828 565 1841 600 (
1865 561 1877 594 l
1899 564 1912 600 )
1934 561 1972 594 acl
1993 571 2105 594 annum
2127 562 2232 594 aetatis
2243 562 2394 596 decimum

1396 605 1540 638 obianum
1575 603 1701 636 vividos
1722 607 1764 638 (φ
1797 603 1979 637 ludibundos
2002 602 2056 646 effe
2080 617 2089 635 ε
2119 604 2182 645 post
2204 604 2394 646 trigefimum

1396 658 1509 681 annum
1530 646 1632 686 tristes
1657 657 1777 686 omnes,
1801 647 1953 688 morosos,
1975 645 2243 690 melancholicos,
2270 647 2311 679 &¹
2336 647 2396 681 [πιε-

1396 690 1634 724 morrhoidarios
1650 688 1724 732 fieri
1751 713 1759 721 .
1793 691 1956 723 Caeterum
1981 700 2049 723 earn
2072 687 2240 724 nobiscum
2273 691 2397 725 Obser-

1396 736 1559 767 vationem
1584 736 1672 767 annis
1704 733 1921 774 superioribus
1945 744 1998 775 per
2030 735 2154 766 litteras
2177 735 2400 768 communica-

1401 778 1462 817 vit?
1476 777 1622 815 Βοᾶιις,
1644 779 1676 809 &
1701 777 1856 817 speetatus
1869 777 1930 809 Vir
1949 776 2002 818 Jo.
2019 777 2163 819 Baptista
2176 776 2402 818 Charburius‚

1401 820 1505 854 noster
1528 821 1611 853 olim
1634 818 1854 853 dilectiffimus
1878 818 2023 853 Auditor
2047 841 2056 857 ‚
2090 830 2173 853 nunc
2198 832 2306 854 autem
2332 821 2401 853 Re-

1399 866 1472 906 gius
1495 863 1648 905 Augustae
1672 862 1895 897 Taurinorum
1919 861 2076 896 Professor
2100 863 2256 898 Praffiticae
2292 863 2399 898 Medi-

1398 909 1477 941 cinae
1502 908 1698 940 Primarius.

1439 951 1492 994 48.
1519 950 1730 984 RUSTICA
1765 949 1881 982 mulier
1905 960 2003 983 annos
2037 960 2109 985 nata
2135 951 2265 985 circiter
2297 952 2401 995 quin-

1395 994 1553 1038 quaginta
1584 991 1739 1026 sinistram
1774 1004 1946 1026 mammam
1980 992 2063 1028 forte
2101 994 2292 1036 percusserat
2315 1020 2324 1028 .
2361 997 2400 1028 In

1395 1039 1453 1072 hac
1489 1036 1556 1078 post
1580 1034 1715 1070 mensem
1750 1035 1849 1070 ferme
1883 1036 1914 1070 se
1948 1037 2092 1078 prodidit
2126 1047 2237 1074 tumor
2261 1063 2270 1077 ‚
2302 1050 2400 1080 quem

1394 1080 1509 1115 frustra
1533 1079 1665 1114 fotibus.
1680 1078 1795 1112 resolvi
1816 1102 1825 1117 ‚
1850 1078 1965 1113 frustra
1989 1081 2216 1123 compreffione
2241 1082 2397 1123 plumbeae

1393 1135 1542 1158 concavae
1566 1124 1693 1156 laminae
1717 1124 1861 1156 coerceri
1885 1122 1969 1165 posse
1984 1147 1992 1161 ,
2015 1122 2176 1166 speratum
2189 1125 2231 1158 est
2241 1137 2252 1156 ·;
2280 1126 2398 1168 Auge-

1395 1168 1499 1202 scebat
1523 1168 1608 1200 enim
1631 1189 1640 1203 ,
1676 1175 1711 1199 ut
1735 1166 1819 1198 intra
1854 1165 2027 1208 septimum
2052 1167 2090 1200 ab
2125 1167 2191 1201 ictu
2215 1168 2356 1201 mensem
2379 1181 2396 1202 a

1394 1211 1575 1253 superiore,
1602 1208 1772 1251 eademque
1794 1218 1924 1242 externa
1936 1220 2080 1243 mammae
2105 1221 2214 1253 parte,
2240 1212 2295 1245 ubi
2311 1213 2398 1245 mul-

1394 1264 1430 1288 to
1454 1253 1598 1291 crassior,
1621 1252 1931 1295 durior-‚magisque
1954 1252 2103 1286 abnormi
2125 1252 2227 1294 figura
2240 1264 2326 1294 erat,
2350 1257 2402 1288 in-

1394 1298 1443 1332 fra
1467 1298 1605 1330 areolam
1629 1295 1692 1337 jam
1716 1295 1933 1330 descenderet:
1958 1295 2048 1337 cujus
2072 1296 2191 1338 papilla
2214 1299 2299 1331 intra
2323 1298 2403 1333 altas

1394 1342 1518 1384 aliquot
1541 1338 1731 1374 transversas
1754 1350 1848 1382 rugas
1872 1349 1940 1371 tota
1974 1340 2207 1380 propemodum
2241 1341 2362 1375 latebat
2388 1366 2396 1375 .

1396 1385 1462 1425 Sub
1484 1386 1630 1426 proxima
1655 1382 1748 1415 axilla
1780 1385 1850 1418 aliae
1873 1382 1923 1415 his
1947 1382 2063 1416 similes
2088 1394 2172 1426 rugae
2198 1384 2403 1419 animadver-

1395 1428 1564 1464 tebantur‚
1588 1425 1748 1468 dolorque
1770 1436 1838 1459 erat
1862 1426 1900 1459 ad
1925 1427 2055 1459 axillam
2081 1450 2091 1465 ‚
2125 1438 2199 1461 curn
2223 1428 2401 1461 attolleba-

1393 1481 1446 1505 tur
1468 1470 1620 1507 humerus
1641 1495 1650 1508 ,
1673 1472 1703 1502 δε
1726 1468 1893 1504 universus
1917 1469 1971 1502 ille
1997 1479 2081 1502 artus
2105 1471 2264 1504 oedemate
2289 1481 2400 1506 tume-

1391 1516 1467 1548 bat.
1491 1513 1574 1554 Qae
1599 1525 1665 1549 res,
1689 1515 1721 1545 <Sc
1747 1524 1858 1553 praeter
1882 1510 1937 1546 has
1973 1511 2082 1547 adusta
2105 1517 2136 1547 &
2159 1515 2395 1549 melancholica

1391 1558 1534 1591 mulieris
1557 1565 1771 1600 temperatura
1784 1556 2031 1590 adversabantur
2054 1559 2094 1590 iis
2112 1559 2170 1600 qui
2194 1560 2332 1592 tumoris
2343 1570 2402 1593 ex-

1392 1601 1542 1635 cisionem
1567 1599 1811 1642 proponebant.
1838 1601 1997 1633 Favebant
2021 1610 2158 1638 contra,
2185 1602 2331 1635 mulieris
2343 1614 2401 1639 ,ro-

1393 1645 1519 1679 bustum
1542 1654 1678 1685 corpus,
1702 1643 1881 1685 intrepidus
1907 1645 2031 1676 animus
2050 1665 2060 1680 ,
2086 1647 2118 1677 &
2144 1644 2180 1677 ad
2207 1644 2400 1679 excisionem

1396 1698 1542 1728 paratus,
1565 1697 1661 1729 quam
1685 1697 1758 1719 cum
1780 1687 1840 1724 alia
1867 1712 1875 1725 ‚
1909 1696 1980 1720 turn
2003 1687 2081 1720 illud
2107 1690 2140 1719 in
2166 1690 2278 1730 primis
2304 1700 2403 1731 urge-

1396 1733 1451 1764 bat
1475 1752 1484 1767 ‚
1518 1730 1607 1772 quod
1631 1739 1805 1770 pungentes
1829 1728 1956 1762 dolores
1982 1755 1998 1768 ,.
2024 1731 2080 1770 qui
2104 1740 2137 1763 ut
2161 1731 2322 1765 crescebat
2346 1742 2399 1766 tu-

1396 1784 1467 1807 mor
1482 1796 1490 1811 ,
1516 1775 1562 1806 ita
1586 1771 1645 1814 ipsi
1667 1783 1798 1813 quoque
1823 1773 1924 1813 magis
1947 1771 2067 1813 semper
2080 1775 2282 1808 increverant
2299 1800 2309 1814 ‚
2334 1775 2401 1816 jam

1395 1829 1434 1851 ex
1459 1816 1598 1850 molestis
1620 1813 1698 1848 faeci
1722 1825 1809 1848 erant
1841 1826 1906 1848 non
1932 1815 2017 1848 secus
2043 1827 2077 1848 ac
2103 1817 2224 1859 vigilite
2247 1841 2260 1857 ,
2294 1819 2400 1851 multo

1396 1859 1606 1895 molestiffirni
1631 1883 1638 1892 .
1673 1859 1786 1899 Itaque
1812 1858 1851 1891 ad
1883 1861 2020 1892 tumoris
2044 1860 2237 1893 excisionem
2261 1871 2398 1895 ventum

1395 1905 1459 1940 est,
1483 1904 1539 1945 qui
1564 1912 1601 1936 ut
1624 1905 1709 1934 intus
1736 1901 1764 1933 se
1788 1900 1960 1941 habuerit,
1985 1901 2070 1936 infra
2092 1901 2329 1939 dicerunfles
2354 1901 2403 1937 fe-

1395 1948 1524 1984 liciter,
1551 1948 1581 1979 &
1605 1956 1642 1977 ex
1666 1944 1821 1977 sententia
1845 1945 1969 1985 peraeta
1994 1946 2163 1980 videbatur
2186 1947 2224 1980 ad
2236 1947 2320 1981 diem
2347 1948 2400 1981 us-

1395 2002 1457 2034 que
1482 1989 1655 2033 septimum
1679 2009 1687 2024 ‚
1707 1999 1785 2029 quo
1808 1988 1923 2021 vulnus
1957 1998 2102 2032 tempore
2128 1991 2240 2023 vivido
2275 1990 2400 2032 semper

1396 2034 1524 2070 colore,
1546 2035 1576 2065 δι
1599 2031 1694 2065 molle
1719 2030 1802 2064 fnit.
1829 2030 1887 2064 Sed
1906 2030 2010 2072 ipsum
2039 2032 2399 2075 posteainflammatio,

1395 2080 1427 2110 &
1450 2076 1619 2116 corruptio
1643 2074 1782 2113 invasit,
1807 2086 1877 2116 quae
1902 2085 1966 2108 non
1993 2076 2089 2108 modo
2113 2077 2275 2119 quidquid
2298 2078 2399 2112 cellu-

1395 2119 1453 2153 lofi
1485 2131 1523 2152 ex
1549 2129 1686 2152 mamma
1719 2117 1912 2160 supererat,
1950 2130 2058 2152 verum
2092 2130 2189 2153 etiam
2227 2119 2402 2163 subjectam

1395 2174 1541 2197 mammae
1566 2161 1740 2196 pectoralis
1756 2160 1890 2195 musculi
1914 2173 2037 2205 partem
2062 2163 2236 2205 absumpsit
2251 2186 2261 2201 ,
2286 2168 2405 2207 &quaa

1397 2205 1659 2241 Intercostalium
1690 2215 1759 2238 tum
1791 2206 2001 2240 Internorum
2029 2231 2037 2246 ‚
2071 2215 2140 2241 tum
2175 2208 2396 2241 Externorum

1398 2249 1607 2293 respondebat
1630 2260 1642 2287 ,·
1666 2258 1699 2282 ut
1724 2250 1806 2282 nuda
1831 2248 1878 2281 ibi
1902 2250 1985 2282 inter
2008 2250 2107 2284 costas
2131 2252 2240 2293 pleura
2266 2262 2401 2293 appare-

1396 2304 1445 2328 ret
1469 2293 1508 2327 ad
1532 2293 1668 2325 tractum
1693 2291 1875 2334 digitorum
1898 2294 2026 2326 circiter
2050 2295 2193 2337 quinque
2222 2317 2231 2332 ‚
2254 2307 2269 2328 a
2295 2294 2399 2328 sterno

1395 2337 1547 2370 videlicet
1571 2337 1604 2368 in
1628 2335 1840 2369 transversum
1866 2362 1872 2368 .
1906 2338 2060 2370 Attamen
2087 2337 2278 2372 mundatum
2313 2337 2407 2371 deni-

1395 2393 1458 2424 que
1480 2380 1523 2413 est
1546 2380 1634 2412 ulcus
1659 2401 1667 2415 ,
1692 2381 1721 2411 &
1745 2378 1811 2411 dies
1835 2380 1979 2422 quinque
2004 2381 2102 2414 molle
2126 2381 2189 2415 fuit
2216 2405 2223 2419 ‚
2257 2391 2401 2424 tuncque

1397 2435 1455 2465 pus
1480 2423 1662 2458 laudabile,
1687 2421 1791 2464 pulsus
1814 2433 1879 2455 non
1904 2421 1960 2455 nisi
1985 2424 2021 2457 ad
2048 2424 2188 2467 vesperas
2212 2424 2368 2467 frequens
2394 2446 2403 2461 ‚

1397 2466 1495 2508 idque
1519 2465 1556 2499 ad
1579 2476 1690 2508 paucas
1713 2464 1808 2498 horas
1825 2488 1834 2502 ,
1861 2468 1891 2499 δι
1916 2467 2038 2508 reliqua
2063 2471 2172 2502 omnia
2187 2478 2279 2501 erant
2304 2466 2403 2501 ferme

1397 2510 1435 2543 ad
1461 2517 1582 2542 naturae
1609 2507 1739 2541 modum
1763 2530 1773 2545 ,
1804 2508 1826 2541 fi
1853 2511 2046 2550 pertinacem
2072 2512 2133 2544 alvi
2160 2511 2399 2545 adstrietionem

1396 2555 1557 2594 exciperes
1591 2552 1643 2585 cui
1668 2563 1721 2592 per
1752 2551 1907 2593 clysmata
1934 2555 2096 2587 interdum
2133 2554 2363 2587 occurrebatur
2390 2577 2398 2586 .

1394 2595 1469 2629 Post
1504 2606 1557 2629 eos
1583 2603 1689 2628 autem
1721 2595 1787 2628 dies
1811 2597 1928 2629 iterum
1963 2599 2073 2630 omnia
2090 2599 2129 2629 'in
2164 2596 2255 2639 pejus
2294 2606 2400 2630 verte—

1393 2648 1489 2682 runt.
1516 2639 1625 2674 Ulcus
1642 2640 1674 2671 in
1698 2650 1764 2680 quo
1786 2638 1879 2684 5:0stae
1891 2648 2013 2681 quartae
2037 2641 2198 2682 cartilago
2213 2642 2399 2683 nigricans,

1394 2687 1425 2716 &
1448 2683 1488 2716 ab
1512 2681 1617 2715 sterno
1641 2680 1729 2724 quali
1753 2681 1892 2723 sejuncta
1907 2683 2188 2723 conspiciebatur,
2212 2683 2377 2721 ,arescebat
2397 2708 2406 2722 ,

1395 2725 1610 2768 reddebatque
1634 2736 1789 2766 paucum,
1812 2727 1844 2757 δε
1866 2724 2051 2760 ichorosum
2076 2738 2132 2768 pus
2154 2750 2167 2767 ,
2190 2730 2220 2760 ὃ(
2244 2738 2340 2769 grave
2365 2739 2403 2758 o-

1396 2770 1480 2803 lens:
1507 2770 1649 2811 proximi
1674 2777 1779 2802 autem
1802 2778 1888 2801 artus
1911 2790 1920 2805 ,
1954 2772 2010 2810 qui
2036 2771 2149 2811 primis
2180 2770 2220 2803 ab
2242 2770 2404 2804 excisione

1395 2813 1510 2846 diebus
1534 2821 1681 2851 motum,
1706 2814 1736 2844 ὃ(
1762 2812 1995 2853 propemodum
2020 2812 2142 2846 sensum
2167 2825 2295 2856 quoque
2327 2814 2408 2846 arni-

1399 2856 1481 2889 serat
1508 2882 1516 2896 ‚
1543 2855 1599 2888 nili
1625 2856 1711 2897 quod
1737 2855 1770 2888 in
1798 2867 1893 2888 mauu
1917 2866 2020 2889 tamen
2048 2866 2180 2897 uterque
2215 2857 2372 2899 perstabat
2401 2881 2411 2896 ‚

1398 2899 1523 2933 oedema
1546 2899 1719 2940 augebatur
1744 2912 1751 2929 :
1778 2910 1844 2941 quo
1869 2908 1953 2932 artus
1976 2901 2073 2933 etiam
2098 2900 2267 2933 inferiores
2296 2911 2403 2942 tume-

1400 2943 1499 2976 bant:
1526 2942 1704 2975 crescebant
1727 2942 1821 2975 simul
1846 2939 2025 2984 frequentia
2047 2944 2195 2985 pulsuum
2211 2967 2222 2983 ‚
2246 2942 2331 2982 fitis,
2358 2944 2412 2976 vi-

1401 2987 1486 3028 giliae
1502 3011 1509 3017 .
1531 2985 1584 3018 Ad
1608 2997 1641 3018 ea
1665 2985 1854 3018 accedebant
1876 2985 2037 3019 diarrhoea
2063 3011 2073 3024 ‚
2107 2987 2256 3020 ciborum
2281 2987 2414 3028 appeti-

1401 3040 1453 3063 tus
1478 3029 1602 3070 prorsus
1626 3028 1769 3069 dejectus
1787 3051 1795 3066 ‚
1832 3029 1948 3061 virium
1973 3031 2109 3071 languor
2133 3054 2141 3068 ,
2178 3040 2329 3072 perpetua
2357 3030 2411 3064 so-

1404 3073 1580 3105 mnolentia
1596 3099 1603 3111 ‚
1628 3072 1790 3108 difficilis,
1814 3083 1848 3104 ac
1873 3071 2020 3114 frequens
2036 3072 2224 3115 respiratio.
2250 3074 2331 3106 Haec
2355 3073 2413 3108 de-

1403 3117 1502 3158 nique
1526 3125 1717 3158 exceperunt
1741 3114 1868 3148 febriles
1890 3126 2032 3158 quatuor
2058 3116 2243 3150 acceffiones
2275 3116 2382 3158 longa:
2402 3139 2412 3154 ‚

1405 3160 1627 3196 vehementes,
1652 3162 1779 3192 &cum
1803 3159 1910 3199 rigore
1934 3159 2112 3200 conjun&ae
2142 3172 2149 3194 :
2186 3171 2323 3202 quarum
2347 3160 2410 3194 alia

1404 3204 1459 3234 alii
1484 3201 1574 3236 horis
1597 3201 1774 3244 interjestis
1798 3203 1927 3234 circiter
1950 3204 2058 3236 decem
2077 3225 2088 3241 ‚
2115 3203 2302 3237 succebebat
2318 3216 2327 3233 .-
2351 3215 2412 3241 ez,-

1404 3257 1466 3287 que
1491 3247 1654 3279 mulierem
1680 3244 1905 3278 confecerunt.
2039 3245 2273 3282 CADAVER
2300 3245 2415 3285 flac'ci-

1407 3290 1483 3321 dum
1507 3290 1647 3331 ubique,
1672 3292 1702 3321 &
1725 3287 1854 3325 laxum,
1879 3287 2049 3322 inferiores
2075 3299 2182 3322 tamen
2208 3298 2296 3322 artus
2318 3313 2331 3330 ,
2363 3289 2411 3322 vel

1408 3332 1515 3365 incisis
1539 3333 1769 3374 integumentis
1790 3354 1802 3371 ‚
1825 3332 1887 3365 line
1912 3333 1986 3365 ullis
2011 3332 2124 3366 habuit
2148 3333 2315 3367 oedematis
2340 3333 2413 3365 reli-

1407 3377 1515 3417 quiis.
1648 3377 1771 3408 Venter
1796 3398 1804 3412 ,
1836 3374 1857 3407 si
1883 3376 2000 3408 lienem
2024 3376 2164 3418 excipias
2200 3376 2295 3419 paulo
2318 3386 2411 3418 quam

1410 3428 1521 3451 natura
1546 3418 1650 3457 ferat,
1676 3418 1829 3459 majorem
1846 3443 1854 3457 ‚
1881 3419 2061 3460 nigriorem
2087 3443 2096 3458 ,
2122 3421 2277 3452 laxiorem
2302 3441 2310 3455 ‚
2344 3426 2411 3450 ute-

1410 3473 1481 3494 rum
1514 3472 1620 3495 autem
1645 3471 1754 3494 contra
1779 3461 1962 3504 praedurum
1987 3487 1996 3502 ,
2027 3465 2057 3495 δι
2083 3462 2232 3505 scalpello
2269 3460 2407 3494 resisten-

2287 3514 2349 3537 tem
2365 3527 2374 3542 ‚

365 3594 2414 3620 W

541 3683 589 3701 ent.
609 3686 632 3700 ιι.
652 3675 707 3700 obs.
727 3673 818 3698 Medic.
835 3680 888 3698 100.

540 3725 543 3728 ⁴
564 3715 631 3735 1734.
648 3705 723 3730 Hebd.
745 3713 764 3728 1.
783 3712 804 3737 n.
827 3711 844 3726 1.

542 3737 627 3761 taeletl.
646 3738 671 3760 in
689 3735 766 3760 Instit.
786 3737 807 3763 §.
828 3741 880 3763 903.

909 3703 916 3731 (
935 3704 946 3716 ⁹²
964 3701 977 3729 )
994 3701 1099 3724 Miscell.
1118 3700 1208 3733 Medic.
1227 3698 1299 3727 Epist.
1315 3702 1339 3722 6.

943 3733 949 3760 (
967 3733 975 3755 ι
996 3737 1005 3763 )
1022 3731 1082 3755 ibid.
1104 3732 1133 3754 aa
1152 3732 1175 3760 ς.
1194 3731 1247 3758 897.

424 3680 444 3767 (ufir-s

451 3716 474 3761 7:9³²
459 3678 474 3701 a.

486 3679 503 3766 QVQ

522 3739 537 3760 *n
516 3711 533 3730 ³²
519 3680 538 3701 Ο

953 3670 960 3700 (
978 3679 989 3694 e
1008 3671 1015 3698 )
1033 3668 1199 3694 Animadvers.
1218 3675 1266 3693 var.
1287 3667 1314 3691 ad
1333 3669 1423 3693 Medic.
1440 3671 1461 3693 &
1479 3673 1530 3692 ext.
1548 3676 1598 3697 ης,

1602 3697 1605 3700 Δ
1661 3666 1720 3697 (f)
1737 3670 1794 3691 Dec.
1812 3677 1833 3692 2.
1852 3670 1882 3691 A.
1900 3676 1921 3695 4.
1940 3668 2047 3696 append.
2063 3675 2086 3692 n.
2105 3677 2124 3698 5.
2143 3669 2239 3693 XLIII.

1400 3700 1443 3728 (h
1461 3700 1471 3730 )
1488 3702 1522 3724 De
1540 3698 1630 3722 Medic.
1648 3697 1662 3721 l.
1683 3707 1693 3726 5
1721 3706 1740 3722 c.
1759 3701 1797 3721 28.
1857 3698 1871 3726 (
1889 3698 1898 3721 i
1916 3699 1928 3726 )
1947 3706 1968 3722 n.
1989 3702 2029 3723 16.
