<?xml version="1.0" encoding="UTF-8"?>
<!DOCTYPE html PUBLIC "-//W3C//DTD XHTML 1.0 Transitional//EN"
    "http://www.w3.org/TR/xhtml1/DTD/xhtml1-transitional.dtd">
<html xmlns="http://www.w3.org/1999/xhtml" xml:lang="en" lang="en">
 <head>
  <title>
</title>
<meta http-equiv="Content-Type" content="text/html;charset=utf-8" />
  <meta name='ocr-system' content='tesseract 3.04.00' />
  <meta name='ocr-capabilities' content='ocr_page ocr_carea ocr_par ocr_line ocrx_word'/>
</head>
<body>
  <div class='ocr_page' id='page_1' title='image "./desedibusetcausi00morg_0128.png"; bbox 0 0 2498 4075; ppageno 0'>
   <div class='ocr_carea' id='block_1_1' title="bbox 333 280 1361 3665">
    <p class='ocr_par' dir='ltr' id='par_1_1' title="bbox 340 280 1347 577">
     <span class='ocr_line' id='line_1_1' title="bbox 345 280 1346 328; baseline -0.001 -13"><span class='ocrx_word' id='word_1_1' title='bbox 345 282 424 327; x_wconf 76' lang='lat' dir='ltr'>piss&#39;e</span> <span class='ocrx_word' id='word_1_2' title='bbox 448 305 458 321; x_wconf 91' lang='lat'><strong><em>‚</em></strong></span> <span class='ocrx_word' id='word_1_3' title='bbox 493 280 616 316; x_wconf 78' lang='lat' dir='ltr'>indieio</span> <span class='ocrx_word' id='word_1_4' title='bbox 637 289 705 317; x_wconf 78' lang='lat' dir='ltr'>erat</span> <span class='ocrx_word' id='word_1_5' title='bbox 736 285 842 328; x_wconf 80' lang='lat' dir='ltr'>pallor</span> <span class='ocrx_word' id='word_1_6' title='bbox 865 283 1062 318; x_wconf 87' lang='lat' dir='ltr'>vasculorum</span> <span class='ocrx_word' id='word_1_7' title='bbox 1093 291 1165 316; x_wconf 87' lang='lat' dir='ltr'>tum</span> <span class='ocrx_word' id='word_1_8' title='bbox 1186 293 1257 324; x_wconf 79' lang='lat' dir='ltr'>quae</span> <span class='ocrx_word' id='word_1_9' title='bbox 1290 292 1346 324; x_wconf 88' lang='lat' dir='ltr'>per</span> 
     </span>
     <span class='ocr_line' id='line_1_2' title="bbox 343 324 1346 370; baseline -0.004 -9"><span class='ocrx_word' id='word_1_10' title='bbox 343 325 605 361; x_wconf 62' lang='lat' dir='ltr'>ventriculorum</span> <span class='ocrx_word' id='word_1_11' title='bbox 626 327 761 370; x_wconf 80' lang='lat' dir='ltr'>parietes</span> <span class='ocrx_word' id='word_1_12' title='bbox 785 328 931 363; x_wconf 86' lang='lat' dir='ltr'>feruntur</span> <span class='ocrx_word' id='word_1_13' title='bbox 946 349 957 366; x_wconf 89' lang='lat'>,</span> <span class='ocrx_word' id='word_1_14' title='bbox 980 334 1050 360; x_wconf 89' lang='lat' dir='ltr'>tum</span> <span class='ocrx_word' id='word_1_15' title='bbox 1072 336 1142 369; x_wconf 85' lang='lat' dir='ltr'>quae</span> <span class='ocrx_word' id='word_1_16' title='bbox 1164 324 1346 360; x_wconf 84' lang='lat' dir='ltr'>Choroides</span> 
     </span>
     <span class='ocr_line' id='line_1_3' title="bbox 343 367 1347 415; baseline -0.001 -13"><span class='ocrx_word' id='word_1_17' title='bbox 343 369 453 412; x_wconf 84' lang='lat' dir='ltr'>plexus</span> <span class='ocrx_word' id='word_1_18' title='bbox 475 367 620 403; x_wconf 82' lang='lat' dir='ltr'>efficiunt</span> <span class='ocrx_word' id='word_1_19' title='bbox 643 394 650 402; x_wconf 93' lang='lat'><em>.</em></span> <span class='ocrx_word' id='word_1_20' title='bbox 692 373 730 405; x_wconf 89' lang='lat' dir='ltr'>In</span> <span class='ocrx_word' id='word_1_21' title='bbox 753 373 795 405; x_wconf 82' lang='lat' dir='ltr'>iis</span> <span class='ocrx_word' id='word_1_22' title='bbox 818 370 963 415; x_wconf 83' lang='lat' dir='ltr'>plexibus</span> <span class='ocrx_word' id='word_1_23' title='bbox 984 377 1074 402; x_wconf 84' lang='lat' dir='ltr'>erant</span> <span class='ocrx_word' id='word_1_24' title='bbox 1097 377 1249 412; x_wconf 66' lang='lat' dir='ltr'>praeterea</span> <span class='ocrx_word' id='word_1_25' title='bbox 1269 367 1347 401; x_wconf 85' lang='lat' dir='ltr'>vefi-</span> 
     </span>
     <span class='ocr_line' id='line_1_4' title="bbox 342 412 1346 456; baseline -0.001 -10"><span class='ocrx_word' id='word_1_26' title='bbox 342 413 422 446; x_wconf 82' lang='lat' dir='ltr'>culae</span> <span class='ocrx_word' id='word_1_27' title='bbox 446 422 524 456; x_wconf 86' lang='lat' dir='ltr'>aqua</span> <span class='ocrx_word' id='word_1_28' title='bbox 548 412 647 455; x_wconf 83' lang='lat' dir='ltr'>plenae</span> <span class='ocrx_word' id='word_1_29' title='bbox 662 438 670 446; x_wconf 88' lang='lat'><strong>.</strong></span> <span class='ocrx_word' id='word_1_30' title='bbox 695 414 797 451; x_wconf 88' lang='lat' dir='ltr'>Quod</span> <span class='ocrx_word' id='word_1_31' title='bbox 822 415 982 456; x_wconf 87' lang='lat' dir='ltr'>reliquum</span> <span class='ocrx_word' id='word_1_32' title='bbox 1003 412 1069 453; x_wconf 88' lang='lat' dir='ltr'>est,</span> <span class='ocrx_word' id='word_1_33' title='bbox 1089 412 1249 447; x_wconf 89' lang='lat' dir='ltr'>cerebrum</span> <span class='ocrx_word' id='word_1_34' title='bbox 1274 435 1283 450; x_wconf 92' lang='lat'>,</span> <span class='ocrx_word' id='word_1_35' title='bbox 1313 414 1346 445; x_wconf 89' lang='lat'><strong>&amp;</strong></span> 
     </span>
     <span class='ocr_line' id='line_1_5' title="bbox 342 453 1345 499; baseline -0.001 -11"><span class='ocrx_word' id='word_1_36' title='bbox 342 454 534 489; x_wconf 79' lang='lat' dir='ltr'>cerebellum</span> <span class='ocrx_word' id='word_1_37' title='bbox 556 457 681 499; x_wconf 84' lang='lat' dir='ltr'>optime</span> <span class='ocrx_word' id='word_1_38' title='bbox 704 458 734 492; x_wconf 87' lang='lat' dir='ltr'>se</span> <span class='ocrx_word' id='word_1_39' title='bbox 756 457 913 492; x_wconf 74' lang='lat' dir='ltr'>habebant</span> <span class='ocrx_word' id='word_1_40' title='bbox 935 469 945 489; x_wconf 86' lang='lat'>:</span> <span class='ocrx_word' id='word_1_41' title='bbox 977 465 1033 489; x_wconf 90' lang='lat' dir='ltr'>nec</span> <span class='ocrx_word' id='word_1_42' title='bbox 1055 454 1155 489; x_wconf 90' lang='lat' dir='ltr'>modo</span> <span class='ocrx_word' id='word_1_43' title='bbox 1177 453 1345 489; x_wconf 79' lang='lat' dir='ltr'>substantia</span> 
     </span>
     <span class='ocr_line' id='line_1_6' title="bbox 340 497 1343 545; baseline -0.002 -13"><span class='ocrx_word' id='word_1_44' title='bbox 340 510 407 545; x_wconf 71' lang='lat' dir='ltr'>non</span> <span class='ocrx_word' id='word_1_45' title='bbox 432 504 524 533; x_wconf 83' lang='lat' dir='ltr'>erant</span> <span class='ocrx_word' id='word_1_46' title='bbox 547 498 704 541; x_wconf 86' lang='lat' dir='ltr'>flaccida,</span> <span class='ocrx_word' id='word_1_47' title='bbox 728 500 780 535; x_wconf 90' lang='lat' dir='ltr'>sed</span> <span class='ocrx_word' id='word_1_48' title='bbox 801 502 896 544; x_wconf 79' lang='lat' dir='ltr'>longe</span> <span class='ocrx_word' id='word_1_49' title='bbox 917 521 932 539; x_wconf 86' lang='lat'>,</span> <span class='ocrx_word' id='word_1_50' title='bbox 953 499 1113 534; x_wconf 88' lang='lat' dir='ltr'>cerebrum</span> <span class='ocrx_word' id='word_1_51' title='bbox 1136 497 1311 542; x_wconf 79' lang='lat' dir='ltr'>praesertim</span> <span class='ocrx_word' id='word_1_52' title='bbox 1333 520 1343 536; x_wconf 91' lang='lat'>,</span> 
     </span>
     <span class='ocr_line' id='line_1_7' title="bbox 342 541 539 577; baseline -0.01 -1"><span class='ocrx_word' id='word_1_53' title='bbox 342 541 515 577; x_wconf 72' lang='lat' dir='ltr'>firmiffima</span> <span class='ocrx_word' id='word_1_54' title='bbox 529 566 539 574; x_wconf 94' lang='lat'>.</span> 
     </span>
    </p>

    <p class='ocr_par' dir='ltr' id='par_1_2' title="bbox 333 585 1348 2019">
     <span class='ocr_line' id='line_1_8' title="bbox 388 585 1348 629; baseline -0.002 -11"><span class='ocrx_word' id='word_1_55' title='bbox 388 597 436 629; x_wconf 92' lang='lat'>17.</span> <span class='ocrx_word' id='word_1_56' title='bbox 464 588 503 619; x_wconf 89' lang='lat' dir='ltr'>In</span> <span class='ocrx_word' id='word_1_57' title='bbox 527 594 615 619; x_wconf 86' lang='lat' dir='ltr'>tanta</span> <span class='ocrx_word' id='word_1_58' title='bbox 639 585 765 624; x_wconf 84' lang='lat' dir='ltr'>cordis,</span> <span class='ocrx_word' id='word_1_59' title='bbox 791 588 824 620; x_wconf 75' lang='grc' dir='ltr'>δε</span> <span class='ocrx_word' id='word_1_60' title='bbox 844 586 965 619; x_wconf 85' lang='lat' dir='ltr'>cerebri</span> <span class='ocrx_word' id='word_1_61' title='bbox 989 586 1255 628; x_wconf 82' lang='lat' dir='ltr'>propinquitate,</span> <span class='ocrx_word' id='word_1_62' title='bbox 1279 591 1348 617; x_wconf 87' lang='lat' dir='ltr'>tan-</span> 
     </span>
     <span class='ocr_line' id='line_1_9' title="bbox 339 626 1348 672; baseline -0.002 -10"><span class='ocrx_word' id='word_1_63' title='bbox 339 637 436 672; x_wconf 88' lang='lat' dir='ltr'>taque</span> <span class='ocrx_word' id='word_1_64' title='bbox 457 628 502 662; x_wconf 92' lang='lat' dir='ltr'>ob</span> <span class='ocrx_word' id='word_1_65' title='bbox 525 630 645 664; x_wconf 80' lang='lat' dir='ltr'>arteriae</span> <span class='ocrx_word' id='word_1_66' title='bbox 669 629 796 672; x_wconf 67' lang='lat' dir='ltr'>Magnete</span> <span class='ocrx_word' id='word_1_67' title='bbox 819 628 1006 663; x_wconf 78' lang='lat' dir='ltr'>inflexiones</span> <span class='ocrx_word' id='word_1_68' title='bbox 1038 627 1199 662; x_wconf 79' lang='lat' dir='ltr'>descensus</span> <span class='ocrx_word' id='word_1_69' title='bbox 1222 626 1348 670; x_wconf 78' lang='lat' dir='ltr'>sangui·</span> 
     </span>
     <span class='ocr_line' id='line_1_10' title="bbox 341 669 1347 713; baseline -0.003 -7"><span class='ocrx_word' id='word_1_70' title='bbox 341 675 392 707; x_wconf 90' lang='lat' dir='ltr'>nis</span> <span class='ocrx_word' id='word_1_71' title='bbox 414 671 605 706; x_wconf 85' lang='lat' dir='ltr'>difficultate</span> <span class='ocrx_word' id='word_1_72' title='bbox 623 696 635 713; x_wconf 94' lang='lat'><em>‚</em></span> <span class='ocrx_word' id='word_1_73' title='bbox 656 673 779 707; x_wconf 86' lang='lat' dir='ltr'>mirum</span> <span class='ocrx_word' id='word_1_74' title='bbox 802 683 867 705; x_wconf 89' lang='lat' dir='ltr'>non</span> <span class='ocrx_word' id='word_1_75' title='bbox 891 670 997 706; x_wconf 76' lang='lat' dir='ltr'>fuisset</span> <span class='ocrx_word' id='word_1_76' title='bbox 1015 695 1028 712; x_wconf 87' lang='lat'>,</span> <span class='ocrx_word' id='word_1_77' title='bbox 1061 673 1095 703; x_wconf 88' lang='lat' dir='ltr'>in</span> <span class='ocrx_word' id='word_1_78' title='bbox 1117 669 1232 704; x_wconf 89' lang='lat' dir='ltr'>biboso</span> <span class='ocrx_word' id='word_1_79' title='bbox 1267 681 1347 713; x_wconf 73' lang='lat' dir='ltr'>prae-</span> 
     </span>
     <span class='ocr_line' id='line_1_11' title="bbox 343 712 1346 759; baseline -0.004 -10"><span class='ocrx_word' id='word_1_80' title='bbox 343 716 455 749; x_wconf 84' lang='lat' dir='ltr'>sertim</span> <span class='ocrx_word' id='word_1_81' title='bbox 472 716 598 759; x_wconf 84' lang='lat' dir='ltr'>Juvene</span> <span class='ocrx_word' id='word_1_82' title='bbox 619 739 632 756; x_wconf 92' lang='lat'>,</span> <span class='ocrx_word' id='word_1_83' title='bbox 655 715 677 749; x_wconf 87' lang='lat' dir='ltr'>fi</span> <span class='ocrx_word' id='word_1_84' title='bbox 698 727 755 750; x_wconf 87' lang='lat' dir='ltr'>vas</span> <span class='ocrx_word' id='word_1_85' title='bbox 779 715 907 757; x_wconf 83' lang='lat' dir='ltr'>aliquod</span> <span class='ocrx_word' id='word_1_86' title='bbox 932 712 1145 757; x_wconf 80' lang='lat' dir='ltr'>sanguiferum</span> <span class='ocrx_word' id='word_1_87' title='bbox 1169 715 1254 747; x_wconf 85' lang='lat' dir='ltr'>intra</span> <span class='ocrx_word' id='word_1_88' title='bbox 1275 724 1346 746; x_wconf 90' lang='lat' dir='ltr'>cra-</span> 
     </span>
     <span class='ocr_line' id='line_1_12' title="bbox 343 755 1344 800; baseline -0.002 -7"><span class='ocrx_word' id='word_1_89' title='bbox 343 761 435 794; x_wconf 82' lang='lat' dir='ltr'>nium</span> <span class='ocrx_word' id='word_1_90' title='bbox 461 757 533 792; x_wconf 81' lang='lat' dir='ltr'>esset</span> <span class='ocrx_word' id='word_1_91' title='bbox 558 757 761 800; x_wconf 88' lang='lat' dir='ltr'>disruptum.</span> <span class='ocrx_word' id='word_1_92' title='bbox 786 759 899 792; x_wconf 84' lang='lat' dir='ltr'>Minus</span> <span class='ocrx_word' id='word_1_93' title='bbox 912 759 1012 800; x_wconf 83' lang='lat' dir='ltr'>igitur</span> <span class='ocrx_word' id='word_1_94' title='bbox 1035 758 1154 790; x_wconf 89' lang='lat' dir='ltr'>mirum</span> <span class='ocrx_word' id='word_1_95' title='bbox 1168 756 1231 795; x_wconf 84' lang='lat' dir='ltr'>est,</span> <span class='ocrx_word' id='word_1_96' title='bbox 1279 755 1344 791; x_wconf 87' lang='lat' dir='ltr'>uod</span> 
     </span>
     <span class='ocr_line' id='line_1_13' title="bbox 339 799 1344 845; baseline -0.005 -8"><span class='ocrx_word' id='word_1_97' title='bbox 339 803 380 837; x_wconf 83' lang='lat' dir='ltr'>ad</span> <span class='ocrx_word' id='word_1_98' title='bbox 402 812 516 845; x_wconf 88' lang='lat' dir='ltr'>aquam</span> <span class='ocrx_word' id='word_1_99' title='bbox 540 801 596 835; x_wconf 90' lang='lat' dir='ltr'>sub</span> <span class='ocrx_word' id='word_1_100' title='bbox 619 802 727 836; x_wconf 88' lang='lat' dir='ltr'>Tenui</span> <span class='ocrx_word' id='word_1_101' title='bbox 752 801 898 844; x_wconf 76' lang='lat' dir='ltr'>meninge</span> <span class='ocrx_word' id='word_1_102' title='bbox 921 799 1050 834; x_wconf 82' lang='lat' dir='ltr'>effusam</span> <span class='ocrx_word' id='word_1_103' title='bbox 1061 800 1207 833; x_wconf 87' lang='lat' dir='ltr'>vasorum</span> <span class='ocrx_word' id='word_1_104' title='bbox 1229 799 1262 833; x_wconf 89' lang='lat' dir='ltr'>di</span> <span class='ocrx_word' id='word_1_105' title='bbox 1279 800 1344 833; x_wconf 77' lang='lat' dir='ltr'>ien-</span> 
     </span>
     <span class='ocr_line' id='line_1_14' title="bbox 336 842 1341 891; baseline -0.003 -12"><span class='ocrx_word' id='word_1_106' title='bbox 336 847 388 891; x_wconf 68' lang='lat' dir='ltr'>tio</span> <span class='ocrx_word' id='word_1_107' title='bbox 411 845 505 879; x_wconf 79' lang='lat' dir='ltr'>facile</span> <span class='ocrx_word' id='word_1_108' title='bbox 528 842 706 886; x_wconf 84' lang='lat' dir='ltr'>accesserit,</span> <span class='ocrx_word' id='word_1_109' title='bbox 728 856 785 885; x_wconf 88' lang='lat' dir='ltr'>per</span> <span class='ocrx_word' id='word_1_110' title='bbox 808 842 888 877; x_wconf 81' lang='lat' dir='ltr'>hanc</span> <span class='ocrx_word' id='word_1_111' title='bbox 912 845 1093 886; x_wconf 86' lang='lat' dir='ltr'>repentium</span> <span class='ocrx_word' id='word_1_112' title='bbox 1112 868 1122 883; x_wconf 84' lang='lat'>,</span> <span class='ocrx_word' id='word_1_113' title='bbox 1155 846 1186 877; x_wconf 87' lang='lat'>&amp;</span> <span class='ocrx_word' id='word_1_114' title='bbox 1209 842 1341 877; x_wconf 86' lang='lat' dir='ltr'>constri-</span> 
     </span>
     <span class='ocr_line' id='line_1_15' title="bbox 336 886 1340 924; baseline -0.004 -1"><span class='ocrx_word' id='word_1_115' title='bbox 336 890 479 923; x_wconf 66' lang='lat' dir='ltr'>ctionem</span> <span class='ocrx_word' id='word_1_116' title='bbox 501 886 685 924; x_wconf 75' lang='lat' dir='ltr'>adauxerit,</span> <span class='ocrx_word' id='word_1_117' title='bbox 710 888 749 921; x_wconf 89' lang='lat' dir='ltr'>ab</span> <span class='ocrx_word' id='word_1_118' title='bbox 772 900 787 920; x_wconf 89' lang='lat' dir='ltr'>a</span> <span class='ocrx_word' id='word_1_119' title='bbox 812 898 852 921; x_wconf 84' lang='lat' dir='ltr'>ua</span> <span class='ocrx_word' id='word_1_120' title='bbox 875 886 993 921; x_wconf 68' lang='lat' dir='ltr'>factam</span> <span class='ocrx_word' id='word_1_121' title='bbox 1017 913 1024 921; x_wconf 91' lang='lat'>.</span> <span class='ocrx_word' id='word_1_122' title='bbox 1048 889 1118 920; x_wconf 88' lang='lat' dir='ltr'>Cur</span> <span class='ocrx_word' id='word_1_123' title='bbox 1142 895 1245 920; x_wconf 88' lang='lat' dir='ltr'>autem</span> <span class='ocrx_word' id='word_1_124' title='bbox 1268 895 1340 920; x_wconf 90' lang='lat' dir='ltr'>tan-</span> 
     </span>
     <span class='ocr_line' id='line_1_16' title="bbox 337 928 1341 966; baseline -0.002 -1"><span class='ocrx_word' id='word_1_125' title='bbox 337 942 369 965; x_wconf 82' lang='lat' dir='ltr'>ta</span> <span class='ocrx_word' id='word_1_126' title='bbox 393 931 512 965; x_wconf 79' lang='lat' dir='ltr'>cerebri</span> <span class='ocrx_word' id='word_1_127' title='bbox 536 930 704 966; x_wconf 83' lang='lat' dir='ltr'>firmitudo</span> <span class='ocrx_word' id='word_1_128' title='bbox 726 942 787 964; x_wconf 91' lang='lat' dir='ltr'>con</span> <span class='ocrx_word' id='word_1_129' title='bbox 817 931 947 964; x_wconf 68' lang='lat' dir='ltr'>rietioni</span> <span class='ocrx_word' id='word_1_130' title='bbox 959 941 1023 963; x_wconf 91' lang='lat' dir='ltr'>non</span> <span class='ocrx_word' id='word_1_131' title='bbox 1048 928 1207 964; x_wconf 82' lang='lat' dir='ltr'>obstiterit</span> <span class='ocrx_word' id='word_1_132' title='bbox 1231 929 1341 964; x_wconf 87' lang='lat' dir='ltr'>saltem</span> 
     </span>
     <span class='ocr_line' id='line_1_17' title="bbox 338 972 1340 1017; baseline -0.002 -7"><span class='ocrx_word' id='word_1_133' title='bbox 338 988 376 1010; x_wconf 89' lang='lat' dir='ltr'>ne</span> <span class='ocrx_word' id='word_1_134' title='bbox 400 974 564 1011; x_wconf 87' lang='lat' dir='ltr'>hominem</span> <span class='ocrx_word' id='word_1_135' title='bbox 589 975 711 1017; x_wconf 67' lang='lat' dir='ltr'>purifto</span> <span class='ocrx_word' id='word_1_136' title='bbox 732 975 887 1017; x_wconf 84' lang='lat' dir='ltr'>temporis</span> <span class='ocrx_word' id='word_1_137' title='bbox 900 974 1123 1014; x_wconf 84' lang='lat' dir='ltr'>interimeret,</span> <span class='ocrx_word' id='word_1_138' title='bbox 1144 972 1269 1008; x_wconf 88' lang='lat' dir='ltr'>causam</span> <span class='ocrx_word' id='word_1_139' title='bbox 1281 984 1340 1017; x_wconf 86' lang='lat' dir='ltr'>pu-</span> 
     </span>
     <span class='ocr_line' id='line_1_18' title="bbox 336 1016 1340 1061; baseline -0.004 -7"><span class='ocrx_word' id='word_1_140' title='bbox 336 1029 373 1054; x_wconf 85' lang='lat' dir='ltr'>to</span> <span class='ocrx_word' id='word_1_141' title='bbox 387 1043 400 1059; x_wconf 89' lang='lat'><em>‚</em></span> <span class='ocrx_word' id='word_1_142' title='bbox 422 1018 445 1052; x_wconf 85' lang='lat' dir='ltr'>fi</span> <span class='ocrx_word' id='word_1_143' title='bbox 469 1018 554 1052; x_wconf 89' lang='lat' dir='ltr'>forte</span> <span class='ocrx_word' id='word_1_144' title='bbox 577 1019 692 1061; x_wconf 76' lang='lat' dir='ltr'>quaeris</span> <span class='ocrx_word' id='word_1_145' title='bbox 704 1043 716 1059; x_wconf 87' lang='lat'>,</span> <span class='ocrx_word' id='word_1_146' title='bbox 740 1018 821 1052; x_wconf 85' lang='lat' dir='ltr'>hanc</span> <span class='ocrx_word' id='word_1_147' title='bbox 843 1016 900 1051; x_wconf 79' lang='lat' dir='ltr'>ess‘e</span> <span class='ocrx_word' id='word_1_148' title='bbox 913 1017 1047 1059; x_wconf 80' lang='lat' dir='ltr'>potuisse</span> <span class='ocrx_word' id='word_1_149' title='bbox 1061 1043 1070 1058; x_wconf 90' lang='lat'>‚</span> <span class='ocrx_word' id='word_1_150' title='bbox 1093 1016 1182 1061; x_wconf 86' lang='lat' dir='ltr'>quod</span> <span class='ocrx_word' id='word_1_151' title='bbox 1204 1028 1277 1051; x_wconf 90' lang='lat' dir='ltr'>curn</span> <span class='ocrx_word' id='word_1_152' title='bbox 1288 1028 1340 1051; x_wconf 91' lang='lat' dir='ltr'>ce-</span> 
     </span>
     <span class='ocr_line' id='line_1_19' title="bbox 339 1057 1338 1098; baseline -0.004 -1"><span class='ocrx_word' id='word_1_153' title='bbox 339 1064 423 1097; x_wconf 85' lang='lat' dir='ltr'>rebri</span> <span class='ocrx_word' id='word_1_154' title='bbox 458 1063 626 1096; x_wconf 86' lang='lat' dir='ltr'>corticalis</span> <span class='ocrx_word' id='word_1_155' title='bbox 660 1062 830 1098; x_wconf 84' lang='lat' dir='ltr'>substantia</span> <span class='ocrx_word' id='word_1_156' title='bbox 862 1062 968 1094; x_wconf 84' lang='lat' dir='ltr'>minus</span> <span class='ocrx_word' id='word_1_157' title='bbox 999 1061 1099 1095; x_wconf 82' lang='lat' dir='ltr'>soleat</span> <span class='ocrx_word' id='word_1_158' title='bbox 1134 1060 1225 1094; x_wconf 87' lang='lat' dir='ltr'>firma</span> <span class='ocrx_word' id='word_1_159' title='bbox 1247 1057 1305 1094; x_wconf 80' lang='lat' dir='ltr'>esse</span> <span class='ocrx_word' id='word_1_160' title='bbox 1328 1083 1338 1098; x_wconf 90' lang='lat'>,</span> 
     </span>
     <span class='ocr_line' id='line_1_20' title="bbox 337 1102 1339 1149; baseline -0.005 -8"><span class='ocrx_word' id='word_1_161' title='bbox 337 1118 435 1149; x_wconf 82' lang='lat' dir='ltr'>quam</span> <span class='ocrx_word' id='word_1_162' title='bbox 458 1106 668 1146; x_wconf 86' lang='lat' dir='ltr'>medullaris,</span> <span class='ocrx_word' id='word_1_163' title='bbox 693 1118 732 1140; x_wconf 88' lang='lat' dir='ltr'>ex</span> <span class='ocrx_word' id='word_1_164' title='bbox 755 1117 816 1149; x_wconf 83' lang='lat' dir='ltr'>qua</span> <span class='ocrx_word' id='word_1_165' title='bbox 839 1104 1037 1148; x_wconf 78' lang='lat' dir='ltr'>praesertim5</span> <span class='ocrx_word' id='word_1_166' title='bbox 1060 1104 1136 1147; x_wconf 83' lang='lat' dir='ltr'>quia</span> <span class='ocrx_word' id='word_1_167' title='bbox 1158 1115 1232 1137; x_wconf 88' lang='lat' dir='ltr'>cum</span> <span class='ocrx_word' id='word_1_168' title='bbox 1244 1102 1282 1136; x_wconf 84' lang='lat' dir='ltr'>sit</span> <span class='ocrx_word' id='word_1_169' title='bbox 1304 1104 1339 1137; x_wconf 89' lang='lat' dir='ltr'>in</span> 
     </span>
     <span class='ocr_line' id='line_1_21' title="bbox 336 1144 1339 1192; baseline -0.007 -6"><span class='ocrx_word' id='word_1_170' title='bbox 336 1150 366 1186; x_wconf 86' lang='lat' dir='ltr'>se</span> <span class='ocrx_word' id='word_1_171' title='bbox 389 1149 581 1192; x_wconf 81' lang='lat' dir='ltr'>conglobata</span> <span class='ocrx_word' id='word_1_172' title='bbox 605 1173 618 1190; x_wconf 87' lang='lat'><em>‚</em></span> <span class='ocrx_word' id='word_1_173' title='bbox 652 1150 758 1184; x_wconf 89' lang='lat' dir='ltr'>multo</span> <span class='ocrx_word' id='word_1_174' title='bbox 781 1148 952 1190; x_wconf 82' lang='lat' dir='ltr'>ampliores</span> <span class='ocrx_word' id='word_1_175' title='bbox 975 1147 1021 1181; x_wconf 86' lang='lat' dir='ltr'>sui</span> <span class='ocrx_word' id='word_1_176' title='bbox 1055 1149 1220 1189; x_wconf 84' lang='lat' dir='ltr'>portiones</span> <span class='ocrx_word' id='word_1_177' title='bbox 1243 1144 1339 1180; x_wconf 87' lang='lat' dir='ltr'>offert</span> 
     </span>
     <span class='ocr_line' id='line_1_22' title="bbox 337 1190 1338 1233; baseline -0.004 -6"><span class='ocrx_word' id='word_1_178' title='bbox 337 1192 590 1231; x_wconf 76' lang='lat' dir='ltr'>diffecantib1155</span> <span class='ocrx_word' id='word_1_179' title='bbox 613 1191 651 1226; x_wconf 87' lang='lat' dir='ltr'>de</span> <span class='ocrx_word' id='word_1_180' title='bbox 662 1192 784 1227; x_wconf 83' lang='lat' dir='ltr'>cerebri</span> <span class='ocrx_word' id='word_1_181' title='bbox 808 1190 1006 1226; x_wconf 78' lang='lat' dir='ltr'>firmitudine</span> <span class='ocrx_word' id='word_1_182' title='bbox 1019 1190 1214 1233; x_wconf 86' lang='lat' dir='ltr'>judicamus,</span> <span class='ocrx_word' id='word_1_183' title='bbox 1237 1201 1338 1232; x_wconf 87' lang='lat' dir='ltr'>quan-</span> 
     </span>
     <span class='ocr_line' id='line_1_23' title="bbox 335 1233 1339 1282; baseline -0.003 -12"><span class='ocrx_word' id='word_1_184' title='bbox 335 1246 373 1270; x_wconf 89' lang='lat' dir='ltr'>to</span> <span class='ocrx_word' id='word_1_185' title='bbox 395 1236 496 1278; x_wconf 82' lang='lat' dir='ltr'>magis</span> <span class='ocrx_word' id='word_1_186' title='bbox 518 1236 551 1268; x_wconf 89' lang='lat' dir='ltr'>in</span> <span class='ocrx_word' id='word_1_187' title='bbox 577 1235 638 1269; x_wconf 82' lang='lat' dir='ltr'>hoe</span> <span class='ocrx_word' id='word_1_188' title='bbox 656 1238 780 1282; x_wconf 85' lang='lat' dir='ltr'>Juvene</span> <span class='ocrx_word' id='word_1_189' title='bbox 803 1234 893 1268; x_wconf 84' lang='lat' dir='ltr'>firma</span> <span class='ocrx_word' id='word_1_190' title='bbox 916 1233 982 1268; x_wconf 87' lang='lat' dir='ltr'>fuit</span> <span class='ocrx_word' id='word_1_191' title='bbox 1005 1233 1187 1268; x_wconf 87' lang='lat' dir='ltr'>medullaris</span> <span class='ocrx_word' id='word_1_192' title='bbox 1212 1257 1225 1275; x_wconf 86' lang='lat'>,</span> <span class='ocrx_word' id='word_1_193' title='bbox 1247 1242 1339 1267; x_wconf 90' lang='lat' dir='ltr'>tanto</span> 
     </span>
     <span class='ocr_line' id='line_1_24' title="bbox 337 1276 1339 1324; baseline -0.006 -9"><span class='ocrx_word' id='word_1_194' title='bbox 337 1279 441 1324; x_wconf 82' lang='lat' dir='ltr'>major</span> <span class='ocrx_word' id='word_1_195' title='bbox 463 1278 651 1314; x_wconf 72' lang='lat' dir='ltr'>constriCtio</span> <span class='ocrx_word' id='word_1_196' title='bbox 675 1279 740 1313; x_wconf 88' lang='lat' dir='ltr'>fuit</span> <span class='ocrx_word' id='word_1_197' title='bbox 763 1278 926 1311; x_wconf 88' lang='lat' dir='ltr'>corticalis</span> <span class='ocrx_word' id='word_1_198' title='bbox 949 1301 958 1317; x_wconf 91' lang='lat'>,</span> <span class='ocrx_word' id='word_1_199' title='bbox 990 1287 1026 1312; x_wconf 88' lang='lat' dir='ltr'>ut</span> <span class='ocrx_word' id='word_1_200' title='bbox 1049 1289 1120 1320; x_wconf 83' lang='lat' dir='ltr'>quae</span> <span class='ocrx_word' id='word_1_201' title='bbox 1155 1276 1232 1311; x_wconf 90' lang='lat' dir='ltr'>hinc</span> <span class='ocrx_word' id='word_1_202' title='bbox 1255 1277 1339 1310; x_wconf 91' lang='lat' dir='ltr'>inter</span> 
     </span>
     <span class='ocr_line' id='line_1_25' title="bbox 335 1320 1339 1363; baseline -0.003 -6"><span class='ocrx_word' id='word_1_203' title='bbox 335 1323 510 1357; x_wconf 78' lang='lat' dir='ltr'>firmiorem</span> <span class='ocrx_word' id='word_1_204' title='bbox 533 1321 740 1357; x_wconf 76' lang='lat' dir='ltr'>medullarem</span> <span class='ocrx_word' id='word_1_205' title='bbox 764 1320 992 1362; x_wconf 87' lang='lat' dir='ltr'>substantiam,</span> <span class='ocrx_word' id='word_1_206' title='bbox 1015 1322 1088 1354; x_wconf 86' lang='lat' dir='ltr'>inde</span> <span class='ocrx_word' id='word_1_207' title='bbox 1111 1322 1195 1354; x_wconf 88' lang='lat' dir='ltr'>inter</span> <span class='ocrx_word' id='word_1_208' title='bbox 1218 1331 1307 1363; x_wconf 83' lang='lat' dir='ltr'>aquae</span> <span class='ocrx_word' id='word_1_209' title='bbox 1330 1345 1339 1359; x_wconf 89' lang='lat'><strong>‚</strong></span> 
     </span>
     <span class='ocr_line' id='line_1_26' title="bbox 334 1363 1339 1410; baseline -0.006 -8"><span class='ocrx_word' id='word_1_210' title='bbox 334 1371 366 1402; x_wconf 86' lang='lat'>&amp;</span> <span class='ocrx_word' id='word_1_211' title='bbox 390 1366 552 1410; x_wconf 77' lang='lat' dir='ltr'>sanguinis</span> <span class='ocrx_word' id='word_1_212' title='bbox 588 1366 848 1409; x_wconf 84' lang='lat' dir='ltr'>compreffionem</span> <span class='ocrx_word' id='word_1_213' title='bbox 871 1364 974 1398; x_wconf 91' lang='lat' dir='ltr'>media</span> <span class='ocrx_word' id='word_1_214' title='bbox 1008 1363 1243 1407; x_wconf 83' lang='lat' dir='ltr'>interjacebat.</span> <span class='ocrx_word' id='word_1_215' title='bbox 1277 1363 1339 1397; x_wconf 93' lang='lat' dir='ltr'>Vel</span> 
     </span>
     <span class='ocr_line' id='line_1_27' title="bbox 335 1407 1343 1454; baseline -0.006 -9"><span class='ocrx_word' id='word_1_216' title='bbox 335 1412 492 1454; x_wconf 86' lang='lat' dir='ltr'>quoniam</span> <span class='ocrx_word' id='word_1_217' title='bbox 515 1409 705 1443; x_wconf 81' lang='lat' dir='ltr'>cerebellum</span> <span class='ocrx_word' id='word_1_218' title='bbox 740 1409 782 1443; x_wconf 89' lang='lat' dir='ltr'>ob</span> <span class='ocrx_word' id='word_1_219' title='bbox 805 1407 837 1442; x_wconf 89' lang='lat' dir='ltr'>id</span> <span class='ocrx_word' id='word_1_220' title='bbox 860 1407 967 1451; x_wconf 86' lang='lat' dir='ltr'>ipsum</span> <span class='ocrx_word' id='word_1_221' title='bbox 989 1407 1076 1451; x_wconf 88' lang='lat' dir='ltr'>quod</span> <span class='ocrx_word' id='word_1_222' title='bbox 1111 1408 1215 1442; x_wconf 82' lang='lat' dir='ltr'>multo</span> <span class='ocrx_word' id='word_1_223' title='bbox 1238 1408 1343 1440; x_wconf 78' lang='lat' dir='ltr'>maxi-</span> 
     </span>
     <span class='ocr_line' id='line_1_28' title="bbox 334 1450 1343 1495; baseline -0.004 -8"><span class='ocrx_word' id='word_1_224' title='bbox 334 1466 387 1489; x_wconf 87' lang='lat' dir='ltr'>ma</span> <span class='ocrx_word' id='word_1_225' title='bbox 411 1465 449 1487; x_wconf 87' lang='lat' dir='ltr'>ex</span> <span class='ocrx_word' id='word_1_226' title='bbox 473 1464 561 1495; x_wconf 87' lang='lat' dir='ltr'>parte</span> <span class='ocrx_word' id='word_1_227' title='bbox 583 1453 704 1487; x_wconf 86' lang='lat' dir='ltr'>constat</span> <span class='ocrx_word' id='word_1_228' title='bbox 728 1465 767 1487; x_wconf 88' lang='lat' dir='ltr'>ex</span> <span class='ocrx_word' id='word_1_229' title='bbox 790 1451 962 1487; x_wconf 87' lang='lat' dir='ltr'>substantia</span> <span class='ocrx_word' id='word_1_230' title='bbox 977 1451 1146 1487; x_wconf 89' lang='lat' dir='ltr'>corticali,</span> <span class='ocrx_word' id='word_1_231' title='bbox 1169 1452 1275 1484; x_wconf 84' lang='lat' dir='ltr'>minus</span> <span class='ocrx_word' id='word_1_232' title='bbox 1287 1450 1343 1484; x_wconf 84' lang='lat' dir='ltr'>fir-</span> 
     </span>
     <span class='ocr_line' id='line_1_29' title="bbox 335 1493 1342 1571; baseline -0.005 -39"><span class='ocrx_word' id='word_1_233' title='bbox 335 1509 426 1532; x_wconf 86' lang='lat' dir='ltr'>mum</span> <span class='ocrx_word' id='word_1_234' title='bbox 448 1496 528 1531; x_wconf 88' lang='lat' dir='ltr'>solet</span> <span class='ocrx_word' id='word_1_235' title='bbox 553 1494 611 1530; x_wconf 77' lang='lat' dir='ltr'>esse</span> <span class='ocrx_word' id='word_1_236' title='bbox 633 1521 644 1538; x_wconf 90' lang='lat'>,</span> <span class='ocrx_word' id='word_1_237' title='bbox 667 1507 762 1540; x_wconf 76' lang='lat' dir='ltr'>quam</span> <span class='ocrx_word' id='word_1_238' title='bbox 786 1495 948 1529; x_wconf 87' lang='lat' dir='ltr'>cerebrum</span> <span class='ocrx_word' id='word_1_239' title='bbox 970 1519 983 1536; x_wconf 84' lang='lat'>,</span> <span class='ocrx_word' id='word_1_240' title='bbox 1015 1497 1048 1529; x_wconf 89' lang='lat'>&amp;</span> <span class='ocrx_word' id='word_1_241' title='bbox 1071 1497 1106 1528; x_wconf 91' lang='lat' dir='ltr'>in</span> <span class='ocrx_word' id='word_1_242' title='bbox 1137 1493 1201 1529; x_wconf 91' lang='lat' dir='ltr'>hoc</span> <span class='ocrx_word' id='word_1_243' title='bbox 1219 1494 1342 1571; x_wconf 51' lang='lat' dir='ltr'>ik[uvene</span> 
     </span>
     <span class='ocr_line' id='line_1_30' title="bbox 333 1537 1341 1583; baseline -0.005 -8"><span class='ocrx_word' id='word_1_244' title='bbox 333 1550 419 1575; x_wconf 86' lang='lat' dir='ltr'>certe</span> <span class='ocrx_word' id='word_1_245' title='bbox 443 1540 532 1579; x_wconf 84' lang='lat' dir='ltr'>fuit;</span> <span class='ocrx_word' id='word_1_246' title='bbox 555 1550 616 1580; x_wconf 87' lang='lat' dir='ltr'>tu,</span> <span class='ocrx_word' id='word_1_247' title='bbox 638 1539 661 1573; x_wconf 82' lang='lat' dir='ltr'>si</span> <span class='ocrx_word' id='word_1_248' title='bbox 685 1541 773 1583; x_wconf 88' lang='lat' dir='ltr'>prior</span> <span class='ocrx_word' id='word_1_249' title='bbox 795 1539 850 1572; x_wconf 85' lang='lat' dir='ltr'>illa</span> <span class='ocrx_word' id='word_1_250' title='bbox 875 1537 964 1572; x_wconf 88' lang='lat' dir='ltr'>causa</span> <span class='ocrx_word' id='word_1_251' title='bbox 987 1549 1050 1571; x_wconf 91' lang='lat' dir='ltr'>non</span> <span class='ocrx_word' id='word_1_252' title='bbox 1074 1539 1196 1582; x_wconf 91' lang='lat' dir='ltr'>placet,</span> <span class='ocrx_word' id='word_1_253' title='bbox 1237 1540 1271 1576; x_wconf 76' lang='lat' dir='ltr'>ad</span> <span class='ocrx_word' id='word_1_254' title='bbox 1295 1538 1341 1570; x_wconf 85' lang='lat' dir='ltr'>ita</span> 
     </span>
     <span class='ocr_line' id='line_1_31' title="bbox 333 1581 1342 1627; baseline -0.005 -9"><span class='ocrx_word' id='word_1_255' title='bbox 333 1587 458 1626; x_wconf 79' lang='lat' dir='ltr'>cogites</span> <span class='ocrx_word' id='word_1_256' title='bbox 485 1607 496 1624; x_wconf 87' lang='lat'>,</span> <span class='ocrx_word' id='word_1_257' title='bbox 529 1594 651 1627; x_wconf 84' lang='lat' dir='ltr'>quanto</span> <span class='ocrx_word' id='word_1_258' title='bbox 675 1584 778 1625; x_wconf 75' lang='lat' dir='ltr'>magis</span> <span class='ocrx_word' id='word_1_259' title='bbox 802 1582 853 1616; x_wconf 89' lang='lat' dir='ltr'>sua</span> <span class='ocrx_word' id='word_1_260' title='bbox 876 1581 1074 1615; x_wconf 86' lang='lat' dir='ltr'>firmitudine</span> <span class='ocrx_word' id='word_1_261' title='bbox 1097 1582 1261 1615; x_wconf 84' lang='lat' dir='ltr'>cerebrum</span> <span class='ocrx_word' id='word_1_262' title='bbox 1282 1581 1342 1613; x_wconf 88' lang='lat' dir='ltr'>ob-</span> 
     </span>
     <span class='ocr_line' id='line_1_32' title="bbox 333 1623 1343 1669; baseline -0.007 -6"><span class='ocrx_word' id='word_1_263' title='bbox 333 1628 417 1663; x_wconf 84' lang='lat' dir='ltr'>stitit</span> <span class='ocrx_word' id='word_1_264' title='bbox 441 1627 685 1669; x_wconf 71' lang='lat' dir='ltr'>compressioni,</span> <span class='ocrx_word' id='word_1_265' title='bbox 710 1635 802 1660; x_wconf 88' lang='lat' dir='ltr'>tanto</span> <span class='ocrx_word' id='word_1_266' title='bbox 825 1627 930 1660; x_wconf 88' lang='lat' dir='ltr'>minus</span> <span class='ocrx_word' id='word_1_267' title='bbox 952 1624 1072 1658; x_wconf 83' lang='lat' dir='ltr'>obstare</span> <span class='ocrx_word' id='word_1_268' title='bbox 1096 1623 1232 1669; x_wconf 77' lang='lat' dir='ltr'>potuisse</span> <span class='ocrx_word' id='word_1_269' title='bbox 1255 1623 1343 1657; x_wconf 83' lang='lat' dir='ltr'>infir-</span> 
     </span>
     <span class='ocr_line' id='line_1_33' title="bbox 335 1666 1344 1706; baseline -0.005 0"><span class='ocrx_word' id='word_1_270' title='bbox 335 1673 420 1706; x_wconf 88' lang='lat' dir='ltr'>mius</span> <span class='ocrx_word' id='word_1_271' title='bbox 442 1671 652 1704; x_wconf 82' lang='lat' dir='ltr'>cerebellum.</span> <span class='ocrx_word' id='word_1_272' title='bbox 677 1672 764 1704; x_wconf 87' lang='lat' dir='ltr'>Cum</span> <span class='ocrx_word' id='word_1_273' title='bbox 788 1671 876 1702; x_wconf 89' lang='lat' dir='ltr'>enim</span> <span class='ocrx_word' id='word_1_274' title='bbox 901 1668 939 1702; x_wconf 86' lang='lat' dir='ltr'>ad</span> <span class='ocrx_word' id='word_1_275' title='bbox 962 1667 1080 1702; x_wconf 86' lang='lat' dir='ltr'>cerebri</span> <span class='ocrx_word' id='word_1_276' title='bbox 1108 1670 1225 1702; x_wconf 88' lang='lat' dir='ltr'>molem</span> <span class='ocrx_word' id='word_1_277' title='bbox 1249 1666 1344 1701; x_wconf 76' lang='lat' dir='ltr'>effusa</span> 
     </span>
     <span class='ocr_line' id='line_1_34' title="bbox 335 1711 1344 1759; baseline -0.006 -9"><span class='ocrx_word' id='word_1_278' title='bbox 335 1728 415 1759; x_wconf 82' lang='lat' dir='ltr'>aqua</span> <span class='ocrx_word' id='word_1_279' title='bbox 430 1740 440 1755; x_wconf 78' lang='lat'>,</span> <span class='ocrx_word' id='word_1_280' title='bbox 464 1719 495 1748; x_wconf 59' lang='grc' dir='ltr'>ὃ(</span> <span class='ocrx_word' id='word_1_281' title='bbox 520 1714 647 1756; x_wconf 81' lang='lat' dir='ltr'>sanguis</span> <span class='ocrx_word' id='word_1_282' title='bbox 670 1711 848 1747; x_wconf 84' lang='lat' dir='ltr'>distendens</span> <span class='ocrx_word' id='word_1_283' title='bbox 872 1711 939 1746; x_wconf 84' lang='lat' dir='ltr'>vasa</span> <span class='ocrx_word' id='word_1_284' title='bbox 960 1736 974 1753; x_wconf 85' lang='lat'><em>‚</em></span> <span class='ocrx_word' id='word_1_285' title='bbox 996 1711 1176 1746; x_wconf 75' lang='lat' dir='ltr'>acceffiss&#39;ent</span> <span class='ocrx_word' id='word_1_286' title='bbox 1197 1735 1211 1753; x_wconf 85' lang='lat'>,</span> <span class='ocrx_word' id='word_1_287' title='bbox 1244 1722 1344 1754; x_wconf 88' lang='lat' dir='ltr'>neque</span> 
     </span>
     <span class='ocr_line' id='line_1_35' title="bbox 334 1755 1343 1801; baseline -0.006 -8"><span class='ocrx_word' id='word_1_288' title='bbox 334 1761 433 1793; x_wconf 87' lang='lat' dir='ltr'>cranii</span> <span class='ocrx_word' id='word_1_289' title='bbox 461 1759 617 1801; x_wconf 81' lang='lat' dir='ltr'>parietes,</span> <span class='ocrx_word' id='word_1_290' title='bbox 643 1759 762 1800; x_wconf 86' lang='lat' dir='ltr'>quippe</span> <span class='ocrx_word' id='word_1_291' title='bbox 786 1755 859 1789; x_wconf 80' lang='lat' dir='ltr'>ossei</span> <span class='ocrx_word' id='word_1_292' title='bbox 874 1781 881 1794; x_wconf 82' lang='grc'><strong>,</strong></span> <span class='ocrx_word' id='word_1_293' title='bbox 904 1755 1082 1798; x_wconf 86' lang='lat' dir='ltr'>quidquam</span> <span class='ocrx_word' id='word_1_294' title='bbox 1104 1755 1248 1788; x_wconf 85' lang='lat' dir='ltr'>cederent</span> <span class='ocrx_word' id='word_1_295' title='bbox 1268 1777 1280 1794; x_wconf 91' lang='lat'>,</span> <span class='ocrx_word' id='word_1_296' title='bbox 1315 1755 1343 1787; x_wconf 84' lang='lat' dir='ltr'>i-</span> 
     </span>
     <span class='ocr_line' id='line_1_36' title="bbox 334 1797 1346 1848; baseline -0.006 -10"><span class='ocrx_word' id='word_1_297' title='bbox 334 1804 427 1848; x_wconf 85' lang='lat' dir='ltr'>psum</span> <span class='ocrx_word' id='word_1_298' title='bbox 450 1812 558 1839; x_wconf 84' lang='lat' dir='ltr'>autem</span> <span class='ocrx_word' id='word_1_299' title='bbox 593 1800 758 1835; x_wconf 87' lang='lat' dir='ltr'>cerebrum</span> <span class='ocrx_word' id='word_1_300' title='bbox 781 1799 825 1834; x_wconf 93' lang='lat' dir='ltr'>ob</span> <span class='ocrx_word' id='word_1_301' title='bbox 863 1798 950 1833; x_wconf 88' lang='lat' dir='ltr'>suam</span> <span class='ocrx_word' id='word_1_302' title='bbox 983 1800 1073 1832; x_wconf 91' lang='lat' dir='ltr'>illam</span> <span class='ocrx_word' id='word_1_303' title='bbox 1111 1797 1346 1832; x_wconf 85' lang='lat' dir='ltr'>firmitudinem</span> 
     </span>
     <span class='ocr_line' id='line_1_37' title="bbox 336 1840 1344 1886; baseline -0.007 -5"><span class='ocrx_word' id='word_1_304' title='bbox 336 1849 444 1882; x_wconf 83' lang='lat' dir='ltr'>minus</span> <span class='ocrx_word' id='word_1_305' title='bbox 468 1846 560 1886; x_wconf 86' lang='lat' dir='ltr'>sane,</span> <span class='ocrx_word' id='word_1_306' title='bbox 581 1855 675 1886; x_wconf 87' lang='lat' dir='ltr'>quam</span> <span class='ocrx_word' id='word_1_307' title='bbox 701 1845 733 1876; x_wconf 90' lang='lat' dir='ltr'>in</span> <span class='ocrx_word' id='word_1_308' title='bbox 760 1844 824 1875; x_wconf 90' lang='lat' dir='ltr'>alio</span> <span class='ocrx_word' id='word_1_309' title='bbox 837 1843 990 1883; x_wconf 85' lang='lat' dir='ltr'>homine,</span> <span class='ocrx_word' id='word_1_310' title='bbox 1013 1840 1162 1881; x_wconf 76' lang='lat' dir='ltr'>celliffet3</span> <span class='ocrx_word' id='word_1_311' title='bbox 1186 1842 1344 1884; x_wconf 85' lang='lat' dir='ltr'>relinque-</span> 
     </span>
     <span class='ocr_line' id='line_1_38' title="bbox 336 1884 1345 1929; baseline -0.006 -4"><span class='ocrx_word' id='word_1_312' title='bbox 336 1891 433 1925; x_wconf 90' lang='lat' dir='ltr'>batur</span> <span class='ocrx_word' id='word_1_313' title='bbox 455 1889 605 1923; x_wconf 88' lang='lat' dir='ltr'>videlicet</span> <span class='ocrx_word' id='word_1_314' title='bbox 619 1911 632 1929; x_wconf 88' lang='lat'>,</span> <span class='ocrx_word' id='word_1_315' title='bbox 654 1896 691 1922; x_wconf 90' lang='lat' dir='ltr'>ut</span> <span class='ocrx_word' id='word_1_316' title='bbox 713 1888 853 1921; x_wconf 87' lang='lat' dir='ltr'>maxima</span> <span class='ocrx_word' id='word_1_317' title='bbox 877 1887 910 1919; x_wconf 90' lang='lat' dir='ltr'>in</span> <span class='ocrx_word' id='word_1_318' title='bbox 944 1885 1133 1920; x_wconf 87' lang='lat' dir='ltr'>cerebellum</span> <span class='ocrx_word' id='word_1_319' title='bbox 1155 1887 1203 1919; x_wconf 86' lang='lat' dir='ltr'>vis</span> <span class='ocrx_word' id='word_1_320' title='bbox 1224 1884 1311 1919; x_wconf 86' lang='lat' dir='ltr'>fieret</span> <span class='ocrx_word' id='word_1_321' title='bbox 1336 1907 1345 1923; x_wconf 78' lang='lat'>‚</span> 
     </span>
     <span class='ocr_line' id='line_1_39' title="bbox 336 1928 1347 1975; baseline -0.006 -6"><span class='ocrx_word' id='word_1_322' title='bbox 336 1933 421 1969; x_wconf 85' lang='lat' dir='ltr'>uncle</span> <span class='ocrx_word' id='word_1_323' title='bbox 443 1942 582 1968; x_wconf 87' lang='lat' dir='ltr'>mortem</span> <span class='ocrx_word' id='word_1_324' title='bbox 605 1930 661 1965; x_wconf 77' lang='lat' dir='ltr'>esse</span> <span class='ocrx_word' id='word_1_325' title='bbox 685 1941 779 1975; x_wconf 86' lang='lat' dir='ltr'>quam</span> <span class='ocrx_word' id='word_1_326' title='bbox 801 1930 999 1965; x_wconf 77' lang='lat' dir='ltr'>celerrimam</span> <span class='ocrx_word' id='word_1_327' title='bbox 1026 1928 1110 1973; x_wconf 67' lang='lat' dir='ltr'>posse</span> <span class='ocrx_word' id='word_1_328' title='bbox 1132 1951 1142 1967; x_wconf 91' lang='lat'><em>‚</em></span> <span class='ocrx_word' id='word_1_329' title='bbox 1176 1929 1242 1962; x_wconf 89' lang='lat' dir='ltr'>alio</span> <span class='ocrx_word' id='word_1_330' title='bbox 1273 1928 1347 1963; x_wconf 88' lang='lat' dir='ltr'>loco</span> 
     </span>
     <span class='ocr_line' id='line_1_40' title="bbox 335 1974 684 2019; baseline -0.011 -6"><span class='ocrx_word' id='word_1_331' title='bbox 335 1982 351 2019; x_wconf 86' lang='lat'>&lt;</span> <span class='ocrx_word' id='word_1_332' title='bbox 373 1987 387 2012; x_wconf 80' lang='lat' dir='ltr'>t</span> <span class='ocrx_word' id='word_1_333' title='bbox 408 1982 423 2019; x_wconf 86' lang='lat'><em>)</em></span> <span class='ocrx_word' id='word_1_334' title='bbox 444 1976 601 2011; x_wconf 88' lang='lat' dir='ltr'>ostensum</span> <span class='ocrx_word' id='word_1_335' title='bbox 623 1974 684 2009; x_wconf 73' lang='lat' dir='ltr'>tsi.</span> 
     </span>
    </p>

    <p class='ocr_par' dir='ltr' id='par_1_3' title="bbox 336 2015 1351 2633">
     <span class='ocr_line' id='line_1_41' title="bbox 383 2015 1345 2064; baseline -0.006 -9"><span class='ocrx_word' id='word_1_336' title='bbox 383 2023 430 2056; x_wconf 76' lang='lat'>18.</span> <span class='ocrx_word' id='word_1_337' title='bbox 457 2022 574 2064; x_wconf 83' lang='lat' dir='ltr'>Neque</span> <span class='ocrx_word' id='word_1_338' title='bbox 600 2031 637 2053; x_wconf 87' lang='lat' dir='ltr'>eo</span> <span class='ocrx_word' id='word_1_339' title='bbox 660 2018 781 2053; x_wconf 89' lang='lat' dir='ltr'>turbari</span> <span class='ocrx_word' id='word_1_340' title='bbox 808 2029 860 2057; x_wconf 85' lang='lat' dir='ltr'>te,</span> <span class='ocrx_word' id='word_1_341' title='bbox 883 2019 1005 2062; x_wconf 84' lang='lat' dir='ltr'>velim,</span> <span class='ocrx_word' id='word_1_342' title='bbox 1027 2015 1112 2061; x_wconf 82' lang='lat' dir='ltr'>quod</span> <span class='ocrx_word' id='word_1_343' title='bbox 1136 2017 1177 2051; x_wconf 85' lang='lat' dir='ltr'>ab</span> <span class='ocrx_word' id='word_1_344' title='bbox 1199 2027 1277 2060; x_wconf 87' lang='lat' dir='ltr'>aqua</span> <span class='ocrx_word' id='word_1_345' title='bbox 1289 2027 1345 2064; x_wconf 72' lang='lat' dir='ltr'>an-</span> 
     </span>
     <span class='ocr_line' id='line_1_42' title="bbox 336 2061 1344 2105; baseline -0.008 -6"><span class='ocrx_word' id='word_1_346' title='bbox 336 2076 387 2100; x_wconf 85' lang='lat' dir='ltr'>tea</span> <span class='ocrx_word' id='word_1_347' title='bbox 410 2066 652 2103; x_wconf 79' lang='lat' dir='ltr'>irritationem,</span> <span class='ocrx_word' id='word_1_348' title='bbox 677 2066 709 2096; x_wconf 90' lang='lat'>&amp;</span> <span class='ocrx_word' id='word_1_349' title='bbox 731 2063 817 2105; x_wconf 88' lang='lat' dir='ltr'>quod</span> <span class='ocrx_word' id='word_1_350' title='bbox 844 2063 883 2096; x_wconf 84' lang='lat' dir='ltr'>ab</span> <span class='ocrx_word' id='word_1_351' title='bbox 904 2062 964 2096; x_wconf 83' lang='lat' dir='ltr'>hac</span> <span class='ocrx_word' id='word_1_352' title='bbox 978 2063 1142 2105; x_wconf 73' lang='lat' dir='ltr'>sequitur,</span> <span class='ocrx_word' id='word_1_353' title='bbox 1165 2061 1344 2094; x_wconf 80' lang='lat' dir='ltr'>convulsio-</span> 
     </span>
     <span class='ocr_line' id='line_1_43' title="bbox 336 2104 1344 2147; baseline -0.009 -3"><span class='ocrx_word' id='word_1_354' title='bbox 336 2121 440 2147; x_wconf 83' lang='lat' dir='ltr'>nem3</span> <span class='ocrx_word' id='word_1_355' title='bbox 475 2119 557 2142; x_wconf 90' lang='lat' dir='ltr'>nunc</span> <span class='ocrx_word' id='word_1_356' title='bbox 584 2118 658 2141; x_wconf 87' lang='lat' dir='ltr'>vero</span> <span class='ocrx_word' id='word_1_357' title='bbox 688 2106 948 2147; x_wconf 82' lang='lat' dir='ltr'>compreffionem</span> <span class='ocrx_word' id='word_1_358' title='bbox 980 2104 1136 2139; x_wconf 86' lang='lat' dir='ltr'>deducam</span> <span class='ocrx_word' id='word_1_359' title='bbox 1158 2128 1167 2137; x_wconf 91' lang='lat'><strong><em>.</em></strong></span> <span class='ocrx_word' id='word_1_360' title='bbox 1199 2105 1288 2137; x_wconf 84' lang='lat' dir='ltr'>Nam</span> <span class='ocrx_word' id='word_1_361' title='bbox 1311 2105 1344 2135; x_wconf 85' lang='lat'>&amp;</span> 
     </span>
     <span class='ocr_line' id='line_1_44' title="bbox 336 2146 1345 2193; baseline -0.009 -5"><span class='ocrx_word' id='word_1_362' title='bbox 336 2152 503 2188; x_wconf 87' lang='lat' dir='ltr'>convulsio</span> <span class='ocrx_word' id='word_1_363' title='bbox 521 2176 533 2193; x_wconf 86' lang='lat'>,</span> <span class='ocrx_word' id='word_1_364' title='bbox 565 2153 597 2185; x_wconf 72' lang='grc' dir='ltr'>δε</span> <span class='ocrx_word' id='word_1_365' title='bbox 620 2149 806 2192; x_wconf 84' lang='lat' dir='ltr'>compreffio</span> <span class='ocrx_word' id='word_1_366' title='bbox 830 2149 916 2183; x_wconf 87' lang='lat' dir='ltr'>idem</span> <span class='ocrx_word' id='word_1_367' title='bbox 939 2147 1082 2182; x_wconf 87' lang='lat' dir='ltr'>inferunt</span> <span class='ocrx_word' id='word_1_368' title='bbox 1114 2146 1345 2180; x_wconf 86' lang='lat' dir='ltr'>detrimentum</span> 
     </span>
     <span class='ocr_line' id='line_1_45' title="bbox 339 2190 1347 2237; baseline -0.009 -5"><span class='ocrx_word' id='word_1_369' title='bbox 339 2194 595 2232; x_wconf 63' lang='lat' dir='ltr'>constriGtionis-</span> <span class='ocrx_word' id='word_1_370' title='bbox 621 2194 716 2237; x_wconf 84' lang='lat' dir='ltr'>Aqua</span> <span class='ocrx_word' id='word_1_371' title='bbox 749 2202 853 2227; x_wconf 89' lang='lat' dir='ltr'>autem</span> <span class='ocrx_word' id='word_1_372' title='bbox 875 2203 949 2226; x_wconf 90' lang='lat' dir='ltr'>cum</span> <span class='ocrx_word' id='word_1_373' title='bbox 978 2190 1077 2235; x_wconf 84' lang='lat' dir='ltr'>ipsius</span> <span class='ocrx_word' id='word_1_374' title='bbox 1101 2201 1250 2225; x_wconf 88' lang='lat' dir='ltr'>naturam</span> <span class='ocrx_word' id='word_1_375' title='bbox 1269 2213 1282 2230; x_wconf 92' lang='lat'><em>‚</em></span> <span class='ocrx_word' id='word_1_376' title='bbox 1313 2193 1347 2223; x_wconf 75' lang='grc' dir='ltr'>δε</span> 
     </span>
     <span class='ocr_line' id='line_1_46' title="bbox 336 2233 1347 2285; baseline -0.009 -11"><span class='ocrx_word' id='word_1_377' title='bbox 336 2241 466 2285; x_wconf 81' lang='lat' dir='ltr'>pondus</span> <span class='ocrx_word' id='word_1_378' title='bbox 490 2238 665 2281; x_wconf 70' lang='lat' dir='ltr'>spectamus</span> <span class='ocrx_word' id='word_1_379' title='bbox 676 2259 688 2277; x_wconf 93' lang='lat'>,</span> <span class='ocrx_word' id='word_1_380' title='bbox 711 2237 790 2278; x_wconf 91' lang='lat' dir='ltr'>quin</span> <span class='ocrx_word' id='word_1_381' title='bbox 813 2238 1027 2279; x_wconf 79' lang='lat' dir='ltr'>comprimat,</span> <span class='ocrx_word' id='word_1_382' title='bbox 1051 2233 1263 2268; x_wconf 88' lang='lat' dir='ltr'>dubitandum</span> <span class='ocrx_word' id='word_1_383' title='bbox 1283 2243 1347 2266; x_wconf 90' lang='lat' dir='ltr'>non</span> 
     </span>
     <span class='ocr_line' id='line_1_47' title="bbox 342 2276 1348 2321; baseline -0.01 -3"><span class='ocrx_word' id='word_1_384' title='bbox 342 2284 405 2318; x_wconf 77' lang='lat' dir='ltr'>est:</span> <span class='ocrx_word' id='word_1_385' title='bbox 431 2294 504 2316; x_wconf 86' lang='lat' dir='ltr'>cum</span> <span class='ocrx_word' id='word_1_386' title='bbox 530 2292 609 2313; x_wconf 89' lang='lat' dir='ltr'>vero</span> <span class='ocrx_word' id='word_1_387' title='bbox 634 2281 874 2318; x_wconf 70' lang='lat' dir='ltr'>acrimoniam,</span> <span class='ocrx_word' id='word_1_388' title='bbox 895 2281 974 2321; x_wconf 89' lang='lat' dir='ltr'>quin</span> <span class='ocrx_word' id='word_1_389' title='bbox 998 2279 1105 2313; x_wconf 87' lang='lat' dir='ltr'>irritet</span> <span class='ocrx_word' id='word_1_390' title='bbox 1124 2302 1137 2318; x_wconf 81' lang='lat'>,</span> <span class='ocrx_word' id='word_1_391' title='bbox 1160 2289 1195 2310; x_wconf 90' lang='lat' dir='ltr'>ac</span> <span class='ocrx_word' id='word_1_392' title='bbox 1217 2276 1348 2309; x_wconf 86' lang='lat' dir='ltr'>convel-</span> 
     </span>
     <span class='ocr_line' id='line_1_48' title="bbox 340 2318 1348 2367; baseline -0.011 -5"><span class='ocrx_word' id='word_1_393' title='bbox 340 2330 404 2363; x_wconf 84' lang='lat' dir='ltr'>lat.</span> <span class='ocrx_word' id='word_1_394' title='bbox 430 2329 541 2367; x_wconf 81' lang='lat' dir='ltr'>Itaque</span> <span class='ocrx_word' id='word_1_395' title='bbox 566 2322 673 2356; x_wconf 90' lang='lat' dir='ltr'>eadem</span> <span class='ocrx_word' id='word_1_396' title='bbox 698 2334 779 2365; x_wconf 84' lang='lat' dir='ltr'>aqua</span> <span class='ocrx_word' id='word_1_397' title='bbox 803 2334 866 2356; x_wconf 90' lang='lat' dir='ltr'>non</span> <span class='ocrx_word' id='word_1_398' title='bbox 902 2333 974 2355; x_wconf 69' lang='lat' dir='ltr'>raro</span> <span class='ocrx_word' id='word_1_399' title='bbox 997 2319 1102 2364; x_wconf 87' lang='lat' dir='ltr'>potest</span> <span class='ocrx_word' id='word_1_400' title='bbox 1132 2324 1162 2355; x_wconf 73' lang='grc' dir='ltr'>δι</span> <span class='ocrx_word' id='word_1_401' title='bbox 1186 2318 1348 2362; x_wconf 86' lang='lat' dir='ltr'>compres-</span> 
     </span>
     <span class='ocr_line' id='line_1_49' title="bbox 339 2364 1348 2410; baseline -0.01 -4"><span class='ocrx_word' id='word_1_402' title='bbox 339 2372 485 2410; x_wconf 85' lang='lat' dir='ltr'>fionem,</span> <span class='ocrx_word' id='word_1_403' title='bbox 505 2371 536 2403; x_wconf 86' lang='lat'>&amp;</span> <span class='ocrx_word' id='word_1_404' title='bbox 560 2365 798 2400; x_wconf 82' lang='lat' dir='ltr'>convulsionem</span> <span class='ocrx_word' id='word_1_405' title='bbox 822 2365 971 2398; x_wconf 89' lang='lat' dir='ltr'>inducere</span> <span class='ocrx_word' id='word_1_406' title='bbox 993 2388 1005 2404; x_wconf 87' lang='lat'>,</span> <span class='ocrx_word' id='word_1_407' title='bbox 1024 2364 1270 2405; x_wconf 84' lang='lat' dir='ltr'>comprimendo</span> <span class='ocrx_word' id='word_1_408' title='bbox 1293 2373 1348 2396; x_wconf 86' lang='lat' dir='ltr'>au-</span> 
     </span>
     <span class='ocr_line' id='line_1_50' title="bbox 340 2405 1346 2455; baseline -0.012 -5"><span class='ocrx_word' id='word_1_409' title='bbox 340 2424 429 2455; x_wconf 86' lang='lat' dir='ltr'>tem,</span> <span class='ocrx_word' id='word_1_410' title='bbox 454 2422 508 2447; x_wconf 91' lang='lat' dir='ltr'>aut</span> <span class='ocrx_word' id='word_1_411' title='bbox 532 2408 741 2444; x_wconf 86' lang='lat' dir='ltr'>convellendo</span> <span class='ocrx_word' id='word_1_412' title='bbox 763 2431 776 2448; x_wconf 88' lang='lat'>,</span> <span class='ocrx_word' id='word_1_413' title='bbox 809 2418 863 2442; x_wconf 87' lang='lat' dir='ltr'>aut</span> <span class='ocrx_word' id='word_1_414' title='bbox 887 2417 1057 2450; x_wconf 88' lang='lat' dir='ltr'>utrumque</span> <span class='ocrx_word' id='word_1_415' title='bbox 1081 2405 1255 2449; x_wconf 73' lang='lat' dir='ltr'>praestando</span> <span class='ocrx_word' id='word_1_416' title='bbox 1276 2429 1286 2445; x_wconf 89' lang='lat'>‚</span> <span class='ocrx_word' id='word_1_417' title='bbox 1313 2406 1346 2438; x_wconf 89' lang='lat' dir='ltr'>in</span> 
     </span>
     <span class='ocr_line' id='line_1_51' title="bbox 341 2449 1348 2494; baseline -0.013 -1"><span class='ocrx_word' id='word_1_418' title='bbox 341 2456 532 2493; x_wconf 83' lang='lat' dir='ltr'>tenuiffimis</span> <span class='ocrx_word' id='word_1_419' title='bbox 553 2452 688 2486; x_wconf 81' lang='lat' dir='ltr'>vasculis</span> <span class='ocrx_word' id='word_1_420' title='bbox 711 2451 893 2494; x_wconf 76' lang='lat' dir='ltr'>sangninem</span> <span class='ocrx_word' id='word_1_421' title='bbox 916 2451 1090 2490; x_wconf 88' lang='lat' dir='ltr'>remorari,</span> <span class='ocrx_word' id='word_1_422' title='bbox 1111 2449 1255 2484; x_wconf 86' lang='lat' dir='ltr'>undetur</span> <span class='ocrx_word' id='word_1_423' title='bbox 1278 2456 1348 2481; x_wconf 89' lang='lat' dir='ltr'>eant</span> 
     </span>
     <span class='ocr_line' id='line_1_52' title="bbox 342 2493 1350 2546; baseline -0.008 -15"><span class='ocrx_word' id='word_1_424' title='bbox 342 2501 484 2546; x_wconf 66' lang='lat' dir='ltr'>majora,</span> <span class='ocrx_word' id='word_1_425' title='bbox 508 2501 541 2532; x_wconf 86' lang='lat'>&amp;</span> <span class='ocrx_word' id='word_1_426' title='bbox 565 2495 826 2538; x_wconf 76' lang='lat' dir='ltr'>com-preffi0nc1n</span> <span class='ocrx_word' id='word_1_427' title='bbox 848 2494 1040 2538; x_wconf 80' lang='lat' dir='ltr'>adaugeant.</span> <span class='ocrx_word' id='word_1_428' title='bbox 1067 2493 1246 2527; x_wconf 86' lang='lat' dir='ltr'>Secundum</span> <span class='ocrx_word' id='word_1_429' title='bbox 1282 2503 1350 2531; x_wconf 77' lang='lat' dir='ltr'>aec,</span> 
     </span>
     <span class='ocr_line' id='line_1_53' title="bbox 343 2536 1351 2582; baseline -0.011 -4"><span class='ocrx_word' id='word_1_430' title='bbox 343 2556 427 2582; x_wconf 80' lang='lat' dir='ltr'>nunc</span> <span class='ocrx_word' id='word_1_431' title='bbox 452 2541 540 2576; x_wconf 78' lang='lat' dir='ltr'>simul</span> <span class='ocrx_word' id='word_1_432' title='bbox 565 2542 672 2573; x_wconf 87' lang='lat' dir='ltr'>omnia</span> <span class='ocrx_word' id='word_1_433' title='bbox 697 2540 917 2572; x_wconf 74' lang='lat' dir='ltr'>convenientia</span> <span class='ocrx_word' id='word_1_434' title='bbox 942 2562 953 2578; x_wconf 84' lang='lat'>,</span> <span class='ocrx_word' id='word_1_435' title='bbox 984 2546 1020 2571; x_wconf 87' lang='lat' dir='ltr'>ut</span> <span class='ocrx_word' id='word_1_436' title='bbox 1045 2537 1078 2569; x_wconf 91' lang='lat' dir='ltr'>in</span> <span class='ocrx_word' id='word_1_437' title='bbox 1112 2536 1174 2570; x_wconf 90' lang='lat' dir='ltr'>hoc</span> <span class='ocrx_word' id='word_1_438' title='bbox 1192 2538 1315 2582; x_wconf 78' lang='lat' dir='ltr'>Juvene</span> <span class='ocrx_word' id='word_1_439' title='bbox 1338 2557 1351 2574; x_wconf 86' lang='lat'>,</span> 
     </span>
     <span class='ocr_line' id='line_1_54' title="bbox 343 2578 1350 2633; baseline -0.012 -12"><span class='ocrx_word' id='word_1_440' title='bbox 343 2589 435 2633; x_wconf 75' lang='lat' dir='ltr'>cujus</span> <span class='ocrx_word' id='word_1_441' title='bbox 459 2584 615 2627; x_wconf 76' lang='lat' dir='ltr'>subrigida</span> <span class='ocrx_word' id='word_1_442' title='bbox 639 2607 650 2623; x_wconf 87' lang='lat'>,</span> <span class='ocrx_word' id='word_1_443' title='bbox 688 2586 719 2615; x_wconf 64' lang='grc' dir='ltr'>ὃς</span> <span class='ocrx_word' id='word_1_444' title='bbox 752 2583 915 2615; x_wconf 65' lang='grc' dir='ltr'>εοηῐτεᾶει</span> <span class='ocrx_word' id='word_1_445' title='bbox 948 2579 1078 2614; x_wconf 80' lang='lat' dir='ltr'>brachia</span> <span class='ocrx_word' id='word_1_446' title='bbox 1109 2578 1350 2626; x_wconf 78' lang='lat' dir='ltr'>convulsionem</span> 
     </span>
    </p>

    <p class='ocr_par' dir='ltr' id='par_1_4' title="bbox 342 2623 1354 2841">
     <span class='ocr_line' id='line_1_55' title="bbox 366 2623 1349 2674; baseline -0.01 -10"><span class='ocrx_word' id='word_1_447' title='bbox 366 2642 469 2674; x_wconf 70' lang='lat' dir='ltr'>noque</span> <span class='ocrx_word' id='word_1_448' title='bbox 491 2627 757 2665; x_wconf 71' lang='lat' dir='ltr'>subindicarunt,</span> <span class='ocrx_word' id='word_1_449' title='bbox 782 2627 859 2659; x_wconf 85' lang='lat' dir='ltr'>alias</span> <span class='ocrx_word' id='word_1_450' title='bbox 881 2636 947 2659; x_wconf 88' lang='lat' dir='ltr'>non</span> <span class='ocrx_word' id='word_1_451' title='bbox 972 2625 1084 2657; x_wconf 86' lang='lat' dir='ltr'>omnia</span> <span class='ocrx_word' id='word_1_452' title='bbox 1102 2646 1115 2664; x_wconf 91' lang='lat'>,</span> <span class='ocrx_word' id='word_1_453' title='bbox 1147 2634 1182 2658; x_wconf 91' lang='lat' dir='ltr'>ut</span> <span class='ocrx_word' id='word_1_454' title='bbox 1204 2624 1239 2656; x_wconf 86' lang='lat' dir='ltr'>in</span> <span class='ocrx_word' id='word_1_455' title='bbox 1262 2623 1349 2655; x_wconf 86' lang='lat' dir='ltr'>Viro</span> 
     </span>
     <span class='ocr_line' id='line_1_56' title="bbox 342 2646 1350 2719; baseline -0.012 -10"><span class='ocrx_word' id='word_1_456' title='bbox 342 2646 381 2711; x_wconf 58' lang='lat' dir='ltr'>{ie</span> <span class='ocrx_word' id='word_1_457' title='bbox 403 2687 469 2719; x_wconf 87' lang='lat' dir='ltr'>quo</span> <span class='ocrx_word' id='word_1_458' title='bbox 492 2672 599 2706; x_wconf 85' lang='lat' dir='ltr'>statim</span> <span class='ocrx_word' id='word_1_459' title='bbox 623 2669 715 2702; x_wconf 82' lang='lat' dir='ltr'>verba</span> <span class='ocrx_word' id='word_1_460' title='bbox 740 2668 856 2702; x_wconf 85' lang='lat' dir='ltr'>faciam</span> <span class='ocrx_word' id='word_1_461' title='bbox 879 2693 891 2710; x_wconf 83' lang='lat'>,</span> <span class='ocrx_word' id='word_1_462' title='bbox 923 2670 1047 2713; x_wconf 35' lang='lat' dir='ltr'>in-quo</span> <span class='ocrx_word' id='word_1_463' title='bbox 1068 2667 1163 2701; x_wconf 84' lang='lat' dir='ltr'>nullae</span> <span class='ocrx_word' id='word_1_464' title='bbox 1187 2666 1258 2700; x_wconf 86' lang='lat' dir='ltr'>sunt</span> <span class='ocrx_word' id='word_1_465' title='bbox 1281 2666 1350 2698; x_wconf 77' lang='lat' dir='ltr'>ani-</span> 
     </span>
     <span class='ocr_line' id='line_1_57' title="bbox 344 2710 1353 2756; baseline -0.012 -3"><span class='ocrx_word' id='word_1_466' title='bbox 344 2716 512 2756; x_wconf 77' lang='lat' dir='ltr'>madversae</span> <span class='ocrx_word' id='word_1_467' title='bbox 533 2712 746 2748; x_wconf 79' lang='lat' dir='ltr'>convulsionis</span> <span class='ocrx_word' id='word_1_468' title='bbox 770 2723 877 2754; x_wconf 81' lang='lat' dir='ltr'>notae,</span> <span class='ocrx_word' id='word_1_469' title='bbox 899 2712 1003 2745; x_wconf 80' lang='lat' dir='ltr'>causas</span> <span class='ocrx_word' id='word_1_470' title='bbox 1029 2712 1148 2752; x_wconf 87' lang='lat' dir='ltr'>poteris</span> <span class='ocrx_word' id='word_1_471' title='bbox 1171 2710 1353 2753; x_wconf 76' lang='lat' dir='ltr'>gravioris,</span> 
     </span>
     <span class='ocr_line' id='line_1_58' title="bbox 347 2755 1354 2803; baseline -0.01 -8"><span class='ocrx_word' id='word_1_472' title='bbox 347 2773 401 2798; x_wconf 79' lang='lat' dir='ltr'>aut</span> <span class='ocrx_word' id='word_1_473' title='bbox 425 2772 488 2795; x_wconf 90' lang='lat' dir='ltr'>non</span> <span class='ocrx_word' id='word_1_474' title='bbox 513 2759 560 2792; x_wconf 81' lang='lat' dir='ltr'>ita</span> <span class='ocrx_word' id='word_1_475' title='bbox 582 2757 689 2803; x_wconf 76' lang='lat' dir='ltr'>gravis</span> <span class='ocrx_word' id='word_1_476' title='bbox 713 2756 913 2799; x_wconf 74' lang='lat' dir='ltr'>apoplexiae,</span> <span class='ocrx_word' id='word_1_477' title='bbox 939 2757 971 2788; x_wconf 84' lang='lat'>&amp;</span> <span class='ocrx_word' id='word_1_478' title='bbox 994 2755 1159 2788; x_wconf 86' lang='lat' dir='ltr'>celerioris</span> <span class='ocrx_word' id='word_1_479' title='bbox 1178 2777 1191 2795; x_wconf 88' lang='lat'>,</span> <span class='ocrx_word' id='word_1_480' title='bbox 1214 2762 1268 2786; x_wconf 89' lang='lat' dir='ltr'>aut</span> <span class='ocrx_word' id='word_1_481' title='bbox 1289 2762 1354 2785; x_wconf 84' lang='lat' dir='ltr'>tar-</span> 
     </span>
     <span class='ocr_line' id='line_1_59' title="bbox 349 2800 790 2841; baseline -0.023 0"><span class='ocrx_word' id='word_1_482' title='bbox 349 2807 451 2841; x_wconf 85' lang='lat' dir='ltr'>dioris</span> <span class='ocrx_word' id='word_1_483' title='bbox 473 2804 587 2837; x_wconf 88' lang='lat' dir='ltr'>mortis</span> <span class='ocrx_word' id='word_1_484' title='bbox 611 2800 769 2840; x_wconf 74' lang='lat' dir='ltr'>conjicere</span> <span class='ocrx_word' id='word_1_485' title='bbox 787 2831 790 2832; x_wconf 13' lang='grc' dir='ltr'><em>γ</em></span> 
     </span>
    </p>

    <p class='ocr_par' dir='ltr' id='par_1_5' title="bbox 346 2839 1361 3665">
     <span class='ocr_line' id='line_1_60' title="bbox 397 2839 1355 2891; baseline -0.01 -10"><span class='ocrx_word' id='word_1_486' title='bbox 397 2860 445 2891; x_wconf 85' lang='lat'>19.</span> <span class='ocrx_word' id='word_1_487' title='bbox 470 2843 799 2879; x_wconf 82' lang='lat' dir='ltr'><strong>STABULARIUS</strong></span> <span class='ocrx_word' id='word_1_488' title='bbox 821 2865 831 2881; x_wconf 93' lang='lat'>,</span> <span class='ocrx_word' id='word_1_489' title='bbox 863 2853 961 2886; x_wconf 85' lang='lat' dir='ltr'>prope</span> <span class='ocrx_word' id='word_1_490' title='bbox 985 2853 1082 2875; x_wconf 88' lang='lat' dir='ltr'>annos</span> <span class='ocrx_word' id='word_1_491' title='bbox 1116 2839 1277 2883; x_wconf 76' lang='lat' dir='ltr'>sexaginta</span> <span class='ocrx_word' id='word_1_492' title='bbox 1301 2849 1355 2872; x_wconf 86' lang='lat' dir='ltr'>na-</span> 
     </span>
     <span class='ocr_line' id='line_1_61' title="bbox 348 2881 1355 2933; baseline -0.008 -10"><span class='ocrx_word' id='word_1_493' title='bbox 348 2903 402 2927; x_wconf 77' lang='lat' dir='ltr'>tus</span> <span class='ocrx_word' id='word_1_494' title='bbox 413 2916 426 2933; x_wconf 90' lang='lat'>,</span> <span class='ocrx_word' id='word_1_495' title='bbox 449 2899 597 2932; x_wconf 81' lang='lat' dir='ltr'>procerus</span> <span class='ocrx_word' id='word_1_496' title='bbox 610 2909 620 2925; x_wconf 91' lang='lat'>‚</span> <span class='ocrx_word' id='word_1_497' title='bbox 645 2889 676 2920; x_wconf 89' lang='lat'>&amp;</span> <span class='ocrx_word' id='word_1_498' title='bbox 697 2885 810 2919; x_wconf 86' lang='lat' dir='ltr'>obesus</span> <span class='ocrx_word' id='word_1_499' title='bbox 823 2910 836 2927; x_wconf 90' lang='lat'>,</span> <span class='ocrx_word' id='word_1_500' title='bbox 856 2887 976 2930; x_wconf 88' lang='lat' dir='ltr'>quippe</span> <span class='ocrx_word' id='word_1_501' title='bbox 988 2886 1128 2919; x_wconf 90' lang='lat' dir='ltr'>multum</span> <span class='ocrx_word' id='word_1_502' title='bbox 1151 2888 1183 2919; x_wconf 90' lang='lat'>&amp;</span> <span class='ocrx_word' id='word_1_503' title='bbox 1207 2881 1355 2917; x_wconf 89' lang='lat' dir='ltr'>comede-</span> 
     </span>
     <span class='ocr_line' id='line_1_62' title="bbox 346 2927 1356 2977; baseline -0.006 -12"><span class='ocrx_word' id='word_1_504' title='bbox 346 2948 382 2972; x_wconf 62' lang='grc' dir='ltr'>γε</span> <span class='ocrx_word' id='word_1_505' title='bbox 397 2962 406 2977; x_wconf 81' lang='lat'><em>‚</em></span> <span class='ocrx_word' id='word_1_506' title='bbox 431 2936 463 2968; x_wconf 71' lang='grc' dir='ltr'>δε</span> <span class='ocrx_word' id='word_1_507' title='bbox 487 2941 597 2975; x_wconf 87' lang='lat' dir='ltr'>potare</span> <span class='ocrx_word' id='word_1_508' title='bbox 621 2929 734 2964; x_wconf 88' lang='lat' dir='ltr'>solitus</span> <span class='ocrx_word' id='word_1_509' title='bbox 754 2951 764 2968; x_wconf 92' lang='lat'>‚</span> <span class='ocrx_word' id='word_1_510' title='bbox 797 2939 844 2963; x_wconf 91' lang='lat' dir='ltr'>ter</span> <span class='ocrx_word' id='word_1_511' title='bbox 865 2939 955 2962; x_wconf 83' lang='lat' dir='ltr'>antea</span> <span class='ocrx_word' id='word_1_512' title='bbox 979 2931 1011 2961; x_wconf 90' lang='lat' dir='ltr'>in</span> <span class='ocrx_word' id='word_1_513' title='bbox 1039 2929 1226 2962; x_wconf 78' lang='lat' dir='ltr'>Patavinum</span> <span class='ocrx_word' id='word_1_514' title='bbox 1248 2927 1356 2960; x_wconf 87' lang='lat' dir='ltr'>illatus</span> 
     </span>
     <span class='ocr_line' id='line_1_63' title="bbox 349 2971 1354 3014; baseline -0.012 0"><span class='ocrx_word' id='word_1_515' title='bbox 349 2980 454 3014; x_wconf 81' lang='lat' dir='ltr'>fuerat</span> <span class='ocrx_word' id='word_1_516' title='bbox 478 2974 717 3009; x_wconf 86' lang='lat' dir='ltr'>Nosocornium</span> <span class='ocrx_word' id='word_1_517' title='bbox 741 2994 750 3009; x_wconf 65' lang='lat'>³</span> <span class='ocrx_word' id='word_1_518' title='bbox 783 2973 874 3006; x_wconf 83' lang='lat' dir='ltr'>semel</span> <span class='ocrx_word' id='word_1_519' title='bbox 897 2973 940 3005; x_wconf 92' lang='lat' dir='ltr'>ob</span> <span class='ocrx_word' id='word_1_520' title='bbox 973 2971 1071 3004; x_wconf 78' lang='lat' dir='ltr'>febres</span> <span class='ocrx_word' id='word_1_521' title='bbox 1094 2982 1149 3004; x_wconf 88' lang='lat' dir='ltr'>nec</span> <span class='ocrx_word' id='word_1_522' title='bbox 1174 2982 1281 3014; x_wconf 78' lang='lat' dir='ltr'>graves</span> <span class='ocrx_word' id='word_1_523' title='bbox 1299 2977 1354 3002; x_wconf 76' lang='lat' dir='ltr'>&#39;ta-</span> 
     </span>
     <span class='ocr_line' id='line_1_64' title="bbox 354 3013 1352 3061; baseline -0.013 -4"><span class='ocrx_word' id='word_1_524' title='bbox 354 3034 447 3061; x_wconf 88' lang='lat' dir='ltr'>men,</span> <span class='ocrx_word' id='word_1_525' title='bbox 472 3023 502 3053; x_wconf 85' lang='lat'><strong>&amp;</strong></span> <span class='ocrx_word' id='word_1_526' title='bbox 526 3019 658 3054; x_wconf 79' lang='lat' dir='ltr'>breves,</span> <span class='ocrx_word' id='word_1_527' title='bbox 681 3017 800 3050; x_wconf 87' lang='lat' dir='ltr'>iterum</span> <span class='ocrx_word' id='word_1_528' title='bbox 824 3016 866 3049; x_wconf 93' lang='lat' dir='ltr'>ob</span> <span class='ocrx_word' id='word_1_529' title='bbox 888 3016 1091 3058; x_wconf 80' lang='lat' dir='ltr'>apoplexiam</span> <span class='ocrx_word' id='word_1_530' title='bbox 1112 3037 1122 3052; x_wconf 89' lang='lat'>,</span> <span class='ocrx_word' id='word_1_531' title='bbox 1156 3027 1215 3058; x_wconf 87' lang='lat' dir='ltr'>qua</span> <span class='ocrx_word' id='word_1_532' title='bbox 1240 3013 1352 3056; x_wconf 87' lang='lat' dir='ltr'>depul-</span> 
     </span>
     <span class='ocr_line' id='line_1_65' title="bbox 353 3056 1354 3107; baseline -0.009 -10"><span class='ocrx_word' id='word_1_533' title='bbox 353 3067 406 3107; x_wconf 81' lang='lat' dir='ltr'>sa,</span> <span class='ocrx_word' id='word_1_534' title='bbox 429 3061 627 3101; x_wconf 83' lang='lat' dir='ltr'>discesserat,</span> <span class='ocrx_word' id='word_1_535' title='bbox 653 3061 784 3093; x_wconf 88' lang='lat' dir='ltr'>tertium</span> <span class='ocrx_word' id='word_1_536' title='bbox 806 3083 818 3099; x_wconf 87' lang='lat'>,</span> <span class='ocrx_word' id='word_1_537' title='bbox 852 3059 946 3102; x_wconf 88' lang='lat' dir='ltr'>idque</span> <span class='ocrx_word' id='word_1_538' title='bbox 971 3061 1119 3100; x_wconf 82' lang='lat' dir='ltr'>proxima</span> <span class='ocrx_word' id='word_1_539' title='bbox 1143 3058 1245 3091; x_wconf 70' lang='lat' dir='ltr'>aestate</span> <span class='ocrx_word' id='word_1_540' title='bbox 1267 3069 1276 3095; x_wconf 94' lang='lat'>,·</span> <span class='ocrx_word' id='word_1_541' title='bbox 1310 3056 1354 3089; x_wconf 91' lang='lat' dir='ltr'>ob</span> 
     </span>
     <span class='ocr_line' id='line_1_66' title="bbox 353 3099 1355 3146; baseline -0.01 -3"><span class='ocrx_word' id='word_1_542' title='bbox 353 3108 495 3143; x_wconf 80' lang='lat' dir='ltr'>thoracis</span> <span class='ocrx_word' id='word_1_543' title='bbox 518 3099 808 3139; x_wconf 83' lang='lat' dir='ltr'>inflammationem</span> <span class='ocrx_word' id='word_1_544' title='bbox 826 3126 837 3142; x_wconf 88' lang='lat'>,</span> <span class='ocrx_word' id='word_1_545' title='bbox 858 3113 923 3144; x_wconf 86' lang='lat' dir='ltr'>quo</span> <span class='ocrx_word' id='word_1_546' title='bbox 946 3109 1089 3146; x_wconf 87' lang='lat' dir='ltr'>tempore</span> <span class='ocrx_word' id='word_1_547' title='bbox 1112 3100 1355 3135; x_wconf 79' lang='lat' dir='ltr'>incontinentiae</span> 
     </span>
     <span class='ocr_line' id='line_1_67' title="bbox 352 3144 1355 3191; baseline -0.011 -6"><span class='ocrx_word' id='word_1_548' title='bbox 352 3153 452 3186; x_wconf 61' lang='lat' dir='ltr'>urinae</span> <span class='ocrx_word' id='word_1_549' title='bbox 477 3149 560 3191; x_wconf 66' lang='lat' dir='ltr'>ligna</span> <span class='ocrx_word' id='word_1_550' title='bbox 586 3147 709 3181; x_wconf 85' lang='lat' dir='ltr'>fuerant</span> <span class='ocrx_word' id='word_1_551' title='bbox 742 3157 807 3179; x_wconf 90' lang='lat' dir='ltr'>non</span> <span class='ocrx_word' id='word_1_552' title='bbox 830 3145 959 3182; x_wconf 84' lang='lat' dir='ltr'>obscura</span> <span class='ocrx_word' id='word_1_553' title='bbox 983 3170 989 3176; x_wconf 95' lang='lat'>.</span> <span class='ocrx_word' id='word_1_554' title='bbox 1025 3146 1188 3183; x_wconf 80' lang='lat' dir='ltr'>Quartum</span> <span class='ocrx_word' id='word_1_555' title='bbox 1220 3144 1355 3186; x_wconf 85' lang='lat' dir='ltr'>denique</span> 
     </span>
     <span class='ocr_line' id='line_1_68' title="bbox 355 3188 1356 3231; baseline -0.012 -1"><span class='ocrx_word' id='word_1_556' title='bbox 355 3195 467 3230; x_wconf 81' lang='lat' dir='ltr'>illatus</span> <span class='ocrx_word' id='word_1_557' title='bbox 492 3189 533 3226; x_wconf 70' lang='lat' dir='ltr'>est</span> <span class='ocrx_word' id='word_1_558' title='bbox 556 3192 600 3224; x_wconf 92' lang='lat' dir='ltr'>ob</span> <span class='ocrx_word' id='word_1_559' title='bbox 624 3189 791 3225; x_wconf 81' lang='lat' dir='ltr'>secundam</span> <span class='ocrx_word' id='word_1_560' title='bbox 814 3190 1014 3231; x_wconf 83' lang='lat' dir='ltr'>apoplexiam</span> <span class='ocrx_word' id='word_1_561' title='bbox 1034 3212 1046 3229; x_wconf 86' lang='lat'>‚</span> <span class='ocrx_word' id='word_1_562' title='bbox 1069 3188 1120 3223; x_wconf 84' lang='lat' dir='ltr'>sed</span> <span class='ocrx_word' id='word_1_563' title='bbox 1143 3199 1212 3221; x_wconf 86' lang='lat' dir='ltr'>eam</span> <span class='ocrx_word' id='word_1_564' title='bbox 1235 3198 1321 3221; x_wconf 81' lang='lat' dir='ltr'>mora</span> <span class='ocrx_word' id='word_1_565' title='bbox 1346 3207 1356 3223; x_wconf 90' lang='lat'>,</span> 
     </span>
     <span class='ocr_line' id='line_1_69' title="bbox 354 3229 1356 3275; baseline -0.009 -5"><span class='ocrx_word' id='word_1_566' title='bbox 354 3242 385 3275; x_wconf 60' lang='grc' dir='ltr'>ἃ*</span> <span class='ocrx_word' id='word_1_567' title='bbox 413 3236 536 3270; x_wconf 78' lang='lat' dir='ltr'>incur-ia</span> <span class='ocrx_word' id='word_1_568' title='bbox 560 3234 654 3267; x_wconf 87' lang='lat' dir='ltr'>facile</span> <span class='ocrx_word' id='word_1_569' title='bbox 677 3233 885 3267; x_wconf 87' lang='lat' dir='ltr'>insanabilem</span> <span class='ocrx_word' id='word_1_570' title='bbox 910 3230 1046 3266; x_wconf 66' lang='lat' dir='ltr'>fastam.</span> <span class='ocrx_word' id='word_1_571' title='bbox 1072 3233 1162 3266; x_wconf 88' lang='lat' dir='ltr'>Nam</span> <span class='ocrx_word' id='word_1_572' title='bbox 1185 3229 1356 3265; x_wconf 88' lang='lat' dir='ltr'>Decembri</span> 
     </span>
     <span class='ocr_line' id='line_1_70' title="bbox 355 3274 1355 3326; baseline -0.011 -11"><span class='ocrx_word' id='word_1_573' title='bbox 355 3283 420 3326; x_wconf 66' lang='lat' dir='ltr'>jam</span> <span class='ocrx_word' id='word_1_574' title='bbox 445 3278 552 3313; x_wconf 87' lang='lat' dir='ltr'>medio</span> <span class='ocrx_word' id='word_1_575' title='bbox 573 3300 582 3316; x_wconf 90' lang='lat'><em>‚</em></span> <span class='ocrx_word' id='word_1_576' title='bbox 617 3278 802 3319; x_wconf 83' lang='lat' dir='ltr'>tempestate</span> <span class='ocrx_word' id='word_1_577' title='bbox 825 3274 1023 3317; x_wconf 75' lang='lat' dir='ltr'>frigidiffima</span> <span class='ocrx_word' id='word_1_578' title='bbox 1056 3287 1094 3309; x_wconf 84' lang='lat' dir='ltr'>eo</span> <span class='ocrx_word' id='word_1_579' title='bbox 1118 3286 1201 3308; x_wconf 81' lang='lat' dir='ltr'>anno</span> <span class='ocrx_word' id='word_1_580' title='bbox 1220 3299 1229 3314; x_wconf 92' lang='lat'>,</span> <span class='ocrx_word' id='word_1_581' title='bbox 1265 3284 1355 3316; x_wconf 83' lang='lat'>1725.</span> 
     </span>
     <span class='ocr_line' id='line_1_71' title="bbox 352 3316 1357 3365; baseline -0.011 -6"><span class='ocrx_word' id='word_1_582' title='bbox 352 3337 426 3359; x_wconf 86' lang='lat' dir='ltr'>cum</span> <span class='ocrx_word' id='word_1_583' title='bbox 450 3321 557 3365; x_wconf 85' lang='lat' dir='ltr'>pridie</span> <span class='ocrx_word' id='word_1_584' title='bbox 578 3331 644 3354; x_wconf 89' lang='lat' dir='ltr'>non</span> <span class='ocrx_word' id='word_1_585' title='bbox 666 3319 737 3354; x_wconf 84' lang='lat' dir='ltr'>effet</span> <span class='ocrx_word' id='word_1_586' title='bbox 762 3318 993 3353; x_wconf 84' lang='lat' dir='ltr'>animadversus</span> <span class='ocrx_word' id='word_1_587' title='bbox 1015 3341 1023 3356; x_wconf 87' lang='lat'>‚</span> <span class='ocrx_word' id='word_1_588' title='bbox 1060 3318 1209 3361; x_wconf 85' lang='lat' dir='ltr'>postridie</span> <span class='ocrx_word' id='word_1_589' title='bbox 1230 3316 1357 3350; x_wconf 88' lang='lat' dir='ltr'>demum</span> 
     </span>
     <span class='ocr_line' id='line_1_72' title="bbox 355 3362 1358 3406; baseline -0.011 -4"><span class='ocrx_word' id='word_1_590' title='bbox 355 3369 410 3402; x_wconf 83' lang='lat' dir='ltr'>sub</span> <span class='ocrx_word' id='word_1_591' title='bbox 442 3366 569 3399; x_wconf 64' lang='lat' dir='ltr'>noctem</span> <span class='ocrx_word' id='word_1_592' title='bbox 601 3365 635 3396; x_wconf 89' lang='lat' dir='ltr'>in</span> <span class='ocrx_word' id='word_1_593' title='bbox 666 3363 781 3397; x_wconf 82' lang='lat' dir='ltr'>stabuli</span> <span class='ocrx_word' id='word_1_594' title='bbox 812 3362 931 3405; x_wconf 78' lang='lat' dir='ltr'>angulo</span> <span class='ocrx_word' id='word_1_595' title='bbox 965 3363 1180 3404; x_wconf 73' lang='lat' dir='ltr'>apoplefflcus</span> <span class='ocrx_word' id='word_1_596' title='bbox 1212 3362 1358 3406; x_wconf 80' lang='lat' dir='ltr'>inventus</span> 
     </span>
     <span class='ocr_line' id='line_1_73' title="bbox 356 3404 1358 3450; baseline -0.014 -6"><span class='ocrx_word' id='word_1_597' title='bbox 356 3411 397 3444; x_wconf 75' lang='lat' dir='ltr'>est</span> <span class='ocrx_word' id='word_1_598' title='bbox 414 3435 423 3450; x_wconf 85' lang='lat'>,</span> <span class='ocrx_word' id='word_1_599' title='bbox 445 3408 546 3443; x_wconf 77' lang='lat' dir='ltr'>nudus</span> <span class='ocrx_word' id='word_1_600' title='bbox 570 3409 602 3440; x_wconf 87' lang='lat' dir='ltr'>in</span> <span class='ocrx_word' id='word_1_601' title='bbox 626 3418 659 3439; x_wconf 90' lang='lat' dir='ltr'>ea</span> <span class='ocrx_word' id='word_1_602' title='bbox 681 3406 782 3449; x_wconf 76' lang='lat' dir='ltr'>jacens</span> <span class='ocrx_word' id='word_1_603' title='bbox 806 3406 908 3440; x_wconf 90' lang='lat' dir='ltr'>lodice</span> <span class='ocrx_word' id='word_1_604' title='bbox 933 3416 993 3446; x_wconf 80' lang='lat' dir='ltr'>qua</span> <span class='ocrx_word' id='word_1_605' title='bbox 1016 3406 1131 3440; x_wconf 76' lang='lat' dir='ltr'>nudius</span> <span class='ocrx_word' id='word_1_606' title='bbox 1143 3406 1254 3438; x_wconf 76' lang='lat' dir='ltr'>tertius</span> <span class='ocrx_word' id='word_1_607' title='bbox 1269 3404 1358 3435; x_wconf 69' lang='lat' dir='ltr'>sein..</span> 
     </span>
     <span class='ocr_line' id='line_1_74' title="bbox 358 3449 1355 3490; baseline -0.008 -4"><span class='ocrx_word' id='word_1_608' title='bbox 358 3454 517 3487; x_wconf 82' lang='lat' dir='ltr'>volverat.</span> <span class='ocrx_word' id='word_1_609' title='bbox 545 3453 691 3485; x_wconf 88' lang='lat' dir='ltr'>Dextero</span> <span class='ocrx_word' id='word_1_610' title='bbox 713 3449 846 3482; x_wconf 87' lang='lat' dir='ltr'>brachio</span> <span class='ocrx_word' id='word_1_611' title='bbox 869 3451 970 3490; x_wconf 70' lang='lat' dir='ltr'>magis</span> <span class='ocrx_word' id='word_1_612' title='bbox 992 3457 1055 3482; x_wconf 88' lang='lat' dir='ltr'>erat</span> <span class='ocrx_word' id='word_1_613' title='bbox 1080 3450 1237 3484; x_wconf 76' lang='lat' dir='ltr'>resoluto.</span> <span class='ocrx_word' id='word_1_614' title='bbox 1259 3455 1355 3488; x_wconf 88' lang='lat' dir='ltr'>caput</span> 
     </span>
     <span class='ocr_line' id='line_1_75' title="bbox 357 3490 1357 3535; baseline -0.008 -6"><span class='ocrx_word' id='word_1_615' title='bbox 357 3495 525 3530; x_wconf 78' lang='lat' dir='ltr'>attollebat</span> <span class='ocrx_word' id='word_1_616' title='bbox 541 3518 553 3534; x_wconf 87' lang='lat'>,</span> <span class='ocrx_word' id='word_1_617' title='bbox 578 3497 609 3527; x_wconf 88' lang='lat'>&amp;</span> <span class='ocrx_word' id='word_1_618' title='bbox 632 3493 808 3526; x_wconf 85' lang='lat' dir='ltr'>conabatur</span> <span class='ocrx_word' id='word_1_619' title='bbox 832 3493 853 3525; x_wconf 80' lang='lat' dir='ltr'>ii</span> <span class='ocrx_word' id='word_1_620' title='bbox 879 3494 968 3535; x_wconf 85' lang='lat' dir='ltr'>loqui</span> <span class='ocrx_word' id='word_1_621' title='bbox 993 3490 1088 3532; x_wconf 78' lang='lat' dir='ltr'>posset</span> <span class='ocrx_word' id='word_1_622' title='bbox 1116 3517 1123 3525; x_wconf 90' lang='lat'><em>.</em></span> <span class='ocrx_word' id='word_1_623' title='bbox 1162 3494 1285 3524; x_wconf 82' lang='lat' dir='ltr'>Servare</span> <span class='ocrx_word' id='word_1_624' title='bbox 1307 3499 1357 3522; x_wconf 91' lang='lat' dir='ltr'>ta-</span> 
     </span>
     <span class='ocr_line' id='line_1_76' title="bbox 357 3531 1357 3578; baseline -0.008 -6"><span class='ocrx_word' id='word_1_625' title='bbox 357 3551 427 3574; x_wconf 86' lang='lat' dir='ltr'>men</span> <span class='ocrx_word' id='word_1_626' title='bbox 451 3548 515 3569; x_wconf 90' lang='lat' dir='ltr'>non</span> <span class='ocrx_word' id='word_1_627' title='bbox 540 3546 732 3578; x_wconf 84' lang='lat' dir='ltr'>potuerunt:</span> <span class='ocrx_word' id='word_1_628' title='bbox 756 3547 829 3569; x_wconf 88' lang='lat' dir='ltr'>nam</span> <span class='ocrx_word' id='word_1_629' title='bbox 853 3535 912 3568; x_wconf 80' lang='lat' dir='ltr'>live</span> <span class='ocrx_word' id='word_1_630' title='bbox 937 3548 951 3567; x_wconf 89' lang='lat' dir='ltr'>a</span> <span class='ocrx_word' id='word_1_631' title='bbox 978 3546 1066 3567; x_wconf 86' lang='lat' dir='ltr'>mora</span> <span class='ocrx_word' id='word_1_632' title='bbox 1089 3546 1167 3578; x_wconf 84' lang='lat' dir='ltr'>aqua</span> <span class='ocrx_word' id='word_1_633' title='bbox 1192 3534 1294 3566; x_wconf 90' lang='lat' dir='ltr'>acrior</span> <span class='ocrx_word' id='word_1_634' title='bbox 1308 3531 1357 3565; x_wconf 88' lang='lat' dir='ltr'>fa-</span> 
     </span>
     <span class='ocr_line' id='line_1_77' title="bbox 358 3576 1361 3622; baseline -0.01 -5"><span class='ocrx_word' id='word_1_635' title='bbox 358 3585 410 3617; x_wconf 66' lang='lat' dir='ltr'>eta</span> <span class='ocrx_word' id='word_1_636' title='bbox 429 3604 441 3622; x_wconf 85' lang='lat'>‚</span> <span class='ocrx_word' id='word_1_637' title='bbox 474 3579 534 3613; x_wconf 81' lang='lat' dir='ltr'>five</span> <span class='ocrx_word' id='word_1_638' title='bbox 557 3580 661 3614; x_wconf 68' lang='lat' dir='ltr'>mavis</span> <span class='ocrx_word' id='word_1_639' title='bbox 688 3590 768 3613; x_wconf 83' lang='lat' dir='ltr'>nova</span> <span class='ocrx_word' id='word_1_640' title='bbox 793 3577 944 3613; x_wconf 82' lang='lat' dir='ltr'>effusione</span> <span class='ocrx_word' id='word_1_641' title='bbox 967 3579 1056 3611; x_wconf 66' lang='lat' dir='ltr'>auc‘ta</span> <span class='ocrx_word' id='word_1_642' title='bbox 1087 3579 1263 3622; x_wconf 85' lang='lat' dir='ltr'>graviorem</span> <span class='ocrx_word' id='word_1_643' title='bbox 1283 3576 1361 3609; x_wconf 87' lang='lat' dir='ltr'>alte-</span> 
     </span>
     <span class='ocr_line' id='line_1_78' title="bbox 360 3620 1361 3665; baseline -0.01 -4"><span class='ocrx_word' id='word_1_644' title='bbox 360 3636 432 3661; x_wconf 84' lang='lat' dir='ltr'>rum</span> <span class='ocrx_word' id='word_1_645' title='bbox 454 3622 610 3657; x_wconf 86' lang='lat' dir='ltr'>insultum</span> <span class='ocrx_word' id='word_1_646' title='bbox 622 3623 785 3660; x_wconf 83' lang='lat' dir='ltr'>attulerit,</span> <span class='ocrx_word' id='word_1_647' title='bbox 809 3623 869 3656; x_wconf 86' lang='lat' dir='ltr'>five</span> <span class='ocrx_word' id='word_1_648' title='bbox 893 3620 1002 3655; x_wconf 80' lang='lat' dir='ltr'>senfixn</span> <span class='ocrx_word' id='word_1_649' title='bbox 1026 3623 1126 3665; x_wconf 81' lang='lat' dir='ltr'>magis</span> <span class='ocrx_word' id='word_1_650' title='bbox 1142 3630 1235 3665; x_wconf 82' lang='lat' dir='ltr'>atque</span> <span class='ocrx_word' id='word_1_651' title='bbox 1260 3620 1361 3661; x_wconf 71' lang='lat' dir='ltr'>magis</span> 
     </span>
    </p>
   </div>
   <div class='ocr_carea' id='block_1_2' title="bbox 967 196 1805 269">
    <p class='ocr_par' dir='ltr' id='par_1_6' title="bbox 967 196 1805 269">
     <span class='ocr_line' id='line_1_79' title="bbox 967 196 1805 269; baseline 0.001 -11"><span class='ocrx_word' id='word_1_652' title='bbox 967 202 1126 258; x_wconf 85' lang='lat' dir='ltr'>Liber</span> <span class='ocrx_word' id='word_1_653' title='bbox 1157 203 1198 258; x_wconf 90' lang='lat'>1.</span> <span class='ocrx_word' id='word_1_654' title='bbox 1231 204 1316 257; x_wconf 90' lang='lat' dir='ltr'>De</span> <span class='ocrx_word' id='word_1_655' title='bbox 1352 202 1561 257; x_wconf 89' lang='lat' dir='ltr'>Morbis</span> <span class='ocrx_word' id='word_1_656' title='bbox 1596 196 1805 269; x_wconf 80' lang='lat' dir='ltr'>Capitis</span> 
     </span>
    </p>
   </div>
   <div class='ocr_carea' id='block_1_3' title="bbox 1389 274 2421 3694">
    <p class='ocr_par' dir='ltr' id='par_1_7' title="bbox 1397 274 2399 365">
     <span class='ocr_line' id='line_1_80' title="bbox 1397 274 2399 322; baseline -0.004 -8"><span class='ocrx_word' id='word_1_657' title='bbox 1397 278 1540 322; x_wconf 81' lang='lat' dir='ltr'>urgendo</span> <span class='ocrx_word' id='word_1_658' title='bbox 1559 277 1736 314; x_wconf 83' lang='lat' dir='ltr'>confecerit</span> <span class='ocrx_word' id='word_1_659' title='bbox 1748 300 1759 316; x_wconf 93' lang='lat'>,</span> <span class='ocrx_word' id='word_1_660' title='bbox 1781 277 1904 312; x_wconf 70' lang='lat' dir='ltr'>decimi</span> <span class='ocrx_word' id='word_1_661' title='bbox 1924 287 1964 312; x_wconf 80' lang='lat' dir='ltr'>ex</span> <span class='ocrx_word' id='word_1_662' title='bbox 1981 286 2048 321; x_wconf 74' lang='lat' dir='ltr'>quo</span> <span class='ocrx_word' id='word_1_663' title='bbox 2068 275 2113 311; x_wconf 78' lang='lat' dir='ltr'>fic</span> <span class='ocrx_word' id='word_1_664' title='bbox 2122 274 2270 312; x_wconf 74' lang='lat' dir='ltr'>inventus</span> <span class='ocrx_word' id='word_1_665' title='bbox 2293 274 2399 312; x_wconf 57' lang='lat' dir='ltr'>fixerat</span> 
     </span>
     <span class='ocr_line' id='line_1_81' title="bbox 1397 318 2312 365; baseline -0.002 -9"><span class='ocrx_word' id='word_1_666' title='bbox 1397 322 1477 357; x_wconf 87' lang='lat' dir='ltr'>hora</span> <span class='ocrx_word' id='word_1_667' title='bbox 1497 345 1509 362; x_wconf 88' lang='lat'>,</span> <span class='ocrx_word' id='word_1_668' title='bbox 1539 320 1724 365; x_wconf 84' lang='lat' dir='ltr'>intempesta</span> <span class='ocrx_word' id='word_1_669' title='bbox 1764 322 1857 356; x_wconf 75' lang='lat' dir='ltr'>noete</span> <span class='ocrx_word' id='word_1_670' title='bbox 1877 343 1892 361; x_wconf 89' lang='lat'>,</span> <span class='ocrx_word' id='word_1_671' title='bbox 1923 319 2050 354; x_wconf 86' lang='lat' dir='ltr'>vivendi</span> <span class='ocrx_word' id='word_1_672' title='bbox 2085 318 2181 364; x_wconf 79' lang='lat' dir='ltr'>fine-m</span> <span class='ocrx_word' id='word_1_673' title='bbox 2213 319 2312 354; x_wconf 86' lang='lat' dir='ltr'>fecit.</span> 
     </span>
    </p>

    <p class='ocr_par' dir='ltr' id='par_1_8' title="bbox 1389 361 2421 2878">
     <span class='ocr_line' id='line_1_82' title="bbox 1397 361 2400 409; baseline -0.005 -9"><span class='ocrx_word' id='word_1_674' title='bbox 1397 366 1598 401; x_wconf 84' lang='lat' dir='ltr'>MORTUI</span> <span class='ocrx_word' id='word_1_675' title='bbox 1621 375 1738 408; x_wconf 87' lang='lat' dir='ltr'>corpus</span> <span class='ocrx_word' id='word_1_676' title='bbox 1759 363 2016 408; x_wconf 70' lang='lat' dir='ltr'>diligentissime,</span> <span class='ocrx_word' id='word_1_677' title='bbox 2039 361 2345 409; x_wconf 74' lang='lat' dir='ltr'>studiosorumquev</span> <span class='ocrx_word' id='word_1_678' title='bbox 2360 373 2400 397; x_wconf 88' lang='lat' dir='ltr'>ue</span> 
     </span>
     <span class='ocr_line' id='line_1_83' title="bbox 1396 404 2401 451; baseline -0.002 -9"><span class='ocrx_word' id='word_1_679' title='bbox 1396 410 1500 451; x_wconf 75' lang='lat' dir='ltr'>gratia</span> <span class='ocrx_word' id='word_1_680' title='bbox 1520 407 1770 442; x_wconf 83' lang='lat' dir='ltr'>Adolescentum</span> <span class='ocrx_word' id='word_1_681' title='bbox 1783 429 1794 446; x_wconf 90' lang='lat'>,</span> <span class='ocrx_word' id='word_1_682' title='bbox 1818 418 1873 450; x_wconf 87' lang='lat' dir='ltr'>per</span> <span class='ocrx_word' id='word_1_683' title='bbox 1895 406 1937 440; x_wconf 86' lang='lat' dir='ltr'>ali</span> <span class='ocrx_word' id='word_1_684' title='bbox 1962 416 2020 443; x_wconf 89' lang='lat' dir='ltr'>uot</span> <span class='ocrx_word' id='word_1_685' title='bbox 2041 406 2108 441; x_wconf 90' lang='lat' dir='ltr'>dies</span> <span class='ocrx_word' id='word_1_686' title='bbox 2138 416 2154 437; x_wconf 92' lang='lat' dir='ltr'>a</span> <span class='ocrx_word' id='word_1_687' title='bbox 2178 404 2273 440; x_wconf 85' lang='lat' dir='ltr'>nobis</span> <span class='ocrx_word' id='word_1_688' title='bbox 2295 414 2348 446; x_wconf 83' lang='lat' dir='ltr'>per</span> <span class='ocrx_word' id='word_1_689' title='bbox 2359 417 2401 440; x_wconf 88' lang='lat' dir='ltr'>u-</span> 
     </span>
     <span class='ocr_line' id='line_1_84' title="bbox 1396 449 2402 492; baseline -0.004 -6"><span class='ocrx_word' id='word_1_690' title='bbox 1396 452 1550 492; x_wconf 80' lang='lat' dir='ltr'>stratum,</span> <span class='ocrx_word' id='word_1_691' title='bbox 1573 450 1639 487; x_wconf 80' lang='lat' dir='ltr'>haec</span> <span class='ocrx_word' id='word_1_692' title='bbox 1662 449 1775 486; x_wconf 84' lang='lat' dir='ltr'>habuit</span> <span class='ocrx_word' id='word_1_693' title='bbox 1799 449 1936 485; x_wconf 76' lang='lat' dir='ltr'>adnotari</span> <span class='ocrx_word' id='word_1_694' title='bbox 1961 462 1997 483; x_wconf 86' lang='lat' dir='ltr'>a.</span> <span class='ocrx_word' id='word_1_695' title='bbox 2085 450 2206 483; x_wconf 88' lang='lat' dir='ltr'>Ventre</span> <span class='ocrx_word' id='word_1_696' title='bbox 2217 449 2402 491; x_wconf 66' lang='lat' dir='ltr'>patefaeto,</span> 
     </span>
     <span class='ocr_line' id='line_1_85' title="bbox 1397 489 2402 536; baseline -0.005 -8"><span class='ocrx_word' id='word_1_697' title='bbox 1397 494 1496 529; x_wconf 83' lang='lat' dir='ltr'>vesica</span> <span class='ocrx_word' id='word_1_698' title='bbox 1519 495 1659 530; x_wconf 70' lang='lat' dir='ltr'>urinaria</span> <span class='ocrx_word' id='word_1_699' title='bbox 1680 494 1785 530; x_wconf 85' lang='lat' dir='ltr'>statim</span> <span class='ocrx_word' id='word_1_700' title='bbox 1798 516 1809 531; x_wconf 92' lang='lat'>,</span> <span class='ocrx_word' id='word_1_701' title='bbox 1832 503 1998 528; x_wconf 83' lang='lat' dir='ltr'>omentum</span> <span class='ocrx_word' id='word_1_702' title='bbox 2019 502 2095 526; x_wconf 78' lang='lat' dir='ltr'>vero</span> <span class='ocrx_word' id='word_1_703' title='bbox 2126 503 2190 526; x_wconf 86' lang='lat' dir='ltr'>non</span> <span class='ocrx_word' id='word_1_704' title='bbox 2212 489 2270 527; x_wconf 86' lang='lat' dir='ltr'>nifi</span> <span class='ocrx_word' id='word_1_705' title='bbox 2291 490 2402 536; x_wconf 80' lang='lat' dir='ltr'>quaesi-</span> 
     </span>
     <span class='ocr_line' id='line_1_86' title="bbox 1399 535 2402 576; baseline -0.002 -5"><span class='ocrx_word' id='word_1_706' title='bbox 1399 548 1491 575; x_wconf 86' lang='lat' dir='ltr'>tum,</span> <span class='ocrx_word' id='word_1_707' title='bbox 1514 537 1543 571; x_wconf 87' lang='lat' dir='ltr'>se</span> <span class='ocrx_word' id='word_1_708' title='bbox 1564 537 1724 576; x_wconf 87' lang='lat' dir='ltr'>ostendit3</span> <span class='ocrx_word' id='word_1_709' title='bbox 1749 546 1856 571; x_wconf 86' lang='lat' dir='ltr'>totum</span> <span class='ocrx_word' id='word_1_710' title='bbox 1880 538 1965 571; x_wconf 86' lang='lat' dir='ltr'>enim</span> <span class='ocrx_word' id='word_1_711' title='bbox 1988 537 2075 570; x_wconf 76' lang='lat' dir='ltr'>inter</span> <span class='ocrx_word' id='word_1_712' title='bbox 2095 535 2309 569; x_wconf 88' lang='lat' dir='ltr'>ventriculum</span> <span class='ocrx_word' id='word_1_713' title='bbox 2331 557 2342 573; x_wconf 89' lang='lat'>,</span> <span class='ocrx_word' id='word_1_714' title='bbox 2366 537 2402 569; x_wconf 70' lang='grc' dir='ltr'>δε</span> 
     </span>
     <span class='ocr_line' id='line_1_87' title="bbox 1401 577 2402 623; baseline -0.005 -8"><span class='ocrx_word' id='word_1_715' title='bbox 1401 580 1477 615; x_wconf 89' lang='lat' dir='ltr'>huic</span> <span class='ocrx_word' id='word_1_716' title='bbox 1500 579 1678 623; x_wconf 65' lang='lat' dir='ltr'>subjeetum</span> <span class='ocrx_word' id='word_1_717' title='bbox 1698 580 1808 615; x_wconf 85' lang='lat' dir='ltr'>Colon</span> <span class='ocrx_word' id='word_1_718' title='bbox 1830 579 2167 614; x_wconf 81' lang='lat' dir='ltr'>intestinumlatebat.</span> <span class='ocrx_word' id='word_1_719' title='bbox 2190 577 2402 613; x_wconf 76' lang='lat' dir='ltr'>Ventriculus</span> 
     </span>
     <span class='ocr_line' id='line_1_88' title="bbox 1399 619 2403 666; baseline -0.003 -9"><span class='ocrx_word' id='word_1_720' title='bbox 1399 623 1488 658; x_wconf 86' lang='lat' dir='ltr'>valde</span> <span class='ocrx_word' id='word_1_721' title='bbox 1510 625 1716 664; x_wconf 50' lang='lat' dir='ltr'>contraitum</span> <span class='ocrx_word' id='word_1_722' title='bbox 1737 624 1858 662; x_wconf 80' lang='lat' dir='ltr'>mirum</span> <span class='ocrx_word' id='word_1_723' title='bbox 1879 625 1913 657; x_wconf 89' lang='lat' dir='ltr'>in</span> <span class='ocrx_word' id='word_1_724' title='bbox 1934 622 2090 666; x_wconf 78' lang='lat' dir='ltr'>ejusmodi</span> <span class='ocrx_word' id='word_1_725' title='bbox 2113 622 2244 658; x_wconf 87' lang='lat' dir='ltr'>homine</span> <span class='ocrx_word' id='word_1_726' title='bbox 2258 622 2306 655; x_wconf 90' lang='lat' dir='ltr'>vel</span> <span class='ocrx_word' id='word_1_727' title='bbox 2332 619 2403 663; x_wconf 84' lang='lat' dir='ltr'>post</span> 
     </span>
     <span class='ocr_line' id='line_1_89' title="bbox 1399 661 2403 713; baseline 0 -13"><span class='ocrx_word' id='word_1_728' title='bbox 1399 666 1600 703; x_wconf 73' lang='lat' dir='ltr'>novissimam</span> <span class='ocrx_word' id='word_1_729' title='bbox 1621 668 1714 713; x_wconf 68' lang='lat' dir='ltr'>illam</span> <span class='ocrx_word' id='word_1_730' title='bbox 1734 665 1897 704; x_wconf 87' lang='lat' dir='ltr'>inediam;</span> <span class='ocrx_word' id='word_1_731' title='bbox 1920 668 1954 701; x_wconf 87' lang='lat'>&amp;</span> <span class='ocrx_word' id='word_1_732' title='bbox 1977 666 2066 713; x_wconf 70' lang='lat' dir='ltr'>sanus</span> <span class='ocrx_word' id='word_1_733' title='bbox 2090 690 2102 707; x_wconf 93' lang='lat'>,</span> <span class='ocrx_word' id='word_1_734' title='bbox 2122 661 2181 700; x_wconf 85' lang='lat' dir='ltr'>nisi</span> <span class='ocrx_word' id='word_1_735' title='bbox 2204 664 2289 709; x_wconf 84' lang='lat' dir='ltr'>quod</span> <span class='ocrx_word' id='word_1_736' title='bbox 2311 673 2403 700; x_wconf 85' lang='lat' dir='ltr'>exte-</span> 
     </span>
     <span class='ocr_line' id='line_1_90' title="bbox 1398 706 2403 752; baseline -0.003 -8"><span class='ocrx_word' id='word_1_737' title='bbox 1398 712 1464 745; x_wconf 84' lang='lat' dir='ltr'>rius</span> <span class='ocrx_word' id='word_1_738' title='bbox 1485 712 1520 744; x_wconf 88' lang='lat' dir='ltr'>in</span> <span class='ocrx_word' id='word_1_739' title='bbox 1543 709 1652 745; x_wconf 87' lang='lat' dir='ltr'>medio</span> <span class='ocrx_word' id='word_1_740' title='bbox 1673 710 1772 746; x_wconf 85' lang='lat' dir='ltr'>faciei</span> <span class='ocrx_word' id='word_1_741' title='bbox 1806 709 1993 752; x_wconf 81' lang='lat' dir='ltr'>posterioris</span> <span class='ocrx_word' id='word_1_742' title='bbox 2010 709 2210 745; x_wconf 83' lang='lat' dir='ltr'>tuberculum</span> <span class='ocrx_word' id='word_1_743' title='bbox 2242 717 2307 742; x_wconf 89' lang='lat' dir='ltr'>erat</span> <span class='ocrx_word' id='word_1_744' title='bbox 2329 706 2403 741; x_wconf 92' lang='lat' dir='ltr'>sub-</span> 
     </span>
     <span class='ocr_line' id='line_1_91' title="bbox 1397 752 2402 796; baseline -0.004 -8"><span class='ocrx_word' id='word_1_745' title='bbox 1397 754 1570 789; x_wconf 89' lang='lat' dir='ltr'>rotundum</span> <span class='ocrx_word' id='word_1_746' title='bbox 1583 779 1592 795; x_wconf 92' lang='lat'>,</span> <span class='ocrx_word' id='word_1_747' title='bbox 1613 755 1796 788; x_wconf 87' lang='lat' dir='ltr'>ventriculo</span> <span class='ocrx_word' id='word_1_748' title='bbox 1818 761 1923 786; x_wconf 84' lang='lat' dir='ltr'>tamen</span> <span class='ocrx_word' id='word_1_749' title='bbox 1946 754 2099 787; x_wconf 87' lang='lat' dir='ltr'>concolor</span> <span class='ocrx_word' id='word_1_750' title='bbox 2114 777 2127 794; x_wconf 83' lang='lat'><em>‚</em></span> <span class='ocrx_word' id='word_1_751' title='bbox 2149 752 2236 796; x_wconf 89' lang='lat' dir='ltr'>quod</span> <span class='ocrx_word' id='word_1_752' title='bbox 2260 752 2377 787; x_wconf 66' lang='lat' dir='ltr'>sectum</span> <span class='ocrx_word' id='word_1_753' title='bbox 2387 773 2402 791; x_wconf 89' lang='lat'>,</span> 
     </span>
     <span class='ocr_line' id='line_1_92' title="bbox 1394 795 2402 840; baseline -0.002 -10"><span class='ocrx_word' id='word_1_754' title='bbox 1394 810 1431 831; x_wconf 86' lang='lat' dir='ltr'>ex</span> <span class='ocrx_word' id='word_1_755' title='bbox 1455 798 1563 832; x_wconf 86' lang='lat' dir='ltr'>eadem</span> <span class='ocrx_word' id='word_1_756' title='bbox 1586 798 1652 832; x_wconf 84' lang='lat' dir='ltr'>fieri</span> <span class='ocrx_word' id='word_1_757' title='bbox 1678 796 1849 832; x_wconf 87' lang='lat' dir='ltr'>substantia</span> <span class='ocrx_word' id='word_1_758' title='bbox 1871 795 1974 829; x_wconf 89' lang='lat' dir='ltr'>visum</span> <span class='ocrx_word' id='word_1_759' title='bbox 1997 796 2039 830; x_wconf 88' lang='lat' dir='ltr'>est</span> <span class='ocrx_word' id='word_1_760' title='bbox 2057 820 2070 838; x_wconf 89' lang='lat'><em>‚</em></span> <span class='ocrx_word' id='word_1_761' title='bbox 2101 807 2139 832; x_wconf 83' lang='lat' dir='ltr'>ex</span> <span class='ocrx_word' id='word_1_762' title='bbox 2160 808 2223 840; x_wconf 85' lang='lat' dir='ltr'>qua</span> <span class='ocrx_word' id='word_1_763' title='bbox 2245 797 2402 839; x_wconf 67' lang='lat' dir='ltr'>pleraeque</span> 
     </span>
     <span class='ocr_line' id='line_1_93' title="bbox 1393 838 2401 885; baseline -0.003 -11"><span class='ocrx_word' id='word_1_764' title='bbox 1393 840 1480 875; x_wconf 82' lang='lat' dir='ltr'>fibrae</span> <span class='ocrx_word' id='word_1_765' title='bbox 1505 841 1696 877; x_wconf 83' lang='lat' dir='ltr'>ventriculi.</span> <span class='ocrx_word' id='word_1_766' title='bbox 1722 840 1820 875; x_wconf 86' lang='lat' dir='ltr'>Tunc</span> <span class='ocrx_word' id='word_1_767' title='bbox 1844 838 1882 872; x_wconf 91' lang='lat' dir='ltr'>ad</span> <span class='ocrx_word' id='word_1_768' title='bbox 1905 838 2037 874; x_wconf 85' lang='lat' dir='ltr'>veficarn</span> <span class='ocrx_word' id='word_1_769' title='bbox 2057 864 2069 881; x_wconf 91' lang='lat'>,</span> <span class='ocrx_word' id='word_1_770' title='bbox 2101 850 2173 885; x_wconf 83' lang='lat' dir='ltr'>quae</span> <span class='ocrx_word' id='word_1_771' title='bbox 2199 865 2207 879; x_wconf 91' lang='lat'>,</span> <span class='ocrx_word' id='word_1_772' title='bbox 2230 838 2401 874; x_wconf 87' lang='lat' dir='ltr'>Tenuibus</span> 
     </span>
     <span class='ocr_line' id='line_1_94' title="bbox 1391 881 2402 926; baseline -0.002 -9"><span class='ocrx_word' id='word_1_773' title='bbox 1391 884 1547 919; x_wconf 85' lang='lat' dir='ltr'>intestinis</span> <span class='ocrx_word' id='word_1_774' title='bbox 1570 884 1690 919; x_wconf 82' lang='lat' dir='ltr'>sursum</span> <span class='ocrx_word' id='word_1_775' title='bbox 1711 882 1883 926; x_wconf 80' lang='lat' dir='ltr'>compulsis</span> <span class='ocrx_word' id='word_1_776' title='bbox 1907 903 1918 920; x_wconf 81' lang='lat'><em>‚</em></span> <span class='ocrx_word' id='word_1_777' title='bbox 1949 881 2048 917; x_wconf 88' lang='lat' dir='ltr'>ferme</span> <span class='ocrx_word' id='word_1_778' title='bbox 2072 883 2109 918; x_wconf 87' lang='lat' dir='ltr'>ad</span> <span class='ocrx_word' id='word_1_779' title='bbox 2131 883 2325 918; x_wconf 88' lang='lat' dir='ltr'>umbilicum</span> <span class='ocrx_word' id='word_1_780' title='bbox 2348 881 2402 916; x_wconf 87' lang='lat' dir='ltr'>us-</span> 
     </span>
     <span class='ocr_line' id='line_1_95' title="bbox 1391 926 2403 971; baseline -0.003 -9"><span class='ocrx_word' id='word_1_781' title='bbox 1391 939 1451 971; x_wconf 91' lang='lat' dir='ltr'>que</span> <span class='ocrx_word' id='word_1_782' title='bbox 1475 927 1504 961; x_wconf 92' lang='lat' dir='ltr'>se</span> <span class='ocrx_word' id='word_1_783' title='bbox 1527 927 1713 962; x_wconf 87' lang='lat' dir='ltr'>extendebat</span> <span class='ocrx_word' id='word_1_784' title='bbox 1730 950 1743 967; x_wconf 87' lang='lat'>,</span> <span class='ocrx_word' id='word_1_785' title='bbox 1774 927 1888 960; x_wconf 83' lang='lat' dir='ltr'>oculos</span> <span class='ocrx_word' id='word_1_786' title='bbox 1909 948 1922 965; x_wconf 85' lang='lat'>,</span> <span class='ocrx_word' id='word_1_787' title='bbox 1945 926 2117 971; x_wconf 89' lang='lat' dir='ltr'>manusque</span> <span class='ocrx_word' id='word_1_788' title='bbox 2141 935 2363 960; x_wconf 85' lang='lat' dir='ltr'>convertentes</span> <span class='ocrx_word' id='word_1_789' title='bbox 2387 947 2403 964; x_wconf 85' lang='lat'>,</span> 
     </span>
     <span class='ocr_line' id='line_1_96' title="bbox 1390 969 2402 1015; baseline -0.003 -10"><span class='ocrx_word' id='word_1_790' title='bbox 1390 980 1494 1005; x_wconf 84' lang='lat' dir='ltr'>totam</span> <span class='ocrx_word' id='word_1_791' title='bbox 1517 971 1712 1015; x_wconf 80' lang='lat' dir='ltr'>pinguedine</span> <span class='ocrx_word' id='word_1_792' title='bbox 1721 978 1891 1014; x_wconf 86' lang='lat' dir='ltr'>opertam,</span> <span class='ocrx_word' id='word_1_793' title='bbox 1914 969 1998 1003; x_wconf 90' lang='lat' dir='ltr'>lotio</span> <span class='ocrx_word' id='word_1_794' title='bbox 2012 980 2118 1004; x_wconf 89' lang='lat' dir='ltr'>autem</span> <span class='ocrx_word' id='word_1_795' title='bbox 2140 970 2340 1009; x_wconf 86' lang='lat' dir='ltr'>distentam,</span> <span class='ocrx_word' id='word_1_796' title='bbox 2363 975 2402 1002; x_wconf 86' lang='lat' dir='ltr'>ut</span> 
     </span>
     <span class='ocr_line' id='line_1_97' title="bbox 1391 1011 2402 1058; baseline -0.004 -10"><span class='ocrx_word' id='word_1_797' title='bbox 1391 1026 1468 1049; x_wconf 88' lang='lat' dir='ltr'>mox</span> <span class='ocrx_word' id='word_1_798' title='bbox 1490 1024 1625 1050; x_wconf 88' lang='lat' dir='ltr'>ureteres</span> <span class='ocrx_word' id='word_1_799' title='bbox 1646 1016 1790 1058; x_wconf 86' lang='lat' dir='ltr'>pariter,</span> <span class='ocrx_word' id='word_1_800' title='bbox 1813 1018 1846 1047; x_wconf 85' lang='lat'>&amp;</span> <span class='ocrx_word' id='word_1_801' title='bbox 1869 1023 1955 1046; x_wconf 88' lang='lat' dir='ltr'>renes</span> <span class='ocrx_word' id='word_1_802' title='bbox 1977 1034 1988 1050; x_wconf 95' lang='lat'>,</span> <span class='ocrx_word' id='word_1_803' title='bbox 2019 1013 2286 1057; x_wconf 86' lang='lat' dir='ltr'>deprehendimus</span> <span class='ocrx_word' id='word_1_804' title='bbox 2304 1036 2312 1045; x_wconf 89' lang='lat'>.</span> <span class='ocrx_word' id='word_1_805' title='bbox 2350 1011 2402 1045; x_wconf 89' lang='lat' dir='ltr'>Hi</span> 
     </span>
     <span class='ocr_line' id='line_1_98' title="bbox 1390 1055 2405 1102; baseline -0.003 -10"><span class='ocrx_word' id='word_1_806' title='bbox 1390 1069 1520 1102; x_wconf 89' lang='lat' dir='ltr'>quoque</span> <span class='ocrx_word' id='word_1_807' title='bbox 1544 1057 1736 1102; x_wconf 80' lang='lat' dir='ltr'>pinguedine</span> <span class='ocrx_word' id='word_1_808' title='bbox 1747 1057 1881 1093; x_wconf 65' lang='lat' dir='ltr'>obducti</span> <span class='ocrx_word' id='word_1_809' title='bbox 1905 1065 2016 1095; x_wconf 89' lang='lat' dir='ltr'>erant,</span> <span class='ocrx_word' id='word_1_810' title='bbox 2041 1068 2138 1101; x_wconf 84' lang='lat' dir='ltr'>eaque</span> <span class='ocrx_word' id='word_1_811' title='bbox 2155 1057 2315 1100; x_wconf 85' lang='lat' dir='ltr'>plurima,</span> <span class='ocrx_word' id='word_1_812' title='bbox 2339 1055 2405 1089; x_wconf 88' lang='lat' dir='ltr'>du-</span> 
     </span>
     <span class='ocr_line' id='line_1_99' title="bbox 1389 1098 2404 1144; baseline -0.003 -10"><span class='ocrx_word' id='word_1_813' title='bbox 1389 1113 1445 1142; x_wconf 86' lang='lat' dir='ltr'>ra,</span> <span class='ocrx_word' id='word_1_814' title='bbox 1466 1099 1601 1144; x_wconf 81' lang='lat' dir='ltr'>ipsisque</span> <span class='ocrx_word' id='word_1_815' title='bbox 1625 1101 1791 1135; x_wconf 60' lang='lat' dir='ltr'>affiiiffime</span> <span class='ocrx_word' id='word_1_816' title='bbox 1814 1098 2014 1134; x_wconf 82' lang='lat' dir='ltr'>adhaerente.</span> <span class='ocrx_word' id='word_1_817' title='bbox 2039 1101 2151 1134; x_wconf 88' lang='lat' dir='ltr'>Ambo</span> <span class='ocrx_word' id='word_1_818' title='bbox 2165 1103 2303 1135; x_wconf 87' lang='lat' dir='ltr'>exterius</span> <span class='ocrx_word' id='word_1_819' title='bbox 2326 1099 2404 1132; x_wconf 81' lang='lat' dir='ltr'>inae-</span> 
     </span>
     <span class='ocr_line' id='line_1_100' title="bbox 1389 1142 2403 1188; baseline -0.004 -9"><span class='ocrx_word' id='word_1_820' title='bbox 1389 1144 1477 1188; x_wconf 86' lang='lat' dir='ltr'>quali</span> <span class='ocrx_word' id='word_1_821' title='bbox 1503 1143 1664 1186; x_wconf 87' lang='lat' dir='ltr'>superficie</span> <span class='ocrx_word' id='word_1_822' title='bbox 1682 1168 1695 1185; x_wconf 88' lang='lat'>,</span> <span class='ocrx_word' id='word_1_823' title='bbox 1726 1155 1782 1177; x_wconf 86' lang='lat' dir='ltr'>nec</span> <span class='ocrx_word' id='word_1_824' title='bbox 1805 1143 1867 1178; x_wconf 85' lang='lat' dir='ltr'>fine</span> <span class='ocrx_word' id='word_1_825' title='bbox 1897 1142 2029 1177; x_wconf 83' lang='lat' dir='ltr'>indiciis</span> <span class='ocrx_word' id='word_1_826' title='bbox 2053 1153 2124 1178; x_wconf 89' lang='lat' dir='ltr'>tum</span> <span class='ocrx_word' id='word_1_827' title='bbox 2146 1147 2260 1178; x_wconf 84' lang='lat' dir='ltr'>veteris</span> <span class='ocrx_word' id='word_1_828' title='bbox 2281 1168 2294 1184; x_wconf 82' lang='lat'>,</span> <span class='ocrx_word' id='word_1_829' title='bbox 2329 1152 2403 1176; x_wconf 85' lang='lat' dir='ltr'>turn</span> 
     </span>
     <span class='ocr_line' id='line_1_101' title="bbox 1392 1185 2403 1231; baseline -0.003 -10"><span class='ocrx_word' id='word_1_830' title='bbox 1392 1187 1555 1231; x_wconf 72' lang='lat' dir='ltr'>praesentis</span> <span class='ocrx_word' id='word_1_831' title='bbox 1577 1189 1652 1221; x_wconf 84' lang='lat' dir='ltr'>vitii</span> <span class='ocrx_word' id='word_1_832' title='bbox 1675 1186 1829 1225; x_wconf 80' lang='lat' dir='ltr'>ulcerosi,</span> <span class='ocrx_word' id='word_1_833' title='bbox 1854 1186 1990 1219; x_wconf 88' lang='lat' dir='ltr'>interius</span> <span class='ocrx_word' id='word_1_834' title='bbox 2013 1198 2088 1220; x_wconf 90' lang='lat' dir='ltr'>vero</span> <span class='ocrx_word' id='word_1_835' title='bbox 2110 1197 2233 1230; x_wconf 89' lang='lat' dir='ltr'>quanto</span> <span class='ocrx_word' id='word_1_836' title='bbox 2256 1185 2372 1230; x_wconf 83' lang='lat' dir='ltr'>majori</span> <span class='ocrx_word' id='word_1_837' title='bbox 2389 1189 2403 1225; x_wconf 73' lang='lat'>;</span> 
     </span>
     <span class='ocr_line' id='line_1_102' title="bbox 1391 1229 2403 1275; baseline -0.001 -10"><span class='ocrx_word' id='word_1_838' title='bbox 1391 1242 1489 1275; x_wconf 89' lang='lat' dir='ltr'>quam</span> <span class='ocrx_word' id='word_1_839' title='bbox 1512 1230 1636 1271; x_wconf 82' lang='lat' dir='ltr'>solent,</span> <span class='ocrx_word' id='word_1_840' title='bbox 1659 1241 1751 1264; x_wconf 89' lang='lat' dir='ltr'>cavea</span> <span class='ocrx_word' id='word_1_841' title='bbox 1773 1251 1783 1268; x_wconf 87' lang='lat'>,</span> <span class='ocrx_word' id='word_1_842' title='bbox 1814 1237 1907 1263; x_wconf 88' lang='lat' dir='ltr'>tanto</span> <span class='ocrx_word' id='word_1_843' title='bbox 1929 1231 2034 1263; x_wconf 79' lang='lat' dir='ltr'>minus</span> <span class='ocrx_word' id='word_1_844' title='bbox 2064 1229 2161 1264; x_wconf 77' lang='lat' dir='ltr'>crassa</span> <span class='ocrx_word' id='word_1_845' title='bbox 2193 1231 2403 1265; x_wconf 82' lang='lat' dir='ltr'>circumcirca</span> 
     </span>
     <span class='ocr_line' id='line_1_103' title="bbox 1391 1272 2403 1319; baseline -0.002 -11"><span class='ocrx_word' id='word_1_846' title='bbox 1391 1275 1586 1316; x_wconf 83' lang='lat' dir='ltr'>substantia,</span> <span class='ocrx_word' id='word_1_847' title='bbox 1608 1286 1647 1307; x_wconf 90' lang='lat' dir='ltr'>an</span> <span class='ocrx_word' id='word_1_848' title='bbox 1672 1273 1762 1318; x_wconf 90' lang='lat' dir='ltr'>quod</span> <span class='ocrx_word' id='word_1_849' title='bbox 1784 1272 1897 1316; x_wconf 78' lang='lat' dir='ltr'>saepius</span> <span class='ocrx_word' id='word_1_850' title='bbox 1920 1281 2077 1319; x_wconf 71' lang='lat' dir='ltr'>remorata</span> <span class='ocrx_word' id='word_1_851' title='bbox 2107 1274 2199 1307; x_wconf 86' lang='lat' dir='ltr'>urina</span> <span class='ocrx_word' id='word_1_852' title='bbox 2221 1273 2403 1308; x_wconf 85' lang='lat' dir='ltr'>distenden-</span> 
     </span>
     <span class='ocr_line' id='line_1_104' title="bbox 1390 1314 2404 1360; baseline 0 -10"><span class='ocrx_word' id='word_1_853' title='bbox 1390 1318 1434 1351; x_wconf 90' lang='lat' dir='ltr'>do</span> <span class='ocrx_word' id='word_1_854' title='bbox 1455 1316 1672 1351; x_wconf 86' lang='lat' dir='ltr'>extenuasset?</span> <span class='ocrx_word' id='word_1_855' title='bbox 1695 1329 1734 1351; x_wconf 84' lang='lat' dir='ltr'>an</span> <span class='ocrx_word' id='word_1_856' title='bbox 1759 1318 1868 1360; x_wconf 81' lang='lat' dir='ltr'>potius</span> <span class='ocrx_word' id='word_1_857' title='bbox 1892 1315 1932 1351; x_wconf 77' lang='lat' dir='ltr'>ab,</span> <span class='ocrx_word' id='word_1_858' title='bbox 1952 1314 2125 1349; x_wconf 79' lang='lat' dir='ltr'>erohone?</span> <span class='ocrx_word' id='word_1_859' title='bbox 2157 1326 2193 1351; x_wconf 91' lang='lat' dir='ltr'>ut</span> <span class='ocrx_word' id='word_1_860' title='bbox 2217 1317 2404 1352; x_wconf 82' lang='lat' dir='ltr'>subobscure</span> 
     </span>
     <span class='ocr_line' id='line_1_105' title="bbox 1391 1358 2404 1404; baseline 0.001 -12"><span class='ocrx_word' id='word_1_861' title='bbox 1391 1361 1579 1395; x_wconf 85' lang='lat' dir='ltr'>videbatur.</span> <span class='ocrx_word' id='word_1_862' title='bbox 1605 1362 1687 1395; x_wconf 81' lang='lat' dir='ltr'>Haec</span> <span class='ocrx_word' id='word_1_863' title='bbox 1710 1360 1819 1394; x_wconf 86' lang='lat' dir='ltr'>omnia</span> <span class='ocrx_word' id='word_1_864' title='bbox 1843 1361 1876 1393; x_wconf 91' lang='lat' dir='ltr'>in</span> <span class='ocrx_word' id='word_1_865' title='bbox 1899 1369 1969 1392; x_wconf 89' lang='lat' dir='ltr'>rene</span> <span class='ocrx_word' id='word_1_866' title='bbox 1991 1358 2125 1393; x_wconf 82' lang='lat' dir='ltr'>dextero</span> <span class='ocrx_word' id='word_1_867' title='bbox 2146 1361 2249 1404; x_wconf 83' lang='lat' dir='ltr'>magis</span> <span class='ocrx_word' id='word_1_868' title='bbox 2272 1371 2404 1404; x_wconf 87' lang='lat' dir='ltr'>appare-</span> 
     </span>
     <span class='ocr_line' id='line_1_106' title="bbox 1392 1402 2404 1448; baseline -0.001 -10"><span class='ocrx_word' id='word_1_869' title='bbox 1392 1404 1491 1442; x_wconf 89' lang='lat' dir='ltr'>bant,</span> <span class='ocrx_word' id='word_1_870' title='bbox 1515 1405 1571 1448; x_wconf 88' lang='lat' dir='ltr'>qui</span> <span class='ocrx_word' id='word_1_871' title='bbox 1595 1407 1628 1438; x_wconf 86' lang='lat'>&amp;</span> <span class='ocrx_word' id='word_1_872' title='bbox 1651 1404 1799 1438; x_wconf 86' lang='lat' dir='ltr'>cellulam</span> <span class='ocrx_word' id='word_1_873' title='bbox 1821 1402 1934 1437; x_wconf 87' lang='lat' dir='ltr'>habuit</span> <span class='ocrx_word' id='word_1_874' title='bbox 1949 1402 2143 1437; x_wconf 87' lang='lat' dir='ltr'>mediocrem</span> <span class='ocrx_word' id='word_1_875' title='bbox 2167 1414 2205 1437; x_wconf 87' lang='lat' dir='ltr'>ex</span> <span class='ocrx_word' id='word_1_876' title='bbox 2219 1414 2306 1446; x_wconf 83' lang='lat' dir='ltr'>parte</span> <span class='ocrx_word' id='word_1_877' title='bbox 2328 1415 2404 1448; x_wconf 91' lang='lat' dir='ltr'>pro-</span> 
     </span>
     <span class='ocr_line' id='line_1_107' title="bbox 1394 1446 2403 1489; baseline 0 -8"><span class='ocrx_word' id='word_1_878' title='bbox 1394 1450 1569 1481; x_wconf 87' lang='lat' dir='ltr'>minentem</span> <span class='ocrx_word' id='word_1_879' title='bbox 1591 1448 1793 1487; x_wconf 78' lang='lat' dir='ltr'>extrorsum,</span> <span class='ocrx_word' id='word_1_880' title='bbox 1817 1458 1855 1480; x_wconf 89' lang='lat' dir='ltr'>ex</span> <span class='ocrx_word' id='word_1_881' title='bbox 1878 1455 1965 1489; x_wconf 89' lang='lat' dir='ltr'>parte</span> <span class='ocrx_word' id='word_1_882' title='bbox 1987 1447 2022 1480; x_wconf 91' lang='lat' dir='ltr'>in</span> <span class='ocrx_word' id='word_1_883' title='bbox 2045 1448 2128 1481; x_wconf 89' lang='lat' dir='ltr'>renis</span> <span class='ocrx_word' id='word_1_884' title='bbox 2151 1446 2322 1482; x_wconf 85' lang='lat' dir='ltr'>substantia</span> <span class='ocrx_word' id='word_1_885' title='bbox 2347 1459 2403 1481; x_wconf 88' lang='lat' dir='ltr'>ex-</span> 
     </span>
     <span class='ocr_line' id='line_1_108' title="bbox 1390 1488 2404 1535; baseline -0.002 -9"><span class='ocrx_word' id='word_1_886' title='bbox 1390 1500 1533 1526; x_wconf 84' lang='lat' dir='ltr'>cavatam</span> <span class='ocrx_word' id='word_1_887' title='bbox 1547 1517 1556 1532; x_wconf 92' lang='lat'><em>‚</em></span> <span class='ocrx_word' id='word_1_888' title='bbox 1581 1491 1714 1525; x_wconf 89' lang='lat' dir='ltr'>humore</span> <span class='ocrx_word' id='word_1_889' title='bbox 1736 1491 1837 1525; x_wconf 72' lang='lat' dir='ltr'>urinae</span> <span class='ocrx_word' id='word_1_890' title='bbox 1860 1488 1956 1524; x_wconf 87' lang='lat' dir='ltr'>simili</span> <span class='ocrx_word' id='word_1_891' title='bbox 1980 1491 2125 1533; x_wconf 87' lang='lat' dir='ltr'>plenam.</span> <span class='ocrx_word' id='word_1_892' title='bbox 2151 1492 2303 1526; x_wconf 88' lang='lat' dir='ltr'>Ureteres</span> <span class='ocrx_word' id='word_1_893' title='bbox 2316 1503 2404 1535; x_wconf 91' lang='lat' dir='ltr'>quo-</span> 
     </span>
     <span class='ocr_line' id='line_1_109' title="bbox 1390 1533 2405 1579; baseline 0 -10"><span class='ocrx_word' id='word_1_894' title='bbox 1390 1547 1452 1579; x_wconf 89' lang='lat' dir='ltr'>que</span> <span class='ocrx_word' id='word_1_895' title='bbox 1475 1534 1531 1568; x_wconf 83' lang='lat' dir='ltr'>etsi</span> <span class='ocrx_word' id='word_1_896' title='bbox 1553 1535 1646 1568; x_wconf 87' lang='lat' dir='ltr'>ambo</span> <span class='ocrx_word' id='word_1_897' title='bbox 1669 1543 1757 1568; x_wconf 90' lang='lat' dir='ltr'>erant</span> <span class='ocrx_word' id='word_1_898' title='bbox 1781 1536 1826 1567; x_wconf 86' lang='lat' dir='ltr'>ita</span> <span class='ocrx_word' id='word_1_899' title='bbox 1850 1533 2037 1576; x_wconf 85' lang='lat' dir='ltr'>amplificati</span> <span class='ocrx_word' id='word_1_900' title='bbox 2064 1558 2077 1575; x_wconf 88' lang='lat'>,</span> <span class='ocrx_word' id='word_1_901' title='bbox 2106 1543 2143 1568; x_wconf 93' lang='lat' dir='ltr'>ut</span> <span class='ocrx_word' id='word_1_902' title='bbox 2165 1537 2325 1570; x_wconf 89' lang='lat' dir='ltr'>continuo</span> <span class='ocrx_word' id='word_1_903' title='bbox 2348 1547 2405 1569; x_wconf 84' lang='lat' dir='ltr'>ex-</span> 
     </span>
     <span class='ocr_line' id='line_1_110' title="bbox 1394 1576 2407 1623; baseline 0 -11"><span class='ocrx_word' id='word_1_904' title='bbox 1394 1589 1537 1622; x_wconf 82' lang='lat' dir='ltr'>ponam3</span> <span class='ocrx_word' id='word_1_905' title='bbox 1559 1588 1664 1611; x_wconf 83' lang='lat' dir='ltr'>tamen</span> <span class='ocrx_word' id='word_1_906' title='bbox 1689 1577 1784 1620; x_wconf 84' lang='lat' dir='ltr'>paulo</span> <span class='ocrx_word' id='word_1_907' title='bbox 1806 1577 1912 1611; x_wconf 91' lang='lat' dir='ltr'>minus</span> <span class='ocrx_word' id='word_1_908' title='bbox 1935 1576 2053 1611; x_wconf 85' lang='lat' dir='ltr'>sinister</span> <span class='ocrx_word' id='word_1_909' title='bbox 2075 1576 2140 1612; x_wconf 86' lang='lat' dir='ltr'>fuit</span> <span class='ocrx_word' id='word_1_910' title='bbox 2163 1601 2173 1616; x_wconf 86' lang='lat'>,</span> <span class='ocrx_word' id='word_1_911' title='bbox 2207 1590 2305 1623; x_wconf 86' lang='lat' dir='ltr'>quam</span> <span class='ocrx_word' id='word_1_912' title='bbox 2327 1578 2407 1613; x_wconf 87' lang='lat' dir='ltr'>dex-</span> 
     </span>
     <span class='ocr_line' id='line_1_111' title="bbox 1394 1620 2408 1664; baseline 0 -8"><span class='ocrx_word' id='word_1_913' title='bbox 1394 1632 1466 1656; x_wconf 84' lang='lat' dir='ltr'>ter.</span> <span class='ocrx_word' id='word_1_914' title='bbox 1490 1622 1557 1655; x_wconf 91' lang='lat' dir='ltr'>Hic</span> <span class='ocrx_word' id='word_1_915' title='bbox 1581 1622 1666 1655; x_wconf 90' lang='lat' dir='ltr'>enim</span> <span class='ocrx_word' id='word_1_916' title='bbox 1688 1632 1751 1664; x_wconf 87' lang='lat' dir='ltr'>qua</span> <span class='ocrx_word' id='word_1_917' title='bbox 1774 1631 1813 1655; x_wconf 85' lang='lat' dir='ltr'>ex</span> <span class='ocrx_word' id='word_1_918' title='bbox 1834 1630 1905 1653; x_wconf 87' lang='lat' dir='ltr'>rene</span> <span class='ocrx_word' id='word_1_919' title='bbox 1930 1620 2103 1663; x_wconf 80' lang='lat' dir='ltr'>prodibat,</span> <span class='ocrx_word' id='word_1_920' title='bbox 2127 1621 2338 1664; x_wconf 82' lang='lat' dir='ltr'>gallinaceum</span> <span class='ocrx_word' id='word_1_921' title='bbox 2361 1633 2408 1656; x_wconf 64' lang='grc' dir='ltr'>κ-</span> 
     </span>
     <span class='ocr_line' id='line_1_112' title="bbox 1393 1664 2408 1711; baseline 0 -11"><span class='ocrx_word' id='word_1_922' title='bbox 1393 1665 1512 1711; x_wconf 88' lang='lat' dir='ltr'>quabat</span> <span class='ocrx_word' id='word_1_923' title='bbox 1536 1665 1670 1699; x_wconf 90' lang='lat' dir='ltr'>ovulum</span> <span class='ocrx_word' id='word_1_924' title='bbox 1684 1688 1695 1704; x_wconf 86' lang='lat'>,</span> <span class='ocrx_word' id='word_1_925' title='bbox 1718 1664 1752 1697; x_wconf 91' lang='lat' dir='ltr'>in</span> <span class='ocrx_word' id='word_1_926' title='bbox 1776 1664 1900 1699; x_wconf 86' lang='lat' dir='ltr'>summo</span> <span class='ocrx_word' id='word_1_927' title='bbox 1923 1671 2131 1704; x_wconf 80' lang='lat' dir='ltr'>truncatum3</span> <span class='ocrx_word' id='word_1_928' title='bbox 2156 1666 2276 1710; x_wconf 85' lang='lat' dir='ltr'>reliqua</span> <span class='ocrx_word' id='word_1_929' title='bbox 2302 1674 2408 1700; x_wconf 86' lang='lat' dir='ltr'>autem</span> 
     </span>
     <span class='ocr_line' id='line_1_113' title="bbox 1395 1707 2407 1754; baseline -0.001 -11"><span class='ocrx_word' id='word_1_930' title='bbox 1395 1718 1487 1754; x_wconf 85' lang='lat' dir='ltr'>parte</span> <span class='ocrx_word' id='word_1_931' title='bbox 1506 1707 1742 1751; x_wconf 84' lang='lat' dir='ltr'>propemodum</span> <span class='ocrx_word' id='word_1_932' title='bbox 1765 1716 1834 1741; x_wconf 81' lang='lat' dir='ltr'>tota</span> <span class='ocrx_word' id='word_1_933' title='bbox 1847 1709 1962 1741; x_wconf 89' lang='lat' dir='ltr'>Aortae</span> <span class='ocrx_word' id='word_1_934' title='bbox 1985 1709 2109 1741; x_wconf 81' lang='lat' dir='ltr'>arteriae</span> <span class='ocrx_word' id='word_1_935' title='bbox 2131 1717 2281 1744; x_wconf 89' lang='lat' dir='ltr'>truncum</span> <span class='ocrx_word' id='word_1_936' title='bbox 2294 1710 2407 1743; x_wconf 83' lang='lat' dir='ltr'>Iliacis</span> 
     </span>
     <span class='ocr_line' id='line_1_114' title="bbox 1397 1749 2407 1799; baseline 0 -13"><span class='ocrx_word' id='word_1_937' title='bbox 1397 1753 1586 1799; x_wconf 79' lang='lat' dir='ltr'>proximum</span> <span class='ocrx_word' id='word_1_938' title='bbox 1609 1763 1674 1798; x_wconf 83' lang='lat' dir='ltr'>non</span> <span class='ocrx_word' id='word_1_939' title='bbox 1699 1751 1794 1794; x_wconf 86' lang='lat' dir='ltr'>paulo</span> <span class='ocrx_word' id='word_1_940' title='bbox 1818 1750 2001 1792; x_wconf 86' lang='lat' dir='ltr'>superabat,</span> <span class='ocrx_word' id='word_1_941' title='bbox 2025 1749 2085 1796; x_wconf 78' lang='lat' dir='ltr'>nisi</span> <span class='ocrx_word' id='word_1_942' title='bbox 2096 1753 2185 1794; x_wconf 91' lang='lat' dir='ltr'>quod</span> <span class='ocrx_word' id='word_1_943' title='bbox 2208 1764 2307 1796; x_wconf 88' lang='lat' dir='ltr'>prope</span> <span class='ocrx_word' id='word_1_944' title='bbox 2318 1754 2407 1787; x_wconf 86' lang='lat' dir='ltr'>suam</span> 
     </span>
     <span class='ocr_line' id='line_1_115' title="bbox 1397 1793 2408 1837; baseline -0.001 -7"><span class='ocrx_word' id='word_1_945' title='bbox 1397 1799 1431 1830; x_wconf 87' lang='lat' dir='ltr'>in</span> <span class='ocrx_word' id='word_1_946' title='bbox 1455 1796 1585 1831; x_wconf 80' lang='lat' dir='ltr'>vesicam</span> <span class='ocrx_word' id='word_1_947' title='bbox 1609 1796 1814 1828; x_wconf 86' lang='lat' dir='ltr'>insertionem</span> <span class='ocrx_word' id='word_1_948' title='bbox 1838 1793 2037 1837; x_wconf 79' lang='lat' dir='ltr'>aliquantum</span> <span class='ocrx_word' id='word_1_949' title='bbox 2060 1795 2088 1827; x_wconf 87' lang='lat' dir='ltr'>le</span> <span class='ocrx_word' id='word_1_950' title='bbox 2109 1795 2345 1835; x_wconf 87' lang='lat' dir='ltr'>contrahebat,</span> <span class='ocrx_word' id='word_1_951' title='bbox 2368 1808 2408 1829; x_wconf 92' lang='lat'>0-</span> 
     </span>
     <span class='ocr_line' id='line_1_116' title="bbox 1397 1835 2408 1889; baseline -0.001 -16"><span class='ocrx_word' id='word_1_952' title='bbox 1397 1838 1506 1873; x_wconf 86' lang='lat' dir='ltr'>rificio</span> <span class='ocrx_word' id='word_1_953' title='bbox 1538 1848 1644 1873; x_wconf 85' lang='lat' dir='ltr'>autem</span> <span class='ocrx_word' id='word_1_954' title='bbox 1667 1847 1809 1871; x_wconf 88' lang='lat' dir='ltr'>extremo</span> <span class='ocrx_word' id='word_1_955' title='bbox 1843 1835 2117 1889; x_wconf 31' lang='lat' dir='ltr'>minimlxapicem</span> <span class='ocrx_word' id='word_1_956' title='bbox 2150 1838 2247 1883; x_wconf 79' lang='lat' dir='ltr'>digiti</span> <span class='ocrx_word' id='word_1_957' title='bbox 2274 1840 2328 1872; x_wconf 72' lang='lat' dir='ltr'>rix</span> <span class='ocrx_word' id='word_1_958' title='bbox 2352 1838 2408 1872; x_wconf 82' lang='lat' dir='ltr'>ad-</span> 
     </span>
     <span class='ocr_line' id='line_1_117' title="bbox 1397 1879 2408 1926; baseline -0.002 -10"><span class='ocrx_word' id='word_1_959' title='bbox 1397 1882 1549 1917; x_wconf 82' lang='lat' dir='ltr'>mittebat</span> <span class='ocrx_word' id='word_1_960' title='bbox 1570 1906 1579 1914; x_wconf 92' lang='lat'><strong>.</strong></span> <span class='ocrx_word' id='word_1_961' title='bbox 1616 1884 1655 1915; x_wconf 93' lang='lat' dir='ltr'>In</span> <span class='ocrx_word' id='word_1_962' title='bbox 1689 1889 1779 1915; x_wconf 85' lang='lat' dir='ltr'>tanta</span> <span class='ocrx_word' id='word_1_963' title='bbox 1801 1879 1993 1915; x_wconf 74' lang='lat' dir='ltr'>dilatatione</span> <span class='ocrx_word' id='word_1_964' title='bbox 2025 1892 2091 1915; x_wconf 84' lang='lat' dir='ltr'>erat</span> <span class='ocrx_word' id='word_1_965' title='bbox 2115 1881 2241 1926; x_wconf 85' lang='lat' dir='ltr'>insuper</span> <span class='ocrx_word' id='word_1_966' title='bbox 2273 1883 2408 1926; x_wconf 82' lang='lat' dir='ltr'>longior</span> 
     </span>
     <span class='ocr_line' id='line_1_118' title="bbox 1399 1923 2408 1968; baseline -0.001 -9"><span class='ocrx_word' id='word_1_967' title='bbox 1399 1926 1502 1960; x_wconf 69' lang='lat' dir='ltr'>factus</span> <span class='ocrx_word' id='word_1_968' title='bbox 1529 1949 1541 1966; x_wconf 93' lang='lat'>,</span> <span class='ocrx_word' id='word_1_969' title='bbox 1572 1934 1608 1959; x_wconf 89' lang='lat' dir='ltr'>ut</span> <span class='ocrx_word' id='word_1_970' title='bbox 1632 1924 1796 1958; x_wconf 86' lang='lat' dir='ltr'>excederet</span> <span class='ocrx_word' id='word_1_971' title='bbox 1821 1924 2007 1960; x_wconf 88' lang='lat' dir='ltr'>transversos</span> <span class='ocrx_word' id='word_1_972' title='bbox 2029 1923 2154 1968; x_wconf 80' lang='lat' dir='ltr'>digitos</span> <span class='ocrx_word' id='word_1_973' title='bbox 2177 1928 2315 1968; x_wconf 71' lang='lat' dir='ltr'>triginta</span> <span class='ocrx_word' id='word_1_974' title='bbox 2337 1950 2350 1967; x_wconf 90' lang='lat'>,</span> <span class='ocrx_word' id='word_1_975' title='bbox 2383 1925 2408 1958; x_wconf 84' lang='lat' dir='ltr'>fi</span> 
     </span>
     <span class='ocr_line' id='line_1_119' title="bbox 1394 1965 2410 2014; baseline -0.002 -10"><span class='ocrx_word' id='word_1_976' title='bbox 1394 1967 1574 2004; x_wconf 83' lang='lat' dir='ltr'>extenderes</span> <span class='ocrx_word' id='word_1_977' title='bbox 1597 1981 1607 2007; x_wconf 82' lang='lat'>3</span> <span class='ocrx_word' id='word_1_978' title='bbox 1640 1968 1753 2011; x_wconf 73' lang='lat' dir='ltr'>saepius</span> <span class='ocrx_word' id='word_1_979' title='bbox 1778 1968 1865 2001; x_wconf 85' lang='lat' dir='ltr'>enim</span> <span class='ocrx_word' id='word_1_980' title='bbox 1886 1969 1949 2002; x_wconf 85' lang='lat' dir='ltr'>huc</span> <span class='ocrx_word' id='word_1_981' title='bbox 1973 1969 2050 2002; x_wconf 88' lang='lat' dir='ltr'>illuc</span> <span class='ocrx_word' id='word_1_982' title='bbox 2072 1969 2110 2003; x_wconf 91' lang='lat' dir='ltr'>ad</span> <span class='ocrx_word' id='word_1_983' title='bbox 2133 1965 2285 2014; x_wconf 68' lang='lat' dir='ltr'>angulum</span> <span class='ocrx_word' id='word_1_984' title='bbox 2307 1969 2335 2003; x_wconf 90' lang='lat' dir='ltr'>se</span> <span class='ocrx_word' id='word_1_985' title='bbox 2358 1970 2410 2002; x_wconf 89' lang='lat' dir='ltr'>in-</span> 
     </span>
     <span class='ocr_line' id='line_1_120' title="bbox 1395 2011 2410 2056; baseline 0 -11"><span class='ocrx_word' id='word_1_986' title='bbox 1395 2012 1564 2048; x_wconf 69' lang='lat' dir='ltr'>fle&amp;ebat:</span> <span class='ocrx_word' id='word_1_987' title='bbox 1587 2011 1704 2054; x_wconf 88' lang='lat' dir='ltr'>quibus</span> <span class='ocrx_word' id='word_1_988' title='bbox 1728 2013 1762 2044; x_wconf 89' lang='lat' dir='ltr'>in</span> <span class='ocrx_word' id='word_1_989' title='bbox 1786 2012 1865 2045; x_wconf 89' lang='lat' dir='ltr'>locis</span> <span class='ocrx_word' id='word_1_990' title='bbox 1881 2013 2016 2050; x_wconf 78' lang='lat' dir='ltr'>interius</span> <span class='ocrx_word' id='word_1_991' title='bbox 2041 2024 2056 2045; x_wconf 91' lang='lat' dir='ltr'>a</span> <span class='ocrx_word' id='word_1_992' title='bbox 2079 2014 2187 2056; x_wconf 87' lang='lat' dir='ltr'>primo</span> <span class='ocrx_word' id='word_1_993' title='bbox 2209 2013 2410 2047; x_wconf 84' lang='lat' dir='ltr'>valvulisin-</span> 
     </span>
     <span class='ocr_line' id='line_1_121' title="bbox 1396 2053 2410 2098; baseline 0 -9"><span class='ocrx_word' id='word_1_994' title='bbox 1396 2056 1473 2090; x_wconf 88' lang='lat' dir='ltr'>strui</span> <span class='ocrx_word' id='word_1_995' title='bbox 1497 2054 1684 2092; x_wconf 66' lang='lat' dir='ltr'>videbatur,</span> <span class='ocrx_word' id='word_1_996' title='bbox 1709 2053 1759 2087; x_wconf 87' lang='lat' dir='ltr'>sed</span> <span class='ocrx_word' id='word_1_997' title='bbox 1784 2053 1852 2087; x_wconf 85' lang='lat' dir='ltr'>haec</span> <span class='ocrx_word' id='word_1_998' title='bbox 1876 2055 1992 2098; x_wconf 88' lang='lat' dir='ltr'>species</span> <span class='ocrx_word' id='word_1_999' title='bbox 2018 2077 2027 2092; x_wconf 93' lang='lat'>‚</span> <span class='ocrx_word' id='word_1_1000' title='bbox 2059 2067 2133 2090; x_wconf 84' lang='lat' dir='ltr'>cum</span> <span class='ocrx_word' id='word_1_1001' title='bbox 2156 2057 2188 2089; x_wconf 87' lang='lat' dir='ltr'>in</span> <span class='ocrx_word' id='word_1_1002' title='bbox 2212 2058 2332 2091; x_wconf 59' lang='lat' dir='ltr'>reftum</span> <span class='ocrx_word' id='word_1_1003' title='bbox 2354 2067 2410 2090; x_wconf 85' lang='lat' dir='ltr'>ex-</span> 
     </span>
     <span class='ocr_line' id='line_1_122' title="bbox 1397 2097 2410 2143; baseline 0.002 -11"><span class='ocrx_word' id='word_1_1004' title='bbox 1397 2097 1558 2136; x_wconf 86' lang='lat' dir='ltr'>tenderes,</span> <span class='ocrx_word' id='word_1_1005' title='bbox 1585 2097 1710 2140; x_wconf 86' lang='lat' dir='ltr'>prorsus</span> <span class='ocrx_word' id='word_1_1006' title='bbox 1735 2097 1861 2130; x_wconf 84' lang='lat' dir='ltr'>abibat.</span> <span class='ocrx_word' id='word_1_1007' title='bbox 1887 2100 1974 2132; x_wconf 91' lang='lat' dir='ltr'>Cum</span> <span class='ocrx_word' id='word_1_1008' title='bbox 1996 2098 2193 2141; x_wconf 79' lang='lat' dir='ltr'>latitudine,</span> <span class='ocrx_word' id='word_1_1009' title='bbox 2214 2103 2247 2134; x_wconf 62' lang='grc' dir='ltr'>ὃς</span> <span class='ocrx_word' id='word_1_1010' title='bbox 2261 2100 2410 2143; x_wconf 83' lang='lat' dir='ltr'>longitu-</span> 
     </span>
     <span class='ocr_line' id='line_1_123' title="bbox 1395 2140 2412 2187; baseline -0.001 -11"><span class='ocrx_word' id='word_1_1011' title='bbox 1395 2142 1470 2176; x_wconf 83' lang='lat' dir='ltr'>dine</span> <span class='ocrx_word' id='word_1_1012' title='bbox 1493 2149 1632 2175; x_wconf 87' lang='lat' dir='ltr'>creverat</span> <span class='ocrx_word' id='word_1_1013' title='bbox 1655 2151 1782 2183; x_wconf 88' lang='lat' dir='ltr'>quoque</span> <span class='ocrx_word' id='word_1_1014' title='bbox 1805 2140 1974 2175; x_wconf 83' lang='lat' dir='ltr'>craffitudo</span> <span class='ocrx_word' id='word_1_1015' title='bbox 1997 2143 2204 2183; x_wconf 80' lang='lat' dir='ltr'>tunicarum3</span> <span class='ocrx_word' id='word_1_1016' title='bbox 2227 2152 2263 2178; x_wconf 90' lang='lat' dir='ltr'>ut</span> <span class='ocrx_word' id='word_1_1017' title='bbox 2287 2143 2412 2187; x_wconf 90' lang='lat' dir='ltr'>procli-</span> 
     </span>
     <span class='ocr_line' id='line_1_124' title="bbox 1397 2182 2413 2230; baseline 0 -10"><span class='ocrx_word' id='word_1_1018' title='bbox 1397 2198 1434 2220; x_wconf 90' lang='lat' dir='ltr'>ve</span> <span class='ocrx_word' id='word_1_1019' title='bbox 1456 2184 1541 2218; x_wconf 89' lang='lat' dir='ltr'>mihi</span> <span class='ocrx_word' id='word_1_1020' title='bbox 1565 2182 1663 2218; x_wconf 87' lang='lat' dir='ltr'>fuerit</span> <span class='ocrx_word' id='word_1_1021' title='bbox 1686 2184 1839 2218; x_wconf 84' lang='lat' dir='ltr'>nonnulla</span> <span class='ocrx_word' id='word_1_1022' title='bbox 1861 2183 1899 2218; x_wconf 88' lang='lat' dir='ltr'>de</span> <span class='ocrx_word' id='word_1_1023' title='bbox 1922 2184 2037 2219; x_wconf 86' lang='lat' dir='ltr'>harum</span> <span class='ocrx_word' id='word_1_1024' title='bbox 2060 2185 2214 2220; x_wconf 61' lang='lat' dir='ltr'>structura</span> <span class='ocrx_word' id='word_1_1025' title='bbox 2237 2186 2413 2230; x_wconf 80' lang='lat' dir='ltr'>perspicere</span> 
     </span>
     <span class='ocr_line' id='line_1_125' title="bbox 1397 2226 2413 2272; baseline 0.002 -10"><span class='ocrx_word' id='word_1_1026' title='bbox 1397 2239 1466 2272; x_wconf 86' lang='lat' dir='ltr'>quae</span> <span class='ocrx_word' id='word_1_1027' title='bbox 1490 2238 1555 2261; x_wconf 91' lang='lat' dir='ltr'>non</span> <span class='ocrx_word' id='word_1_1028' title='bbox 1578 2226 1632 2260; x_wconf 88' lang='lat' dir='ltr'>hic</span> <span class='ocrx_word' id='word_1_1029' title='bbox 1654 2227 1696 2261; x_wconf 88' lang='lat' dir='ltr'>est</span> <span class='ocrx_word' id='word_1_1030' title='bbox 1719 2236 1922 2269; x_wconf 91' lang='lat' dir='ltr'>opportunus</span> <span class='ocrx_word' id='word_1_1031' title='bbox 1945 2228 2143 2263; x_wconf 83' lang='lat' dir='ltr'>describendi</span> <span class='ocrx_word' id='word_1_1032' title='bbox 2166 2231 2254 2264; x_wconf 86' lang='lat' dir='ltr'>locus</span> <span class='ocrx_word' id='word_1_1033' title='bbox 2276 2255 2284 2262; x_wconf 91' lang='lat'><strong>.</strong></span> <span class='ocrx_word' id='word_1_1034' title='bbox 2309 2232 2413 2264; x_wconf 87' lang='lat' dir='ltr'>Porro</span> 
     </span>
     <span class='ocr_line' id='line_1_126' title="bbox 1396 2271 2414 2317; baseline 0.001 -11"><span class='ocrx_word' id='word_1_1035' title='bbox 1396 2272 1505 2306; x_wconf 76' lang='lat' dir='ltr'>veficae</span> <span class='ocrx_word' id='word_1_1036' title='bbox 1526 2271 1624 2303; x_wconf 88' lang='lat' dir='ltr'>etiam</span> <span class='ocrx_word' id='word_1_1037' title='bbox 1647 2271 1766 2304; x_wconf 88' lang='lat' dir='ltr'>tunicae</span> <span class='ocrx_word' id='word_1_1038' title='bbox 1778 2280 1865 2304; x_wconf 90' lang='lat' dir='ltr'>erant</span> <span class='ocrx_word' id='word_1_1039' title='bbox 1888 2271 2045 2305; x_wconf 75' lang='lat' dir='ltr'>crassiores</span> <span class='ocrx_word' id='word_1_1040' title='bbox 2057 2273 2171 2306; x_wconf 66' lang='lat' dir='ltr'>faCtae:</span> <span class='ocrx_word' id='word_1_1041' title='bbox 2194 2272 2320 2317; x_wconf 82' lang='lat' dir='ltr'>ejusque</span> <span class='ocrx_word' id='word_1_1042' title='bbox 2334 2272 2414 2307; x_wconf 85' lang='lat' dir='ltr'>fun-</span> 
     </span>
     <span class='ocr_line' id='line_1_127' title="bbox 1397 2312 2411 2358; baseline 0.001 -9"><span class='ocrx_word' id='word_1_1043' title='bbox 1397 2316 1456 2349; x_wconf 86' lang='lat' dir='ltr'>dus</span> <span class='ocrx_word' id='word_1_1044' title='bbox 1478 2312 1669 2357; x_wconf 88' lang='lat' dir='ltr'>quibusdam</span> <span class='ocrx_word' id='word_1_1045' title='bbox 1701 2314 1736 2346; x_wconf 91' lang='lat' dir='ltr'>in</span> <span class='ocrx_word' id='word_1_1046' title='bbox 1759 2312 1840 2348; x_wconf 87' lang='lat' dir='ltr'>locis</span> <span class='ocrx_word' id='word_1_1047' title='bbox 1874 2314 2053 2357; x_wconf 86' lang='lat' dir='ltr'>incipiebat</span> <span class='ocrx_word' id='word_1_1048' title='bbox 2078 2314 2164 2358; x_wconf 84' lang='lat' dir='ltr'>quasi</span> <span class='ocrx_word' id='word_1_1049' title='bbox 2197 2317 2374 2351; x_wconf 82' lang='lat' dir='ltr'>exulcerari</span> <span class='ocrx_word' id='word_1_1050' title='bbox 2399 2341 2411 2349; x_wconf 89' lang='lat'><em>.</em></span> 
     </span>
     <span class='ocr_line' id='line_1_128' title="bbox 1398 2356 2414 2403; baseline 0.003 -12"><span class='ocrx_word' id='word_1_1051' title='bbox 1398 2360 1502 2398; x_wconf 78' lang='lat' dir='ltr'>Haec,</span> <span class='ocrx_word' id='word_1_1052' title='bbox 1524 2360 1557 2390; x_wconf 90' lang='lat'>&amp;</span> <span class='ocrx_word' id='word_1_1053' title='bbox 1579 2356 1659 2390; x_wconf 84' lang='lat' dir='ltr'>colis</span> <span class='ocrx_word' id='word_1_1054' title='bbox 1682 2356 1771 2400; x_wconf 80' lang='lat' dir='ltr'>glans</span> <span class='ocrx_word' id='word_1_1055' title='bbox 1795 2356 1878 2391; x_wconf 86' lang='lat' dir='ltr'>nuda</span> <span class='ocrx_word' id='word_1_1056' title='bbox 1896 2368 1910 2396; x_wconf 90' lang='lat'>,·</span> <span class='ocrx_word' id='word_1_1057' title='bbox 1942 2366 2007 2389; x_wconf 87' lang='lat' dir='ltr'>erat</span> <span class='ocrx_word' id='word_1_1058' title='bbox 2031 2360 2117 2391; x_wconf 86' lang='lat' dir='ltr'>enim</span> <span class='ocrx_word' id='word_1_1059' title='bbox 2139 2361 2225 2392; x_wconf 86' lang='lat' dir='ltr'>cutis</span> <span class='ocrx_word' id='word_1_1060' title='bbox 2247 2372 2311 2403; x_wconf 87' lang='lat' dir='ltr'>qua</span> <span class='ocrx_word' id='word_1_1061' title='bbox 2332 2371 2414 2393; x_wconf 91' lang='lat' dir='ltr'>con-</span> 
     </span>
     <span class='ocr_line' id='line_1_129' title="bbox 1398 2398 2413 2446; baseline 0.002 -12"><span class='ocrx_word' id='word_1_1062' title='bbox 1398 2402 1465 2443; x_wconf 82' lang='lat' dir='ltr'>tegi</span> <span class='ocrx_word' id='word_1_1063' title='bbox 1488 2400 1590 2440; x_wconf 86' lang='lat' dir='ltr'>solet,</span> <span class='ocrx_word' id='word_1_1064' title='bbox 1615 2399 1810 2440; x_wconf 82' lang='lat' dir='ltr'>retrorsum,</span> <span class='ocrx_word' id='word_1_1065' title='bbox 1836 2398 1921 2443; x_wconf 82' lang='lat' dir='ltr'>quasi</span> <span class='ocrx_word' id='word_1_1066' title='bbox 1946 2410 1981 2433; x_wconf 89' lang='lat' dir='ltr'>ut</span> <span class='ocrx_word' id='word_1_1067' title='bbox 2012 2401 2046 2434; x_wconf 88' lang='lat' dir='ltr'>in</span> <span class='ocrx_word' id='word_1_1068' title='bbox 2071 2401 2303 2444; x_wconf 82' lang='lat' dir='ltr'>paraphimofi,</span> <span class='ocrx_word' id='word_1_1069' title='bbox 2331 2401 2413 2446; x_wconf 82' lang='lat' dir='ltr'>reje-</span> 
     </span>
     <span class='ocr_line' id='line_1_130' title="bbox 1399 2442 2412 2487; baseline 0.003 -10"><span class='ocrx_word' id='word_1_1070' title='bbox 1399 2445 1473 2483; x_wconf 61' lang='grc' dir='ltr'>ἕξεις</span> <span class='ocrx_word' id='word_1_1071' title='bbox 1495 2446 1529 2476; x_wconf 87' lang='lat'>&amp;</span> <span class='ocrx_word' id='word_1_1072' title='bbox 1551 2443 1655 2477; x_wconf 87' lang='lat' dir='ltr'>nescio</span> <span class='ocrx_word' id='word_1_1073' title='bbox 1679 2442 1758 2486; x_wconf 86' lang='lat' dir='ltr'>quid</span> <span class='ocrx_word' id='word_1_1074' title='bbox 1779 2442 1954 2482; x_wconf 87' lang='lat' dir='ltr'>obstaculi,</span> <span class='ocrx_word' id='word_1_1075' title='bbox 1977 2455 2042 2477; x_wconf 84' lang='lat' dir='ltr'>non</span> <span class='ocrx_word' id='word_1_1076' title='bbox 2067 2455 2183 2487; x_wconf 78' lang='lat' dir='ltr'>magno</span> <span class='ocrx_word' id='word_1_1077' title='bbox 2206 2445 2244 2478; x_wconf 90' lang='lat' dir='ltr'>ab</span> <span class='ocrx_word' id='word_1_1078' title='bbox 2265 2455 2412 2480; x_wconf 83' lang='lat' dir='ltr'>extrema.</span> 
     </span>
     <span class='ocr_line' id='line_1_131' title="bbox 1399 2485 2414 2530; baseline 0.004 -10"><span class='ocrx_word' id='word_1_1079' title='bbox 1399 2485 1513 2530; x_wconf 79' lang='lat' dir='ltr'>glande</span> <span class='ocrx_word' id='word_1_1080' title='bbox 1535 2486 1731 2527; x_wconf 86' lang='lat' dir='ltr'>intervallo,</span> <span class='ocrx_word' id='word_1_1081' title='bbox 1754 2485 1894 2520; x_wconf 78' lang='lat' dir='ltr'>immisso</span> <span class='ocrx_word' id='word_1_1082' title='bbox 1917 2485 2048 2529; x_wconf 89' lang='lat' dir='ltr'>specillo</span> <span class='ocrx_word' id='word_1_1083' title='bbox 2071 2490 2268 2522; x_wconf 89' lang='lat' dir='ltr'>occurrentis</span> <span class='ocrx_word' id='word_1_1084' title='bbox 2291 2513 2303 2530; x_wconf 86' lang='lat'>,</span> <span class='ocrx_word' id='word_1_1085' title='bbox 2339 2501 2414 2524; x_wconf 86' lang='lat' dir='ltr'>ure-</span> 
     </span>
     <span class='ocr_line' id='line_1_132' title="bbox 1400 2529 2415 2574; baseline 0.003 -10"><span class='ocrx_word' id='word_1_1086' title='bbox 1400 2531 1474 2564; x_wconf 85' lang='lat' dir='ltr'>thra</span> <span class='ocrx_word' id='word_1_1087' title='bbox 1497 2538 1602 2563; x_wconf 88' lang='lat' dir='ltr'>autem</span> <span class='ocrx_word' id='word_1_1088' title='bbox 1625 2541 1642 2562; x_wconf 90' lang='lat' dir='ltr'>a</span> <span class='ocrx_word' id='word_1_1089' title='bbox 1668 2530 1755 2571; x_wconf 83' lang='lat' dir='ltr'>penis</span> <span class='ocrx_word' id='word_1_1090' title='bbox 1776 2529 1966 2573; x_wconf 79' lang='lat' dir='ltr'>corporibus</span> <span class='ocrx_word' id='word_1_1091' title='bbox 2000 2542 2077 2564; x_wconf 86' lang='lat' dir='ltr'>mox</span> <span class='ocrx_word' id='word_1_1092' title='bbox 2101 2530 2238 2574; x_wconf 69' lang='lat' dir='ltr'>seJ&#39;uneta</span> <span class='ocrx_word' id='word_1_1093' title='bbox 2259 2556 2273 2573; x_wconf 87' lang='lat'>,</span> <span class='ocrx_word' id='word_1_1094' title='bbox 2304 2535 2415 2567; x_wconf 88' lang='lat' dir='ltr'>conti-</span> 
     </span>
     <span class='ocr_line' id='line_1_133' title="bbox 1402 2571 2410 2617; baseline 0.003 -9"><span class='ocrx_word' id='word_1_1095' title='bbox 1402 2586 1469 2608; x_wconf 91' lang='lat' dir='ltr'>nuo</span> <span class='ocrx_word' id='word_1_1096' title='bbox 1490 2571 1627 2612; x_wconf 88' lang='lat' dir='ltr'>sublati,</span> <span class='ocrx_word' id='word_1_1097' title='bbox 1651 2571 1818 2614; x_wconf 85' lang='lat' dir='ltr'>fecerunt,</span> <span class='ocrx_word' id='word_1_1098' title='bbox 1840 2582 1876 2607; x_wconf 90' lang='lat' dir='ltr'>ut</span> <span class='ocrx_word' id='word_1_1099' title='bbox 1885 2571 1986 2611; x_wconf 86' lang='lat' dir='ltr'>hanc,</span> <span class='ocrx_word' id='word_1_1100' title='bbox 2011 2574 2111 2607; x_wconf 90' lang='lat' dir='ltr'>initio</span> <span class='ocrx_word' id='word_1_1101' title='bbox 2134 2586 2150 2608; x_wconf 87' lang='lat' dir='ltr'>a</span> <span class='ocrx_word' id='word_1_1102' title='bbox 2165 2574 2261 2609; x_wconf 83' lang='lat' dir='ltr'>vesica</span> <span class='ocrx_word' id='word_1_1103' title='bbox 2284 2575 2410 2617; x_wconf 63' lang='lat' dir='ltr'>duero,</span> 
     </span>
     <span class='ocr_line' id='line_1_134' title="bbox 1405 2615 2411 2659; baseline 0 -8"><span class='ocrx_word' id='word_1_1104' title='bbox 1405 2617 1442 2651; x_wconf 90' lang='lat' dir='ltr'>ad</span> <span class='ocrx_word' id='word_1_1105' title='bbox 1466 2615 1562 2650; x_wconf 83' lang='lat' dir='ltr'>finem</span> <span class='ocrx_word' id='word_1_1106' title='bbox 1584 2615 1679 2659; x_wconf 88' lang='lat' dir='ltr'>usque</span> <span class='ocrx_word' id='word_1_1107' title='bbox 1704 2617 1877 2659; x_wconf 83' lang='lat' dir='ltr'>aperirem,</span> <span class='ocrx_word' id='word_1_1108' title='bbox 1901 2619 1933 2649; x_wconf 85' lang='lat'>&amp;</span> <span class='ocrx_word' id='word_1_1109' title='bbox 1957 2617 2147 2659; x_wconf 81' lang='lat' dir='ltr'>diligentius</span> <span class='ocrx_word' id='word_1_1110' title='bbox 2168 2621 2411 2653; x_wconf 80' lang='lat' dir='ltr'>examinarem.-</span> 
     </span>
     <span class='ocr_line' id='line_1_135' title="bbox 1403 2658 2413 2703; baseline 0.001 -8"><span class='ocrx_word' id='word_1_1111' title='bbox 1403 2660 1455 2696; x_wconf 83' lang='lat' dir='ltr'>sed</span> <span class='ocrx_word' id='word_1_1112' title='bbox 1478 2660 1562 2694; x_wconf 91' lang='lat' dir='ltr'>nihil</span> <span class='ocrx_word' id='word_1_1113' title='bbox 1584 2661 1659 2694; x_wconf 91' lang='lat' dir='ltr'>vitii</span> <span class='ocrx_word' id='word_1_1114' title='bbox 1683 2669 1843 2702; x_wconf 86' lang='lat' dir='ltr'>repertum</span> <span class='ocrx_word' id='word_1_1115' title='bbox 1865 2658 1933 2701; x_wconf 89' lang='lat' dir='ltr'>est,</span> <span class='ocrx_word' id='word_1_1116' title='bbox 1959 2659 1979 2693; x_wconf 83' lang='lat' dir='ltr'>fi</span> <span class='ocrx_word' id='word_1_1117' title='bbox 2004 2660 2153 2703; x_wconf 83' lang='lat' dir='ltr'>quasdam</span> <span class='ocrx_word' id='word_1_1118' title='bbox 2186 2663 2326 2701; x_wconf 87' lang='lat' dir='ltr'>albidas,</span> <span class='ocrx_word' id='word_1_1119' title='bbox 2350 2663 2413 2696; x_wconf 72' lang='lat' dir='ltr'>ob-</span> 
     </span>
     <span class='ocr_line' id='line_1_136' title="bbox 1404 2703 2412 2747; baseline 0.004 -10"><span class='ocrx_word' id='word_1_1120' title='bbox 1404 2703 1575 2747; x_wconf 79' lang='lat' dir='ltr'>longasque</span> <span class='ocrx_word' id='word_1_1121' title='bbox 1598 2704 1735 2746; x_wconf 83' lang='lat' dir='ltr'>excipias</span> <span class='ocrx_word' id='word_1_1122' title='bbox 1759 2704 1857 2737; x_wconf 89' lang='lat' dir='ltr'>lineas</span> <span class='ocrx_word' id='word_1_1123' title='bbox 1878 2727 1891 2744; x_wconf 92' lang='lat'>,</span> <span class='ocrx_word' id='word_1_1124' title='bbox 1922 2703 2053 2747; x_wconf 84' lang='lat' dir='ltr'>oblique</span> <span class='ocrx_word' id='word_1_1125' title='bbox 2077 2714 2148 2738; x_wconf 91' lang='lat' dir='ltr'>ante</span> <span class='ocrx_word' id='word_1_1126' title='bbox 2170 2706 2305 2741; x_wconf 85' lang='lat' dir='ltr'>alterum</span> <span class='ocrx_word' id='word_1_1127' title='bbox 2327 2706 2412 2741; x_wconf 90' lang='lat' dir='ltr'>latus</span> 
     </span>
     <span class='ocr_line' id='line_1_137' title="bbox 1404 2746 2421 2793; baseline 0.004 -12"><span class='ocrx_word' id='word_1_1128' title='bbox 1404 2747 1580 2782; x_wconf 79' lang='lat' dir='ltr'>carunculae</span> <span class='ocrx_word' id='word_1_1129' title='bbox 1605 2747 1771 2780; x_wconf 83' lang='lat' dir='ltr'>Seminalis</span> <span class='ocrx_word' id='word_1_1130' title='bbox 1794 2746 1942 2781; x_wconf 89' lang='lat' dir='ltr'>nonnihil</span> <span class='ocrx_word' id='word_1_1131' title='bbox 1965 2757 2129 2789; x_wconf 85' lang='lat' dir='ltr'>extantes,</span> <span class='ocrx_word' id='word_1_1132' title='bbox 2151 2749 2287 2793; x_wconf 89' lang='lat' dir='ltr'>duasque</span> <span class='ocrx_word' id='word_1_1133' title='bbox 2300 2750 2421 2789; x_wconf 74' lang='lat' dir='ltr'>harum,</span> 
     </span>
     <span class='ocr_line' id='line_1_138' title="bbox 1404 2791 2415 2834; baseline 0.004 -10"><span class='ocrx_word' id='word_1_1134' title='bbox 1404 2791 1521 2824; x_wconf 82' lang='lat' dir='ltr'>similes</span> <span class='ocrx_word' id='word_1_1135' title='bbox 1543 2813 1553 2829; x_wconf 90' lang='lat'>‚</span> <span class='ocrx_word' id='word_1_1136' title='bbox 1588 2802 1665 2833; x_wconf 87' lang='lat' dir='ltr'>quas</span> <span class='ocrx_word' id='word_1_1137' title='bbox 1687 2792 1788 2823; x_wconf 86' lang='lat' dir='ltr'>trium</span> <span class='ocrx_word' id='word_1_1138' title='bbox 1811 2792 1940 2824; x_wconf 91' lang='lat' dir='ltr'>circiter</span> <span class='ocrx_word' id='word_1_1139' title='bbox 1963 2791 2143 2834; x_wconf 78' lang='lat' dir='ltr'>digitorum</span> <span class='ocrx_word' id='word_1_1140' title='bbox 2166 2794 2415 2828; x_wconf 83' lang='lat' dir='ltr'>transversorum</span> 
     </span>
     <span class='ocr_line' id='line_1_139' title="bbox 1405 2834 2324 2878; baseline 0.002 -11"><span class='ocrx_word' id='word_1_1141' title='bbox 1405 2835 1578 2868; x_wconf 88' lang='lat' dir='ltr'>intervallo</span> <span class='ocrx_word' id='word_1_1142' title='bbox 1602 2834 1641 2867; x_wconf 86' lang='lat' dir='ltr'>ab</span> <span class='ocrx_word' id='word_1_1143' title='bbox 1663 2843 1806 2867; x_wconf 88' lang='lat' dir='ltr'>extremo</span> <span class='ocrx_word' id='word_1_1144' title='bbox 1827 2836 1969 2868; x_wconf 87' lang='lat' dir='ltr'>urinario</span> <span class='ocrx_word' id='word_1_1145' title='bbox 1982 2845 2088 2870; x_wconf 85' lang='lat' dir='ltr'>meatu</span> <span class='ocrx_word' id='word_1_1146' title='bbox 2110 2836 2324 2878; x_wconf 88' lang='lat' dir='ltr'>deprehendi.</span> 
     </span>
    </p>

    <p class='ocr_par' dir='ltr' id='par_1_9' title="bbox 1404 2876 2419 3659">
     <span class='ocr_line' id='line_1_140' title="bbox 1409 2876 2417 2925; baseline 0.002 -13"><span class='ocrx_word' id='word_1_1147' title='bbox 1409 2880 1524 2925; x_wconf 84' lang='lat' dir='ltr'>Sterno</span> <span class='ocrx_word' id='word_1_1148' title='bbox 1546 2876 1672 2911; x_wconf 88' lang='lat' dir='ltr'>sublato</span> <span class='ocrx_word' id='word_1_1149' title='bbox 1692 2899 1701 2914; x_wconf 87' lang='lat'>,</span> <span class='ocrx_word' id='word_1_1150' title='bbox 1734 2877 1898 2921; x_wconf 74' lang='lat' dir='ltr'>pulmones</span> <span class='ocrx_word' id='word_1_1151' title='bbox 1920 2878 2083 2919; x_wconf 70' lang='lat' dir='ltr'>conspeffi</span> <span class='ocrx_word' id='word_1_1152' title='bbox 2107 2879 2180 2912; x_wconf 88' lang='lat' dir='ltr'>sunt</span> <span class='ocrx_word' id='word_1_1153' title='bbox 2204 2882 2352 2923; x_wconf 82' lang='lat' dir='ltr'>utrinque</span> <span class='ocrx_word' id='word_1_1154' title='bbox 2375 2880 2417 2916; x_wconf 91' lang='lat' dir='ltr'>ad</span> 
     </span>
     <span class='ocr_line' id='line_1_141' title="bbox 1408 2920 2413 2964; baseline 0.003 -9"><span class='ocrx_word' id='word_1_1155' title='bbox 1408 2920 1783 2960; x_wconf 59' lang='lat' dir='ltr'>doriumtoncidentes,</span> <span class='ocrx_word' id='word_1_1156' title='bbox 1806 2930 1841 2955; x_wconf 93' lang='lat' dir='ltr'>ut</span> <span class='ocrx_word' id='word_1_1157' title='bbox 1862 2921 2100 2964; x_wconf 81' lang='lat' dir='ltr'>pinguiffimum</span> <span class='ocrx_word' id='word_1_1158' title='bbox 2123 2923 2346 2960; x_wconf 82' lang='lat' dir='ltr'>mediastinum</span> <span class='ocrx_word' id='word_1_1159' title='bbox 2369 2937 2413 2957; x_wconf 92' lang='lat' dir='ltr'>o-</span> 
     </span>
     <span class='ocr_line' id='line_1_142' title="bbox 1408 2962 2415 3007; baseline 0.002 -9"><span class='ocrx_word' id='word_1_1160' title='bbox 1408 2966 1522 2998; x_wconf 89' lang='lat' dir='ltr'>mnino</span> <span class='ocrx_word' id='word_1_1161' title='bbox 1543 2962 1704 2998; x_wconf 61' lang='lat' dir='ltr'>deteffitum</span> <span class='ocrx_word' id='word_1_1162' title='bbox 1727 2965 1957 3007; x_wconf 86' lang='lat' dir='ltr'>relinquerent.</span> <span class='ocrx_word' id='word_1_1163' title='bbox 1977 2966 2106 3000; x_wconf 65' lang='lat' dir='ltr'>Loium</span> <span class='ocrx_word' id='word_1_1164' title='bbox 2128 2966 2239 3000; x_wconf 86' lang='lat' dir='ltr'>dexter</span> <span class='ocrx_word' id='word_1_1165' title='bbox 2256 2975 2323 3000; x_wconf 85' lang='lat' dir='ltr'>tota</span> <span class='ocrx_word' id='word_1_1166' title='bbox 2348 2966 2415 3001; x_wconf 87' lang='lat' dir='ltr'>ser-</span> 
     </span>
     <span class='ocr_line' id='line_1_143' title="bbox 1408 3006 2414 3053; baseline 0.002 -11"><span class='ocrx_word' id='word_1_1167' title='bbox 1408 3020 1458 3042; x_wconf 92' lang='lat' dir='ltr'>me</span> <span class='ocrx_word' id='word_1_1168' title='bbox 1482 3008 1604 3041; x_wconf 87' lang='lat' dir='ltr'>laterali</span> <span class='ocrx_word' id='word_1_1169' title='bbox 1625 3030 1635 3046; x_wconf 90' lang='lat'>‚</span> <span class='ocrx_word' id='word_1_1170' title='bbox 1659 3009 1693 3040; x_wconf 71' lang='grc' dir='ltr'>δε</span> <span class='ocrx_word' id='word_1_1171' title='bbox 1716 3006 1885 3049; x_wconf 84' lang='lat' dir='ltr'>posteriore</span> <span class='ocrx_word' id='word_1_1172' title='bbox 1909 3007 1988 3041; x_wconf 84' lang='lat' dir='ltr'>facie</span> <span class='ocrx_word' id='word_1_1173' title='bbox 2010 3020 2084 3042; x_wconf 90' lang='lat' dir='ltr'>cum</span> <span class='ocrx_word' id='word_1_1174' title='bbox 2117 3010 2221 3053; x_wconf 86' lang='lat' dir='ltr'>pleura</span> <span class='ocrx_word' id='word_1_1175' title='bbox 2246 3011 2414 3044; x_wconf 69' lang='lat' dir='ltr'>aretiffime</span> 
     </span>
     <span class='ocr_line' id='line_1_144' title="bbox 1404 3050 2414 3096; baseline 0.001 -10"><span class='ocrx_word' id='word_1_1176' title='bbox 1404 3050 1607 3086; x_wconf 82' lang='lat' dir='ltr'>cohaerebat:</span> <span class='ocrx_word' id='word_1_1177' title='bbox 1633 3051 1684 3084; x_wconf 89' lang='lat' dir='ltr'>Sic</span> <span class='ocrx_word' id='word_1_1178' title='bbox 1707 3054 1737 3084; x_wconf 75' lang='grc' dir='ltr'>δι</span> <span class='ocrx_word' id='word_1_1179' title='bbox 1761 3051 1867 3086; x_wconf 86' lang='lat' dir='ltr'>cordis</span> <span class='ocrx_word' id='word_1_1180' title='bbox 1891 3051 2032 3085; x_wconf 77' lang='lat' dir='ltr'>universa</span> <span class='ocrx_word' id='word_1_1181' title='bbox 2056 3052 2230 3096; x_wconf 81' lang='lat' dir='ltr'>superficies</span> <span class='ocrx_word' id='word_1_1182' title='bbox 2261 3065 2333 3088; x_wconf 90' lang='lat' dir='ltr'>cum</span> <span class='ocrx_word' id='word_1_1183' title='bbox 2359 3066 2414 3096; x_wconf 89' lang='lat' dir='ltr'>pe-</span> 
     </span>
     <span class='ocr_line' id='line_1_145' title="bbox 1404 3093 2414 3136; baseline 0.004 -8"><span class='ocrx_word' id='word_1_1184' title='bbox 1404 3094 1546 3130; x_wconf 87' lang='lat' dir='ltr'>ricardio</span> <span class='ocrx_word' id='word_1_1185' title='bbox 1561 3118 1572 3135; x_wconf 91' lang='lat'>‚</span> <span class='ocrx_word' id='word_1_1186' title='bbox 1598 3098 1631 3128; x_wconf 91' lang='lat'>&amp;</span> <span class='ocrx_word' id='word_1_1187' title='bbox 1654 3093 1830 3135; x_wconf 82' lang='lat' dir='ltr'>superficies</span> <span class='ocrx_word' id='word_1_1188' title='bbox 1841 3096 1918 3128; x_wconf 89' lang='lat' dir='ltr'>item</span> <span class='ocrx_word' id='word_1_1189' title='bbox 1944 3096 2092 3131; x_wconf 82' lang='lat' dir='ltr'>auriculae</span> <span class='ocrx_word' id='word_1_1190' title='bbox 2112 3098 2267 3136; x_wconf 67' lang='lat' dir='ltr'>dexter-:³33</span> <span class='ocrx_word' id='word_1_1191' title='bbox 2293 3099 2414 3133; x_wconf 70' lang='lat' dir='ltr'>arftius</span> 
     </span>
     <span class='ocr_line' id='line_1_146' title="bbox 1407 3137 2412 3185; baseline 0.003 -13"><span class='ocrx_word' id='word_1_1192' title='bbox 1407 3149 1512 3173; x_wconf 86' lang='lat' dir='ltr'>tamen</span> <span class='ocrx_word' id='word_1_1193' title='bbox 1530 3138 1731 3171; x_wconf 59' lang='lat' dir='ltr'>&gt;ventriculus</span> <span class='ocrx_word' id='word_1_1194' title='bbox 1755 3137 1885 3179; x_wconf 85' lang='lat' dir='ltr'>dexter,</span> <span class='ocrx_word' id='word_1_1195' title='bbox 1906 3150 2000 3180; x_wconf 86' lang='lat' dir='ltr'>quam</span> <span class='ocrx_word' id='word_1_1196' title='bbox 2023 3137 2141 3174; x_wconf 77' lang='lat' dir='ltr'>sinister</span> <span class='ocrx_word' id='word_1_1197' title='bbox 2165 3164 2172 3172; x_wconf 91' lang='lat'>.</span> <span class='ocrx_word' id='word_1_1198' title='bbox 2213 3143 2250 3173; x_wconf 88' lang='lat' dir='ltr'>In</span> <span class='ocrx_word' id='word_1_1199' title='bbox 2274 3150 2412 3185; x_wconf 89' lang='lat' dir='ltr'>utroque</span> 
     </span>
     <span class='ocr_line' id='line_1_147' title="bbox 1408 3179 2415 3227; baseline 0.001 -10"><span class='ocrx_word' id='word_1_1200' title='bbox 1408 3182 1527 3217; x_wconf 90' lang='lat' dir='ltr'>horum</span> <span class='ocrx_word' id='word_1_1201' title='bbox 1550 3179 1676 3224; x_wconf 77' lang='lat' dir='ltr'>sanguis</span> <span class='ocrx_word' id='word_1_1202' title='bbox 1699 3189 1765 3214; x_wconf 87' lang='lat' dir='ltr'>ater</span> <span class='ocrx_word' id='word_1_1203' title='bbox 1788 3205 1797 3218; x_wconf 91' lang='lat'>,</span> <span class='ocrx_word' id='word_1_1204' title='bbox 1831 3184 1863 3215; x_wconf 69' lang='grc' dir='ltr'>δε</span> <span class='ocrx_word' id='word_1_1205' title='bbox 1887 3183 1989 3224; x_wconf 85' lang='lat' dir='ltr'>picem</span> <span class='ocrx_word' id='word_1_1206' title='bbox 2028 3181 2129 3217; x_wconf 71' lang='lat' dir='ltr'>senne</span> <span class='ocrx_word' id='word_1_1207' title='bbox 2151 3183 2311 3227; x_wconf 84' lang='lat' dir='ltr'>liquidam</span> <span class='ocrx_word' id='word_1_1208' title='bbox 2334 3184 2415 3218; x_wconf 88' lang='lat' dir='ltr'>refe-</span> 
     </span>
     <span class='ocr_line' id='line_1_148' title="bbox 1411 3222 2415 3270; baseline 0.002 -11"><span class='ocrx_word' id='word_1_1209' title='bbox 1411 3237 1508 3265; x_wconf 81' lang='lat' dir='ltr'>rens3</span> <span class='ocrx_word' id='word_1_1210' title='bbox 1532 3224 1583 3258; x_wconf 90' lang='lat' dir='ltr'>sed</span> <span class='ocrx_word' id='word_1_1211' title='bbox 1605 3226 1632 3258; x_wconf 83' lang='lat' dir='ltr'>is</span> <span class='ocrx_word' id='word_1_1212' title='bbox 1654 3222 1811 3267; x_wconf 83' lang='lat' dir='ltr'>liquidam</span> <span class='ocrx_word' id='word_1_1213' title='bbox 1832 3226 1935 3267; x_wconf 76' lang='lat' dir='ltr'>magis</span> <span class='ocrx_word' id='word_1_1214' title='bbox 1958 3226 2013 3269; x_wconf 91' lang='lat' dir='ltr'>qui</span> <span class='ocrx_word' id='word_1_1215' title='bbox 2039 3234 2107 3260; x_wconf 86' lang='lat' dir='ltr'>ater</span> <span class='ocrx_word' id='word_1_1216' title='bbox 2139 3237 2266 3270; x_wconf 89' lang='lat' dir='ltr'>quoque</span> <span class='ocrx_word' id='word_1_1217' title='bbox 2289 3229 2415 3270; x_wconf 80' lang='lat' dir='ltr'>proflu-</span> 
     </span>
     <span class='ocr_line' id='line_1_149' title="bbox 1408 3268 2414 3312; baseline 0.001 -9"><span class='ocrx_word' id='word_1_1218' title='bbox 1408 3278 1496 3303; x_wconf 87' lang='lat' dir='ltr'>xerat</span> <span class='ocrx_word' id='word_1_1219' title='bbox 1519 3268 1695 3311; x_wconf 88' lang='lat' dir='ltr'>plurimus,</span> <span class='ocrx_word' id='word_1_1220' title='bbox 1716 3279 1791 3302; x_wconf 90' lang='lat' dir='ltr'>cum</span> <span class='ocrx_word' id='word_1_1221' title='bbox 1815 3279 1889 3302; x_wconf 88' lang='lat' dir='ltr'>vena</span> <span class='ocrx_word' id='word_1_1222' title='bbox 1911 3271 1998 3302; x_wconf 87' lang='lat' dir='ltr'>Cava</span> <span class='ocrx_word' id='word_1_1223' title='bbox 2022 3268 2060 3303; x_wconf 90' lang='lat' dir='ltr'>ad</span> <span class='ocrx_word' id='word_1_1224' title='bbox 2091 3268 2215 3312; x_wconf 84' lang='lat' dir='ltr'>septum</span> <span class='ocrx_word' id='word_1_1225' title='bbox 2240 3271 2414 3305; x_wconf 83' lang='lat' dir='ltr'>Transver-</span> 
     </span>
     <span class='ocr_line' id='line_1_150' title="bbox 1409 3310 2415 3355; baseline 0.002 -9"><span class='ocrx_word' id='word_1_1226' title='bbox 1409 3314 1478 3346; x_wconf 81' lang='lat' dir='ltr'>sum</span> <span class='ocrx_word' id='word_1_1227' title='bbox 1500 3312 1598 3346; x_wconf 88' lang='lat' dir='ltr'>incisa</span> <span class='ocrx_word' id='word_1_1228' title='bbox 1620 3310 1685 3344; x_wconf 81' lang='lat' dir='ltr'>est.</span> <span class='ocrx_word' id='word_1_1229' title='bbox 1707 3312 1843 3345; x_wconf 82' lang='lat' dir='ltr'>Arteriae</span> <span class='ocrx_word' id='word_1_1230' title='bbox 1866 3311 2034 3346; x_wconf 84' lang='lat' dir='ltr'>Carotides</span> <span class='ocrx_word' id='word_1_1231' title='bbox 2055 3334 2066 3351; x_wconf 92' lang='lat'>‚</span> <span class='ocrx_word' id='word_1_1232' title='bbox 2098 3324 2153 3355; x_wconf 87' lang='lat' dir='ltr'>per</span> <span class='ocrx_word' id='word_1_1233' title='bbox 2173 3313 2301 3348; x_wconf 90' lang='lat' dir='ltr'>collum</span> <span class='ocrx_word' id='word_1_1234' title='bbox 2326 3314 2415 3349; x_wconf 88' lang='lat' dir='ltr'>scan-</span> 
     </span>
     <span class='ocr_line' id='line_1_151' title="bbox 1410 3353 2415 3402; baseline 0.003 -13"><span class='ocrx_word' id='word_1_1235' title='bbox 1410 3356 1542 3396; x_wconf 83' lang='lat' dir='ltr'>dentes,</span> <span class='ocrx_word' id='word_1_1236' title='bbox 1565 3353 1653 3402; x_wconf 77' lang='lat' dir='ltr'>valde</span> <span class='ocrx_word' id='word_1_1237' title='bbox 1675 3356 1789 3401; x_wconf 79' lang='lat' dir='ltr'>amplae</span> <span class='ocrx_word' id='word_1_1238' title='bbox 1813 3380 1820 3386; x_wconf 97' lang='lat'>.</span> <span class='ocrx_word' id='word_1_1239' title='bbox 1856 3357 1912 3389; x_wconf 82' lang='lat' dir='ltr'>Sed</span> <span class='ocrx_word' id='word_1_1240' title='bbox 1937 3357 2038 3389; x_wconf 86' lang='lat' dir='ltr'>Aorta</span> <span class='ocrx_word' id='word_1_1241' title='bbox 2072 3355 2138 3398; x_wconf 84' lang='lat' dir='ltr'>ipsa</span> <span class='ocrx_word' id='word_1_1242' title='bbox 2157 3378 2167 3395; x_wconf 91' lang='lat'>,</span> <span class='ocrx_word' id='word_1_1243' title='bbox 2200 3359 2232 3390; x_wconf 86' lang='lat'>&amp;</span> <span class='ocrx_word' id='word_1_1244' title='bbox 2254 3356 2415 3401; x_wconf 84' lang='lat' dir='ltr'>quidquid</span> 
     </span>
     <span class='ocr_line' id='line_1_152' title="bbox 1409 3399 2414 3439; baseline 0.001 -7"><span class='ocrx_word' id='word_1_1245' title='bbox 1409 3400 1506 3435; x_wconf 79' lang='lat' dir='ltr'>sciens</span> <span class='ocrx_word' id='word_1_1246' title='bbox 1529 3399 1621 3431; x_wconf 70' lang='lat' dir='ltr'>omisi</span> <span class='ocrx_word' id='word_1_1247' title='bbox 1645 3400 1812 3438; x_wconf 77' lang='lat' dir='ltr'>valorum,</span> <span class='ocrx_word' id='word_1_1248' title='bbox 1834 3408 1890 3431; x_wconf 80' lang='lat' dir='ltr'>aut</span> <span class='ocrx_word' id='word_1_1249' title='bbox 1912 3400 2068 3433; x_wconf 89' lang='lat' dir='ltr'>viscerum</span> <span class='ocrx_word' id='word_1_1250' title='bbox 2083 3425 2092 3439; x_wconf 92' lang='lat'><strong>‚</strong></span> <span class='ocrx_word' id='word_1_1251' title='bbox 2116 3408 2152 3433; x_wconf 90' lang='lat' dir='ltr'>ut</span> <span class='ocrx_word' id='word_1_1252' title='bbox 2175 3399 2302 3434; x_wconf 85' lang='lat' dir='ltr'>silentio</span> <span class='ocrx_word' id='word_1_1253' title='bbox 2324 3401 2414 3434; x_wconf 87' lang='lat' dir='ltr'>indi-</span> 
     </span>
     <span class='ocr_line' id='line_1_153' title="bbox 1408 3441 2416 3487; baseline 0.003 -12"><span class='ocrx_word' id='word_1_1254' title='bbox 1408 3454 1480 3487; x_wconf 85' lang='lat' dir='ltr'>care</span> <span class='ocrx_word' id='word_1_1255' title='bbox 1505 3441 1587 3474; x_wconf 82' lang='lat' dir='ltr'>soleo</span> <span class='ocrx_word' id='word_1_1256' title='bbox 1609 3467 1616 3482; x_wconf 86' lang='lat'>,</span> <span class='ocrx_word' id='word_1_1257' title='bbox 1650 3441 1815 3475; x_wconf 81' lang='lat' dir='ltr'>secundum</span> <span class='ocrx_word' id='word_1_1258' title='bbox 1839 3453 1984 3476; x_wconf 86' lang='lat' dir='ltr'>naturam</span> <span class='ocrx_word' id='word_1_1259' title='bbox 2006 3443 2035 3475; x_wconf 80' lang='lat' dir='ltr'>se</span> <span class='ocrx_word' id='word_1_1260' title='bbox 2060 3441 2216 3476; x_wconf 81' lang='lat' dir='ltr'>habebant</span> <span class='ocrx_word' id='word_1_1261' title='bbox 2239 3455 2247 3476; x_wconf 92' lang='lat'>.·</span> <span class='ocrx_word' id='word_1_1262' title='bbox 2281 3445 2359 3486; x_wconf 87' lang='lat' dir='ltr'>quin</span> <span class='ocrx_word' id='word_1_1263' title='bbox 2381 3447 2416 3478; x_wconf 76' lang='grc' dir='ltr'>δε</span> 
     </span>
     <span class='ocr_line' id='line_1_154' title="bbox 1409 3485 2416 3527; baseline 0.002 -8"><span class='ocrx_word' id='word_1_1264' title='bbox 1409 3485 1542 3519; x_wconf 79' lang='lat' dir='ltr'>musculi</span> <span class='ocrx_word' id='word_1_1265' title='bbox 1567 3494 1655 3518; x_wconf 86' lang='lat' dir='ltr'>erant</span> <span class='ocrx_word' id='word_1_1266' title='bbox 1679 3485 1755 3518; x_wconf 87' lang='lat' dir='ltr'>bene</span> <span class='ocrx_word' id='word_1_1267' title='bbox 1777 3485 1967 3525; x_wconf 83' lang='lat' dir='ltr'>rubicundi,</span> <span class='ocrx_word' id='word_1_1268' title='bbox 1990 3497 2045 3520; x_wconf 88' lang='lat' dir='ltr'>nec</span> <span class='ocrx_word' id='word_1_1269' title='bbox 2067 3486 2176 3519; x_wconf 87' lang='lat' dir='ltr'>colore</span> <span class='ocrx_word' id='word_1_1270' title='bbox 2201 3486 2304 3520; x_wconf 87' lang='lat' dir='ltr'>solum</span> <span class='ocrx_word' id='word_1_1271' title='bbox 2329 3510 2341 3527; x_wconf 89' lang='lat'>,</span> <span class='ocrx_word' id='word_1_1272' title='bbox 2365 3487 2416 3522; x_wconf 81' lang='lat' dir='ltr'>sed</span> 
     </span>
     <span class='ocr_line' id='line_1_155' title="bbox 1410 3528 2417 3571; baseline 0.001 -8"><span class='ocrx_word' id='word_1_1273' title='bbox 1410 3533 1441 3563; x_wconf 82' lang='lat'>&amp;</span> <span class='ocrx_word' id='word_1_1274' title='bbox 1465 3529 1549 3562; x_wconf 90' lang='lat' dir='ltr'>mole</span> <span class='ocrx_word' id='word_1_1275' title='bbox 1573 3529 1741 3571; x_wconf 80' lang='lat' dir='ltr'>elegantes.</span> <span class='ocrx_word' id='word_1_1276' title='bbox 1831 3529 2007 3563; x_wconf 89' lang='lat' dir='ltr'>Cerebrum</span> <span class='ocrx_word' id='word_1_1277' title='bbox 2041 3528 2175 3571; x_wconf 84' lang='lat' dir='ltr'>denique</span> <span class='ocrx_word' id='word_1_1278' title='bbox 2207 3529 2337 3564; x_wconf 78' lang='lat' dir='ltr'>dissecui</span> <span class='ocrx_word' id='word_1_1279' title='bbox 2372 3530 2417 3564; x_wconf 87' lang='lat' dir='ltr'>se-</span> 
     </span>
     <span class='ocr_line' id='line_1_156' title="bbox 1412 3570 2417 3615; baseline 0.002 -10"><span class='ocrx_word' id='word_1_1280' title='bbox 1412 3573 1519 3615; x_wconf 88' lang='lat' dir='ltr'>ptimo</span> <span class='ocrx_word' id='word_1_1281' title='bbox 1539 3571 1578 3605; x_wconf 84' lang='lat' dir='ltr'>ab</span> <span class='ocrx_word' id='word_1_1282' title='bbox 1600 3573 1735 3605; x_wconf 85' lang='lat' dir='ltr'>interitu</span> <span class='ocrx_word' id='word_1_1283' title='bbox 1759 3570 1810 3605; x_wconf 91' lang='lat' dir='ltr'>die</span> <span class='ocrx_word' id='word_1_1284' title='bbox 1830 3599 1837 3604; x_wconf 96' lang='lat'>.</span> <span class='ocrx_word' id='word_1_1285' title='bbox 1872 3574 2001 3606; x_wconf 87' lang='lat' dir='ltr'>Totum</span> <span class='ocrx_word' id='word_1_1286' title='bbox 2022 3582 2129 3606; x_wconf 85' lang='lat' dir='ltr'>tamen</span> <span class='ocrx_word' id='word_1_1287' title='bbox 2151 3571 2242 3606; x_wconf 89' lang='lat' dir='ltr'>valde</span> <span class='ocrx_word' id='word_1_1288' title='bbox 2272 3573 2417 3608; x_wconf 86' lang='lat' dir='ltr'>notabili</span> 
     </span>
     <span class='ocr_line' id='line_1_157' title="bbox 1413 3614 2419 3659; baseline 0.003 -11"><span class='ocrx_word' id='word_1_1289' title='bbox 1413 3614 1584 3659; x_wconf 69' lang='lat' dir='ltr'>przeditum</span> <span class='ocrx_word' id='word_1_1290' title='bbox 1608 3616 1728 3649; x_wconf 86' lang='lat' dir='ltr'>duritie</span> <span class='ocrx_word' id='word_1_1291' title='bbox 1750 3616 1856 3649; x_wconf 88' lang='lat' dir='ltr'>inveni</span> <span class='ocrx_word' id='word_1_1292' title='bbox 1869 3629 1879 3654; x_wconf 79' lang='lat'>5</span> <span class='ocrx_word' id='word_1_1293' title='bbox 1901 3626 1975 3650; x_wconf 87' lang='lat' dir='ltr'>cum</span> <span class='ocrx_word' id='word_1_1294' title='bbox 1997 3616 2185 3650; x_wconf 88' lang='lat' dir='ltr'>cerebellum</span> <span class='ocrx_word' id='word_1_1295' title='bbox 2198 3616 2270 3651; x_wconf 87' lang='lat' dir='ltr'>esset</span> <span class='ocrx_word' id='word_1_1296' title='bbox 2296 3617 2419 3651; x_wconf 89' lang='lat' dir='ltr'>medio-</span> 
     </span>
    </p>

    <p class='ocr_par' dir='ltr' id='par_1_10' title="bbox 2322 3671 2370 3694">
     <span class='ocr_line' id='line_1_158' title="bbox 2322 3671 2370 3694; baseline -0.021 0"><span class='ocrx_word' id='word_1_1297' title='bbox 2322 3671 2370 3694; x_wconf 86' lang='lat' dir='ltr'>cri</span> 
     </span>
    </p>
   </div>
   <div class='ocr_carea' id='block_1_4' title="bbox 361 3738 2424 3760">
    <p class='ocr_par' dir='ltr' id='par_1_11' title="bbox 361 3738 2424 3760">
     <span class='ocr_line' id='line_1_159' title="bbox 361 3738 2424 3760; baseline -0.001 -6"><span class='ocrx_word' id='word_1_1298' title='bbox 361 3738 2424 3760; x_wconf 40' lang='lat' dir='ltr'>mfflm——d—m—ffl*</span> 
     </span>
    </p>
   </div>
   <div class='ocr_carea' id='block_1_5' title="bbox 423 3804 718 3838">
    <p class='ocr_par' dir='ltr' id='par_1_12' title="bbox 423 3804 718 3838">
     <span class='ocr_line' id='line_1_160' title="bbox 423 3804 718 3838; baseline 0 -10"><span class='ocrx_word' id='word_1_1299' title='bbox 423 3809 435 3838; x_wconf 65' lang='grc' dir='ltr'>ς</span> <span class='ocrx_word' id='word_1_1300' title='bbox 453 3815 462 3831; x_wconf 68' lang='grc' dir='ltr'><strong><em>ς</em></strong></span> <span class='ocrx_word' id='word_1_1301' title='bbox 480 3810 492 3837; x_wconf 65' lang='lat'><em>3</em></span> <span class='ocrx_word' id='word_1_1302' title='bbox 509 3804 581 3836; x_wconf 75' lang='lat' dir='ltr'>Epist.</span> <span class='ocrx_word' id='word_1_1303' title='bbox 600 3812 621 3828; x_wconf 84' lang='lat'>2.</span> <span class='ocrx_word' id='word_1_1304' title='bbox 639 3812 664 3828; x_wconf 86' lang='lat' dir='ltr'>n.</span> <span class='ocrx_word' id='word_1_1305' title='bbox 681 3810 718 3833; x_wconf 63' lang='lat'>²4·</span> 
     </span>
    </p>
   </div>
  </div>
 </body>
</html>
