2498 4075
472 142 562 204 136

955 137 1110 193 Liber
1143 137 1230 192 111.
1264 138 1346 192 De
1381 135 1585 191 Morbis
1616 135 1825 189 Ventris

372 230 375 235 ·
401 222 528 256 'oblitus
551 218 644 256 sum,
665 214 836 259 hydatides
858 215 921 250 tibi
943 226 999 251 aut
1020 219 1105 252 intra
1128 218 1286 254 sinistrum
1305 217 1399 252 dum·
1451 225 1501 249 cet
1525 215 1636 254 albos,
1657 215 1863 249 concludenti
1887 214 2006 249 tunicae
2027 213 2145 249 infixos
2162 219 2175 254 ,”
2207 215 2314 250 nullos
2336 220 2445 250 autem

401 275 489 300 taxat
512 268 526 304 (
546 275 563 297 c
586 267 619 301 )‚
642 269 697 293 aut
722 260 827 293 multo
859 258 994 302 majores
1017 261 1063 297 ad,
1087 262 1172 296 hunc
1195 266 1209 302 (
1231 264 1251 295 d
1271 266 1284 302 )
1305 273 1322 295 a
1346 272 1397 294 me

401 308 583 349 conspe&as
606 301 817 345 descripsisse.
841 305 928 337 Cum
952 312 1078 338 tantum
1100 306 1133 338 in
1157 314 1209 339 tot
1231 304 1396 338 Observa-

399 351 546 385 tionibus
566 345 753 382 consensum
780 346 996 384 attenderem,
1020 346 1195 390 jamquein
1218 360 1256 382 eo
1279 345 1393 384 essem,

398 404 437 429 ut
459 391 658 428 discriminis
679 389 805 424 causam
816 387 946 423 fortasse
969 402 986 423 a
1010 392 1116 424 minus
1126 391 1301 433 expedito,
1324 401 1393 424 cer-

397 447 430 471 te
453 448 507 476 per
538 434 723 476 longiorem
747 434 832 465 viam
856 432 1006 467 εοηῖεᾶο
1036 434 1143 468 reditu
1169 431 1331 484 sangqinis
1355 444 1393 466 ex

396 479 523 514 sinistro
545 476 624 511 teste
646 478 679 510 in
706 486 819 509 venam
842 477 967 509 Cavain
991 486 1187 518 repeterem;
1212 478 1246 509 in
1271 487 1393 510 memo-

394 523 476 557 riam
499 520 599 559 redii,
622 531 688 554 non
712 530 809 562 pauca
833 528 939 553 tamen
964 531 979 552 a
1003 530 1052 553 me
1074 520 1153 554 ledia
1175 518 1268 553 fuisse
1286 529 1394 554 tumo-

396 563 621 605 rumexempla
632 563 689 605 qui
714 561 751 595 ad
766 562 874 596 testem
898 561 1064 597 dexterum
1078 564 1271 596 attinerent.
1295 563 1394 596 Hunc

394 610 480 642 enirn
503 606 650 641 Vesalius
672 608 685 648 (
707 616 722 639 e
746 608 756 644 )
780 605 863 640 vidit
886 606 919 638 in
942 616 1060 640 novem
1091 606 1238 639 decemve
1261 616 1390 648 magnas

390 650 565 694 hydatides
587 647 753 684 excrevisse
773 672 781 683 .
817 649 855 682 In
878 648 1054 691 eodemque
1077 649 1200 690 postea,
1224 660 1298 682 cum
1323 648 1391 682 sero

392 696 431 730 ad
455 706 573 729 novem
596 693 694 726 libras
715 691 870 726 distentus
893 692 989 728 esset,
1011 691 1031 724 h
1054 693 1159 734 dropis
1181 691 1388 731 testiculorum

382 739 573 781 ‚exemplum
597 748 613 769 a
635 735 781 776 Casparo
805 734 953 769 Bauhino
976 739 987 773 (
1045 738 1059 775 )
1081 736 1285 776 propositum
1308 737 1354 768 est
1378 747 1386 769 :

390 783 449 826 qui
472 785 524 823 (g
545 784 559 820 )
580 790 655 814 cum
678 778 825 811 Hildano
847 781 861 817 (
883 777 937 819 h)
962 778 1039 811 alias
1069 778 1237 812 dexterum
1269 778 1388 821 pariter

388 823 557 866 conspexit
580 822 636 856 ovi
659 820 796 854 anserini
819 821 1043 863 magnitudine
1064 842 1074 859 ‚
1106 822 1179 864 pilis
1200 821 1351 863 oblongis
1374 844 1386 861 ,

389 871 422 901 &
446 867 573 901 mucosa
598 865 731 899 materia
755 865 884 908 plenum
898 888 905 897 .
931 865 996 897 Eos
1013 863 1134 899 Blasius
1155 873 1285 908 quoque
1307 867 1321 903 (
1341 865 1353 897 i
1374 868 1388 904 )

383 911 479 944 rebus
511 921 586 944 cum
610 908 680 943 aliis
713 908 748 940 in
772 907 912 951 ejusdem
945 907 1054 942 lateris
1077 907 1153 941 teste
1175 906 1385 950 deprehendit

383 955 419 987 in
442 954 547 988 multo
568 953 743 986 maximam
767 952 887 986 molem
911 952 1004 985 aufto
1024 975 1032 983 .
1059 953 1102 985 Et
1125 961 1199 985 cum
1224 952 1279 984 alii
1304 961 1387 993 prae-

385 1005 472 1032 terea
498 1019 508 1035 ‚
542 1009 558 1031 a
585 1007 635 1029 me
656 994 738 1029 infra
761 998 776 1035 (
797 995 850 1038 lz)
874 995 1061 1029 nominandi
1082 1020 1093 1036 ,
1124 995 1159 1027 in
1183 994 1310 1028 testium
1332 1003 1386 1028 tu-

384 1040 530 1075 moribus
562 1040 647 1083 pilos
670 1040 852 1072 invenerint
871 1052 881 1077 ς
916 1036 1047 1072 fuerunt
1070 1037 1202 1081 quidem
1221 1060 1232 1076 2
1255 1048 1291 1071 ut
1316 1046 1385 1071 tum

382 1084 513 1122 dicam,
537 1084 596 1127 qui
618 1083 652 1117 in
675 1080 822 1122 sinistro,
846 1093 902 1116 nec
927 1082 1090 1124 pauciores
1113 1090 1222 1115 tamen
1254 1082 1311 1123 qui
1336 1084 1385 1113 vi-

380 1129 489 1162 derint
511 1129 545 1161 in
568 1127 702 1160 dextero
723 1149 731 1157 .
764 1125 981 1167 Ejusdemque
1003 1133 1167 1158 tumorem
1192 1124 1278 1159 testis
1300 1136 1311 1162 3
1343 1135 1383 1158 ne

383 1172 497 1205 multis
519 1180 550 1204 te
576 1170 758 1205 detineams
782 1169 985 1211 conspeetum
1008 1169 1091 1210 leges
1114 1179 1130 1200 a
1144 1165 1383 1208 Christophoro

380 1215 534 1249 Hardero
556 1212 661 1256 (l),
685 1224 701 1246 a
724 1211 905 1246 Theodoro
929 1211 1103 1253 Zwingero
1125 1215 1137 1249 (
1159 1221 1189 1243 m
1213 1213 1245 1249 )‚
1271 1211 1310 1244 ab
1323 1212 1385 1244 Le-

381 1255 568 1293 benwaldio
591 1257 606 1298 (
626 1265 646 1288 n
668 1259 709 1295 )‚
743 1266 759 1288 a
783 1254 998 1298 Gandolphio
1020 1256 1033 1293 (
1055 1265 1072 1287 ο
1093 1255 1140 1292 )’,
1163 1265 1179 1286 a
1203 1253 1384 1296 Klaunigio

382 1303 439 1345 (p
461 1302 495 1339 ),
521 1299 561 1333 ab
579 1298 634 1341 Jo.
661 1300 746 1332 Dav.
773 1297 973 1333 Maucharto
995 1300 1083 1340 (q),
1108 1308 1124 1331 a
1149 1296 1276 1339 Miegio
1298 1301 1383 1338 (ν),

379 1345 421 1379 ab
444 1343 631 1377 Alexandro
652 1340 846 1376 camerario
870 1339 954 1384 (s)
977 1362 987 1378 ,
1018 1352 1034 1373 a
1059 1340 1195 1373 Trewio
1217 1343 1232 1379 (
1253 1340 1301 1381 t)
1320 1364 1331 1381 ,
1365 1352 1382 1374 a

377 1387 550 1423 Mediavia
585 1385 684 1419 etiam
717 1385 858 1425 nostro,
894 1382 1167 1428 quemadmodum
1192 1395 1209 1416 a
1245 1394 1295 1417 me
1318 1384 1381 1417 tibi

378 1426 457 1466 alia's
480 1431 534 1474 (u
557 1433 567 1468 )
591 1429 747 1470 scriptum
771 1427 831 1462 est.
857 1428 929 1462 Nec
952 1439 1028 1461 vero
1051 1426 1224 1461 discrimen
1247 1427 1381 1461 invenio

376 1477 464 1523 inter
485 1472 600 1507 sinistri
624 1472 715 1506 testis
739 1496 748 1512 ,
778 1471 965 1516 dexterique
1002 1479 1147 1505 tumores
1168 1472 1202 1504 in
1234 1481 1296 1504 una
1329 1483 1381 1505 ea-

375 1518 514 1560 demque
537 1515 673 1551 foemina
698 1538 708 1553 ,
743 1514 807 1550 sive
829 1515 912 1548 olim
947 1515 985 1548 ab
1010 1514 1173 1548 Heintzio
1204 1518 1218 1555 (
1239 1523 1261 1548 x
1281 1518 1295 1555 )
1318 1513 1382 1548 sive

375 1565 484 1607 postea
508 1560 547 1595 ab
570 1559 733 1594 Nabotho
757 1560 809 1603 (y
825 1558 865 1601 ),
889 1561 920 1591 δι
944 1559 982 1591 ab
995 1558 1122 1591 Laubio
1147 1556 1238 1600 (z)
1262 1556 1382 1591 descri-

376 1616 470 1650 ptos:
494 1615 597 1647 neque
619 1603 685 1645 ipse
697 1604 782 1636 inter
804 1613 858 1635 eos
879 1600 1043 1643 vidiquos
1064 1600 1283 1644 superioribus
1304 1612 1378 1644 pro-

377 1648 473 1692 posui
507 1648 644 1681 Litteris
666 1650 680 1687 (
702 1656 721 1678 a
744 1648 758 1685 )
780 1657 788 1677 :
821 1654 876 1678 aut
899 1643 922 1676 fi
953 1644 1124 1678 discrimen
1149 1644 1281 1677 invenio
1301 1658 1310 1681 ;
1341 1646 1376 1678 in

375 1691 497 1736 majori
521 1690 564 1725 est
587 1689 713 1724 dexteri
726 1687 969 1730 magnitudine,
993 1697 1030 1721 ut
1053 1688 1086 1720 in
1101 1686 1242 1720 Bauhini
1265 1688 1281 1730 (
1300 1686 1376 1727 b.),

374 1733 581 1777 Gandolphii
615 1738 625 1774 (
650 1744 666 1766 c
687 1735 702 1772 )
721 1754 731 1770 ,
765 1731 902 1765 Goetzii
934 1731 1021 1773 (d)
1050 1730 1344 1764 Observationibus
1365 1754 1376 1764 .

372 1779 539 1813 Postremo
568 1776 591 1812 si
614 1777 652 1811 de
685 1775 809 1809 adnatis
833 1773 1044 1818 hydatidibus
1067 1772 1170 1807 sermo
1193 1772 1233 1807 fit
1256 1783 1267 1810 3
1298 1785 1378 1815 quas

371 1824 408 1857 in
432 1821 558 1857 infante
582 1818 821 1861 Kerckringi'us
844 1819 861 1861 (
880 1827 895 1851 e
917 1819 931 1856 )
953 1815 1165 1860 deprehendit
1188 1816 1378 1859 magnitudi-

370 1877 408 1900 ne
430 1867 483 1899 ovi
505 1863 693 1902 columbini,
715 1873 781 1896 non
805 1860 844 1895 ad
868 1859 1050 1898 sinistrum,
1074 1860 1125 1894 sed
1148 1859 1187 1893 ad
1209 1860 1377 1893 dexterum

371 1909 483 1945 testem
508 1907 620 1948 fuisse,
643 1904 811 1942 adnotavit
837 1930 846 1939 .
880 1905 983 1937 Erant
1006 1904 1119 1947 procul
1143 1902 1246 1936 dubio
1268 1903 1378 1936 utrin-

372 1950 437 1997 que
462 1953 567 1987 multo
599 1950 703 1994 plures
725 1947 976 1982 Observationes
998 1961 1008 1984 5
1043 1947 1108 1989 ipse
1131 1947 1218 1980 enim
1240 1956 1378 1989 quarum

371 1999 408 2031 in
433 1995 598 2041 praesentia
621 1992 832 2030 recordabar,
857 2001 906 2024 eas
929 1989 1157 2024 tantummodo
1174 1999 1379 2027 ‚commemo-

371 2042 443 2075 ravi
464 2064 476 2082 ,
508 2050 574 2073 non
598 2047 666 2071 tam
699 2045 735 2069 ut
759 2035 832 2070 casu
856 2034 978 2081 faeturn
1001 2030 1095 2067 fuisse
1117 2059 1128 2075 ,
1152 2032 1347 2075 intelligeres
1370 2053 1381 2069 ‚

373 2094 412 2119 ut
436 2097 453 2118 a
478 2085 585 2126 primo
616 2089 667 2116 tot
690 2077 772 2113 mihi
806 2078 837 2112 se
858 2077 1035 2119 objecerint
1069 2078 1103 2110 in
1137 2077 1236 2110 latere
1269 2086 1380 2109 omnes

372 2128 500 2163 sinistro
522 2148 531 2165 ‚
561 2136 659 2169 quam
683 2133 719 2158 ut
750 2122 905 2167 plurimas
928 2122 962 2154 in
995 2130 1149 2164 promptu
1173 2118 1304 2153 haberes
1325 2141 1334 2157 ,
1357 2116 1382 2152 si

373 2171 460 2206 forte
493 2174 578 2205 inter
600 2169 629 2202 se
661 2165 831 2202 conferens
849 2187 860 2203 ,
891 2164 1001 2208 aliqua
1023 2176 1063 2198 ex
1096 2163 1260 2197 nonnullis
1283 2160 1382 2205 posses

374 2217 489 2251 elicere
513 2212 559 2248 ad>
574 2209 813 2254 conjiciendum
825 2207 974 2244 abditum
987 2232 997 2251 ‚
1017 2207 1217 2250 eundemque
1231 2204 1385 2249 frequen-

376 2271 444 2296 tem
468 2257 620 2294 morbum
643 2265 708 2289 non
732 2252 862 2287 inutilia
878 2276 886 2284 .

330 2328 332 2332 -
419 2312 473 2347 41.
496 2302 570 2335 Nec
593 2311 670 2334 vero
692 2296 781 2340 quod
804 2296 843 2331 de
867 2297 942 2340 pilis
964 2295 1109 2330 diximus
1132 2295 1217 2329 intra
1230 2293 1384 2328 foemina-

378 2359 451 2384 rum
474 2345 637 2381 testiculos
662 2355 678 2376 a
701 2339 872 2378 Bauhino,
897 2342 929 2373 &
952 2339 1058 2374 Blasio
1080 2340 1222 2373 inventis
1243 2360 1252 2375 ‚
1277 2348 1384 2381 perra-

380 2403 455 2427 rum
478 2389 541 2424 est.
565 2388 657 2422 Nam
683 2383 848 2418 Bauhinus
868 2380 954 2425 (f)
975 2384 1019 2417 ita
1053 2382 1144 2416 illam
1164 2381 1382 2415 Observatio-

381 2446 456 2471 nem
479 2430 668 2477 proposuit,
692 2437 727 2463 ut
751 2437 853 2470 neque
877 2437 993 2465 unam,
1013 2436 1116 2467 neque
1141 2425 1279 2465 primam
1301 2421 1383 2461 esse,

379 2479 560 2515 indicaret:
585 2476 694 2516 postea
716 2480 822 2505 autem
846 2472 877 2503 δέ
901 2469 1042 2508 Blafius,
1064 2479 1101 2502 ut
1124 2467 1194 2501 dixi
1218 2492 1229 2508 ‚
1252 2469 1282 2499 &
1306 2466 1385 2505 alii,

381 2526 418 2558 in
440 2521 559 2566 quibus
582 2516 755 2560 Wepserus
779 2518 789 2554 (
808 2523 830 2556 g
853 2516 887 2552 )‚
910 2514 941 2545 &
965 2511 1111 2561 Andreas
1121 2510 1279 2544 Veronici
1301 2507 1388 2559 (h),

381 2567 435 2602 sed
469 2565 503 2599 hi
526 2563 593 2597 duo
626 2572 644 2594 a
666 2558 795 2594 sinistris
817 2582 827 2598 ,
860 2568 877 2590 a
899 2556 1023 2590 dextris
1055 2563 1163 2589 autem
1189 2552 1388 2594 Stalpartius

383 2615 399 2652 (
420 2611 432 2644 i
455 2612 488 2649 ),
510 2609 542 2641 δε
565 2605 638 2638 Cel.
662 2602 814 2637 Hallerus
836 2600 853 2641 (
871 2597 891 2638 l<
913 2602 956 2648 ):-
970 2601 1001 2632 &
1015 2620 1024 2637 ‚
1048 2609 1087 2632 ne
1109 2598 1215 2641 plures
1238 2595 1352 2645 addam
1373 2619 1384 2635 ,

382 2665 447 2689 una
470 2654 505 2685 in
517 2650 666 2683 Civitate
689 2645 806 2683 semel,
831 2652 927 2685 atque
946 2650 1089 2681 iterum,
1113 2652 1184 2674 mea
1208 2650 1384 2689 memoria,

380 2696 490 2734 Dofii
513 2689 731 2727 Bononienses
761 2688 838 2720 Viri
864 2686 1057 2719 adnotarunt
1078 2707 1091 2725 ‚
1120 2694 1222 2726 nuper
1251 2681 1385 2725 quidem

381 2738 585 2782 Menghinus
617 2745 653 2768 ac
677 2731 820 2766 Bonzius
842 2733 853 2769 (
876 2728 923 2774 l)
958 2727 1081 2762 sinistro
1112 2728 1146 2760 in
1169 2727 1248 2760 teste
1266 2747 1279 2765 ,
1312 2733 1386 2759 ante

382 2794 484 2819 annos
508 2790 616 2815 autern
638 2788 701 2811 tres
723 2778 754 2809 &
775 2773 1012 2817 quinquaginta
1035 2773 1061 2804 is
1082 2781 1179 2814 quem
1200 2768 1386 2819 supra(m)

384 2826 545 2864 laudavi,
566 2819 770 2856 Mansredius
794 2818 827 2850 in
850 2816 984 2850 dextero
1002 2840 1011 2849 .
1043 2815 1132 2849 Huic
1157 2823 1244 2847 enim
1267 2822 1387 2861 conna-

386 2881 458 2905 tum
490 2865 582 2902 fuisse
604 2887 614 2902 ,
646 2864 684 2898 ad
710 2873 759 2895 me
783 2859 930 2903 scripsit,
954 2857 1089 2901 globum
1113 2855 1308 2900 praegrandis
1328 2856 1385 2888 ovi

386 2909 638 2955 magnitudine,
660 2903 927 2948 comprehensum
950 2903 1040 2942 alba,
1066 2904 1095 2935 δι
1116 2898 1205 2951 quasi
1225 2898 1388 2948 cartilagi-

386 2968 448 2992 nea
469 2954 600 2991 tunica,
622 2948 814 2992 quibusdam
836 2957 943 2981 tamen
967 2945 1046 2979 locis
1070 2954 1215 2977 tenuiore
1237 2965 1247 2981 ,
1281 2944 1313 2974 &
1337 2952 1385 2974 ni-

386 3001 552 3044 gricante:
575 2997 661 3028 intra
683 3003 755 3025 eum
769 2990 902 3033 globum
922 2987 1079 3035 delituisse
1102 2987 1243 3030 pilorum
1263 2985 1387 3028 glome-

385 3053 456 3080 rem
478 3065 488 3082 ,
520 3041 560 3074 ab
582 3050 618 3072 ea
647 3036 756 3070 tunica
777 3036 913 3068 omnino
944 3032 1123 3074 sejunt‘tum
1146 3053 1160 3071 ‚
1193 3032 1225 3063 δε
1245 3027 1388 3071 quodam

388 3084 479 3132 quasi
513 3083 589 3117 sebo
610 3079 822 3114 delibutum:
859 3079 944 3111 intra
974 3075 1153 3118 glomerem
1187 3082 1293 3107 autem
1327 3082 1387 3104 nu-

392 3131 498 3166 cleum
521 3124 682 3169 quendam
703 3143 715 3160 ³
746 3133 787 3155 ex
809 3131 875 3162 quo
905 3117 977 3152 vasa
1000 3118 1125 3161 aliquot
1158 3117 1192 3150 in
1216 3116 1386 3150 continua-

386 3183 456 3209 tam
480 3170 565 3205 testis
587 3166 791 3202 substantiam
814 3162 1034 3204 pertinebant.
1060 3162 1144 3200 Qae
1166 3160 1260 3200 vasa,
1284 3161 1314 3192 δι
1328 3169 1387 3191 nu-

390 3218 498 3253 cleum
522 3213 561 3247 ab
584 3212 655 3246 aliis
676 3220 741 3242 non
766 3206 900 3240 memini
924 3204 1159 3244 animadversa,
1182 3213 1217 3237 ut
1239 3213 1343 3243 neque
1366 3212 1383 3235 a

387 3260 513 3296 caeteris
534 3256 600 3291 duo
621 3264 692 3298 quae
715 3251 881 3288 Bauhinus
904 3249 1112 3283 adnotaverat
1133 3269 1146 3288 ,
1169 3247 1251 3290 pilos
1273 3245 1384 3280 videli.

1448 261 1483 292 in
1506 260 1648 293 mulieris
1672 258 1757 305 illius
1781 259 1888 302 pube,
1910 270 2093 301 quanquam
2117 259 2221 300 puella
2254 269 2319 292 non
2343 267 2409 292 erat
2431 278 2443 296 ‚

1446 303 1515 336 imo
1539 312 1671 344 puerum
1694 311 1760 342 Jam
1777 301 1945 336 ediderat.
1972 303 2029 335 Sed
2051 302 2127 335 dum
2150 300 2218 336 haec
2230 301 2444 337 recenserem,

1445 346 1479 378 in
1505 347 1711 387 Programma
1735 345 1834 378 incidi
1855 345 1891 378 de
1902 345 2012 377 Ονανὶἱ
2031 346 2164 378 Tunwre
2176 345 2279 387 ‘Pilosa
2293 367 2302 383 ,
2328 342 2443 386 Lipfiae

1446 389 1567 422 editum
1591 389 1748 430 A.·i735-
1774 399 1791 421 a
1813 388 1925 429 Polyc.
1950 386 2275 428 Gontschachem,
2298 389 2355 431 qui
2378 396 2445 419 non

1444 433 1542 465 modo
1567 431 1646 464 alios
1669 440 1826 464 memorat
1846 432 2010 473 pilorum,
2034 433 2065 464 &
2087 431 2215 472 pinguis
2237 431 2383 464 materiae
2405 428 2443 461 in

1444 474 1604 509 foemineis
1627 473 1760 507 testibus
1781 495 1791 511 ,
1823 485 1839 507 a
1861 474 1982 508 dextris
2015 474 2187 516 praesertim
2208 497 2220 514 ‚
2242 474 2444 508 Observato-

1444 529 1511 555 res;
1535 517 1585 551 sed
1609 517 1648 550 ab
1672 516 1701 550 se
1723 528 1852 560 quoque
1878 519 1911 551 in
1934 517 2123 561 ampliffimo
2147 516 2271 551 sinistro
2295 517 2368 550 teste
2391 525 2444 548 ea-

1443 560 1516 595 dem
1538 569 1660 603 reperta
1683 559 1861 594 describens
1881 581 1891 597 ,
1923 561 2006 602 pilos
2028 560 2246 603 potiffimum,
2271 560 2293 593 si
2317 560 2388 602 quis
2409 569 2444 591 a—

1443 605 1506 639 lius
1529 628 1540 644 ,
1569 603 1741 646 diligenter
1764 604 1917 645 proponit
1933 625 1946 643 ,
1978 615 2035 637 nec
2056 604 2159 637 verbis
2181 604 2304 643 solum,
2329 612 2440 636 verum

1444 649 1541 682 etiam
1567 648 1701 689 Figuris
1719 671 1728 686 ‚
1763 644 1885 688 eosque(
1910 658 1951 680 ex
1981 648 2102 681 interna
2125 648 2235 680 tunicae
2270 642 2440 688 incraffiztae

1435 688 1600 735 superficie
1630 688 1775 734 prodiisse
1796 714 1805 729 ,
1839 689 2031 728 confirmat,
2053 701 2149 733 quam
2174 699 2341 732 propterea
2364 698 2439 721 cum

1438 744 1570 768 externa
1592 734 1709 775 capitis
1741 741 1816 766 cute
1838 733 1988 775 capillata
2019 733 2166 767 conferre
2188 744 2253 766 non
2276 731 2404 766 dubitat
2427 754 2437 762 .

1438 778 1530 815 Quin
1554 788 1570 810 a
1593 777 1645 809 Cl.
1669 787 1798 819 quoque
1821 776 2004 818 Targionio
2026 779 2040 815 (
2061 787 2080 809 n
2101 779 2115 815 )
2138 775 2325 819 conspeetos
2358 775 2440 817 pilos

1438 819 1531 854 fuisse
1552 842 1562 859 ,
1597 819 1808 853 animadverti
1830 841 1840 855 ‚
1871 817 1976 853 crassae
1999 821 2168 862 tenacique
2191 822 2310 854 tunicae
2335 819 2437 852 altero

1438 864 1544 906 capite
1577 862 1661 897 haud
1685 863 1778 896 aliter
1807 860 1999 895 inhaerentes
2017 886 2031 903 ,
2065 874 2100 897 ac
2122 864 2192 897 cuti
2216 863 2336 897 solent.
2360 859 2447 897 Qua'

1439 918 1517 941 vero
1539 919 1577 941 ex
1600 905 1691 940 causa
1714 905 1798 938 intra
1822 904 1983 939 testiculos
2007 906 2064 947 pili
2088 907 2256 940 nascantur
2274 929 2287 946 ‚
2321 905 2342 938 si
2367 905 2438 938 veri

1438 951 1571 994 quidem
1595 950 1653 992 pili
1676 948 1749 982 sunt
1775 973 1783 987 ,
1814 948 1948 982 difficile
1969 949 2011 983 est
2033 948 2138 983 dicere
2161 963 2169 981 ι
2195 961 2251 983 nec
2273 948 2437 983 difficilius

1438 1003 1545 1027 tamen
1575 1003 1672 1036 quam
1694 993 1777 1025 intra
1809 1001 1913 1034 partes
1945 992 2018 1025 alias
2039 1018 2046 1025 .
2079 992 2168 1026 Nam
2204 995 2235 1025 δε
2267 992 2440 1026 Cornelius

1436 1037 1548 1071 Celsus
1572 1041 1582 1076 (
1606 1047 1622 1067 υ
1646 1039 1657 1075 )
1680 1036 1713 1068 in
1738 1034 1927 1077 thyroidaeae
1950 1035 2108 1077 glandulae
2133 1035 2313 1069 tumoribus
2336 1035 2436 1068 inter-

1438 1081 1511 1114 dum
1533 1081 1628 1114 etiam
1650 1079 1783 1113 minutis
1803 1077 1910 1119 offibus
1930 1078 2012 1120 pilos
2034 1078 2180 1118 immzstos
2190 1077 2335 1118 includi,
2359 1077 2436 1111 scri-

1439 1123 1523 1165 psit,
1544 1126 1574 1156 δε
1598 1123 1681 1160 alii,
1713 1120 1833 1155 laudati
1857 1132 1873 1154 a
1897 1121 1970 1155 Cel.
1995 1121 2145 1155 Heistero
2168 1120 2257 1164 (p)
2280 1143 2289 1158 ‚
2324 1121 2401 1154 alibi
2424 1143 2435 1160 ‚

1438 1175 1475 1200 ut
1499 1177 1556 1199 nos
1587 1165 1644 1208 ipsi
1670 1166 1722 1208 (q
1744 1167 1758 1204 )
1780 1165 1864 1197 intra
1888 1164 2064 1207 processum
2087 1163 2321 1198 Transversum
2345 1165 2437 1198 vide-

1436 1210 1537 1244 rimus
1558 1207 1728 1253 Craslioris
1751 1208 1871 1241 cerebri
1883 1209 2059 1250 meningis.
2086 1248 2088 1250 Ι
2191 1207 2253 1242 sed
2277 1206 2437 1250 haecquo-

1435 1264 1498 1295 que
1522 1251 1663 1294 Epistola
1686 1262 1752 1292 Jam
1775 1251 1905 1292 longior
1928 1251 1990 1288 est3
2014 1260 2050 1284 ut
2075 1249 2248 1285 videndum
2262 1251 2355 1284 nobis
2379 1263 2440 1294 po-

1435 1298 1501 1329 tius
1526 1295 1589 1335 sit,
1614 1293 1887 1336 quemadmodum
1912 1298 1966 1336 per
1978 1293 2251 1328 Observationem
2275 1294 2436 1337 aliquam,

1434 1350 1506 1381 quae
1530 1337 1690 1371 Valsalvae
1712 1338 1762 1370 illi
1786 1339 1907 1371 ultimae
1932 1342 1943 1377 (
1966 1349 1982 1370 r
2007 1340 2016 1375 )
2042 1337 2252 1380 respondeat,
2277 1337 2375 1371 finem
2389 1338 2440 1372 fa-

1432 1384 1573 1416 ciamus.
1596 1382 1671 1414 Erit
1694 1379 1762 1415 haec
1777 1405 1787 1422 ‚
1809 1380 1831 1413 fi
1856 1392 1919 1414 non
1936 1381 2072 1423 prolapfi
2099 1381 2297 1421 ventriculi,
2319 1391 2351 1414 at
2365 1393 2440 1424 pro-

1431 1427 1510 1468 lapsi
1537 1426 1648 1464 lienis,
1674 1425 1714 1457 ab
1737 1423 1943 1468 ejusdemque
1968 1422 2150 1458 Manfredii
2174 1425 2359 1467 accipietur
2382 1426 2440 1458 lit-

1430 1470 1508 1503 teris
1532 1468 1782 1505 humaniffimis,
1806 1468 1924 1510 quibus
1947 1467 1988 1500 A.
2016 1467 2153 1508 1718.ut
2176 1467 2252 1501 duas
2277 1479 2341 1501 non
2365 1468 2439 1501 vul-

1430 1524 1519 1564 gares
1542 1512 1638 1550 alias,
1661 1512 1728 1562 alio
1751 1521 1895 1562 tempore
1919 1510 1981 1544 tibi
1993 1510 2188 1554 descriptas,
2216 1513 2264 1545 ita
2286 1511 2368 1545 hanc
2379 1523 2437 1555 pa-

1430 1566 1509 1591 riter
1531 1563 1812 1590 communicavit.

1468 1610 1523 1643 42.
1549 1598 1636 1633 VIR
1660 1607 1727 1632 erat
1758 1600 1812 1632 cui
1837 1606 1947 1632 venter
1969 1597 2007 1632 ad
2030 1607 2205 1640 utrumque
2236 1599 2356 1639 inguen
2382 1607 2439 1632 tu-

1428 1645 1558 1678 mebat.
1583 1641 1642 1675 Sed
1665 1652 1776 1676 tumor
1799 1640 1940 1680 sinister,
1964 1654 2060 1684 quem
2084 1641 2227 1675 herniam
2250 1641 2332 1681 effe,
2355 1652 2439 1674 con-

1427 1687 1553 1722 flabat,
1576 1695 1648 1719 cum
1672 1694 1836 1725 mortem,
1862 1685 1926 1718 ileo
1948 1685 2104 1723 indusio,
2129 1684 2282 1718 attulisset
2306 1695 2318 1722 5
2341 1697 2438 1719 occa-

1428 1730 1549 1763 sionem
1582 1728 1720 1771 praebuit
1752 1728 1910 1767 sciendi,
1943 1728 2023 1770 quid
2058 1727 2131 1761 esset
2168 1729 2305 1761 dexter.

1428 1774 1463 1807 V
1488 1774 1517 1806 E
1540 1770 1576 1803 N
1599 1772 1633 1806 T
1657 1773 1687 1805 R
1710 1772 1741 1804 E
1763 1772 1851 1804 enim
1875 1770 2049 1812 adaperto,
2074 1772 2137 1803 lien
2159 1771 2194 1803 ad
2222 1772 2342 1813 inguen
2357 1771 2439 1804 dex..

1428 1825 1536 1850 terum
1559 1814 1709 1848 inventus
1731 1813 1774 1848 est
1797 1836 1806 1852 ,
1841 1814 1923 1848 unde
1947 1836 1956 1851 ,
1989 1815 2198 1856 quantumvis
2218 1814 2369 1847 concusso
2385 1818 2439 1847 in-

1427 1868 1476 1892 ter
1510 1857 1686 1892 eruendum
1717 1869 1733 1890 e
1768 1857 1935 1900 sepulchro
1965 1857 2116 1891 cadavere
2136 1879 2145 1894 ‚
2178 1858 2338 1891 dimoveri
2371 1869 2437 1891 non

1429 1911 1579 1945 potuerat
1600 1926 1609 1935 .
1656 1901 1738 1934 Lien
1769 1902 1796 1934 is
1831 1899 1894 1934 fuit
1938 1901 2078 1941 pondere
2113 1900 2269 1934 librarum
2303 1902 2436 1935 circiter

1429 1946 1553 1983 trium,
1576 1943 1779 1978 crassitudine
1801 1943 1982 1986 digitorum
1995 1943 2245 1978 transversorum
2267 1945 2410 1988 quinque
2431 1968 2442 1985 ,

1425 1988 1607 2022 latitudine
1640 1986 1813 2021 duodecim
1835 2011 1844 2026 ,
1875 1986 2082 2028 longitudine
2112 1988 2251 2022 totidem
2276 2012 2283 2020 .
2321 1988 2439 2020 Anne-

1430 2042 1490 2065 xus
1511 2040 1581 2065 erat
1604 2031 1789 2064 ventriculo
1818 2040 1873 2071 per
1907 2029 2068 2072 quendam
2115 2030 2178 2064 uasi
2216 2031 2350 2069 funem,
2377 2030 2435 2064 sub

1431 2074 1659 2109 intestinorum
1695 2083 1784 2116 parte
1816 2073 1969 2106 latentem
1991 2097 2004 2114 ‚
2034 2085 2085 2108 cra
2116 2085 2170 2106 um
2201 2074 2326 2117 digitos
2363 2076 2438 2115 pol-

1433 2119 1509 2151 lices
1538 2117 1619 2151 duos
1640 2139 1649 2155 ,
1687 2128 1725 2150 ex
1758 2116 1836 2151 vasis
1858 2115 1978 2150 faetum
2001 2115 2195 2160 sanguiseris
2218 2142 2226 2156 ‚
2260 2128 2332 2159 quae
2356 2117 2442 2151 cras-

1435 2160 1569 2195 siuscula
1601 2162 1710 2199 tunica
1746 2185 1756 2201 ,
1793 2159 1928 2202 capsulae
1961 2160 2059 2194 instar
2083 2186 2092 2202 ,
2126 2161 2403 2203 compleotebatur
2428 2185 2439 2201 ,

1436 2213 1473 2238 ut
1508 2206 1620 2239 colore
1641 2226 1653 2243 ,
1686 2206 1719 2236 δε
1748 2203 1886 2246 quadam
1919 2203 2075 2238 vasorum
2113 2204 2314 2237 centorsione
2349 2203 2441 2238 simi-

1435 2248 1474 2282 lis
1509 2246 1585 2282 esset
1627 2245 1764 2281 funiculi
1797 2246 1993 2281 umbilicali's
2025 2259 2036 2286 3
2080 2258 2266 2289 quanquam
2300 2250 2439 2281 exterius

1435 2291 1624 2333 appendices
1655 2290 1794 2324 habebat
1823 2290 1976 2334 quasdam
1999 2313 2011 2330 ,
2043 2291 2195 2332 reliquias
2228 2290 2359 2324 sortass'e
2394 2292 2441 2324 la-

1433 2344 1613 2369 ceratarum
1648 2334 1906 2367 membranarum
1926 2356 1942 2371 ,-
1972 2345 2043 2376 quae
2068 2335 2175 2375 p'rimo
2208 2334 2334 2375 aspe&u
2369 2335 2441 2367 illas

1435 2377 1580 2419 adiposas
1611 2377 1801 2418 appendices
1824 2376 2003 2410 referebant
2033 2377 2154 2418 quibus
2176 2377 2335 2411 instrutffta
2361 2377 2439 2411 sunt

1434 2420 1585 2455 intestina
1618 2420 1727 2455 Crassa
1747 2444 1755 2453 .
1799 2420 1899 2454 Rami
1944 2431 2100 2453 venarum
2146 2420 2185 2453 ad
2230 2422 2347 2454 lienem
2393 2430 2442 2453 at-

1437 2465 1617 2497 tinentium
1663 2463 1753 2497 valde
1798 2472 1889 2497 erant
1919 2463 2046 2497 dilatati
2072 2477 2080 2496 z
2125 2474 2197 2506 quae
2242 2474 2349 2497 autem
2387 2475 2441 2497 vas

1438 2508 1536 2585 [greve
1578 2505 1701 2541 dicitur
1722 2530 1733 2547 ,
1778 2505 1873 2544 facile
1915 2508 2058 2549 digitum
2101 2507 2243 2542 indicem
2287 2507 2441 2541 admitte-

1463 2560 1493 2585 at
1510 2575 1518 2583 .

1480 2604 1535 2638 43.
1560 2593 1629 2627 Etsi
1655 2593 1774 2629 Blasius
1802 2597 1817 2634 (
1870 2598 1884 2634 )
1916 2604 1990 2628 cum
2014 2592 2146 2629 eandem
2165 2616 2175 2633 ‚
2209 2604 2307 2636 quam
2342 2596 2441 2638 Ruy-

1435 2637 1542 2672 schius
1574 2636 1657 2680 (t)
1690 2638 1796 2680 postea
1819 2659 1828 2675 ‚
1872 2636 2009 2680 prolapsi
2043 2636 2136 2672 lienis
2167 2638 2440 2673 observationem

1436 2680 1585 2724 vulgavit
1606 2703 1618 2720 ,
1652 2681 1820 2723 aliquanto
1850 2682 1941 2723 plura
1963 2691 2061 2758 ἧυεῐη
2093 2682 2174 2715 alter
2196 2704 2208 2721 ,
2245 2680 2368 2725 scripsit
2401 2682 2440 2716 de

1436 2726 1478 2759 iis
1509 2735 1581 2767 quae
1605 2726 1637 2757 in
1672 2725 1801 2758 vivente
1825 2747 1833 2762 ,
1863 2726 1895 2757 &
1919 2735 1961 2765 po
2021 2735 2159 2758 mortem
2184 2726 2257 2759 sunt
2291 2726 2440 2759 animad-

1437 2768 1524 2802 versa
1548 2791 1560 2808 ,
1595 2770 1624 2801 δι’
1657 2768 1690 2800 in
1715 2767 1764 2801 his
1787 2765 1860 2810 vafiz
1877 2765 2013 2809 splenica
2045 2768 2160 2802 mirum
2183 2768 2216 2801 in
2251 2769 2373 2802 modum
2395 2772 2438 2803 Θ·

1436 2811 1649 2852 longitudine,
1672 2811 1714 2844 esf
1735 2812 1909 2853 capacitate
1922 2809 2020 2857 ‘aurfta
2037 2822 2051 2850 ,·
2074 2812 2234 2845 neminem
2259 2821 2367 2845 tamen
2391 2813 2436 2846 le-

1437 2854 1515 2898 giffe
1547 2855 1678 2888 memini
1705 2878 1713 2893 ,
1744 2854 1802 2897 qui
1832 2855 1866 2886 in
1899 2854 2056 2895 ejusmodi
2090 2854 2212 2889 casibus
2251 2853 2440 2896 diligentius

1439 2909 1540 2942 quarn
1574 2896 1775 2931 Manfredius
1795 2921 1806 2937 ,
1838 2896 1947 2930 funem
1979 2896 2181 2940 descripserit
2214 2898 2438 2940 Spleni'corum

1439 2941 1592 2975 vasorum
1618 2966 1625 2973 .
1659 2942 1821 2975 Caeterum
1853 2939 1942 2982 quod
1976 2941 2013 2974 ad
2049 2941 2155 2975 causas
2179 2944 2297 2975 attinet
2332 2944 2439 2977 morbi

1438 2983 1558 3026 hujus,
1583 2983 1720 3026 agnosco
1740 2983 1871 3027 quidem
1893 2984 1990 3017 nimis
2012 2986 2140 3019 audium
2165 2985 2256 3019 lienis
2291 2987 2439 3027 pondus,

1437 3039 1504 3071 quo
1538 3028 1740 3062 membranea
1772 3026 1898 3060 vincula
1931 3052 1941 3067 ,
1985 3028 2022 3061 ad
2057 3028 2179 3070 septum
2223 3028 2438 3064 transversum

1437 3071 1639 3105 annestentia
1663 3093 1672 3108 ,
1706 3071 1854 3104 laxentur
1876 3092 1886 3108 ‚
1919 3081 1973 3104 aut
2009 3072 2248 3114 disrumpantur
2272 3097 2283 3112 ‚
2325 3075 2357 3106 δε
2391 3072 2439 3108 sa.

1436 3126 1476 3148 ne
1509 3115 1653 3158 plerique
1685 3125 1757 3148 cum
1789 3112 1940 3156 prolapsu
1974 3115 2007 3148 id
2041 3114 2165 3156 pondus
2199 3124 2253 3149 aut
2275 3127 2434 3150 memora-

1435 3167 1512 3192 runt
1534 3183 1543 3198 ,
1581 3167 1635 3191 aut
1657 3156 1841 3191 indicarunt
1867 3182 1875 3190 .
1898 3158 2051 3192 Attamen
2077 3170 2151 3192 cum
2175 3160 2355 3201 ingentium
2378 3161 2439 3193 lie-

1435 3211 1514 3234 num
1538 3223 1547 3240 ‚
1583 3201 1640 3244 qui
1664 3202 1796 3233 minime
1820 3200 2022 3241 prociderant
2045 3225 2055 3240 ‚
2089 3203 2178 3236 venit
2202 3203 2236 3235 in
2260 3213 2401 3236 mentem
2421 3226 2434 3243 ‚

1434 3244 1543 3288 quales
1565 3255 1631 3278 non
1653 3244 1746 3278 semel
1770 3243 1833 3277 tibi
1856 3242 2005 3288 descripsi
2027 3248 2042 3285 <
2063 3256 2084 3279 u
2105 3249 2120 3285 )
2140 3269 2150 3286 ,
2180 3254 2235 3279 aut
2258 3247 2375 3321 qgales1
2398 3248 2433 3280 in

2306 3301 2364 3333 epu
2378 3308 2392 3314 -

391 3379 2435 3405 .....----——-—————————-———-———-—--—---—-—-—--—---

803 3445 814 3476 (
830 3445 846 3469 a
862 3444 877 3474 )
892 3446 939 3473 Ep.
954 3450 992 3467 ιι.
1008 3450 1032 3468 n.
1047 3450 1087 3471 47·

533 3449 608 3479 ‘²⁹³⁰'
624 3455 662 3479 ’ς’
678 3454 703 3471 “’
720 3448 742 3472 ⁸¹
842 3474 852 3504 (
868 3476 879 3499 1·
893 3475 908 3503 )
925 3475 987 3498 part.
1005 3481 1022 3498 ι.
1038 3472 1097 3497 0ss.
1114 3471 1186 3496 Med.
1206 3479 1227 3499 9.

502 3451 521 3510 ))
537 3482 608 3505 Cent.
627 3489 647 3509 5.
664 3476 725 3501 Obs.
743 3478 782 3506 48.

515 3512 526 3539 J
542 3511 646 3535 Earund.
662 3510 719 3532 Dec.
735 3515 756 3531 ².
774 3508 804 3531 A.
822 3514 845 3534 9.
862 3504 917 3529 obs
941 3507 993 3533 136.

509 3542 523 3569 )
538 3541 599 3569 Eph.
617 3542 648 3563 N.
665 3540 694 3563 C.
714 3540 787 3563 cent.
802 3545 825 3565 7.
843 3535 902 3560 Obs.
919 3538 959 3562 64.

508 3571 516 3599 )
533 3572 670 3595 Commerc.
685 3569 774 3592 Litter.
794 3569 823 3591 A.
840 3574 908 3600 ¹⁷34·
925 3564 1001 3588 Hebri.
1017 3572 1058 3593 44.

510 3601 524 3629 )
540 3601 629 3629 Disput;
646 3602 675 3624 de
691 3599 792 3624 Sternit.
810 3598 912 3621 Mulier.
929 3603 954 3619 n.
975 3602 1011 3618 11.
1072 3594 1087 3623 (
1102 3602 1120 3622 z
1137 3594 1144 3623 )

505 3631 513 3661 )
530 3631 569 3654 cit.
588 3630 646 3654 nist.
663 3629 741 3658 primo
757 3629 811 3653 loco
822 3645 828 3651 .
885 3657 890 3661 ¹
923 3656 927 3660 ,

511 3664 518 3692 )
534 3661 587 3685 vid.
605 3660 661 3684 thes.
680 3667 715 3688 ¹7·
732 3657 892 3688 Schorkopffii
907 3661 948 3680 cit.
966 3663 990 3678 n.
1007 3662 1047 3684 4⁰·
1160 3684 1165 3688 η
1301 3681 1306 3685 .

501 3690 515 3718 )
533 3692 671 3714 Comment.
687 3690 715 3713 de
733 3692 826 3714 Borion.
843 3690 880 3713 Se.
899 3685 971 3711 Acad.
988 3687 1021 3709 T.
1036 3692 1058 3707 2.
1074 3686 1102 3708 P.
1124 3692 1142 3708 i.
1159 3689 1222 3707 inter
1239 3680 1352 3705 Medica.

506 3720 520 3779 Ξ
538 3720 605 3747 Epist.
620 3721 650 3743 de
667 3720 726 3743 Pilis
742 3722 785 3744 Sec.
801 3719 830 3743 ad
846 3721 978 3743 Paverum-

535 3750 592 3774 Obs.
608 3751 681 3775 Anat.
695 3749 763 3775 chit.
779 3752 817 3775 ⁶²-

446 3450 465 3744 ἈΛΑΑΛΛΗ-’ᾹΑ

463 3725 471 3740 υ

450 3751 467 3782 fl

1151 3438 1161 3470 (
1177 3449 1190 3465 e
1204 3440 1218 3470 )
1233 3442 1269 3464 De
1284 3438 1511 3498 ?0;p5hnuii;.¹·fabr.
1528 3438 1545 3462 l.
1564 3446 1586 3467 ς.
1601 3445 1626 3461 c.
1644 3445 1666 3466 9.

1055 3504 1069 3532 (
1084 3512 1100 3526 n
1116 3504 1130 3530 )
1147 3501 1248 3526 Earund.
1265 3502 1323 3524 Dec.
1340 3508 1362 3529 3.
1379 3504 1409 3524 Α.
1429 3507 1447 3524 i.
1464 3499 1521 3523 Obs.
1540 3507 1575 3526 92.

1020 3535 1034 3563 (
1051 3542 1065 3562 q
1082 3534 1096 3563 )
1111 3532 1215 3557 Earund.
1232 3533 1303 3564 Cent-
1320 3531 1343 3554 8.
1358 3530 1416 3554 Obs.
1436 3537 1472 3560 ¹4·

1120 3564 1135 3593 (
1150 3572 1166 3587 u
1184 3563 1196 3591 )
1213 3561 1288 3590 Epist.
1304 3568 1343 3589 ²9.
1360 3568 1383 3584 n.
1402 3568 1439 3588 14.

888 3626 899 3656 (
915 3625 930 3649 a
945 3625 960 3653 )
975 3624 1026 3649 nst.
1046 3626 1082 3649 N.
1099 3626 1129 3648 c.
1147 3592 1226 3648 τξῗιξι.
1239 3593 1268 3646 1N
1273 3592 1451 3655 'o‘is'sffci'ij'
1461 3589 1525 3655 ‘⁰¹1'ss
1543 3596 1581 3613 ²¹*

1109 3656 1119 3682 (
1136 3655 1150 3677 b
1166 3654 1179 3681 )
1195 3652 1257 3681 apud
1272 3651 1386 3681 rargion.
1402 3656 1443 3676 eit.
1460 3650 1517 3675 ibid.

1414 3683 1428 3711 ί
1444 3690 1467 3705 m
1483 3681 1497 3711 )
1513 3689 1536 3705 n.
1554 3682 1590 3709 38.

1039 3715 1054 3744 (
1072 3714 1113 3743 q)
1132 3713 1204 3742 Epist.
1219 3713 1291 3746 finat-
1310 3720 1346 3735 20.
1363 3719 1387 3735 n.
1405 3713 1443 3743 58.

877 3748 888 3778 (
904 3756 920 3772 u
937 3751 947 3776 >
963 3744 1019 3771 vid.
1035 3744 1166 3775 praesertim
1181 3742 1253 3774 Epist.
1269 3745 1306 3772 36.
1321 3750 1346 3769 n.
1365 3749 1401 3769 u.
1417 3742 1441 3767 R
1456 3749 1494 3772 17·

1728 3438 1742 3466 (
1755 3437 1772 3467 f
1783 3437 1797 3466 )
1813 3438 1913 3462 Theatr.
1930 3440 2002 3463 Anat.
2020 3441 2038 3463 l.
2056 3447 2078 3464 i.
2092 3447 2113 3464 c.
2130 3447 2169 3470 35·
2231 3439 2274 3470 (ἕ
2288 3438 2303 3467 )
2320 3438 2384 3464 Ibid.

1513 3470 1527 3498 (
1542 3469 1571 3498 l)
1593 3468 1654 3497 Eph.
1670 3471 1706 3493 N.
1724 3469 1757 3502 C:
1772 3470 1826 3492 Dec.
1843 3477 1862 3492 i.
1881 3471 1910 3492 A.
1929 3477 1948 3498 3.
1966 3468 2027 3492 Obs.
2047 3472 2098 3494 180.

1637 3499 1651 3526 (
1668 3508 1680 3522 α
1695 3499 1709 3526 )
1728 3498 1787 3522 Hist.
1806 3500 1835 3522 de
1850 3499 1868 3523 1⁷
1880 3500 1954 3523 Aead.
1971 3501 2004 3522 R.
2019 3501 2059 3524 des
2074 3501 2151 3525 sc.A.
2166 3506 2232 3528 1707.
2245 3498 2301 3522 obs.
2314 3501 2386 3525 Anat.
2403 3503 2432 3530 4,·

1533 3528 1541 3558 (
1558 3537 1569 3553 ν
1584 3528 1598 3558 )
1615 3529 1666 3552 Ast.
1685 3531 1718 3553 N.
1736 3530 1764 3552 c.
1781 3530 1853 3553 rom.
1871 3538 1893 3554 1.
1910 3530 1967 3554 obs.
1985 3531 2024 3559 85·
2088 3532 2094 3560 (
2110 3531 2149 3559 s)
2168 3530 2226 3554 Ibid.
2245 3529 2303 3553 oss,
2321 3534 2374 3554 περ.

1500 3560 1513 3588 ζ
1529 3567 1543 3583 x
1560 3559 1570 3590 )
1585 3559 1647 3589 apud
1664 3558 1782 3584 schenck.
1800 3560 1858 3584 Obs.
1876 3561 1945 3584 Med.
1961 3560 1978 3593 l:
1998 3568 2019 3588 3.
2036 3560 2077 3585 ubi
2095 3563 2123 3585 de
2142 3560 2255 3590 Hydrope
2271 3559 2331 3583 obs.
2346 3564 2369 3584 ⁶.

1642 3590 1656 3619 (
1671 3598 1686 3613 a
1704 3590 1712 3618 J
1727 3597 1751 3612 n.
1768 3596 1806 3619 34.
1870 3591 1884 3619 (
1899 3590 1912 3613 b
1929 3593 1938 3621 )
1954 3595 1998 3613 cit.
2014 3598 2036 3615 c.
2054 3600 2090 3621 35.
2108 3590 2186 3620 primo
2200 3591 2271 3614 loco.

1471 3619 1509 3649 (e
1527 3619 1610 3652 )obs.
1624 3620 1666 3644 cir.
1686 3626 1721 3644 io.
1810 3621 1849 3650 f)
1864 3628 1885 3644 c.
1903 3621 1944 3644 cit.
1961 3628 1997 3650 35.

1581 3652 1614 3679 (i
1631 3652 1641 3682 )
1656 3651 1728 3674 Cent.
1746 3658 1768 3674 2.
1784 3653 1810 3674 Ρ.
1830 3659 1849 3674 ι.
1868 3650 1925 3674 ΟΜ,
1936 3658 1973 3679 37.
2033 3651 2042 3680 (
2062 3651 2077 3675 k
2092 3650 2100 3682 )
2120 3650 2207 3679 opusc.
2217 3649 2311 3673 Patliol.
2321 3649 2381 3674 Obs.
2390 3659 2429 3680 4¹.

1653 3678 1662 3711 (
1679 3688 1694 3703 n
1710 3681 1724 3707 )
1740 3681 1782 3705 cit.
1798 3680 1863 3710 supra
1880 3681 1909 3705 ad
1924 3689 1948 3704 n.
1965 3688 2003 3709 40.
2070 3681 2077 3710 (
2096 3690 2108 3704 α
2123 3682 2136 3709 )
2158 3683 2191 3704 De
2205 3681 2274 3705 Med.
2289 3680 2308 3704 l.
2324 3688 2374 3711 70c.
2384 3689 2425 3712 13.

1508 3712 1523 3742 s
1534 3719 1546 3737 v
1559 3711 1573 3740 )
1588 3710 1654 3740 supra
1669 3718 1695 3735 n.
1713 3718 1750 3741 14.
1812 3710 1873 3742 ss)
1888 3713 1915 3737 P.
1936 3718 1957 3736 1.
1974 3710 2031 3736 ObL
2047 3711 2115 3736 Med.
2134 3719 2168 3740 ¹4·
