2498 4075
375 240 531 274 Ballonio
555 237 589 271 in
614 236 859 278 Sepulchretum
883 238 896 274 (
918 236 971 277 u)
994 235 1117 270 videbis
1141 239 1301 278 relatum,
1335 250 1371 275 ut

370 285 468 321 ,do'lor
491 284 517 316 is
541 291 605 314 non
630 279 688 313 nifi
712 280 782 323 post
806 290 925 312 annum
949 287 1039 312 ortus
1071 280 1211 320 dicitur,
1236 282 1277 315 fic
1298 283 1373 317 diu-

373 327 523 361 turniore
547 323 684 364 impulsu
708 333 788 364 opus
812 321 901 357 fuiffe
925 322 1056 356 videtur
1081 325 1119 356 ad
1143 325 1299 366 majorem
1332 327 1373 359 il-

369 371 435 407 lam
459 368 535 402 Coli
560 373 681 409 partem
706 376 760 406 per
783 363 994 406 diaphragma
1027 366 1255 403 traducendam
1290 369 1374 413 post-

370 423 469 456 quam
493 411 602 444 minor
618 407 730 450 sensim
744 433 752 446 ‚
776 418 812 441 ut
826 408 990 442 Ballonius
1003 409 1067 451 ipse
1081 411 1254 444 arbitratur
1269 436 1277 451 ,
1304 413 1375 449 sub-

368 457 469 491 ierat.
492 454 588 485 Certe
612 459 719 484 autem
744 452 808 484 Vir
832 452 886 484 Cl.
912 452 1072 486 Fantonus
1102 454 1136 485 in
1171 453 1303 490 Scholio
1336 458 1375 492 ad

368 506 533 542 paternam
558 493 831 529 Observationem
856 495 987 529 XXIII.
1023 495 1231 531 adolescentis
1255 524 1264 539 ,
1299 510 1374 534 ante

368 551 488 577 annum
513 537 648 573 sauciati
672 563 681 576 ,
715 538 934 571 ventriculum
958 540 991 571 in
1015 538 1157 573 thoracis
1188 552 1301 576 cavum
1325 546 1374 576 in—

368 584 492 618 trusum
516 593 571 624 per
593 581 818 624 diaphragma,
842 592 905 623 qua
941 581 1133 624 oesophagus
1165 585 1298 624 transit,
1321 587 1372 620 di-

369 628 555 670 scerptum,
579 635 643 658 non
670 634 761 658 antea
782 624 882 657 censet
907 623 1040 658 inillam
1054 626 1250 669 pervenisse,
1273 641 1372 672 quam

365 672 486 705 crebris
510 669 552 702 ab
577 668 695 701 inflicti
721 669 861 702 vulneris
886 678 1028 709 tempore
1051 668 1242 711 doloribus,
1263 676 1293 705 ἃ
1318 686 1372 707 ve-

363 714 570 752 hementibus
594 712 834 746 vomitionibus
851 714 1034 751 contractus
1047 733 1056 749 ‚
1069 715 1142 745 &in
1157 714 1369 759 diaphragma

369 758 516 794 adafitus,
541 756 603 788 hoc
628 754 756 788 tandem
782 754 857 789 satis
880 754 1078 797 discerpere,
1101 759 1131 788 &
1147 756 1188 791 fic
1214 761 1298 793 viam
1311 762 1369 794 fibi

366 802 501 836 dilatare
525 799 682 831 valuerit.
707 800 813 842 Optat
838 809 915 831 vero
939 797 972 831 id
996 800 1084 840 quod
1108 811 1164 833 nos
1189 813 1318 844 quoque
1334 806 1368 837 in

365 844 513 888 pluribus
536 840 631 883 hujus
654 843 779 883 generis
801 841 1095 875 Observationibus
1110 868 1118 882 ‚
1143 855 1181 877 ne
1213 846 1268 878 illa
1294 850 1369 889 qui-

365 888 438 921 dem
462 885 624 921 'Valsalvae
651 886 777 929 prorsus
802 894 935 927 excepta
951 907 960 922 ,
987 886 1121 919 subinde
1152 891 1335 929 optavimus
1359 916 1368 931 ,

365 940 402 966 ut
425 930 572 972 quaedam
595 928 725 970 insuper
749 927 901 962 adnotata
926 926 1056 963 fuissent
1079 929 1117 962 ad
1133 931 1300 966 transmissi
1317 936 1368 969 vi-

367 974 484 1013 sceris,
510 981 564 1005 aut
589 971 884 1005 adtransmittentis
909 972 996 1013 Septi
1007 972 1215 1008 conditiones
1228 978 1369 1011 attinen-

366 1021 435 1051 tia:
459 1018 493 1049 in
517 1015 627 1056 hisque
650 1026 708 1048 nos
730 1014 831 1056 ipsam
855 1017 1003 1059 ponimus
1027 1026 1099 1050 tum
1123 1019 1273 1059 visceris,
1298 1031 1369 1057 tum

364 1061 505 1095 vulneris
528 1058 630 1092 sedem
645 1083 653 1097 ,
678 1068 713 1093 ut
737 1061 770 1091 in
795 1059 926 1094 Clossaei
946 1058 1079 1094 historia
1103 1065 1113 1100 (
1137 1073 1158 1096 x
1181 1067 1191 1101 )
1216 1075 1285 1105 quae
1299 1076 1370 1105 par-

364 1116 433 1139 tem
456 1104 589 1146 quidem
602 1102 680 1135 Coli
693 1102 835 1135 intestini
848 1102 1068 1144 superiorem,
1093 1108 1275 1140 ventriculo
1291 1120 1368 1150 pro.-

361 1151 508 1186 xstnam,
533 1146 696 1188 spithamae
722 1146 930 1188 longitudine
954 1146 1045 1190 supra
1067 1147 1277 1192 diaphragma
1302 1152 1366 1185 hae-

364 1191 453 1229 sisse,
477 1190 637 1227 ostendits
661 1189 711 1223 sed
735 1201 798 1232 qua
821 1188 883 1223 hoc
909 1199 998 1232 parte
1030 1189 1132 1226 fuerit
1165 1194 1329 1234 pertusum
1353 1218 1364 1236 ,

362 1235 445 1270 illud
470 1246 547 1266 vero
571 1244 644 1267 utro
670 1231 812 1266 thoracis
836 1245 917 1266 cavo
949 1244 1138 1275 exceptum,
1165 1247 1229 1270 non
1262 1238 1368 1272 osten·

361 1280 432 1313 dit.
457 1277 624 1319 Qoniam
648 1285 756 1310 autem
779 1275 945 1310 hominem
970 1286 1043 1309 toto
1077 1278 1211 1312 biennio
1247 1282 1368 1316 nullam

360 1334 400 1355 ex
427 1320 482 1354 suo
507 1320 637 1355 vulnere
660 1321 692 1353 in
714 1319 911 1353 naturalibus
932 1342 941 1358 ,
969 1320 1011 1356 ά*
1044 1321 1199 1360 vitalibus
1222 1323 1368 1367 faculta-

361 1364 447 1399 tibus
472 1362 593 1397 sensisse
616 1363 795 1400 laestonem,
821 1361 954 1399 scribit,
977 1363 1079 1397 donec
1101 1365 1203 1399 colica
1230 1368 1367 1409 paffione

360 1407 529 1452 prehensus
544 1407 630 1440 diem
642 1407 748 1444 obiit3
772 1406 923 1440 credibile
937 1405 1044 1444 suisset
1060 1430 1069 1445 ,
1094 1410 1271 1451 intestinis,
1295 1425 1367 1455 quae

361 1461 509 1494 tanquam
525 1448 604 1492 folle
627 1449 742 1496 inflata
766 1461 890 1493 reperta
914 1450 986 1484 sunt
1009 1474 1018 1488 ,
1053 1453 1212 1494 impetum
1237 1456 1270 1487 in
1296 1458 1366 1490 vul-

360 1507 417 1529 nus
443 1494 657 1531 facientibus,
678 1503 746 1527 tum
770 1493 900 1527 demum
924 1493 1042 1535 majori
1068 1494 1176 1531 saltem
1211 1508 1300 1540 parte
1324 1501 1364 1533 11-

360 1541 420 1573 lius
445 1539 521 1573 Coli
546 1538 706 1578 portionis
730 1535 899 1573 transitum
922 1536 1126 1579 patefecisse,
1151 1539 1209 1573 nisi
1234 1542 1363 1585 consoli-

362 1586 470 1615 nutum
488 1579 584 1625 ftuffe
609 1588 762 1622 repertum
775 1579 882 1615 nescio
893 1581 974 1624 quid
986 1582 1114 1621 dicem,
1141 1594 1217 1618 num
1240 1585 1279 1618 de
1290 1590 1363 1622 vul-

360 1636 471 1659 nerato
495 1623 767 1664 nonnihilColo,
790 1635 827 1657 an
839 1623 1083 1667 diaphragmate
1098 1627 1284 1669 intelligat,
1307 1642 1366 1666 nos

357 1670 474 1704 dubios
497 1669 709 1710 relinqueret.
845 1668 902 1701 Sed
933 1668 973 1705 de
1005 1671 1142 1710 repetita
1176 1671 1299 1707 diutius
1321 1677 1366 1716 ¹²vi

359 1714 454 1752 satis5
479 1723 563 1745 nunc
588 1710 785 1744 validiffimae
811 1712 954 1753 exempla
978 1710 1187 1752 adjiciamus.

406 1768 453 1800 13.
479 1756 616 1790 Certum
640 1753 683 1788 est
699 1777 708 1793 ,
733 1755 765 1786 in
790 1756 892 1796 prima
916 1755 1064 1788 omniurn
1080 1757 1252 1791 ventriculi
1276 1759 1363 1796 intra

357 1802 524 1835 thoracem
544 1796 687 1833 contrusi
713 1797 1016 1835 Observationum,
1039 1801 1248 1840 quaeaPareo
1271 1805 1285 1840 <
1309 1814 1326 1841 γ
1351 1808 1361 1842 )

358 1845 470 1880 habita
493 1841 535 1876 est
558 1844 592 1875 in
617 1843 775 1879 Latomo,
800 1839 1049 1876 contrudentern
1073 1841 1138 1874 vim
1162 1842 1257 1878 fuisse
1280 1847 1362 1879 vali..

359 1889 535 1926 diffimam.
560 1886 650 1919 Nam
675 1896 729 1926 per
754 1885 869 1918 vulnus
892 1885 1050 1919 tendineae
1061 1887 1163 1927 partis
1186 1887 1361 1933 diaphrag-

358 1933 477 1971 matis,
503 1933 558 1965 vix
583 1928 733 1973 pollicem
759 1928 930 1962 latitudine
942 1938 1092 1971 aequans,
1119 1929 1197 1966 illuc
1221 1934 1368 1975 compul-

359 1978 433 2015 sus,
457 1975 569 2008 triduo
585 1971 1041 2016 postquamilludinflifflmm
1064 1970 1190 2012 fuerat,
1214 1976 1366 2011 inventus

360 2022 400 2058 2st
425 2044 432 2054 ,,
470 2018 683 2052 Bartholinus
705 2020 718 2057 (
743 2028 766 2058 z
788 2019 801 2054 )
826 2024 935 2049 autem
959 2015 1028 2048 illic
1048 2025 1112 2049 non
1147 2019 1365 2054 ventriculum

360 2065 479 2104 modo,
501 2061 552 2098 sed
577 2064 607 2094 δέ
622 2069 743 2103 partem
758 2059 899 2094 aliorum
913 2059 1068 2093 viscerum
1082 2080 1091 2096 ³
1116 2061 1146 2093 &
1170 2064 1364 2098 nominatim

360 2110 474 2146 lienis,
498 2102 706 2150 deprehendit
730 2102 970 2136 Observatione
992 2125 1005 2143 ‚
1037 2103 1070 2152 in
1104 2103 1262 2148 plerisque
1299 2106 1365 2148 ejus

359 2152 524 2188 simillima
547 2160 643 2191 quam
666 2159 706 2181 ex
728 2146 882 2182 Valsalva
908 2145 1155 2190 proposuimus.
1181 2149 1365 2193 inutraque

366 2199 452 2231 enirn
477 2194 567 2229 simul
593 2204 667 2227 curn
691 2190 935 2233 diaphragmate
950 2189 1133 2224 vulneratus
1146 2194 1364 2235 ventriculus,

361 2246 392 2277 δι
409 2240 519 2284 pulmo
544 2235 606 2274 est,
631 2239 661 2269 ἃ
684 2245 769 2268 mors
792 2234 936 2276 contigit
960 2233 1061 2267 tertio
1084 2233 1158 2275 die;
1181 2245 1216 2271 ut
1239 2245 1365 2280 tempo-

361 2298 395 2322 te
420 2284 583 2327 spectato,
607 2278 828 2313 validiffimam
856 2276 947 2313 fuiffe
981 2278 1070 2315 vim,
1095 2289 1247 2322 appareat
1271 2295 1280 2319 3
1316 2291 1365 2315 ta-

362 2327 450 2363 metsi
478 2329 510 2361 in
535 2333 648 2360 neutra
674 2323 827 2366 sciamuS,
852 2333 922 2365 quae
947 2321 1201 2365 diaphragmatis
1213 2336 1282 2367 pars
1299 2324 1366 2360 sau-

361 2375 444 2408 ciata
470 2371 528 2407 fit,
553 2379 655 2412 neque
678 2367 712 2401 in
736 2366 790 2402 illa
816 2364 1000 2402 Bartholini
1035 2366 1226 2410 angustum,
1249 2380 1287 2403 an
1320 2370 1367 2403 la-

361 2429 434 2452 tum
456 2413 554 2449 fuerit
580 2412 718 2452 vulnus;
740 2423 819 2450 nec,
851 2412 939 2453 quod
972 2409 1182 2453 consequitur
1205 2434 1215 2450 ‚
1246 2422 1365 2456 quanta

366 2462 464 2497 fuerit
489 2461 521 2492 in
545 2457 787 2501 diaphragmate
811 2455 1010 2489 resistentiaa
1034 2455 1305 2490 contrudentibus
1318 2459 1364 2490 vi-

365 2506 454 2540 ribus
479 2500 650 2543 superanda
665 2524 673 2532 .
806 2498 864 2533 Sed
888 2498 955 2533 haec
979 2500 1012 2531 in
1026 2498 1178 2531 Schoberi
1202 2502 1216 2538 (
1238 2512 1256 2533 a
1280 2503 1291 2540 )
1315 2513 1365 2534 ca-

364 2550 396 2583 su
422 2548 557 2582 minime
581 2543 814 2582 desideramus,
838 2543 895 2584 qui
920 2555 957 2575 eo
969 2542 1143 2575 violentior
1166 2541 1253 2581 fuit,
1278 2545 1367 2584 quod

369 2592 433 2627 sine
458 2590 527 2623 ullo
554 2588 681 2621 vulnere
694 2586 872 2629 graviffima
887 2585 1082 2627 cardialgh,
1104 2585 1368 2621 creberrimisin-

363 2634 530 2671 credibilis
552 2632 655 2674 copiae
678 2632 872 2672 nigricantes
895 2631 1034 2663 materioe
1069 2629 1247 2664 vomitibus
1269 2650 1280 2666 ,
1312 2642 1369 2668 νο-

367 2679 540 2719 mendique
565 2673 890 2708 conatibusdiluculo
901 2675 1004 2713 ortis,
1029 2674 1176 2714 proxima
1189 2674 1281 2706 noste
1292 2686 1370 2709 con.

368 2725 469 2758 {ecqus
495 2720 648 2761 IuveniS,
669 2719 755 2750 intra
778 2716 945 2751 thoracem
969 2716 1107 2750 ostendit
1130 2728 1203 2751 cum
1217 2728 1370 2759 omento,

368 2771 399 2801 δι
424 2759 581 2800 intestino
614 2761 798 2799 Duodetm,
818 2760 962 2804 *Iejuno,
985 2763 1016 2794 &
1038 2761 1093 2793 Ilei
1128 2770 1216 2802 parte
1250 2764 1370 2795 ventri-

367 2812 498 2845 culum,
523 2819 559 2841 ca
585 2806 739 2844 materia,
765 2804 954 2846 flatibusque
986 2803 1063 2837 adeo
1095 2803 1268 2838 distentum
1294 2827 1302 2841 ‚
1332 2816 1368 2839 ut

372 2866 449 2891 cor,
474 2854 503 2884 ἃ
528 2850 695 2893 pulmones
720 2849 804 2882 arcte
827 2848 1080 2890 comprimeret,
1103 2848 1182 2881 illuc
1205 2848 1392 2883 admiffum.

373 2908 428 2940 per
452 2896 536 2929 idem
563 2906 629 2936 quo
653 2892 726 2935 gula
750 2893 934 2931 emittitur,
960 2891 1103 2924 foramen
1135 2893 1269 2926 maxime
1292 2893 1390 2935 ciller-⁶

366 2949 472 2977 tatum
495 2939 536 2971 Θ
558 2946 703 2970 aronam.
728 2935 847 2973 Quod,
872 2934 1016 2968 sieorum
1042 2946 1164 2967 memor
1188 2947 1217 2968 es
1239 2936 1371 2978 quaesu-

367 2996 423 3028 pra
449 2987 457 3021 (
483 2980 500 3013 l]
522 2984 535 3019 >
558 2991 633 3013 curn
657 2979 780 3012 Littrio
804 3004 812 3018 ‚
845 2981 875 3011 δε
900 2981 1046 3012 Fantono
1078 2978 1268 3020 attigimus,
1302 2978 1371 3013 fieri

371 3025 508 3071 potursle
525 3049 533 3063 ‚
558 3035 622 3057 non
646 3022 826 3056 dubitabis.
853 3022 984 3055 Inverso
1008 3024 1093 3054 enim
1119 3033 1174 3063 per
1208 3022 1371 3057 evidentes

369 3067 593 3106 conv-ulliones
617 3065 771 3100 fibrarum
806 3065 994 3108 oesophagi,
1018 3066 1212 3105 ventriculi,
1234 3070 1265 3100 δι
1288 3068 1371 3099 inte-

370 3116 528 3151 stinorum
553 3120 671 3148 motu,
696 3109 839 3151 proclive
863 3109 905 3142 csl:
927 3110 1130 3151 intelligere,
1155 3110 1371 3144 ventriculum

369 3158 465 3194 flmul
490 3156 528 3189 ab
552 3153 731 3196 oesophago
767 3152 887 3186 sursum
923 3162 1071 3195 raptum,
1097 3152 1188 3186 simul
1211 3156 1224 3192 (
1246 3166 1262 3187 c
1285 3157 1294 3191 )
1330 3154 1369 3187 ab

368 3200 513 3236 nondum
539 3198 629 3231 valde
651 3196 825 3231 infirmatis
847 3196 1098 3239 diaphragmatis
1129 3197 1250 3230 carneis
1273 3196 1370 3230 fasci-

367 3248 446 3284 bus,
470 3243 613 3276 foramen
638 3239 718 3274 illud
742 3241 1043 3281 intercipientibus,
1065 3238 1198 3281 repressa
1223 3239 1367 3274 deorsum

369 3301 407 3323 ex
432 3296 524 3328 rapto
548 3285 731 3319 ventriculo
754 3287 908 3321 materia,
934 3285 1064 3316 inanem
1088 3283 1172 3316 hunc
1197 3283 1367 3317 fuissetra-

364 3333 520 3367 όυᾶιπη,
545 3328 716 3369 eademque
739 3329 860 3362 ratione
884 3329 1032 3361 intestina
1056 3327 1132 3364 illa,
1156 3327 1259 3361 donec
1293 3338 1364 3369 per-

367 3376 513 3409 sistente,
538 3372 732 3413 adauctaque
757 3374 788 3405 vi
811 3371 923 3405 inversi
951 3380 1077 3407 motus,
1102 3371 1236 3405 materia
1261 3371 1363 3403 abin-

365 3417 538 3454 ferioribus
562 3415 680 3450 sursum
706 3415 802 3458 usque
820 3442 827 3454 ,
855 3419 887 3449 3.-
918 3414 1015 3456 usque
1048 3416 1135 3455 afta,
1160 3413 1256 3449 fasces
1289 3415 1362 3446 illos

363 3467 525 3498 vinceret,
552 3460 832 3501 ventriculumque
865 3458 1077 3492 distenderet.
1210 3459 1262 3491 En
1297 3458 1363 3490 tibi

363 3507 543 3542 viscerum,
567 3514 620 3545 per
644 3503 766 3543 septum
791 3502 1021 3536 Transversum
1046 3504 1078 3534 in
1111 3501 1275 3535 thoracem
1301 3512 1366 3534 tra-

362 3552 524 3596 jeetorum
546 3547 691 3590 exempla
715 3546 947 3590 propemodum
971 3548 1080 3579 omnia
1102 3557 1173 3588 quae
1209 3545 1363 3578 scribent1

453 3666 459 3679 ι
506 3660 523 3680 l.
543 3665 562 3685 3.
581 3658 604 3680 S.
624 3663 658 3683 ¹4-
678 3654 738 3678 Obs.
755 3657 777 3679 8.
797 3654 820 3684 ᾗ.
837 3655 859 3678 8.

514 3686 565 3710 ibid
593 3685 653 3709 Obs.
669 3694 708 3709 20.
731 3685 756 3715 §.
771 3693 794 3708 2.

485 3717 488 3724 ¹
507 3718 566 3744 Eph.
584 3719 614 3741 N.
632 3719 660 3740 C.
679 3719 734 3740 Dec.
754 3724 774 3745 3.
793 3717 823 3739 A.
842 3722 864 3738 2.
883 3713 941 3737 Obs.
955 3721 1012 3747 ,¹24-

512 3746 536 3774 ἕ.
549 3755 572 3774 4.
636 3747 650 3776 (
665 3747 676 3771 i
692 3747 706 3774 )
724 3749 794 3770 Anat.
813 3746 888 3769 eran.
907 3747 1004 3768 Ration.

510 3778 545 3800 De
564 3779 667 3800 Renunc.
686 3778 759 3801 Vuln.
777 3779 801 3802 S.
818 3783 842 3800 2.
859 3784 879 3800 c.
894 3784 920 3805 4.

476 3658 494 3714 νυ

419 3659 438 3806 flat-xrs<

455 3785 466 3800 «a
449 3695 465 3768 &21³1
445 3666 451 3679 '⁴

481 3725 493 3806 vm

921 3653 935 3682 (
952 3661 965 3675 x
981 3652 991 3683 )
1009 3652 1129 3680 Sepulchr.
1147 3652 1189 3675 cir.
1206 3649 1264 3674 Obs.
1282 3652 1304 3673 8.
1325 3650 1345 3680 ξ.
1368 3658 1402 3674 ιο.

855 3685 869 3714 (
886 3690 901 3705 a
917 3683 932 3711 )
948 3683 1007 3711 Eph.
1026 3685 1059 3707 N.
1076 3685 1105 3707 C.
1124 3685 1194 3707 Cent.
1213 3690 1235 3710 3.
1253 3682 1274 3704 ἃ
1291 3689 1313 3708 4·
1332 3680 1444 3714 Append.
1463 3657 1507 3704 [μγ

1074 3714 1083 3740 (
1101 3721 1112 3736 e
1129 3718 1137 3739 )
1156 3716 1184 3736 A.
1204 3714 1272 3740 1706.
1292 3712 1329 3734 M.
1348 3711 1427 3739 April.
1489 3711 1504 3740 (
1516 3710 1557 3764 ἓ)
1574 3709 1591 3733 l.
1608 3718 1631 3739 3.
1648 3711 1670 3733 S.
1688 3718 1726 3733 22.
1743 3710 1803 3735 Obs.
1820 3719 1862 3739 40.

1067 3745 1079 3771 (
1096 3743 1112 3767 l<
1129 3744 1142 3771 )
1158 3744 1228 3767 Cent.
1245 3749 1268 3764 ².
1280 3741 1337 3765 Obs.
1356 3750 1376 3770 9.
1678 3771 1681 3773 ‚

980 3774 995 3804 (
1008 3780 1026 3804 p
1043 3774 1053 3805 )
1069 3774 1181 3803 sepulcri.
1208 3774 1233 3798 S.
1256 3771 1299 3797 hac
1323 3780 1346 3801 a.
1369 3772 1429 3797 Obs.
1446 3779 1483 3802 29.
1503 3771 1528 3802 §.
1539 3779 1561 3800 9·
1580 3771 1616 3796 vel
1633 3777 1712 3800 potrus
1728 3773 1752 3796 8.

670 160 827 213 Liber
860 162 953 216 1V.
988 161 1072 215 De
1108 160 1316 216 Morbis
1351 162 1699 233 Chiru1·gici5‚
1733 167 1787 219 ὅ(
1823 166 2217 224 Universalibu's

1421 242 1551 285 quidem
1576 242 1637 278 hoc
1662 249 1805 286 tempore
1827 257 1915 280 erant
1939 247 1972 279 in
1996 249 2162 289 manibus,
2185 258 2221 282 ut
2245 249 2336 292 poffis
2346 261 2420 285 cum

1422 286 1587 328 proposita
1608 287 1771 336 yalsalvae
1796 290 2036 323 Observatione
2071 303 2280 334 comparare:
2305 305 2420 337 prope—

1425 331 1583 365 modum,
1605 340 1758 373 mquam,
1781 334 1908 367 omnia.
1934 333 2024 366 Nam
2053 335 2141 378 quod
2173 346 2211 369 ex
2243 336 2419 371 Valentino

1427 373 1444 414 (
1463 372 1482 404 d
1503 375 1517 411 )
1540 371 1682 414 proferre
1705 374 1875 416 potuissem
1897 378 2042 419 omenti,
2066 389 2122 421 per
2133 378 2299 419 foramen,
2322 381 2355 413 in
2366 393 2420 414 ca-

1427 417 1475 448 nis
1498 415 1739 465 diaphragmate
1762 417 1841 452 olim
1864 418 2012 459 fanum,
2035 422 2069 454 in
2093 421 2257 458 thoracem
2279 423 2384 464 illapfi
2410 446 2420 460 ‚

1426 461 1456 495 ἃ
1480 459 1579 493 levius
1603 460 1668 500 est,
1691 463 1722 494 ὃς
1745 459 1809 494 sine
1832 460 1912 496 sedis
1934 462 2104 497 foraminis
2136 465 2224 499 illius
2239 491 2247 503 ,
2270 468 2301 498 &
2331 468 2421 508 symm

1426 511 1610 543 ptomaturn
1635 505 1821 540 mentione.
1844 506 1987 539 Gravior
1998 506 2041 541 est
2051 506 2201 550 quidem,
2225 508 2333 542 &haec
2345 520 2420 549 pro-

1426 547 1541 596 ponit,
1566 545 1616 579 sed
1639 547 1727 582 illam
1751 547 1842 588 silet,
1864 559 2069 591 quantumex
2080 551 2174 585 Astis
2197 550 2321 595 possum
2334 552 2422 593 Lips.

1424 588 1640 622 hruditorum
1664 595 1674 630 (
1699 601 1713 623 e
1736 594 1749 631 )
1772 592 1955 638 colligere',
1987 593 2185 628 Observatio
2220 594 2353 628 Beckeri
2386 596 2421 629 in

1422 632 1613 681 quadrienni
1637 644 1760 675 puer0,
1783 646 1873 675 cujus
1897 637 2091 670 ventriculus
2110 662 2119 677 ,
2142 639 2207 671 lien
2230 660 2241 679 2
2276 640 2308 672 δι
2330 637 2421 682 jecur

1422 686 1457 707 in
1481 675 1605 725 sinistro
1620 687 1717 720 verant
1742 678 1882 713 thoracis
1905 691 2006 719 cavo,
2030 691 2046 713 a
2070 680 2223 718 biennio,
2248 690 2285 714 ut
2317 692 2419 724 puto;

1424 729 1498 752 narn
1520 720 1690 754 biennium
1716 722 1791 754 vitae'
1815 724 1955 763 primurn
1981 721 2055 756 satis
2078 723 2247 758 commode
2269 724 2422 758 traduxe-

1424 771 1493 794 rat.
1519 762 1592 796 Nec
1617 776 1691 796 vero
1716 763 1777 798 huc
1801 767 1938 805 attinet,
1963 776 1999 799 ut
2022 767 2154 809 quidam
2179 767 2329 801 videntur
2351 779 2421 801 cre-

1423 805 1518 845 dere,
1542 806 1655 840 Caroli
1681 806 1802 842 Pisonis
1836 809 1870 842 de
1895 808 1989 843 morb.
2012 809 2115 852 asero
2136 810 2215 844 secr.
2241 821 2270 843 2.
2291 818 2421 853 part.2.

1421 860 1446 881 c.
1464 860 1503 898 ⁸7,
1526 849 1724 884 Observatio
1745 851 1927 886 deimmani
1951 854 2033 886 renis
2056 854 2184 887 alterius
2208 863 2339 887 tumore
2355 879 2363 887 .
2387 855 2421 888 si

1421 903 1506 924 enim
1528 893 1582 925 illa
1606 894 1667 934 est,
1689 897 1870 938 mopinot,
1895 907 1966 938 quae
1977 898 2079 930 citato
2103 897 2225 931 Pisonis
2247 909 2316 939 cap.
2329 898 2414 932 VH.

1420 934 1477 968 sub
1509 947 1643 970 numero
1675 948 1763 971 extat
1797 940 1924 976 XLVI;
1948 939 1988 972 ab
2019 941 2101 973 renis
2133 950 2260 974 tumore
2283 941 2420 983 Septum

1420 979 1551 1020 quidem
1574 983 1729 1023 proponit
1754 981 1877 1016 sursum
1899 982 2123 1025 compulsum5
2147 983 2199 1017 sed
2222 994 2286 1017 non
2311 982 2422 1027 perfo-

1420 1032 1544 1055 ratum.
1679 1024 1900 1059 Perforaverat
1924 1036 2031 1060 autem
2055 1026 2216 1061 erodendo
2239 1030 2421 1069 pancreatis

1419 1066 1532 1107 ingens
1555 1068 1723 1103 cancrosus
1745 1077 1876 1106 tumor,
1900 1069 2011 1112 suique
2035 1080 2156 1111 partem
2170 1072 2253 1103 intra
2265 1068 2424 1105 sinistrum

1420 1108 1562 1143 thoracis
1586 1121 1700 1144 cavum
1721 1112 1900 1153 conjecerat
1925 1114 1958 1145 in
1983 1113 2128 1147 Hertodi
2151 1113 2386 1147 observatione
2410 1137 2421 1152 ‚

1418 1153 1486 1201 alio
1499 1153 1571 1186 loco
1585 1155 1618 1186 in
1632 1154 1873 1196 Sepulchretum
1896 1154 1979 1200 (f)
2002 1157 2119 1191 relata.
2145 1157 2290 1194 Verum,
2314 1165 2350 1190 ut
2370 1157 2422 1190 su-

1417 1194 1594 1237 spicionem
1617 1196 1747 1239 seponas
1772 1210 1898 1237 meam,
1920 1210 2015 1241 quam
2027 1201 2091 1233 tibi
2115 1200 2190 1235 alias
2214 1201 2270 1243 (g
2291 1203 2305 1239 )
2326 1199 2422 1242 super

1419 1250 1455 1271 ea
1478 1240 1714 1274 Observatione
1737 1241 1935 1284 significavi5
1960 1242 2032 1276 satis
2044 1243 2202 1286 superque
2223 1245 2257 1276 in
2279 1243 2335 1276 illa
2358 1242 2415 1276 ha-

1419 1283 1473 1317 bes
1495 1283 1628 1317 aliarum
1652 1284 1840 1324 causarum,
1863 1297 1918 1329 per
1941 1297 2019 1328 quas
2043 1285 2229 1329 praegressa,
2253 1289 2285 1319 &
2307 1298 2420 1328 repen-

1420 1328 1521 1359 tinam
1546 1337 1684 1361 mortem
1709 1330 1865 1368 explices.
1890 1329 2038 1362 Tandem
2060 1341 2132 1364 cum
2145 1329 2420 1372 Epistolamhanc

1420 1370 1633 1411 recenserem,
1656 1374 1689 1404 in
1703 1372 1966 1406 Dissertationem
1981 1373 2124 1407 incidens
2146 1374 2313 1415 qnaeinter
2334 1372 2422 1406 Chi-

1419 1414 1560 1455 rurgicas
1583 1427 1599 1447 a
1624 1415 1732 1448 Praecl.
1759 1415 1895 1449 Hallero
1918 1416 2067 1450 collectas
2091 1417 2133 1451 est
2158 1414 2278 1450 LXIX.
2313 1417 2347 1450 in
2383 1427 2418 1450 ea

1418 1466 1455 1490 ut
1478 1458 1632 1491 nonnulla
1653 1458 1797 1501 exempla
1819 1458 1919 1492 deesse
1942 1471 1981 1492 ex
1995 1461 2034 1493 iis
2046 1471 2117 1503 quae
2140 1461 2420 1500 commemoravi,

1417 1499 1459 1533 fic
1484 1501 1639 1536 nonnulla
1662 1502 1739 1539 esse,
1766 1502 2002 1541 animadverti,
2029 1514 2100 1546 quae
2125 1507 2180 1537 aut
2215 1513 2350 1546 propter
2375 1504 2417 1536 li-

1414 1543 1487 1577 bros
1511 1544 1629 1586 quibus
1652 1545 1800 1579 carebam
1815 1571 1824 1586 ,
1848 1556 1900 1580 aut
1924 1556 2054 1589 propter
2085 1547 2233 1590 linguam
2255 1558 2318 1590 qua
2342 1546 2420 1580 scri-

1414 1588 1464 1630 pti
1493 1586 1590 1629 sunt,
1612 1588 1768 1632 inspicere
1790 1600 1853 1622 non
1878 1596 2072 1632 potueram.
2097 1591 2152 1624 Tu
2176 1591 2209 1623 in
2232 1602 2267 1624 ea
2300 1590 2384 1632 leges
2408 1613 2421 1629 ‚

1418 1633 1452 1665 in
1479 1629 1654 1675 primisque
1686 1632 1767 1666 illud
1792 1633 1903 1674 puellae
1927 1632 2208 1676 Argentoratensis
2241 1638 2253 1674 (
2277 1632 2297 1666 h
2319 1637 2331 1672 )
2366 1644 2423 1667 cu-

1418 1673 1468 1716 jus
1491 1674 1716 1711 describuntur
1739 1679 1769 1710 &
1795 1675 2036 1718 symptomata,
2059 1678 2089 1709 &
2111 1677 2248 1716 vulnus,
2269 1688 2338 1720 quo
2362 1688 2423 1719 po-

1418 1717 1570 1751 tiffimum
1592 1720 1678 1754 intra
1703 1730 1767 1753 non
1790 1720 1906 1752 multas
1930 1719 2024 1754 horas
2045 1718 2190 1753 confecQta
2214 1720 2281 1758 est,
2304 1722 2337 1753 in
2353 1730 2422 1752 ten-

1412 1760 1505 1794 dinea
1529 1771 1618 1803 parte
1643 1763 1721 1803 septi
1747 1761 1956 1800 Transverfi,
1981 1775 2044 1805 qua
2069 1764 2181 1799 lienis,
2204 1765 2235 1795 &
2259 1765 2421 1797 ventricu-

1413 1805 1437 1837 li
1462 1805 1574 1843 portio
1597 1804 1763 1840 thoracem
1776 1805 1960 1846 subierant,
1983 1809 2013 1839 &
2037 1817 2092 1839 cor
2114 1804 2317 1840 dextrorsum
2330 1818 2423 1839 com-

1414 1847 1563 1890 pulerant
1575 1873 1582 1880 .
1717 1851 1818 1882 Porro
1830 1858 1970 1890 quatuor
1985 1849 2044 1882 alia
2057 1874 2066 1889 ,
2080 1859 2116 1883 ut
2129 1848 2283 1883 videntur
2297 1873 2305 1888 ‚
2315 1861 2421 1883 exem-

1415 1892 1465 1934 pla
1490 1892 1551 1933 legi
1575 1891 1707 1933 quidem
1731 1892 1815 1934 apud
1828 1891 2041 1927 Blancardum
2064 1895 2077 1932 (
2099 1894 2111 1925 ι’
2134 1895 2167 1933 ),
2192 1892 2352 1927 sciebam.
2374 1894 2424 1926 At

1420 1932 1443 1968 fi
1466 1945 1539 1967 cum
1562 1936 1602 1967 iis
1624 1935 1768 1969 conferas
1790 1947 1862 1978 quae
1884 1947 1902 1967 a
1926 1947 1975 1970 rne
2001 1936 2090 1977 supra
2115 1936 2208 1969 allata
2234 1935 2307 1970 sunt
2331 1961 2340 1977 ,
2372 1948 2425 1969 ea-

1418 1976 1491 2010 dem
1514 1989 1623 2012 revera
1646 1978 1724 2016 esl‘e,
1751 1991 1787 2012 ac
1811 1978 1951 2012 totidem
1974 1990 2012 2011 ex
2035 1978 2129 2020 ipsis,
2155 1979 2313 2013 continuo
2324 1991 2424 2022 agno-

1417 2020 1503 2061 sces;
1524 2023 1673 2063 quamvis
1696 2023 1849 2060 mutatis,
1875 2033 1940 2055 non
1964 2023 2026 2055 sine
2058 2021 2222 2056 stomacho
2255 2022 2387 2057 ferenda
2412 2043 2422 2060 ³

1419 2063 1703 2100 transformatione
1736 2063 1889 2099 studioso
1923 2065 1982 2098 illo
2013 2066 2098 2107 apud
2132 2066 2323 2101 Sennertum
2347 2090 2357 2108 ,
2386 2067 2422 2099 in

1419 2107 1644 2143 Revaliensem
1668 2109 1836 2143 dumtaxat
1860 2109 2019 2150 quendam
2043 2111 2056 2147 (
2079 2108 2097 2147 l<
2119 2108 2155 2150 .);
2181 2108 2266 2142 Filio
2288 2111 2332 2143 D.
2356 2110 2424 2143 Rat

1418 2151 1501 2193 apud
1526 2152 1725 2193 Riveriurn‚
1748 2153 1781 2185 in
1807 2151 1952 2184 Militem
1978 2157 1987 2191 (
2010 2152 2022 2185 l
2044 2155 2080 2190 >3
2105 2153 2247 2185 Latomo
2270 2154 2353 2195 apud
2364 2155 2424 2185 Pa-

1419 2205 1510 2229 reum
1526 2218 1535 2233 ,
1560 2197 1594 2229 in
1619 2197 1714 2230 Fabri
1739 2194 1903 2238 cujusdam
1939 2196 2105 2230 Famulum
2130 2196 2148 2238 ('
2164 2206 2195 2228 m
2219 2199 2250 2234 >3
2273 2198 2305 2229 &
2326 2197 2425 2230 Mili-

1419 2248 1492 2272 tum
1519 2240 1662 2274 Ductor-e
1687 2240 1769 2282 apud
1801 2238 1936 2273 eundem
1957 2263 1966 2278 ‚
1988 2241 2022 2272 in
2057 2240 2225 2272 Famulum
2256 2238 2424 2281 cuiusdam

1420 2282 1634 2316 Centurio'nis
1659 2287 1669 2323 (
1693 2294 1712 2316 n
1735 2287 1748 2324 )
1815 2282 1899 2325 Qae
1923 2282 1994 2316 duae
2018 2282 2193 2315 noviffimae
2225 2285 2424 2316 mutationes

1419 2337 1493 2359 cum
1527 2327 1580 2360 vel
1614 2327 1646 2358 in
1669 2326 1739 2369 ipso
1761 2325 1861 2359 initio
1882 2326 1957 2359 libri
1982 2325 2027 2359 sui
2055 2339 2071 2361 a
2105 2324 2282 2359 Blancardo
2312 2325 2426 2368 positae

1417 2369 1501 2409 sint;
1524 2371 1642 2404 mirum
1665 2381 1730 2403 non
1754 2370 1816 2408 est,
1839 2370 1929 2410 quod
1953 2369 2064 2403 multis
2076 2369 2219 2403 candidis
2233 2367 2423 2411 sincerisque

1418 2414 1530 2450 Viris,
1554 2423 1594 2446 ex
1615 2413 1644 2447 se
1668 2415 1746 2448 alios
1770 2413 1953 2457 priusquam
1965 2413 2322 2456 aliterdeprehendant,
2340 2412 2424 2446 aesti-

1417 2457 1583 2491 mantibus
1608 2481 1616 2495 ‚
1648 2460 1677 2490 δε
1703 2464 1875 2499 propterea
1899 2457 1984 2490 nihil
2007 2457 2070 2492 tale
2094 2456 2325 2500 suspicantibus
2347 2480 2357 2496 ‚
2388 2457 2424 2489 in

1416 2499 1528 2543 hisque
1552 2500 1680 2534 Bohnio
1703 2504 1716 2539 <
1743 2512 1759 2534 o
1780 2503 1793 2541 )
1816 2499 1927 2534 fucum
1951 2497 2088 2535 fecerint
2113 2525 2122 2539 ,
2154 2509 2190 2534 ut
2222 2499 2314 2534 simul
2347 2511 2424 2533 cum
2446 2530 2450 2531 s

1417 2544 1540 2577 duabus
1565 2544 1664 2578 modo
1686 2544 1839 2578 indicatis
1862 2543 1945 2586 apud
1959 2546 2090 2578 Pareum
2104 2542 2422 2584 Observationibus‚

1416 2587 1585 2621 Blancardi
1611 2588 1774 2630 primam,
1796 2590 1828 2621 δέ
1850 2586 2018 2621 secundam
2039 2610 2051 2627 ,
2085 2586 2171 2629 quafi
2197 2597 2261 2619 non
2285 2598 2324 2620 ex
2345 2587 2411 2619 inis

1421 2631 1558 2669 efficass,
1582 2631 1759 2665 laudaverit
1774 2656 1781 2663 .
1920 2631 1978 2665 Sed
2003 2643 2019 2663 a
2042 2629 2229 2664 vulneribus
2240 2629 2423 2663 abdominis

1422 2675 1462 2709 ad
1488 2675 1548 2707 alia
1571 2673 1670 2717 ipsius
1692 2674 1837 2709 minum,
1860 2674 2146 2716 cmupmffionum,
2180 2672 2423 2708 concuffionum

1422 2717 1567 2762 exempla
1589 2729 1605 2750 e
1628 2716 1787 2750 Valsalvae
1811 2715 1934 2751 schedis
1968 2716 2170 2751 exscribenda
2204 2715 2421 2750 transeamus.

1468 2773 1516 2804 14.
1541 2761 1649 2793 VIRI
1674 2771 1831 2794 annorum
1855 2761 1991 2802 triginta
2015 2761 2157 2803 quinque
2178 2758 2334 2793 abdomen
2347 2761 2423 2802 equi

1422 2807 1507 2841 calce
1530 2805 1733 2848 percutitur·‚
1757 2804 1839 2838 unde
1852 2803 1941 2838 saevis
1953 2805 2140 2842 doloribus,
2164 2805 2336 2837 &vomitu
2348 2814 2423 2836 cor-

1422 2844 1550 2892 reptus,
1572 2849 1605 2880 in
1630 2848 1659 2879 S.
1685 2848 1799 2882 Mariae
1822 2848 1862 2880 de
1886 2849 1967 2881 Vita
1979 2846 2220 2880 Nosocornium
2235 2847 2418 2889 excipitur.

1421 2893 1472 2926 lbi
1499 2891 1711 2933 perstantibus
1735 2891 1904 2925 doloribus
1927 2903 2001 2925 cum
2025 2889 2112 2924 sensu
2137 2892 2276 2933 ingentis
2301 2890 2421 2931 ponde-

1424 2937 1467 2969 ris
1489 2938 1523 2969 in
1547 2936 1666 2968 ventris
1687 2936 1777 2972 imo,
1811 2935 1995 2977 summaque
2026 2933 2165 2976 spirandi
2197 2933 2386 2967 difficultate
2411 2957 2421 2973 ,

1424 2981 1580 3014 moritur.
1712 2978 1945 3012 CADAVER
1970 3000 1979 3014 ‚
2012 2989 2028 3010 a
2051 2977 2202 3010 Valsalva
2225 2998 2235 3014 ,
2266 2980 2297 3011 &
2325 2979 2421 3010 Petro

1424 3022 1613 3057 Molinellio
1635 3022 1826 3059 diffefium‚
1850 3019 1905 3054 etsi
1932 3020 2052 3055 nullam
2076 3021 2109 3053 in
2133 3020 2326 3054 Abdominis
2350 3031 2421 3052 mu-

1423 3067 1518 3100 sculis
1539 3090 1550 3106 ,
1576 3066 1722 3107 percusso
1755 3066 1828 3099 loco
1861 3063 2131 3107 respondentibus
2155 3086 2165 3102 ‚
2197 3062 2420 3097 contusionem

1422 3109 1579 3146 ostendit3
1603 3118 1710 3143 tamen
1734 3134 1742 3150 ,
1777 3110 1901 3142 Ventre
1925 3118 2053 3149 aperto,
2077 3119 2224 3150 magnam
2249 3105 2420 3141 videndam

1421 3154 1572 3187 exhibuit
1594 3156 1722 3196 copiam
1747 3151 1908 3194 sanguinis
1931 3151 2017 3185 effusi
2032 3177 2040 3191 ,
2063 3152 2121 3193 qui
2153 3150 2317 3192 corrumpi
2351 3150 2422 3191 jam-

1420 3206 1588 3240 coeperat.
1616 3199 1725 3239 Rupta
1750 3203 1837 3229 erant
1851 3194 2028 3236 {anguifera
2053 3194 2121 3228 vasa
2144 3206 2215 3236 quae
2240 3206 2293 3236 per
2307 3204 2421 3231 omen*-

1420 3252 1490 3277 tum
1525 3241 1721 3278 ducimur,-
1752 3239 1827 3272 huic
1860 3248 1966 3272 autem
2010 3237 2186 3280 subjeetum
2228 3235 2419 3271 intestinum

1419 3286 1523 3318 lleum
1546 3284 1633 3326 quasi
1659 3285 1692 3315 in
1716 3281 1930 3316 transversum
1954 3283 2090 3315 omnino
2111 3281 2269 3314 discissum
2284 3302 2291 3311 .

1420 3332 1457 3361 In
1482 3327 1636 3360 Thorace
1659 3326 1823 3369 pulmones
1848 3326 1973 3367 ingenti
1997 3322 2105 3358 affecti
2136 3323 2415 3358 inflammatione:

1411 3375 1441 3405 ἃ
1466 3370 1620 3413 polyposa
1644 3380 1708 3403 nort
1731 3369 1901 3403 mediocris
1923 3369 2091 3403 concretio
2116 3369 2149 3401 in
2163 3368 2297 3402 dextero
2310 3365 2416 3402 cordis

1413 3414 1622 3448 ventriculo.

1460 3466 1508 3498 ις.
1546 3456 1640 3489 Salvo
1686 3455 1858 3489 abdomine
1885 3481 1894 3496 ,

1416 3502 1578 3537 occurrit,
1610 3499 1774 3533 conclusas
1821 3499 1882 3533 sub
1905 3499 1977 3540 ipso
2003 3501 2112 3531 Partes
2135 3497 2294 3538 disrumpi
2322 3521 2330 3536 ‚
2354 3506 2416 3527 no-

1416 3555 1492 3578 vum
1514 3555 1578 3577 non
1602 3543 1665 3577 est.
1690 3544 1738 3577 Sic
1752 3544 1892 3586 Tulpius
1915 3545 1979 3584 (p)
2002 3542 2076 3582 bis,
2097 3539 2138 3575 fic
2153 3543 2311 3575 fontanus
2321 3541 2388 3615 (sqc)
2403 3560 2414 3577 ,

2342 3596 2348 3614 1

1928 3455 2016 3497 quod
2051 3454 2241 3497 percuffioni
2274 3456 2413 3496 primum

1467 3652 1474 3679 (
1525 3650 1533 3678 )
1552 3651 1603 3678 Sep.
1623 3650 1637 3672 l.
1653 3657 1677 3677 4.
1695 3652 1718 3673 S.
1735 3650 1778 3674 hac
1792 3658 1813 3679 3.
1830 3650 1890 3675 Obs.
1908 3658 1946 3675 ῃ.
1966 3650 1988 3680 §.
2006 3658 2033 3678 7.

1523 3687 1621 3704 2.c.1.
1683 3679 1853 3709 (b)n.12.
1915 3680 2157 3709 (c)c.2.§.18.

1926 3712 1939 3739 ς
1952 3718 1970 3740 g
1988 3710 2001 3738 )
2018 3710 2092 3738 Epist.
2111 3718 2149 3739 40·
2166 3718 2191 3735 n.
2210 3716 2246 3738 ²7·
2273 3738 2278 3741 ,

2159 3742 2167 3770 (
2185 3748 2201 3764 n
2217 3743 2225 3769 )
2244 3737 2304 3764 ibid.
2321 3739 2413 3768 Obs11.

1543 3746 1590 3765 ent.
1609 3748 1629 3765 1.
1646 3741 1701 3764 Obs
1721 3749 1760 3769 70.
1823 3742 1831 3770 (
1851 3749 1875 3764 m
1894 3740 1902 3769 )
1920 3741 1981 3765 lbid.
1998 3740 2056 3764 Obs.
2073 3747 2098 3765 2.

1814 3771 1823 3801 (
1840 3779 1856 3800 q
1874 3771 1966 3800 )1bid.
1985 3771 2011 3802 §.
2030 3777 2067 3796 ιι.

1439 3742 1503 3769 (l)
