2498 4075
410 245 560 312 Epist.
595 244 755 301 Anat.
788 245 1002 300 Medica
1040 243 1211 299 XLV.-
1248 243 1371 298 Art.
1394 257 1466 306 ις.
1489 246 1561 298 ι6.
1580 246 1635 299 &
1657 260 1731 307 ¹7·

1931 259 2026 305 205

46 321 163 361 tante,
185 332 368 367 recuperare
389 324 438 359 hae
459 333 560 368 partes
581 333 700 367 queant
723 323 889 368 pristinam
911 322 1012 360 sedem
1034 343 1045 361 2
1095 319 1211 356 culiari
1234 317 1274 353 ad
1294 320 1423 355 dorsum
1448 322 1589 357 molestia
1611 324 1805 366 querebatur
1819 346 1828 363 2
1850 330 1888 355 ut
1921 331 2025 364 neque
2056 324 2096 357 de

50 366 86 398 in
109 376 207 407 eaque
230 379 431 409 permanere.

58 417 144 457 '.¹5·
167 410 229 443 Ars
252 422 358 445 autem
381 419 495 455 praeter
505 411 564 444 alia
578 431 586 446 ‚
608 410 744 444 interius
759 438 767 454 ,
789 407 969 446 exteriusve
991 408 1047 443 ad-

45 450 173 490 hibita,
196 454 357 495 remedia,
381 454 468 497 peliis
502 456 607 488 utitur
630 453 693 486 sive
715 456 748 487 in
773 455 903 494 annuli,
927 454 989 487 sive
1013 455 1047 486 in

46 495 144 529 aliam
167 495 306 532 formam
329 510 401 542 quae
425 497 571 531 foramen
595 495 731 537 habeat,
755 497 1046 532 constru&is.Ne-·

47 549 111 578 que
133 544 218 575 essim
234 565 243 581 ,
266 551 302 577 ut
326 542 440 583 saepius
462 542 497 573 in
530 541 627 573 Reffi
671 541 816 574 intestini
862 539 1011 583 prolapsu
1034 562 1047 580 ,

47 582 96 631 ita
117 580 171 616 hic
192 595 323 628 quoque
345 585 420 617 licet
444 585 689 626 praetermittere
711 585 743 618 id
769 584 882 618 auxilii
913 594 1012 625 genus
1039 607 1045 614 .

49 624 117 658 Hic
141 627 229 660 enim
250 628 317 662 duo
340 627 412 661 sunt
443 638 515 669 quae
538 628 739 661 curationem
762 628 895 661 reddant
930 626 1048 660 diffiei-

47 668 164 702 liorem
181 695 190 710 ,
217 672 300 704 uteri
324 670 469 714 pondus,
491 681 566 704 cum
589 680 680 704 antea
707 670 847 713 procidit
866 694 878 711 ,
910 670 1049 703 inevita-

48 711 134 749 bile,
156 714 327 758 repositam
352 714 499 756 vaginam
513 712 619 747 rursus
633 715 817 754 invertens,
838 716 870 746 &
892 711 1050 756 {philunter

49 755 213 803 musculus
236 768 337 800 neque
360 768 426 791 tam
450 757 574 791 valide.
598 768 700 801 neque
724 767 789 790 tam
813 758 896 790 ariste
927 757 1051 798 vaginae

51 797 219 833 orificium
240 800 575 841 conclusumservans
590 825 600 842 ,
624 812 721 843 quam
744 812 840 834 anum
864 800 935 833 suus
950 825 957 833 .
981 802 1050 833 Ita-

48 851 114 881 que
138 853 216 884 ergo
240 846 357 886 vagina
380 845 499 878 iterum
525 844 703 877 extrorsum
727 843 958 885 provolvitur,
1003 854 1053 876 re-

48 882 153 917 ferens
176 895 231 920 aut
255 887 442 922 intestinum
457 913 467 928 ,
491 896 544 921 aut
561 886 657 921 aliud
673 910 682 926 ,
704 896 739 920 ut
764 896 841 928 puta
855 909 864 925 ‚
897 885 1052 928 quemad-

49 927 184 962 modum
208 932 292 973 apud
316 931 555 973 Hippocratem
577 930 717 964 vidimus
740 933 750 968 (
774 941 804 963 m
828 933 861 971 )‚
878 929 1055 971 scrotum,

49 971 140 1019 quod
163 975 194 1005 δι
218 974 302 1016 apud
326 975 544 1014 Harveium(
565 984 586 1007 n
607 976 622 1014 )
644 972 822 1007 referebat.
847 974 897 1006 Ut
931 972 1052 1006 malum

46 1015 216 1055 indecens,
242 1020 274 1051 &
296 1018 598 1061 perincommodum·
621 1026 676 1050 aut
700 1016 852 1054 tollatur,
877 1025 933 1049 aut
963 1023 1052 1049 certe

47 1058 238 1104 occulatur,
261 1062 311 1094 illi
334 1062 511 1104 excogitati
531 1060 605 1095 sunt
629 1059 699 1103 peffi
713 1057 917 1102 .Quorumfi
940 1069 1051 1092 omnes

49 1100 270 1145 cnjuscunque
295 1103 398 1139 adhuc
422 1107 563 1146 cognitae
587 1103 700 1137 formae
720 1125 732 1142 ,
776 1104 808 1136 δι
853 1102 1015 1136 structurae
1038 1124 1052 1142 ,

52 1146 138 1178 uteri
162 1147 346 1190 prolapsum
370 1159 428 1181 non
451 1149 537 1181 modo
559 1158 617 1182 non
640 1153 803 1183 curarent,
831 1144 887 1187 sed
912 1144 1054 1186 plerum-

50 1197 108 1228 que
126 1189 264 1231 pejorem
289 1192 467 1229 redderent,
491 1200 527 1224 ut
552 1190 635 1232 apud
658 1190 779 1223 Virum
803 1189 947 1222 Doefitum
969 1188 1056 1231 Iege-

49 1231 127 1264 bam
149 1243 269 1275 nuper3
294 1233 358 1276 jam
382 1234 437 1267 diu
462 1246 491 1269 ax
503 1234 664 1271 Medicis,
688 1236 719 1266 δε
740 1231 936 1273 Chirurgis‚
964 1232 1056 1275 ipsis-

50 1285 114 1316 que
136 1277 328 1312 mulieribus
352 1277 471 1319 abjeffi
495 1275 611 1311 ess'ent.
637 1278 710 1319 Ego
732 1286 831 1313 vero,
855 1285 891 1308 ut
916 1274 991 1309 alias
1013 1275 1058 1317 (o)

46 1318 86 1351 ad
110 1326 142 1352 te
166 1319 294 1364 scripfi,
319 1321 504 1364 proficuum
527 1322 637 1363 potius
661 1325 772 1353 eorum
806 1318 897 1351 usum
921 1340 931 1355 ‚
976 1329 1052 1352 cum

46 1360 224 1398 foeminam*
240 1364 425 1400 diffecarem
440 1387 450 1403 ‚
473 1365 524 1399 his
546 1364 726 1397 obnoxiam
738 1363 859 1396 morbis
876 1384 888 1401 ,
910 1361 1054 1396 animad-

47 1407 152 1440 verti.
179 1407 297 1453 Neque
320 1418 427 1442 tamen
449 1407 603 1447 inficior,
627 1407 683 1441 ubi
708 1416 763 1440 aut
799 1406 973 1438 violentius
1004 1407 1055 1439 in-

44 1449 150 1488 trusi,
176 1462 232 1485 aur
255 1454 386 1495 inepte,
410 1464 446 1485 ac
470 1462 635 1494 perperam
669 1449 847 1484 c011stru5ti
877 1448 938 1481 sint
959 1472 969 1488 ,
1000 1459 1056 1482 aut

0 1508 8 1515 »
46 1502 212 1533 mortem,
239 1506 275 1531 ut
299 1496 478 1530 Benevolus
502 1499 555 1537 (p
576 1498 590 1534 )
612 1494 696 1527 vidit
711 1516 720 1531 ,
744 1502 800 1526 aut
823 1491 1056 1526 detrimentum

46 1536 157 1572 afferre
173 1538 285 1581 posse,
310 1540 485 1583 praesertim
509 1537 531 1571 fi
557 1538 591 1570 in
615 1548 727 1571 eorum
751 1535 809 1570 usu
842 1534 1057 1574 nihilominus

45 1580 189 1615 foeminae
212 1583 388 1617 diutiffime
411 1581 634 1624 perseverent,
657 1585 689 1613 ὃς
713 1591 752 1613 ne
777 1576 1057 1621 abstergendiqui-

45 1625 142 1665 dem,
167 1628 198 1658 &
222 1626 381 1669 purgandi
405 1626 509 1668 gratia
532 1635 677 1666 unquam
700 1621 893 1656 extrahant.
929 1621 1056 1655 Videsis

44 1669 81 1701 in
103 1670 316 1703 Commercio
339 1670 554 1706 Litterarior(
577 1677 595 1708 q
618 1670 632 1706 )
652 1666 733 1709 quid
756 1665 881 1700 duabus
904 1664 949 1699 ob
973 1664 1059 1707 ejus-

47 1711 139 1745 modi
161 1711 270 1746 causas
293 1712 467 1746 acciderit.
492 1710 661 1750 Invenies,
683 1711 774 1744 alteri
788 1708 1056 1752 circaglomum,

46 1766 144 1797 quem
167 1756 359 1795 intruserat,
383 1764 613 1789 contortorum
625 1753 758 1786 filorum
772 1762 944 1786 tartaream
955 1763 1057 1794 quan-

45 1800 122 1832 dam
145 1801 315 1833 materiam
341 1797 534 1833 concrevisse
557 1809 593 1831 ea
617 1796 814 1833 altitudine,
842 1805 881 1829 ut
915 1796 1058 1836 undique

47 1852 114 1875 tres
134 1841 234 1884 digiti
257 1851 361 1885 partes
384 1851 518 1885 quartas.
537 1849 679 1882 aequaret
694 1862 707 1879 ,
729 1851 764 1872 ea
787 1848 894 1872 autem
916 1838 1063 1878 duritie,

46 1895 85 1919 ut
108 1885 237 1927 scalpro>
255 1897 337 1929 opus
361 1884 462 1919 fuerit
485 1884 525 1917 ad
548 1882 841 1925 desquamandam3
864 1894 899 1915 ea
920 1883 1058 1924 denique

45 1929 216 1969 molestia,
239 1937 277 1962 ut
300 1928 369 1971 jam
393 1926 623 1962 acerbiffimam
656 1926 868 1968 stranguriam
912 1924 1060 1958 induxis-

45 1972 116 2005 set.-
140 1972 234 2007 alteri
259 1973 365 2006 autem
390 1984 407 2005 a
430 1970 537 2004 ferreo
561 1966 668 2012 peffo,
693 1969 847 2011 quamvis*
874 1980 947 2002 cera
969 1991 983 2008 ,
1012 1978 1059 2017 *ut

45 2015 102 2048 ille
125 2018 226 2050 etiam
248 2016 397 2057 glomus,
420 2014 604 2051 obductos,
627 2014 774 2055 vaginae,
799 2013 984 2054 &proximi
1008 2022 1061 2044 in-

46 2058 157 2094 testini
180 2059 269 2092 ulcus
292 2068 404 2092 ortum
419 2083 428 2092 .
453 2058 530 2090 Huc
555 2067 661 2089 meatn
694 2054 809 2089 addam
843 2055 1063 2089 Observatio-

44 2108 263 2144 nem,·quam
284 2101 410 2135 tametsi
433 2100 590 2134 libentius
611 2100 698 2132 inter
723 2099 803 2133 alios
827 2100 865 2132 ad
888 2110 971 2142 quos
991 2110 1063 2132 ma-

47 2149 254 2190 gisia-tinet,
285 2145 418 2178 morbos
441 2142 640 2179 retulissem,
657 2142 687 2174 ‘si
712 2153 785 2176 cum
808 2142 848 2175 de
870 2143 911 2175 iis
945 2141 1064 2175 scribe-

48 2201 143 2230 rem,
166 2186 365 2225 habuiffem3
389 2196 532 2221 attamen
554 2184 641 2219 haud
663 2185 881 2219 omittendam
904 2183 966 2219 hoc
989 2186 1066 2218 loco

49 2233 330 2274 censuiquuippe
352 2232 415 2266 huc
439 2239 581 2265 extrema
607 2226 739 2263 saltem
782 2238 874 2271 parte
920 2228 1066 2271 spectan-

50 2286 119 2312 tem
131 2301 140 2310 .
154 2288 167 2303 ‘v
460 2299 461 2302 =
552 2299 555 2302 ι

65 2343 68 2346 -
94 2323 145 2354 16.
172 2319 368 2353 MULIER
390 2316 583 2353 consistente
606 2325 719 2354 aetate,
743 2315 900 2349 mediocri
924 2314 1062 2356 habitu,

50 2366 81 2398 δε
106 2364 248 2403 statura,
272 2364 364 2397 nullo
389 2362 456 2396 alio
480 2359 691 2395 incommodo
714 2371 812 2402 quam
846 2358 998 2392 catarrho
1044 2371 1062 2392 a

44 2407 164 2450 frigidi
187 2408 268 2440 aeris
291 2404 436 2448 injuria,
459 2404 656 2440 laborabat,
680 2414 754 2436 cum
777 2402 815 2436 ad
838 2401 925 2435 hunc
959 2402 1062 2436 acces-

46 2450 99 2485 iit*
112 2449 212 2484 febris
232 2450 280 2484 οἱ)
302 2460 401 2492 quam
424 2449 587 2482 continuo
610 2447 644 2480 in
678 2444 921 2479 Nosocomiurn
967 2446 1060 2479 illata

44 2494 109 2528 est.
132 2494 243 2527 Acuta
266 2495 352 2526 enim
376 2501 466 2530 erat,
491 2493 522 2524 δι
545 2501 620 2524 cum
646 2500 762 2532 magna
796 2488 938 2531 spirandi
973 2489 1060 2523 diffi-

43 2537 190 2578 cultate,
214 2547 371 2579 genarum
395 2535 535 2574 rubore,
558 2533 749 2579 permolesto
772 2534 807 2565 in
830 2531 961 2567 thorace
978 2544 1059 2573 pou-¹

41 2581 129 2615 deris
152 2580 259 2619 sensu,
285 2578 480 2613 duriusculis
505 2576 645 2620 pulsibus
666 2577 837 2619 conjunfia
853 2599 861 2606 .
895 2576 1059 2610 Incassum

44 2636 121 2667 quae=
138 2624 337 2666 oportebat,
361 2622 444 2655 facita
468 2620 544 2654 sunt
568 2620 701 2654 omnia.
737 2619 955 2661 Expectorare
979 2640 988 2657 ‚
1026 2619 1059 2653 id

46 2670 136 2710 quod
162 2668 257 2701 unice
279 2665 442 2710 optabat,
464 2664 548 2697 nihil
573 2673 719 2706 poterat.
745 2662 918 2703 Humiles,
942 2665 973 2695 &
1007 2664 1061 2696 in-

49 2713 266 2745 termittentes
288 2709 396 2753 pulsus
419 2709 494 2742 sunt
517 2706 616 2746 facti,
641 2706 812 2748 respiratio
836 2715 943 2740 autem
974 2705 1061 2739 diffi-

50 2755 124 2788 cilis
147 2755 250 2791 adeo,
272 2764 310 2787 ut
333 2752 503 2787 noviffime
532 2750 636 2793 jacere
679 2761 745 2783 non
791 2749 911 2791 posset.
950 2750 1060 2791 Igitur

51 2798 192 2841 quincto
214 2808 254 2830 ex
275 2808 342 2839 quo
365 2796 552 2829 febricitare
575 2801 741 2836 coeperat,
763 2791 816 2827 die
839 2805 855 2826 e
881 2794 950 2825 vita
974 2792 1061 2827 ceffit

53 2845 141 2876 circa
165 2842 307 2874 medium
332 2838 498 2872 Martium¹
526 2838 569 2870 A.
598 2837 693 2878 1748.
827 2837 1063 2870 CADAVER

52 2886 123 2923 ibi,
147 2882 375 2918 Studiosorum
395 2882 560 2926 Juvenum
584 2882 712 2922 gratia,
735 2878 932 2922 diligenter,
954 2881 986 2911 &
1009 2890 1062 2912 or-

52 2930 128 2963 dine
152 2925 330 2970 perfeetum
352 2924 418 2959 est.
443 2924 501 2959 Sed
524 2924 577 2958 hie
600 2925 664 2957 tibi
687 2934 771 2972 quae·
785 2926 819 2956 in
830 2922 1008 2963 Thorace,
1031 2926 1063 2957 &

53 2973 173 3015 Capite
196 2979 313 3013 praeter
336 2977 484 3002 naturam
495 2968 675 3002 invenerim
689 2987 698 3003 2
722 2977 865 3010 primum
878 2977 1038 3008 exponam
1051 2991 1060 2999 .

186 3012 257 3047 Etsi
282 3011 451 3055 pulmones
473 3008 689 3054 turgidiyad
713 3010 856 3052 pleuram
879 3009 977 3044 costas
990 3010 1062 3043 suc-

54 3060 240 3101 cingentem
264 3054 330 3088 fere
354 3054 496 3097 ubique,
519 3054 697 3097 praesertitn
722 3063 828 3087 autern
852 3065 868 3086 a
893 3052 1026 3086 sinistris
1050 3077 1061 3093 ‚

55 3104 142 3137 ar6te
165 3099 393 3138 adhaerebant;
414 3110 431 3131 e
452 3098 577 3132 sinistro
599 3108 705 3132 tamen
730 3097 871 3131 thoracis
895 3108 975 3130 cavo
1014 3095 1061 3129 se·-

55 3157 153 3183 mm,
177 3144 268 3187 quod
293 3154 309 3175 a
332 3152 410 3183 pure
434 3142 570 3185 admisto
602 3142 739 3175 albicare
771 3140 926 3173 libentius
959 3139 1060 3174 dixis-

55 3190 123 3230 ses,
145 3188 169 3222 fi
192 3186 259 3221 ulla
281 3186 373 3228 puris
395 3183 449 3218 hic
470 3184 597 3218 fuissent
621 3184 741 3218 indicia
755 3208 764 3223 ,
789 3195 823 3217 ea
856 3185 951 3225 copia
984 3194 1058 3225 pro-

57 3233 176 3269 fluxit,
201 3239 301 3272 quam
326 3228 406 3270 septi
430 3227 596 3263 transversi
620 3239 691 3271 pars
715 3226 838 3260 sinistra
856 3251 865 3267 ,
894 3238 959 3260 non
989 3227 1059 3260 for-

55 3278 182 3311 nicata,
205 3274 256 3307 sed
280 3273 391 3315 potius
412 3269 575 3313 depressa,
596 3283 670 3305 cum
695 3283 711 3304 a
735 3272 853 3303 ventris
877 3281 971 3304 cavea
1007 3272 1059 3303 in-

55 3320 269 3364 spiceremus,
294 3324 385 3348 antea
408 3313 660 3357 significaverat.
685 3313 858 3356 Ejusmodi
894 3325 965 3356 pars
997 3314 1058 3348 seri

56 3363 264 3407 peculiariter
286 3360 372 3392 inter
397 3358 583 3400 pulmonem
605 3358 765 3391 sinistrum
789 3383 798 3397 ‚
841 3360 872 3391 &
916 3359 1059 3398 pleuram

55 3418 120 3450 qua
145 3415 245 3448 prope
268 3402 430 3436 vertebras
453 3401 659 3436 feremedias
682 3401 845 3439 thoracis,
869 3400 971 3434 costas
1005 3413 1058 3435 ve.

54 3451 189 3486 suebat,
213 3445 253 3480 ad
277 3457 342 3479 non
367 3455 503 3486 parvum
526 3446 667 3479 tra&um
689 3444 944 3480 concludebatur
960 3470 970 3486 ‚
992 3456 1060 3488 quo

53 3494 161 3527 trafizu
185 3490 272 3525 albas
292 3488 532 3526 concretiones,
556 3489 811 3524 membranarum
844 3488 942 3521 instar
973 3489 1058 3522 cras..

55 3536 264 3572 fiffimarum,
286 3542 358 3566 tum
381 3531 494 3573 pulmo
511 3558 519 3571 ,
543 3542 612 3566 tum
636 3532 747 3575 pleura
771 3531 966 3567 adhaerentes
1000 3532 1058 3565 ha-

52 3580 195 3616 bebaut,
219 3587 318 3620 eaque
341 3577 512 3610 dumtaxat
534 3585 624 3618 parte
648 3576 760 3618 pulmo
773 3576 905 3613 durior,
930 3575 1058 3609 densus-

52 3634 114 3666 que
136 3620 240 3656 faetus
253 3643 265 3660 ‚
287 3622 437 3654 inventus
460 3619 521 3654 est·
546 3619 665 3663 Neque
688 3629 795 3654 tamen
817 3630 900 3662 aegra
930 3620 968 3654 de
1005 3631 1056 3662 pe-

1098 372 1260 409 pungente
1282 363 1412 404 dolore,
1436 376 1512 399 cum
1536 366 1644 408 pleura
1668 377 1804 409 utroque
1828 366 1863 398 in
1887 365 1984 398 latere
2006 368 2097 400 ros-eo

1098 409 1216 442 rubore
1239 404 1278 439 ad
1301 418 1365 439 non
1390 419 1488 450 parva
1512 410 1613 452 spatia
1637 410 1787 448 ruberet,
1811 418 1912 451 neque
1933 408 2064 442 demum
2087 420 2100 449 ‚-

1098 462 1172 485 nam
1195 448 1263 484 haec
1285 452 1395 483 omnia
1418 452 1592 493 diligenter
1613 452 1768 494 quaesivi,
1789 452 1827 487 de
1850 451 1955 486 cordis
1980 462 2101 486 tremo.

1097 506 1152 534 re,
1176 503 1231 526 aut
1251 492 1290 528 de
1314 494 1414 528 animi
1437 489 1671 530 defectionibus
1693 505 1748 529 aut
1790 497 1824 529 in
1861 493 2065 530 Nosocomio
2089 517 2100 533 ,

1098 546 1153 572 aut
1175 536 1267 571 domi
1290 548 1433 579 unquam
1455 539 1628 581 conquesta
1650 537 1757 573 fuerat
1771 564 1780 578 ‚
1802 539 1857 572 etsi
1880 540 1914 572 in
1959 541 2100 582 pericar-

1097 584 1154 615 dio
1177 592 1211 613 ea
1233 579 1426 621 deprehendi
1451 593 1522 624 quae
1545 585 1704 616 continuo
1727 581 1906 616 describam
1930 607 1939 615 .
1962 583 2104 616 Pericar-

1097 626 1189 659 dium
1213 633 1280 657 erat
1303 623 1468 665 amplum,
1491 627 1522 657 δε
1547 625 1615 658 sero
1638 624 1793 666 ejusmodi
1818 627 1950 667 plenum
1971 649 1980 665 ‚
2005 626 2100 668 quale

1099 671 1134 703 in
1158 666 1298 701 thoracis
1322 667 1443 701 sinislra
1466 678 1561 701 cavea
1585 668 1699 708 fuisse,
1722 668 1789 703 dixi
1810 680 1823 708 ,·
1855 680 1889 702 ut
1935 680 1952 701 a
1997 670 2105 710 primo

1100 722 1165 746 non
1191 708 1425 753 pericardium‚
1448 710 1499 744 sed
1522 720 1666 754 apertum
1689 710 1841 754 magnum
1866 711 2024 753 quendam
2051 712 2108 745 ab·

1102 754 1235 789 sceslum
1258 753 1364 787 videre
1385 754 1527 787 crederes
1544 780 1552 789 .
1587 756 1638 788 Eo
1661 755 1730 788 sero
1752 754 1904 788 exhausto
1928 779 1937 795 ,
1971 753 2106 797 superfi-

1102 801 1170 834 cies
1190 800 1295 831 omnis
1318 797 1487 839 pericardii
1510 799 1672 838 interior,
1695 799 1838 832 exterior
1862 807 1966 831 autem
1977 798 2106 836 cordis,

1103 845 1135 876 δι
1159 842 1394 881 auricularum,
1418 844 1448 875 δι
1473 841 1676 884 Magnorum
1700 841 1848 875 vasorum
1872 841 1975 875 lurida
2009 852 2109 883 appa-

1102 887 1169 920 ruit
1183 909 1192 926 ,
1212 885 1396 918 obducente
1418 885 1529 918 omnia
1555 886 1689 918 materia
1711 884 1850 928 quadam
1873 896 1912 917 ex
1935 885 2009 917 albo
2020 887 2108 917 cine-

1102 941 1179 969 rea,
1204 928 1286 962 nihil
1332 928 1434 969 magis
1478 939 1576 969 quam
1600 929 1720 963 calcem
1738 953 1747 968 ,
1774 930 1888 971 parieti
1926 928 2023 961 modo
2057 929 2108 960 in-

1104 972 1255 1009 ductam,
1279 969 1454 1011 referente,
1479 980 1514 1005 ut
1537 974 1696 1005 continuo
1727 972 1762 1003 in
1796 980 1938 1005 mentem
1985 971 2109 1004 venerit

1102 1016 1327 1052 Guarinonii‚
1375 1015 1434 1054 ui,
1459 1012 1553 1047 sicuti
1578 1015 1655 1048 alias
1679 1020 1689 1054 (
1713 1025 1728 1047 r
1751 1017 1765 1054 )
1788 1014 1826 1048 ad
1851 1024 1884 1048 te
1908 1013 2039 1055 scripsi,
2070 1016 2107 1048 in

1103 1056 1292 1101 hujusmodi
1315 1057 1347 1088 in
1367 1058 1581 1090 lammatoriis
1593 1058 1806 1100 pulmonum,
1829 1060 1858 1091 δε
1882 1057 1997 1099 pleurae
2021 1068 2111 1091 mor-

1103 1104 1154 1137 bis
1175 1112 1231 1135 cor
1255 1098 1338 1142 quafi
1361 1099 1443 1134 calce
1465 1107 1643 1142 coopertum
1664 1100 1802 1134 offendit
1816 1122 1825 1137 ,
1847 1100 1881 1135 id
1904 1100 1946 1134 est
1969 1102 2112 1143 polypo-

1106 1145 1167 1185 fis,
1190 1154 1226 1178 ut
1249 1144 1297 1177 ibi
1321 1143 1504 1186 explicavi,
1529 1146 1561 1176 ὃς
1582 1143 1636 1177 hic
1659 1143 1764 1177 rursus
1788 1143 1856 1178 vidi
1876 1166 1885 1182 ,
1931 1146 2115 1177 concretio·

1107 1189 1203 1224 nibus
1217 1213 1228 1229 ,
1251 1187 1470 1222 membranam
1491 1184 1625 1220 crassam
1648 1187 1811 1221 sedlaxam
1826 1210 1840 1228 ,
1860 1187 2115 1227 mentientibus,

1109 1232 1201 1266 nullo
1224 1231 1358 1273 negotio
1379 1238 1416 1264 ut
1439 1229 1691 1267 detrahendam,
1715 1229 1756 1263 fic
1779 1242 1912 1273 quoque
1929 1228 2115 1272 discerpen-

1110 1276 1207 1310 dam.
1233 1276 1309 1315 Qa
1330 1273 1494 1313 detrac'm,
1517 1275 1629 1308 omnia
1654 1285 1726 1317 quae
1750 1283 1949 1315 operuerat,
1971 1273 2116 1308 naturali

1104 1319 1241 1358 colore,
1265 1320 1298 1351 &
1320 1317 1557 1351 constitutione
1580 1318 1615 1351 in
1638 1317 1847 1360 conspestum
1871 1327 1987 1351 venere
2009 1340 2022 1358 ‚
2057 1316 2117 1351 nifi

1104 1361 1195 1406 quod
1219 1360 1441 1404 pericardiurn
1462 1360 1589 1394 crassius
1625 1359 1746 1396 fatftum
1778 1370 1846 1394 erat
1870 1382 1881 1398 ‚
1925 1362 1957 1393 &
2002 1360 2118 1395 inbru—

1106 1408 1231 1446 brum,
1253 1403 1287 1438 id
1311 1402 1354 1437 est
1377 1414 1443 1436 non
1466 1401 1730 1438 inflammatione
1752 1404 1910 1450 quidem,
1934 1403 1985 1437 sed
2021 1403 2119 1446 phlo-

1107 1448 1177 1492 goli
1200 1458 1306 1482 tamen
1330 1445 1503 1481 affectum.
1528 1448 1622 1487 Cor,
1645 1458 1738 1490 aequo
1762 1459 1864 1488 majus
1888 1447 1993 1481 visum
2012 1472 2022 1487 ‚
2068 1448 2122 1480 ni-

1109 1503 1228 1536 grum,
1251 1491 1355 1533 qualis
1378 1489 1487 1532 paffim
1520 1491 1554 1523 in
1589 1489 1651 1524 hoc
1696 1489 1852 1524 cadavere
1893 1491 2084 1525 occurrebat
2105 1513 2120 1531 ,

1110 1537 1301 1579 sanguinem
1324 1534 1500 1576 utrobique
1524 1533 1664 1572 habuit,
1687 1535 1722 1566 in
1746 1533 1880 1567 dextero
1904 1544 2011 1568 autern
2045 1545 2122 1568 ven-

1111 1579 1233 1614 triculo
1248 1600 1257 1615 ‚
1281 1588 1468 1619 annexaque
1493 1576 1634 1622 auricula
1657 1577 1756 1610 etiam
1789 1585 1904 1611 teretes
1948 1577 2123 1620 polyposas

1110 1624 1335 1658 concretiones
1349 1645 1357 1653 .
1488 1620 1622 1654 cerebri
1633 1619 1816 1654 medullaris
1828 1620 2000 1654 substantia
2014 1646 2022 1661 ,
2041 1633 2123 1663 qua-

1109 1678 1236 1709 cunque
1259 1663 1438 1703 incideres,
1460 1672 1497 1697 ut
1522 1664 1766 1697 &Lateraliurn
1792 1664 2049 1699 ventriculorum
2073 1665 2125 1699 su—

1111 1709 1278 1754 perficies,
1301 1707 1427 1741 vascula
1451 1707 1601 1748 languine
1629 1707 1794 1749 turgidula
1817 1707 2023 1742 ostendebant
2046 1722 2055 1741 .·
2089 1710 2125 1742 in

1110 1754 1225 1788 iisdem
1248 1761 1356 1786 autem
1384 1751 1584 1785 ventriculus
1606 1760 1672 1785 erat
1697 1750 1801 1784 serum
1824 1752 1932 1785 colore
1956 1752 1993 1785 ad
2011 1751 2126 1787 subfla-

1113 1809 1191 1834 vum
1215 1794 1399 1830 obsoletum
1421 1795 1622 1828 inclinante.
1754 1795 1793 1827 In
1818 1795 1944 1828 Ventre
1966 1794 2034 1830 haec
2068 1794 2125 1830 ad-

1114 1850 1326 1875 notaveram.
1351 1839 1431 1872 Lien
1455 1836 1608 1879 grandis;
1630 1837 1718 1879 jecur
1742 1839 1948 1878 maximum,
1971 1848 2009 1872 nt
2041 1838 2122 1872 sini-

1115 1885 1217 1918 strum
1241 1892 1374 1926 quoque
1386 1891 1548 1924 occupans
1562 1879 1873 1923 hypochondrium‚
1898 1883 2123 1918 ventriculum

1113 1929 1333 1969 deprimeret,⁴
1355 1928 1464 1966 itaque
1489 1923 1595 1966 gulae,
1618 1925 1652 1958 in
1677 1923 1761 1959 hunc
1786 1925 1979 1964 desinentis,
2014 1929 2126 1970 portio

1115 1972 1154 2005 ad
1179 1967 1373 2003 transversos
1395 1969 1519 2010 digitos
1538 1966 1620 2002 duos
1642 1966 1728 2002 infra
1750 1967 1963 2012 diaphragma
1996 1983 2127 2015 appare-

1115 2015 1194 2049 bat.
1218 2012 1277 2047 Sed
1302 2021 1417 2056 praeter
1441 2023 1509 2044 eam
1533 2013 1813 2055 magnitudinem,
1838 2013 1959 2047 vitium
1991 2015 2026 2048 in
2058 2016 2126 2049 illis

1116 2057 1295 2091 visceribus
1319 2056 1558 2098 percipiebatur
1581 2055 1707 2089 nullum
1729 2081 1736 2089 .
1771 2058 1810 2090 In
1848 2056 2000 2100 subjeeio
2036 2070 2126 2094 venae

1116 2101 1217 2136 Cavae
1240 2111 1359 2134 trunco
1382 2099 1546 2142 oblonga,
1570 2102 1601 2133 δε
1625 2099 1720 2134 crassa
1740 2109 1806 2134 erat
1829 2104 1996 2136 concretio
2031 2103 2130 2145 poly-

1120 2146 1218 2188 posa.
1242 2144 1392 2180 Tandem
1416 2144 1505 2186 quod
1529 2142 1568 2179 ad
1593 2144 1763 2179 muliebria
1785 2147 1926 2185 attinet,
1953 2155 2061 2181 uterus
2085 2145 2126 2181 fi-

1120 2188 1222 2222 nistro
1242 2188 1336 2232 lateri
1362 2188 1531 2230 aliquanto
1554 2190 1690 2231 propior
1713 2198 1801 2228 erat,
1825 2202 1924 2233 quarn
1956 2191 2092 2225 dextero
2114 2213 2126 2229 ,

1119 2234 1156 2265 δι’
1175 2231 1355 2265 antrorsum
1378 2231 1567 2267 concidebat
1582 2259 1597 2280 ,η
1614 2234 1738 2267 Ovaria
1763 2235 1927 2278 praelonga
1941 2258 1950 2274 ‚
1974 2234 2026 2268 sed
2059 2237 2131 2269 exi-

1120 2274 1184 2313 lia,
1209 2275 1302 2313 alba,
1325 2274 1403 2308 dura
1427 2286 1501 2308 cum
1526 2288 1563 2308 eo
1584 2278 1806 2319 Jungebantur
1832 2289 1885 2319 per
1901 2276 1963 2314 *sua
1975 2280 2125 2321 vincula,

1116 2328 1182 2352 non
1207 2319 1303 2361 paulo
1325 2328 1424 2361 quam
1449 2316 1594 2359 soleant,
1617 2319 1782 2354 craffiora.
1815 2322 1899 2362 Qae
1945 2333 1999 2365 per
2044 2323 2129 2356 Lata

1115 2363 1201 2396 uteri
1225 2361 1356 2396 vincula
1378 2361 1563 2396 discurrunt
1578 2384 1588 2400 ,
1613 2362 1686 2396 vasa
1709 2367 1807 2406 nigro
1830 2364 1982 2408 sanguine
2027 2368 2127 2400 nimis

1116 2405 1313 2448 turgebant,
1338 2405 1392 2438 hic
1415 2405 1484 2439 illic
1507 2407 1671 2440 varicosa.
1694 2408 1782 2446 Cum
1797 2420 1835 2445 ¹,a
1859 2407 1986 2443 summo
2031 2420 2125 2444 utero

1113 2449 1152 2482 ad
1178 2452 1279 2482 imum
1304 2451 1430 2490 vaginae
1454 2449 1620 2484 orificium
1654 2449 1831 2485 senionem
1877 2453 2093 2494 perduxissem
2116 2469 2127 2492 3

1112 2492 1207 2526 fundi
1231 2493 1341 2532 illius,
1363 2494 1394 2524 δε
1418 2494 1617 2526 continuatae
1640 2495 1776 2528 cervicis
1799 2507 1915 2530 cavum
1939 2508 2035 2531 muco
2059 2498 2127 2541 ple-

1112 2547 1190 2570 num
1216 2536 1310 2575 vidi,
1330 2534 1473 2577 gelatinae
1494 2535 1590 2569 instar
1614 2534 1713 2570 ferme
1738 2539 1905 2580 perspicuo
1931 2565 1940 2581 ‚
1972 2542 2127 2585 nulloque

1113 2580 1224 2613 colore
1246 2578 1390 2615 inseeto,
1415 2581 1447 2611 δε
1471 2590 1509 2611 eo
1533 2581 1702 2619 tenuiore,
1727 2584 1784 2624 qui
1809 2582 1846 2616 ad
1869 2584 1953 2617 uteri
1977 2584 2125 2620 osculum

1113 2623 1173 2656 effe
1195 2623 1385 2662 consuevit,
1407 2633 1509 2664 neque
1533 2623 1586 2656 hic
1611 2623 1738 2658 deerat.
1764 2625 1865 2659 Muto
1888 2628 1946 2661 illo
1981 2628 2125 2671 superio-

1115 2677 1149 2699 re
1172 2666 1348 2709 adempto,
1373 2666 1508 2699 minima
1533 2666 1768 2705 excrescentia,
1793 2671 1907 2703 circuli
1932 2670 2034 2706 ferme
2058 2684 2127 2707 am-

1114 2710 1187 2743 bitu
1202 2735 1211 2749 ,
1235 2722 1275 2743 ex
1298 2710 1399 2743 rubro
1422 2707 1512 2743 fusca
1527 2732 1539 2749 ,
1562 2710 1681 2744 leviter
1703 2713 1826 2746 exstare
1849 2713 2016 2755 conspeeta
2040 2716 2084 2750 est
2106 2728 2125 2751 e

1114 2752 1206 2786 fundi
1231 2754 1386 2786 interiore
1409 2751 1508 2786 facie.
1536 2755 1680 2796 Dempto
1704 2764 1811 2789 autem
1834 2757 1933 2790 crasso
1968 2757 2123 2794 inferiore

1116 2808 1233 2835 muco,
1258 2795 1372 2830 infima
1394 2797 1529 2830 cervicis
1552 2808 1622 2838 pars
1644 2796 1788 2831 insolitis
1811 2800 2003 2842 quibusdam
2027 2803 2124 2837 lineis

1114 2841 1283 2883 inaequalis
1307 2840 1457 2881 apparuit
1480 2840 1656 2879 brevibus,
1690 2841 1878 2876 rubicundis
1897 2866 1905 2880 ‚
1949 2846 2124 2880 secundum

1116 2880 1357 2925 longitudinem
1382 2883 1515 2925 positis,
1546 2886 1577 2916 &
1622 2884 1776 2918 nonnihil
1822 2889 2083 2929 prominentibus
2111 2916 2124 2924 .

1116 2927 1247 2969 Vagina
1272 2925 1328 2959 etsi
1353 2927 1439 2968 rugis
1463 2937 1479 2958 a
1506 2926 1611 2960 medio
1633 2926 1780 2961 deorsum
1804 2940 1869 2963 non
1880 2933 2029 2971 carebat,
2052 2943 2123 2968 erat

1115 2980 1176 3012 pro
1200 2970 1339 3006 statura,
1365 2980 1463 3010 quam
1475 2969 1673 3004 mediocrem
1685 2970 1799 3012 fuisse,
1823 2975 1916 3014 dixi,
1941 2978 2123 3018 aequolon-

1112 3013 1187 3055 gior
1203 3038 1212 3053 ,
1234 3016 1264 3046 δι
1288 3013 1407 3050 latior,
1433 3013 1657 3056 condebatque
1681 3014 1826 3058 ligneum
1841 3020 2015 3060 annulum,
2044 3032 2120 3063 pro.

1113 3057 1219 3099 lapsus
1242 3056 1421 3095 indicium,
1444 3068 1483 3089 eo
1506 3055 1569 3090 suu
1593 3057 1734 3093 locatum
1769 3071 1837 3102 quo
1882 3064 1958 3097 alias
2002 3065 2119 3099 vidisse

1112 3111 1177 3134 non
1203 3101 1335 3134 memini
1350 3123 1357 3131 .
1381 3101 1468 3132 Cum
1493 3102 1577 3134 enim
1602 3100 1730 3144 ellypsis
1754 3101 1857 3137 forma
1870 3106 1968 3147 effet5
1989 3108 2121 3150 longi0„

1112 3155 1178 3177 rem
1204 3155 1295 3177 axem
1321 3142 1495 3176 secundum
1519 3144 1643 3185 vaginae
1676 3146 1916 3188 longitudinem
1962 3149 2120 3185 statutum

1112 3185 1275 3226 habebat,
1300 3187 1482 3219 breviorem
1515 3197 1622 3220 autem
1644 3212 1654 3227 ‚
1681 3188 1732 3222 sed
1756 3192 1803 3223 ita
1830 3191 2011 3225 breviorem
2028 3215 2038 3230 ‚
2082 3205 2120 3232 ut

1110 3240 1220 3264 tamen
1244 3231 1386 3263 multum
1408 3229 1598 3264 distenderet
1631 3240 1807 3276 utrumque
1843 3235 1927 3269 latus
1962 3236 2087 3274 vastinae
2108 3261 2120 3277 ‚

1110 3272 1281 3307 secundum
1306 3273 1401 3314 hujus
1426 3274 1631 3307 latitudinem
1656 3276 1814 3316 positum.
1841 3272 2031 3323 Utrumque
2053 3282 2120 3323 igi,-

1110 3326 1162 3350 tur
1187 3328 1300 3350 eorum
1324 3318 1459 3350 laterum
1482 3329 1548 3360 quo
1573 3319 1647 3351 loco
1671 3320 1710 3352 ab
1743 3320 1861 3353 annulo
1886 3322 2026 3364 preslum
2047 3323 2117 3358 fue-

1110 3369 1183 3399 rat,
1208 3360 1410 3407 prominebat
1434 3363 1466 3393 in
1489 3362 1756 3401 excrescentiam,
1783 3364 1913 3404 majoris.
1938 3367 2119 3409 amygdala

1111 3403 1317 3437 decorticatae
1340 3405 1469 3443 iorma,
1494 3407 1525 3437 &
1549 3406 1792 3446 magnitudine,
1819 3408 1939 3442 duritie
1985 3412 2116 3444 cartila-

1110 3449 1203 3488 ginea
1224 3471 1235 3487 ,
1281 3447 1406 3484 albam,
1431 3446 1487 3480 nisi
1511 3449 1598 3490 quod
1622 3459 1730 3483 earum
1756 3451 1852 3485 altera
1876 3452 1909 3484 in
1934 3451 2041 3486 medio
2075 3454 2117 3487 li-

1111 3490 1230 3528 vebat3
1254 3499 1290 3523 ut
1318 3492 1498 3533 proximam
1523 3503 1538 3522 a
1562 3491 1716 3526 scirrhosa
1738 3494 1772 3526 in
1797 3492 1942 3537 pejorem
1965 3505 2115 3533 naturam

1110 3536 1224 3568 minari
1249 3535 1464 3566 mutationem
1487 3536 1673 3568 videretur.

1154 3588 1203 3618 17.
1228 3577 1393 3610 Haerenti-s
1416 3577 1452 3610 de
1478 3578 1577 3612 uteris
1592 3575 1684 3621 foras
1714 3580 1949 3622 procedentibus
1962 3594 1987 3622 ;-
2001 3593 2086 3618 nunc
2103 3609 2115 3624 ,

1109 3630 1145 3656 ut
1168 3621 1337 3664 pollicitus
1360 3621 1429 3654 sum
1452 3620 1532 3662 (s),
1555 3621 1593 3655 de
1616 3622 1702 3656 intro
1724 3623 1922 3661 cedentibus.
1937 3625 2016 3659 Non
2033 3636 2115 3668 puto

1947 3678 2071 3708 autem,

50 3753 2093 3770 &nm—*m

138 3821 191 3884 mv}
214 3828 273 3851 upra
288 3828 313 3844 ri⁴
334 3828 356 3850 3.
419 3822 433 3850 (
449 3827 466 3843 n
487 3820 494 3847 l
512 3820 566 3844 loco
581 3819 649 3849 supra
665 3821 695 3845 ad
712 3828 736 3844 n.
756 3827 795 3849 13.
812 3819 934 3845 indicato.

147 3861 161 3883 ss

207 3821 218 3845 s
996 3821 1010 3848 (
1025 3828 1038 3844 o
1054 3819 1068 3848 )
1085 3820 1158 3849 Epist.
1174 3826 1212 3845 22.
1231 3828 1255 3845 n.
1271 3827 1308 3845 22.
1327 3819 1353 3844 in
1369 3818 1417 3844 fine
1429 3836 1436 3843 .

204 3853 235 3880 Α.
253 3859 320 3884 1733·
337 3849 414 3882 Hebd,
432 3858 469 3878 ιο.
485 3857 509 3876 n.
527 3860 548 3882 5·
567 3850 590 3876 δε
607 3854 635 3877 Α.
654 3852 721 3882 1738.
738 3851 815 3879 Hebri.
833 3858 872 3882 3²·-
889 3859 916 3878 n.
935 3858 955 3878 i.
973 3851 1002 3877 ad
1020 3852 1087 3879 Part.
1105 3859 1131 3882 7,

1191 3852 1206 3882 ί
1220 3859 1231 3879 r
1246 3851 1260 3881 )
1277 3850 1349 3883 Epist.
1364 3857 1405 3878 ιο.
1415 3857 1444 3878 n·
1460 3821 1542 3882 37·ερ
1560 3821 1571 3882 i
1585 3819 1711 3882 fgegvalz:
1727 3828 1751 3851 3⁵
