2498 4075
431 82 461 138 8
468 98 497 139 z
1024 77 1180 133 Liber
1215 81 1251 126 Ι.
1288 72 1372 130 De

368 163 405 200 ,in
431 161 493 201 th
518 161 648 194 homine
673 157 764 192 aliter
786 166 851 189 rem
881 154 1034 198 conjicere
1066 151 1151 185 forte
1185 152 1331 186 malueris
1355 162 1366 188 3

371 216 436 245 non
462 204 666 248 repugnabo.
693 203 771 234 Erat
794 202 878 232 enim
904 199 1040 231 maxime
1066 194 1202 233 debilis,
1227 199 1258 228 δέ
1283 204 1367 227 mor-

371 251 399 286 ti
421 248 487 291 jam
510 249 699 290 proximus,
722 255 795 277 cum
818 245 851 275 in
874 255 911 278 eo
935 241 1004 274 sunt
1028 240 1078 275 illi
1103 249 1211 273 motus
1226 236 1368 271 animad-

369 292 467 325 verli.
493 296 528 323 In
548 291 685 327 maxima
709 295 812 320 autem
824 285 987 319 debilitate
1003 281 1144 324 spasmz',
1167 284 1275 325 inquit
1289 283 1368 314 ssoe-

371 336 519 369 rhaavius
543 335 630 376 (z),
653 333 694 365 &
718 332 748 363 in
772 328 904 365 animale
926 325 1106 372 moribundo
1124 325 1227 370 Jblent
1259 335 1370 367 praece-

371 380 443 416 ,dere
466 376 698 418 convuifione55
723 385 787 405 non
810 370 895 415 quod
920 370 1008 402 aneta
1032 369 1068 401 sit
1093 370 1139 401 vis
1152 369 1369 401 rnulcuiorum

369 422 401 456 se
421 420 682 453 contrahentium
697 442 709 458 ,
733 416 782 449 sed
806 414 892 457 quod
914 413 1086 446 imminuta
1110 411 1150 444 fit
1183 413 1230 443 vis
1261 422 1370 444 eorum

370 464 657 506 antagonistarum‚
683 471 717 494 ut
741 461 774 491 in
799 456 930 501 paralysi
955 481 962 489 .
998 456 1076 496 Qo
1099 454 1169 488 sunt
1203 455 1257 496 qui
1291 453 1372 486 refe-

372 517 447 541 runt
471 507 525 539 illa
549 505 783 549 Hippocratis:
818 499 975 542 convulsio
1006 510 1042 533 ex
1077 497 1295 539 haemoi⁴rhagia
1328 497 1374 531 le-

374 550 472 589 thalis
495 561 527 583 in
552 550 656 591 aphor.
683 549 715 581 V.
739 557 769 578 71.
795 555 823 576 2.
859 541 1016 585 convulsio
1039 552 1076 576 ex
1098 538 1309 582 helleborismo
1333 540 1375 574 le-

369 592 492 634 phalis,
516 593 595 626 ibid.
621 603 651 624 n.
681 602 706 625 1.
732 589 801 631 Qi
825 585 879 620 etsi
905 586 1060 618 memoria
1084 595 1121 616 ex
1156 592 1241 624 parte
1265 582 1376 616 labun-

373 647 450 675 tur;
473 646 508 670 tu
532 648 545 668 a
569 646 644 671 vero
667 643 770 667 tamen
796 642 859 663 non
885 627 961 661 adeo
984 627 1113 660 fortasse
1138 625 1295 659 aberrabis
1317 649 1326 663 ,
1350 626 1372 660 si

370 678 608 719 convulfionem
632 688 726 720 quam
751 686 826 711 mox
849 675 912 711 (u)
939 672 1155 717 Hippocrates
1166 669 1280 702 malam
1297 680 1372 711 pro-

370 723 502 757 nunciat
521 746 528 759 ‚
554 722 662 760 nimiae
687 720 746 752 {ive
770 714 1035 757 haemorrhagiae,
1056 715 1116 746 sive
1129 713 1311 754 purgationi
1324 712 1372 747 su·

370 774 606 809 pei-venientem
619 788 631 804 ‚
654 759 818 800 interdurn
842 758 1082 799 salteminopiae
1096 754 1291 797 adscripseris
1304 755 1371 790 san-

370 811 502 852 guinis,
526 811 556 841 &
582 807 754 849 spirituum
780 812 896 838 tantae‚
920 810 956 833 ut
979 811 1052 833 cum
1076 801 1110 832 in
1142 809 1251 836 omnes
1284 811 1371 842 aeque

369 852 529 892 musculos
553 850 685 883 influere
708 857 773 880 non
798 844 909 888 possint
935 866 944 880 ‚
967 843 1081 877 horum
1115 842 1167 875 illi
1196 841 1308 876 cedant
1340 845 1374 876 in

369 906 452 938 quos
474 896 601 933 minus,
625 893 675 925 illi
699 900 805 924 autem
828 888 970 930 superent
997 888 1030 919 in
1052 897 1132 929 quos
1164 885 1234 928 plus
1273 886 1375 919 infer-

371 947 445 978 tut,
470 937 581 982 quod,
602 935 625 970 si
649 933 810 978 persistat,
832 930 1070 966 convulsionem
1093 929 1230 964 tonicam
1261 940 1374 971 repra:-

373 983 496 1015 sentat:
523 979 573 1013 sed
596 980 620 1012 fi
645 979 710 1011 illae
735 978 847 1015 vices,
869 974 949 1007 sicut
982 975 1015 1008 in
1046 985 1079 1006 ea
1115 973 1235 1006 summa
1269 984 1372 1007 rerum

372 1024 613 1068 perturbatione
639 1021 733 1055 facile
756 1020 823 1060 est,
846 1030 921 1051 mox
944 1018 1053 1056 aliter,
1077 1026 1171 1059 atque
1183 1016 1275 1048 aliter
1285 1027 1373 1050 corn-

371 1079 560 1106 mutentur3
585 1066 740 1100 subsultus
766 1064 942 1101 nimirum,
966 1065 997 1095 &
1022 1060 1165 1094 chlonicae
1195 1059 1374 1093 convulsio-

371 1113 421 1146 nis
445 1113 552 1153 imago
576 1109 700 1143 existit.
723 1108 836 1149 Neque
860 1107 944 1138 enim
970 1114 1095 1140 revera,
1123 1106 1154 1135 δι
1178 1105 1308 1145 proprie
1328 1102 1374 1135 ibi

373 1155 416 1189 est
439 1153 624 1193 convulsio,
648 1152 703 1186 ubi
732 1150 864 1190 musculi
890 1149 934 1181 ob
958 1147 1185 1181 resolutionem
1209 1148 1378 1188 antagoni-

375 1197 492 1235 starum
515 1197 543 1230 se
566 1195 786 1234 contrahunt,
810 1193 1030 1234 contrastique
1055 1191 1182 1232 poliunt
1206 1190 1322 1229 facile,
1347 1192 1378 1222 δε

370 1241 434 1275 sine
459 1240 592 1280 dolore,
615 1239 754 1274 admotis
778 1236 950 1276 manibus,
976 1232 1124 1268 extendi.
1150 1236 1186 1266 In
1224 1233 1287 1270 hoc
1318 1235 1380 1275 igi-7

375 1294 429 1318 tur
454 1284 585 1319 homine
609 1283 631 1316 si
656 1283 829 1323 imaginem
854 1282 964 1322 potius
987 1278 1145 1321 quandam
1177 1276 1380 1310 convulfivo-

373 1339 445 1363 rum
469 1336 641 1366 motuum,
665 1336 759 1368 quam
784 1323 842 1356 hos
867 1324 952 1365 ipsos
976 1319 1067 1355 fuisse
1090 1344 1102 1361 ,
1135 1321 1274 1354 volueris
1297 1333 1306 1356 3
1340 1319 1382 1352 ob

373 1372 442 1413 ejus
467 1370 622 1412 summam
646 1368 872 1409 debilitatem,
904 1377 969 1404 non
1009 1366 1215 1407 pertinaciter
1248 1363 1383 1406 refraga-

372 1417 454 1451 bor.

374 1453 377 1456 ⁴
419 1469 470 1490 21.
497 1460 599 1493 Vei-as
623 1465 751 1495 autem,
776 1456 805 1493 ἃ·
834 1454 962 1496 proprie
997 1451 1100 1485 dietas
1130 1449 1349 1485 convulsiones
1372 1474 1384 1490 ,

372 1501 460 1538 nulla
483 1502 714 1536 interveniente
749 1496 908 1540 paralysi,
931 1506 968 1529 ut
992 1507 1030 1528 ex
1052 1506 1222 1528 nervorum
1247 1495 1383 1536 ριιῑκῖὶιιτ

376 1548 445 1586 ris,
467 1548 498 1584 &
523 1543 783 1581 vellicationibus
807 1551 879 1574 cum
904 1542 936 1573 in
960 1539 1133 1573 vulneratis
1158 1538 1346 1576 hominibus
1369 1560 1382 1578 ,

377 1599 449 1623 tum
472 1591 505 1620 in
528 1588 637 1621 bestiis
660 1585 839 1630 praesertim
861 1583 1043 1626 experiendi
1067 1581 1180 1619 causa,
1214 1591 1347 1616 excitari
1371 1605 1384 1622 ,

378 1632 575 1669 notiffimum
599 1630 662 1668 est,
687 1639 783 1673 atque
807 1629 891 1659 inter
904 1638 1013 1660 omnes
1026 1626 1267 1671 pervulgatum.
1284 1625 1384 1662 Quod

376 1679 410 1712 ὃ(
433 1676 528 1709 dolor
552 1674 720 1708 confirmat
733 1697 745 1713 ,
767 1682 839 1703 curn
863 1671 965 1703 tonica
988 1669 1192 1703 convulsione
1216 1679 1292 1701 tunc
1307 1680 1386 1709 prae—

376 1722 471 1765 cipue
493 1718 683 1762 conjunffitus
694 1740 708 1764 ,
731 1725 806 1755 cum
829 1713 989 1747 musculos
1011 1712 1219 1753 ‚contraclos‚
1241 1721 1276 1744 ut
1290 1712 1386 1755 paulo

1419 157 1488 184 ante
1511 145 1711 183 indicabam,
1725 84 1831 179 {anu
1854 143 1925 191 quis
1946 140 2112 175 extendere
2134 147 2288 180 conatur,
2311 150 2411 175 mem-

1417 192 1575 234 brumque
1598 191 1630 221 in
1654 188 1833 231 oppofitam
1855 187 1989 229 sigui-am
2012 183 2176 219 reducere.
2202 182 2269 216 Sed·
2292 187 2322 218 δι
2355 196 2412 219 cu-

1419 235 1504 271 ratio
1527 232 1719 274 comprobat
1743 231 1898 277 ejusmodi
1921 238 2007 264 cette
2030 239 2099 270 quae
2123 228 2157 276 in
2181 226 2319 273 paralysi
2350 238 2411 262 no-

1419 287 1521 311 ceret.
1547 276 1684 310 Memini
1703 298 1716 315 ,
1738 274 1774 307 de
1796 274 1967 307 Albertino
1989 281 2039 303 me
2062 269 2170 306 audire
2192 292 2206 309 ‚
2235 269 2327 305 fuisse
2360 282 2413 305 ne.

1419 321 1539 354 farium
1561 319 1779 360 chymicum,
1801 319 1858 360 qui
1882 315 2102 359 pluslabmis,
2128 322 2222 356 atque
2233 315 2308 348 artis
2319 325 2415 356 quam

1418 366 1476 399 alii
1501 363 1538 396 ad
1562 362 1717 398 remedia,
1740 360 1910 398 insumeret
1930 358 1996 402 ipse
2017 358 2057 405 ad
2080 360 2416 403 venenum-parandum

1423 406 1715 450 praesentiffimum‚
1739 407 1772 437 δε
1793 404 1882 447 quod
1903 402 1925 435 si
1949 402 2095 445 perlicere
2118 400 2290 443 potuisset‚
2313 401 2418 445 spera..

1422 452 1477 488 bat
1501 450 1605 484 halitu
1629 457 1832 483 necaturum.
1855 449 1941 480 Cum
1964 456 2039 487 ergo
2055 444 2156 479 multa
2165 466 2179 483 ‚
2202 447 2232 475 δε
2246 445 2331 477 varia
2347 456 2418 488 quae

1425 495 1554 528 reticere
1578 492 1672 526 satius
1696 490 1737 524 est
1759 491 1872 533 (plura
1896 490 1982 524 enirn
2005 487 2043 523 de
2067 486 2129 520 hoc
2152 497 2261 529 genere
2295 489 2420 531 impru-

1426 538 1536 570 denter
1558 535 1682 571 Medici
1704 533 1878 579 praesertim
1900 531 2033 575 quidam
2053 530 2175 564 chartis
2198 529 2385 565 mandarunt
2408 555 2419 570 ‚

1425 593 1495 623 quae
1518 581 1642 614 utinam
1666 576 1788 621 possent
1811 577 1953 615 aboleri)
1976 573 2117 610 scelestus
2139 574 2194 606 ille
2221 575 2255 608 in
2287 576 2422 610 vitreum

1425 635 1479 657 vas
1500 620 1682 664 conjecisset
1695 643 1704 658 ,
1729 621 1888 663 longoque
1909 628 2074 660 tempore,
2096 629 2130 650 ac
2153 628 2289 663 magno,
2307 619 2423 653 multi.

1423 668 1564 710 plicique
1589 664 1727 699 artificio
1749 662 1787 697 de
1810 664 1902 699 malis
1921 661 1988 705 jam
2009 664 2116 698 multo
2139 672 2246 706 pejora
2269 662 2422 697 reddidis.

1423 711 1496 752 set;
1518 711 1669 742 meritum
1690 707 1810 742 sceleris
1833 706 1974 740 sinotum
1994 707 2100 748 cepit.
2125 707 2211 737 Cum
2236 707 2320 738 enirn
2344 717 2396 739 vas
2411 731 2424 750 ,

1422 756 1509 789 inter
1532 751 1784 786 transferendum
1807 748 1996 793 prolapsus,
2021 745 2215 791 perfregisset
2237 769 2247 788 ‚
2271 749 2425 792 impensa-

1422 809 1518 838 rum,
1541 797 1716 838 temporis,
1740 792 1884 826 laborum
1908 792 2105 838 perditorum
2125 791 2239 825 dolore
2251 803 2425 835 propemo-

1425 840 1504 875 dum
1530 842 1676 879 insanus,
1699 836 1861 881 quidquid
1885 838 1992 880 potuit
2015 835 2246 878 estusiliquoris
2259 858 2270 874 ‚
2293 835 2426 880 spongia

1425 885 1583 918 continuo
1606 885 1771 924 excipere,
1795 882 1891 922 inque
1914 879 2003 912 aliud
2039 890 2091 913 vas
2123 880 2297 920 exprimere
2333 881 2425 916 ausus

1425 928 1488 962 est.
1514 929 1598 960 Ecce
1624 935 1728 960 autem
1753 922 2013 957 convulsionibus
2037 921 2245 964 prehenditur
2269 931 2335 956 tam
2371 934 2427 957 ve-

1423 970 1625 1010 hementibus
1642 995 1651 1009 ,
1675 978 1709 1002 ut
1733 967 1850 1009 raptim
1874 968 1907 998 in
1930 967 2034 1000 cubile
2057 967 2200 1005 delatus,
2223 977 2299 998 mox
2321 977 2428 1002 earum

1423 1019 1454 1049 vi
1478 1018 1511 1048 in
1535 1014 1668 1047 humum
1691 1009 1830 1054 dejectus
1853 1009 1892 1042 fit
1908 1035 1915 1048 ,
1939 1010 2094 1051 ubi‚cito
2108 1011 2226 1042 interea
2241 1009 2427 1051 accersitus,

1424 1060 1612 1094 Albertinus
1635 1056 1844 1091 interveniens
1867 1053 2033 1088 hominem
2056 1054 2179 1086 invenit
2204 1052 2355 1096 serpentis
2379 1055 2431 1087 in-

1426 1103 1485 1136 star
1509 1101 1538 1134 se
1560 1107 1825 1141 contorquentern
1842 1122 1850 1137 ,
1873 1107 1968 1140 atque
1991 1097 2093 1131 oculis
2116 1096 2321 1137 extantibus,
2344 1108 2431 1130 exer-

1430 1157 1522 1189 taque
1547 1145 1655 1186 lingua
1679 1142 1875 1176 horrendum
1900 1143 1932 1173 in
1957 1140 2087 1174 modum
2112 1140 2431 1182 mugientem,Cum

1430 1193 1464 1222 in
1487 1188 1668 1231 graviilirno
1690 1188 1762 1218 calu
1786 1184 1931 1226 pluribus
1955 1184 2083 1218 auxiliis
2106 1183 2178 1217 usus
2210 1182 2284 1217 esset
2303 1196 2314 1223 3
2347 1186 2433 1219 nihil

1430 1244 1517 1275 aeque
1543 1230 1668 1274 profuit
1694 1241 1726 1262 ac
1752 1228 1924 1264 demittere
1946 1236 2053 1274 totum
2087 1226 2253 1261 hominem
2284 1230 2318 1260 in
2349 1230 2434 1271 tepi-

1431 1277 1508 1310 dum
1532 1276 1637 1309 oleum
1651 1287 1660 1313 3
1685 1273 1725 1306 {ic
1748 1274 1832 1305 enirn
1856 1270 2078 1305 convulliones
2090 1272 2255 1312 quievere.
2270 1272 2434 1305 Antonius

1435 1330 1542 1354 autern
1566 1317 1777 1355 Vallii‘nerius
1799 1316 1971 1354 narrabat,
1994 1325 2069 1347 cum
2092 1314 2155 1348 Vir
2179 1315 2438 1348 Patriciuscon-

1435 1363 1562 1397 vullivis
1583 1360 1802 1395 affeetionibiis
1822 1359 1890 1407 jam
1913 1368 2029 1391 annum
2053 1357 2233 1398 laboraret,
2256 1369 2312 1391 nec
2324 1367 2437 1392 caetera
2466 1356 2469 1360 ⁸

1435 1405 1603 1451 juvill‘ent5
1626 1402 1788 1440 succeffiss'e
1811 1403 1868 1437 sibi
1894 1403 2093 1435 curationem
2116 1401 2199 1436 nihil
2224 1401 2311 1436 aliud
2334 1404 2438 1444 irnpe-

1436 1453 1544 1488 ranti,
1569 1448 1628 1481 nisi
1651 1457 1686 1482 ut
1709 1448 1783 1480 loco
1806 1458 1903 1480 coenae
1928 1449 2034 1480 uncias
2058 1445 2134 1481 duas
2160 1446 2276 1480 sumere
2293 1444 2439 1481 assuesce-

1435 1505 1482 1528 ret
1505 1494 1567 1529 olei
1591 1504 1630 1525 ex
1653 1491 1802 1525 dulcibus
1826 1490 2004 1532 amygdalis
2030 1501 2134 1523 recens
2157 1488 2306 1532 expressi.

1434 1540 1556 1571 Verum
1579 1538 1612 1569 in
1636 1547 1667 1568 re
1690 1536 1784 1568 obvia
1808 1535 1881 1569 satis
1905 1533 1942 1565 lit
1966 1532 2031 1567 cluo
2057 1532 2125 1566 haec
2147 1534 2312 1574 exempla,
2336 1534 2443 1568 aCla-

1436 1581 1561 1615 riffimis
1585 1579 1707 1612 duobus
1735 1580 1823 1612 Viris
1848 1587 2000 1619 accepta,
2023 1577 2159 1611 alterum
2184 1578 2442 1619 acuti‚alterurn

1437 1624 1581 1657 diuturni
1607 1623 1710 1655 morbi
1733 1645 1743 1660 ‚
1779 1619 2036 1655 commemorasse
2057 1645 2065 1654 .
2207 1620 2371 1657 l-lat‘tenus
2405 1623 2444 1657 de

1437 1666 1678 1701 Convulsione.
1809 1667 1860 1699 De
1887 1664 2021 1706 Paralyfi
2045 1674 2150 1699 autem
2172 1667 2334 1708 proximis
2371 1668 2447 1704 Lit-

1438 1714 1514 1749 teris
1539 1711 1731 1744 scribemus.
1756 1709 1858 1745 Vale.

457 1895 975 1969 EPISTOLA
1049 1891 2169 1959 ANATOMICO-MEDICA
2244 1893 2361 1956 ΧΙ.

1121 2017 1319 2086 Agitur
1352 2013 1415 2066 de
1449 2012 1684 2079 Paralyfi
1706 2047 1717 2060 .

377 2139 407 2243 ¹!
470 2139 484 2238 J
516 2137 550 2171 T
574 2136 612 2170 ad
637 2132 833 2178 Epilepfiam
855 2129 1032 2176 Convulsio
1056 2128 1086 2162 se
1109 2128 1226 2166 habet,
1250 2129 1288 2163 de
1326 2140 1388 2172 qua

522 2179 735 2222 superioribus
762 2177 898 2210 Litteris
924 2175 1076 2216 scriptum
1101 2171 1162 2212 est5
1188 2176 1233 2207 ita
1247 2174 1284 2206 ad
1295 2175 1390 2216 Apo-

407 2246 420 2250 »
521 2225 658 2267 plexiam
684 2219 861 2262 Paralysis,
889 2218 925 2251 de
950 2230 1010 2261 qua
1034 2219 1184 2260 protinus
1197 2218 1389 2251 scribemus.

379 2269 470 2302 Nam
494 2267 579 2310 quod
605 2267 750 2310 proxime
774 2267 805 2296 in
831 2262 1040 2305 Sepulchreto
1063 2260 1201 2296 succedit
1226 2261 1332 2295 Seffio
1354 2259 1392 2292 de

379 2312 539 2353 Stupore,
565 2311 736 2353 Torpore‚
760 2309 941 2342 Tiemore,
965 2306 1133 2352 Horrore,
1155 2305 1301 2347 Rigore,
1321 2304 1393 2336 An-

379 2356 524 2392 xietate3
549 2355 702 2387 nimirum
728 2350 908 2391 intelligis,
933 2348 1045 2381 harum
1060 2348 1283 2383 Asteetionum
1316 2348 1392 2382 alias

381 2397 421 2432 ad
449 2396 636 2439 Paralyfim,
663 2398 738 2429 alias
764 2392 800 2426 acl
824 2390 1095 2430 Convulfionem,
1119 2392 1195 2425 alias
1219 2392 1282 2424 alio
1318 2393 1394 2423 atti-

381 2452 475 2474 nere:
501 2441 589 2483 quod
613 2444 645 2473 ὃς
670 2437 921 2474 Observationes
944 2434 1088 2467 indicant
1112 2435 1145 2466 in
1168 2446 1235 2467 earn
1270 2435 1393 2468 5εᾶἰο-

385 2495 459 2518 nem
481 2485 627 2522 collatae‚
654 2484 772 2527 quippe
795 2491 890 2522 quae,
914 2476 935 2511 si
960 2477 996 2510 de
1019 2478 1134 2511 multis
1147 2479 1322 2520 praecipuas
1340 2489 1393 2512 ex-

386 2529 487 2570 cipias
504 2551 515 2567 ,
539 2528 608 2563 aliae
633 2537 671 2560 ex
695 2527 791 2563 aliis,
813 2521 1005 2558 invidebis,
1029 2522 1232 2557 Sefftioiiibus
1244 2521 1394 2563 deprom-

384 2581 450 2614 ptae
475 2570 567 2605 sunt.
593 2571 687 2613 Qin
714 2568 823 2603 Seffio
845 2565 913 2608 ipsa
936 2567 1011 2599 XV.
1035 2576 1104 2608 quae
1138 2565 1327 2599 inscribitur
1357 2563 1395 2597 de

385 2612 549 2656 Paralyfi,
572 2625 635 2648 non
683 2623 773 2649 aucas
796 2608 892 2643 habet
915 2607 1041 2643 aliunde
1064 2610 1183 2651 pariter
1207 2610 1358 2652 repetitas
1384 2632 1391 2639 .

386 2658 461 2691 Nos
484 2668 561 2692 vero
582 2667 643 2690 con
660 2655 848 2690 uetudinem
872 2653 1036 2687 tuebimur
1046 2652 1207 2693 nostram,
1233 2651 1397 2694 nullasque

396 2700 459 2736 huc
483 2712 521 2735 ex
546 2699 765 2742 superioribus
788 2708 858 2740 quae
882 2696 919 2730 de
941 2697 1124 2738 Apoplexi'a
1148 2696 1243 2737 sunt,
1267 2696 1399 2738 Episto-

388 2746 449 2781 lis,
475 2753 530 2779 aut
555 2755 594 2777 ex
617 2743 710 2784 aliis,
734 2751 810 2785 quas
834 2740 917 2773 olim
940 2740 1074 2782 accipies
1096 2763 1105 2778 ‚
1139 2739 1177 2774 ad
1211 2741 1298 2773 letus
1320 2763 1333 2780 ,
1365 2741 1398 2773 ἃς

390 2788 532 2823 Vulnera
557 2786 816 2831 pertinentibus,
840 2781 993 2825 Paralysis
1015 2782 1249 2817 observationes
1285 2782 1399 2815 refere-

392 2842 482 2867 muS.
507 2832 622 2873 Itaque
644 2839 730 2870 tres,
753 2825 838 2863 haud
863 2839 911 2861 am
939 2828 1023 2867 lius,
1045 2827 1191 2863 dabimus
1213 2839 1249 2862 ex
1275 2826 1398 2861 Vall'alu

395 2885 442 2909 vae
466 2872 589 2909 schedis
608 2897 616 2912 ‚
638 2881 778 2915 quatuor
802 2881 840 2903 ex
863 2881 906 2904 no
935 2873 996 2906 ris.

437 2928 466 2949 2.
493 2915 856 2951 SEXAGENARIUS
881 2915 979 2947 Senex
1002 2914 1064 2947 alvi
1089 2915 1177 2949 fluxu
1199 2925 1272 2950 cum
1284 2914 1398 2946 tormi-

393 2960 508 2998 nibus,
535 2963 567 2994 &
591 2958 715 2992 affiduis
738 2966 887 3001 praeterea
911 2959 1032 3000 vigiliis
1056 2968 1186 2991 vexatus
1207 2982 1220 3000 ,
1243 2956 1399 2999 cydonio-

394 3015 467 3038 rum
490 3003 566 3038 oleo
589 3001 743 3036 abdomen
766 3003 917 3042 inungit.
944 3004 987 3035 Et
1011 3013 1191 3047 quanquam
1227 3001 1330 3037 fluxus
1362 2998 1400 3034 'ad

391 3056 532 3081 mortem
560 3047 654 3089 usque
685 3045 896 3088 perduravit‚·
918 3044 1100 3088 insequenti
1137 3054 1242 3079 tamen
1276 3045 1368 3077 noete
1389 3067 1401 3083 ,

395 3091 487 3124 nullo
511 3091 574 3125 alio
596 3091 713 3132 capitis
736 3089 856 3133 praevio
878 3088 1091 3131 symptomate
1111 3112 1123 3129 ,
1154 3100 1193 3122 ex
1224 3088 1401 3130 improviso

395 3136 572 3177 corripitur
597 3134 812 3176 hemipkxia,
837 3140 872 3167 ut
896 3142 998 3165 totam
1020 3134 1165 3176 corporis
1189 3143 1310 3175 partem
1321 3132 1399 3164 dex-

398 3188 499 3212 teram
522 3180 727 3215 immobilem
751 3176 865 3210 habeat
887 3201 895 3208 .
921 3177 968 3208 At
1002 3178 1108 3218 primo
1140 3177 1269 3219 quidem
1303 3178 1354 3208 die
1388 3187 1404 3209 a

399 3234 484 3258 venae
508 3223 654 3257 sectionis
679 3223 794 3261 sensu,
816 3226 849 3254 ὅε
872 3221 910 3253 ab
932 3222 1138 3256 irritamentis
1152 3222 1331 3264 plantarum
1355 3230 1409 3261 pe-

403 3266 481 3301 dum
506 3267 657 3302 nonnihil
682 3270 713 3301 δε
736 3275 888 3306 manum,
913 3268 944 3297 δε
970 3266 1081 3308 pedem
1105 3276 1230 3300 movere
1263 3265 1371 3308 potuit
1395 3276 1406 3302 ς

403 3310 554 3353 postridie
577 3321 681 3347 tamen
706 3309 789 3343 nihil
814 3310 949 3343 omnino
973 3312 1082 3351 potuit
1107 3333 1114 3340 .
1146 3308 1249 3352 Quod
1272 3309 1308 3342 ad
1333 3308 1406 3339 reli-

403 3365 465 3395 qua
489 3356 629 3393 attinet3
653 3354 764 3389 dexter
787 3354 897 3388 oculus
932 3363 997 3387 erat
1030 3351 1251 3387 semiocclusus
1271 3376 1280 3391 ‚
1314 3351 1405 3384 malae

400 3397 582 3438 rubebant,
605 3400 660 3433 vix
683 3397 894 3441 loquebatur,
917 3400 948 3432 δί
972 3397 1102 3440 loquens
1115 3396 1410 3436 balbutiebat5nu-

403 3441 489 3476 tibus
512 3451 620 3475 tamen
642 3442 683 3475 sic
706 3440 980 3482 interrogantibus
1004 3440 1207 3484 respondebat
1224 3465 1237 3482 ,
1270 3450 1305 3474 ut
1338 3440 1405 3473 sen-

406 3488 453 3519 ius
476 3487 615 3519 internos
638 3487 764 3531 vigere,
787 3485 1002 3527 intelligeres.
1030 3486 1145 3522 facilis
1169 3486 1268 3520 initio
1278 3493 1343 3518 erat
1359 3494 1405 3516 re-

469 3677 483 3704 (
500 3684 510 3702 τ
526 3676 539 3704 )
555 3677 659 3703 Praeleft.
679 3678 704 3706 in
723 3679 799 3706 instit,
820 3680 844 3710 ς.
860 3687 915 3709 401.
982 3684 1025 3709 <a
1039 3680 1053 3710 )
1068 3681 1127 3706 sest.
1145 3691 1168 3712 s·
1185 3682 1247 3713 aph.
1265 3688 1288 3710 3.
1305 3682 1326 3705 ες
1343 3690 1365 3711 a·

1429 3683 1598 3713 (a)n.18.

1440 2127 1598 2170 spiratio:
1624 2124 1676 2159 secl
1697 2126 1840 2162 difficilis
1863 2129 1990 2164 reddita
2013 2128 2054 2162 est
2078 2139 2143 2161 [mo
2164 2137 2224 2162 aut
2257 2127 2358 2162 altero
2381 2136 2453 2163 ante

1441 2180 1579 2207 mortem
1602 2170 1675 2209 die,
1701 2182 1770 2213 quae
1793 2173 1937 2214 contigit
1961 2175 2090 2206 ineunte
2116 2171 2168 2205 die
2190 2180 2326 2217 quarto.

1442 2215 1553 2251 DUM
1577 2215 1606 2249 E
1628 2215 1818 2249 CRANIO
1841 2217 2001 2253 cerebrum
2025 2217 2205 2255 eximitur,
2230 2218 2262 2249 &
2277 2212 2449 2256 praesertim

1443 2259 1521 2292 dum
1544 2256 1793 2303 Infundi-bulum
1817 2270 1832 2290 a
1870 2260 2021 2301 glandula
2057 2259 2228 2293 Pituitaria
2261 2257 2453 2298 dividitur,

1443 2301 1619 2348 limpidum
1666 2302 1768 2336 lei-um
1798 2324 1812 2340 ,
1856 2305 1888 2336 &
1942 2301 2060 2339 fluidus
2107 2302 2232 2345 sanguis
2281 2303 2421 2343 erumpit
2445 2325 2453 2334 .

1443 2347 1475 2379 A
1497 2343 1627 2377 sinistris
1649 2344 1690 2377 ad
1703 2345 1802 2377 latera
1815 2343 2068 2387 sanguiferorum
2081 2348 2268 2387 meninguin
2280 2344 2427 2377 vasorum
2441 2368 2454 2385 ,

1448 2387 1615 2431 paululum
1638 2390 1779 2423 materiae
1804 2389 2056 2422 animadversum
2079 2388 2121 2420 est
2132 2388 2307 2431 gelatinam
2320 2387 2457 2420 referen-

1443 2434 1506 2466 tis.
1530 2432 1561 2476 A
1588 2430 1717 2465 sinistris
1740 2432 1859 2474 pariter
1882 2431 1938 2465 sub
1962 2432 2071 2466 Tenui
2096 2433 2264 2473 meninge,
2289 2433 2354 2473 ipsa
2368 2442 2457 2462 cere·
2478 2433 2488 2452 -“’·

1444 2475 1494 2509 bri
1519 2473 1688 2521 substan-tia
1713 2473 1837 2510 duobus
1862 2475 1895 2507 in
1919 2476 1998 2509 locis
2022 2483 2086 2508 erat
2111 2474 2262 2509 nonnihil
2290 2478 2396 2508 erola:
2422 2472 2457 2507 id

1446 2516 1536 2562 quod
1559 2518 1593 2550 in
1617 2518 1755 2559 ejusdem
1780 2519 1888 2552 lateris
1912 2519 2092 2553 ventriculo
2118 2517 2318 2551 manifestius
2355 2518 2419 2550 fuit
2446 2541 2454 2550 .

1447 2563 1536 2595 Nam
1560 2562 1715 2595 Striatum
1739 2573 1855 2603 corpus
1881 2561 1923 2594 ob
1947 2561 2146 2602 erofionem,
2171 2563 2209 2595 ab
2232 2561 2298 2594 sero
2325 2559 2411 2603 quod
2424 2561 2459 2593 in

1446 2605 1634 2640 ventriculis
1657 2605 1838 2647 stagnabat,
1863 2603 1991 2640 fortall'e
2015 2604 2160 2644 saetam,
2184 2606 2222 2639 ab
2245 2605 2370 2647 reliquo
2403 2615 2454 2638 ce-

1447 2649 1540 2684 rebro
1564 2649 1697 2681 omnino
1724 2648 1898 2691 separatum
1923 2650 2090 2681 inventum
2114 2649 2174 2682 est.

1493 2703 1522 2735 3.
1540 2692 1748 2735 Quaecunque
1759 2693 1887 2737 demum
1910 2690 1999 2727 causa
2025 2690 2121 2726 fuerit
2143 2692 2232 2726 istius
2254 2691 2461 2734 separationis

1449 2737 1595 2782 corporis
1609 2736 1719 2767 Striati
1734 2749 1742 2773 ·‚
1760 2747 1855 2778 quam
1867 2738 1944 2778 laepe
1959 2736 2055 2767 soleat
2069 2738 2108 2768 ab
2121 2748 2229 2770 eorum
2254 2737 2459 2778 alterutrius,

1451 2791 1504 2814 aut
1518 2790 1583 2820 ejus
1595 2780 1722 2812 viciniae
1738 2779 1861 2812 laefione
1875 2778 1940 2812 fieri
1956 2778 2151 2820 liemiplexia
2165 2804 2176 2820 ,
2201 2792 2214 2812 a
2232 2780 2325 2812 nobis
2339 2779 2380 2813 est
2394 2783 2457 2814 III.

1453 2824 1491 2857 ad
1515 2831 1545 2854 te
1569 2821 1711 2865 Epistola
1734 2827 1801 2865 (a)
1826 2821 1899 2854 satis
1923 2821 2077 2857 ostensum
2108 2847 2115 2855 .
2150 2824 2225 2857 Huc
2263 2823 2339 2857 adde
2372 2824 2460 2866 quod

1453 2865 1693 2909 Sepulchretum
1720 2866 1781 2905 (b)
1806 2865 1922 2906 docet,
1947 2866 2127 2899 Willisium
2153 2878 2281 2910 quoque
2306 2867 2460 2908 inspeetis

1452 2911 1624 2950 aliquoties
1646 2908 1848 2943 cadaveribus
1879 2921 1898 2941 a
1923 2908 2012 2951 longa
2034 2910 2169 2954 paralysi
2202 2912 2244 2944 Θ
2273 2910 2454 2953 graviffima

1451 2963 1615 2988 nervorum
1639 2953 1821 2995 resolutione
1843 2950 2055 3001 defimfz'orum
2070 2976 2082 2992 ,
2105 2952 2326 2997 dep-rehemizſjk
2336 2952 2460 2995 semper

1452 2997 1512 3031 haec
1534 3006 1660 3037 corpora
1680 3004 1743 3038 prae
1767 2996 1840 3030 aliis
1864 3006 1896 3029 m
1922 2996 2041 3029 cerebro
2065 2999 2169 3031 minus
2199 2996 2294 3039 firma
2320 3020 2329 3034 ,
2366 2998 2461 3037 instar

1452 3050 1582 3075 amurcae
1605 3039 1789 3081 discolorata
1801 3061 1813 3078 ,
1838 3038 1879 3071 eir
1897 3038 1986 3079 striis
2009 3041 2145 3074 multum
2168 3039 2348 3075 obliteratis
2363 3066 2370 3072 .

1492 3095 1523 3124 4.
1549 3084 1701 3117 SENEX
1725 3083 1801 3114 alter
1825 3080 1933 3115 eadem
1951 3092 2047 3127 -aetate
2071 3092 2197 3126 repente
2220 3085 2327 3125 cadit,
2352 3084 2461 3118 simul-

1451 3140 1511 3170 que
1536 3125 1661 3158 dextera
1689 3136 1774 3167 parte
1784 3127 1927 3167 corporis
1941 3126 2116 3165 sentiendi,
2135 3127 2350 3172 'movendique
2360 3127 2462 3162 facul·

1458 3180 1556 3204 tatem
1580 3171 1725 3203 amittit:
1750 3171 1983 3215 interrogatus,
2007 3173 2063 3204 vix
2076 3171 2264 3217 respondet,
2288 3173 2382 3215 idque
2393 3172 2463 3206 bal-

1460 3214 1604 3249 butiens.
1632 3215 1725 3247 Toto
1757 3225 1822 3256 quo
1855 3214 2003 3255 superstes
2036 3214 2099 3251 fuit
2120 3238 2132 3255 ,
2166 3224 2311 3257 tempore
2349 3227 2461 3258 parum

1459 3261 1602 3295 minxit,
1629 3259 1733 3292 alvum
1757 3267 1862 3291 autem
1887 3269 2068 3301 nunquam,
2092 3256 2150 3291 nisi
2172 3270 2232 3301 ope
2256 3268 2457 3297 enematum‚

1458 3304 1658 3338 exoneravit.
1683 3304 1831 3348 Denique
1855 3304 1953 3334 initio
1976 3302 2041 3335 diei
2063 3300 2220 3345 vigefimae
2234 3304 2371 3345 primae,
2394 3302 2461 3339 dif-

1460 3350 1538 3384 ficili
1584 3347 1746 3380 accedente
1791 3346 2093 3388 superexspiratione
2135 3347 2276 3380 moritur
2307 3370 2315 3377 .

1462 3391 1695 3427 THORACE
1720 3400 1830 3432 aperto
1852 3414 1864 3430 ‚
1895 3392 2059 3434 pulmones
2079 3414 2091 3433 ,
2114 3395 2146 3425 δ.-
2178 3391 2351 3434 praesei·tim
2385 3387 2461 3423 dex-

1456 3449 1504 3472 ter
1520 3460 1529 3475 ‚
1556 3438 1588 3468 in
1614 3433 1782 3478 posteriore
1803 3445 1889 3477 parte
1914 3435 2106 3477 phlegmone
2129 3436 2269 3478 correpti
2293 3435 2460 3469 inveniun-

1457 3492 1509 3517 tur
1534 3505 1540 3511 .
1579 3480 1703 3522 Singuli
1747 3478 1917 3512 ventriculi
1960 3477 2065 3513 cordis
2107 3476 2243 3521 singulas
2286 3477 2459 3514 mediocres

2325 3521 2417 3564 poly-

1660 3623 1845 3630 ..-,..--.,--

1660 3678 1699 3708 (b
1714 3684 1725 3708 )
1741 3681 1804 3707 Sesi-
1821 3681 1867 3707 hae
1883 3690 1920 3714 15.
1937 3681 1997 3707 Obs.
2015 3686 2037 3704 Ι·
