2498 4075
930 57 945 79 A

410 148 506 213 296
634 142 792 196 Liber
809 141 901 194 lv.
919 138 1004 191 De
1030 139 1234 192 Morbis
1249 137 1573 204 Chirurgicis
1591 176 1605 197 ‚
1642 137 1697 188 ἃ
1725 133 2120 187 Universalibus

348 229 519 272 {quamam
550 233 568 260 e
593 226 646 259 sua
691 223 758 258 sede
781 223 939 256 elevatam
964 218 1125 258 habebat,
1145 220 1224 253 dum
1250 217 1360 252 Craffa

352 274 483 306 meninx
507 271 543 303 ad
571 270 736 304 cerebrum
759 264 1013 300 extrahendum,
1038 263 1122 295 circa
1140 264 1271 296 initium
1297 273 1361 294 me·-

347 315 442 348 dullae
468 314 607 354 Spinalis
630 311 810 349 inciditur,
834 318 896 340 non
921 317 1017 348 parva
1043 305 1203 352 sanguinis
1247 304 1358 338 effluit

348 360 466 399 copia.
490 357 657 389 Caeterum
682 355 798 386 vulnus
821 352 933 383 Sinum
959 348 1126 391 perforans
1159 349 1359 391 Longitudi-

351 403 477 440 nalem,
504 399 578 433 inde
601 399 634 430 in
657 395 817 430 sinistrum
841 393 940 434 usque
964 390 1170 434 perveniebat
1194 394 1359 425 ventricu-

350 447 418 479 lum
435 469 445 484 ‚
469 447 502 476 in
527 455 594 483 quo
618 441 722 474 serum
744 447 819 471 cum
843 438 997 478 grumoso
1022 436 1172 477 ianguine
1205 435 1323 467 latebat
1349 447 1356 468 2

347 491 382 521 in
406 487 610 530 ejusdemque
635 482 806 517 ventriculi
831 478 894 512 basi
919 478 1084 525 sordidum
1109 479 1198 511 ulcus
1229 480 1358 520 conspi-

349 532 514 565 ciebatur.
648 528 687 560 In
712 525 866 558 Thorace
890 523 1003 565 pulmo
1026 521 1151 554 iinister
1175 522 1315 555 multum
1340 534 1356 554 a

353 574 517 615 stagnante
543 574 699 612 {anguine
717 568 869 610 turgebat
888 591 895 598 .
1299 607 1309 610 ἢ

393 628 446 659 55.
473 610 635 651 Valsalvae
660 617 745 647 inter
766 609 971 644 scribendum
986 634 994 649 ‚
1016 617 1052 654 ut
1075 607 1136 647 fit,
1175 606 1321 641 accidisse
1345 629 1354 644 ‚

349 670 386 694 ut
412 672 471 704 pro
495 660 679 694 ventriculo
703 657 856 692 dextero,
881 654 937 693 qui
961 651 1210 696 iubjeetue-erat
1245 652 1357 684 vulne-

345 706 398 744 ri,
424 703 583 739 sinistrum
609 702 776 745 posuerit,
803 699 846 731 ob
872 696 993 728 nullam
1028 696 1234 736 interjectam
1255 716 1266 733 ,
1303 705 1357 728 aut

347 745 490 782 additam
515 743 821 781 animadveriionem
845 740 999 774 credibile
1023 738 1085 771 est.
1106 739 1173 773 Qui
1199 739 1282 770 enim
1307 750 1360 770 ce-

352 793 437 826 rebri
462 803 577 825 noxam
603 789 747 822 invenire
770 786 884 818 solitus
907 781 981 815 esset
1006 783 1039 813 in
1063 792 1101 813 eo
1125 782 1223 813 latere
1270 782 1358 823 quod

349 836 493 868 resoluto
517 836 665 875 corporis
689 831 781 863 lateri
805 836 1045 869 opponeretur,
1073 833 1109 857 ut
1133 836 1171 856 ex
1205 826 1356 867 complu-

348 879 437 911 ribus
461 890 532 920 quae
555 878 648 918 supra
673 876 727 917 (ιι
754 877 764 911 )
788 870 956 911 descriptae
982 869 1075 904 sunt,
1110 868 1360 901 Observationi-

346 921 426 961 bus,
451 925 479 954 &
504 933 542 954 ex
568 932 604 953 eo
628 918 716 961 quod
741 915 857 949 diserte
882 915 914 944 in
939 923 991 955 45.
1019 911 1156 952 adjecit,
1181 911 1275 949 satis,
1308 911 1358 945 su-

346 976 465 1007 perque
490 963 639 1003 constat,
664 972 748 995 nunc
773 959 794 993 fi
818 959 1018 992 contrarium
1043 957 1078 987 in
1102 955 1259 1002 Agricola
1295 955 1357 988 hoc

344 1004 576 1050 conspexissem
601 1007 845 1040 adnotationem
869 1003 903 1033 in
928 1011 993 1032 rem
1017 999 1180 1031 insolitam
1225 1009 1356 1041 praetes-

343 1053 478 1085 mittere
501 1050 640 1093 potuisse
667 1061 732 1082 non
758 1046 887 1079 videtur
904 1069 911 1076 .
936 1043 1037 1086 Qod
1063 1053 1169 1074 tamen
1205 1053 1270 1075 non
1317 1055 1362 1088 eo·

343 1097 419 1128 dico
435 1122 442 1134 ‚
464 1094 553 1137 quod
577 1094 691 1126 vulnus
716 1105 730 1125 a
755 1090 876 1124 dextris
901 1099 964 1121 non
1011 1088 1154 1129 potuerit
1202 1089 1235 1118 in
1280 1085 1352 1118 fini-

343 1138 464 1175 strum‚
492 1139 671 1181 praesertim
697 1138 774 1169 adeo
799 1134 944 1166 vicinum
969 1153 979 1169 ‚
1025 1129 1245 1163 ventriculum
1290 1130 1352 1162 levi

343 1183 540 1225 obliquitate
583 1178 777 1218 deflechre,
813 1175 980 1223 aucquod
1007 1176 1072 1216 ipse
1106 1184 1274 1222 nunquam
1320 1175 1351 1204 in

342 1225 501 1259 cadavera
524 1224 697 1258 inciderim
721 1233 793 1265 quae
817 1220 977 1253 laelionem
1001 1219 1033 1249 in
1059 1228 1099 1261 eo·
1127 1217 1248 1249 cerebri
1295 1215 1354 1248 lie..

329 1268 529 1310 -mi'sphaerio
553 1268 707 1301 haberent
732 1264 817 1307 quod
843 1262 1026 1305 paralytico
1052 1261 1255 1300 responderet
1280 1270 1354 1292 cor-

339 1313 429 1354 poris
452 1312 565 1345 lateri.
592 1311 630 1345 In
658 1309 800 1353 Epistola
826 1308 912 1339 enirn
938 1305 1133 1336 Anatomica
1161 1304 1258 1335 XIII.
1283 1306 1352 1342 (x)

339 1366 404 1387 non
431 1352 568 1388 aliorum
593 1354 694 1388 modo
717 1352 843 1393 aliquot
866 1348 1071 1391 ejuscemodi
1098 1347 1352 1380 Observationes

340 1399 509 1437 indicavi3
534 1398 585 1431 sed
611 1402 642 1431 δε
669 1406 771 1430 meam
797 1391 972 1436 proposui:
999 1402 1184 1434 quanquam
1218 1393 1251 1423 in
1298 1403 1351 1423 ea-

328 1453 413 1476 ¹rum
438 1440 603 1475 nonnullis
628 1441 705 1483 quid
731 1437 898 1472 desiderari
923 1434 1035 1477 possit,
1061 1435 1279 1476 &quomodo
1303 1444 1353 1465 re-

337 1484 682 1528 liquas‚'meamque‚
711 1483 798 1515 salvo
823 1479 982 1514 Valsalvae
1008 1479 1157 1520 dogmate
1191 1479 1350 1524 explicare

340 1529 459 1566 liceat,
483 1541 547 1563 non
574 1531 690 1562 reticui
714 1528 765 1570 (y
785 1525 824 1567 ).
849 1522 948 1556 Unde
973 1522 1094 1554 sumere
1128 1522 1249 1564 aliquid
1282 1521 1349 1554 for-

339 1572 414 1606 tasse
440 1575 580 1614 poteris,
603 1583 637 1606 ut
661 1571 742 1605 hanc
764 1579 895 1611 quoque
920 1567 1076 1613 explices,
1102 1565 1220 1598 nedum
1245 1565 1349 1607 liquid

338 1615 452 1649 in'illa
477 1628 548 1659 quae
574 1616 666 1657 supra
692 1625 779 1648 num.
804 1623 856 1654 35.
883 1611 1047 1652 proposita
1072 1608 1136 1646 est,
1169 1610 1203 1642 in
1237 1609 1347 1652 palpe-

338 1659 404 1693 bris
429 1662 534 1694 minus
559 1658 743 1698 respondere
766 1657 933 1688 videatur.
1090 1695 1097 1700 Π

386 1708 434 1744 55.
462 1705 573 1737 Finem
599 1702 677 1737 huic
700 1700 855 1741 Epistolae·
882 1698 1048 1743 imponere
1085 1706 1180 1741 Juvat
1224 1697 1347 1730 duabus

337 1749 504 1784 vulneris,
529 1746 676 1789 punctim
702 1745 819 1786 pariter
844 1741 966 1773 inilieti
1013 1739 1312 1773 Observationibus
1337 1764 1345 1776 ,

339 1792 391 1825 sed
415 1799 509 1824 tanto
532 1790 649 1830 majori
674 1789 856 1820 attentione
880 1783 1013 1825 dignis,
1037 1793 1103 1824 quo
1136 1785 1237 1824 inagis
1262 1785 1348 1816 ‘levis

338 1838 373 1868 in
399 1844 534 1876 utraque
559 1832 730 1875 apparebat
754 1830 859 1865 ierus,
883 1829 914 1859 δι
939 1826 997 1868 qui
1021 1827 1058 1859 ad
1083 1824 1199 1859 faciem
1236 1829 1346 1868 potius

337 1890 436 1922 quarn
459 1879 497 1917 ael
522 1877 691 1910 cerebrum
716 1874 853 1918 speetare
876 1870 1061 1904 videretur.

385 1933 436 1964 57.
462 1921 551 1955 VIR
575 1922 707 1962 triginta
730 1928 829 1950 annos
854 1924 968 1950 natus,
993 1912 1099 1946 biliofi
1111 1923 1348 1956 temperamen-

337 1968 362 2000 ti
378 1992 386 2003 ,
412 1974 573 2008 pungente
597 1963 682 1996 serro
706 1961 742 1995 ad
765 1959 933 1993 dexterum
976 1956 1107 2004 oculum
1153 1956 1312 2003 percussus
1336 1980 1348 1997 ,

337 2009 484 2043 tiiduum
506 2006 569 2041 fine
592 2008 655 2040 ulla
681 2004 818 2039 sensibili
844 2004 1009 2035 actionum
1033 2001 1157 2033 laelione
1182 2003 1349 2042 traniigit.

340 2056 404 2087 Die
429 2061 546 2095 quarto
570 2053 657 2084 venit
681 2048 746 2092 ipse
770 2050 803 2081 in
826 2046 969 2079 crebrius
992 2044 1172 2077 indicatum
1197 2043 1349 2077 Nosoco-

338 2100 461 2131 mium.-
484 2095 660 2137 ‘eodemque
683 2094 734 2127 die
760 2099 909 2125 mortuus
934 2088 977 2121 est
1002 2111 1014 2127 ,
1046 2097 1159 2129 praeter
1195 2087 1348 2120 Medico⁴

339 2153 415 2174 rum
437 2141 651 2182 opinionem,
672 2137 748 2180 quia
773 2135 896 2169 nullum
933 2132 1066 2173 usquam
1099 2132 1271 2174 apparebat
1303 2132 1347 2163 le-

341 2184 426 2218 thale
453 2184 593 2221 vulnus;
617 2181 671 2214 sed
696 2179 829 2221 fimplex
850 2176 1021 2210 dumtaxat
1045 2176 1078 2207 in
1102 2187 1139 2208 eo
1161 2176 1347 2209 oculocon-

339 2227 444 2262 tufio.
535 2223 786 2269 CALVARIA
815 2230 920 2254 autem
935 2218 1050 2252 reclusa
1064 2242 1072 2255 ,
1097 2230 1169 2251 cum
1184 2230 1280 2261 parva
1295 2231 1355 2260 pu-

342 2273 480 2305 rulentae
504 2270 645 2304 materiae
669 2269 762 2310 copia
787 2267 871 2298 inter
914 2275 949 2296 os
974 2262 1116 2300 frontis,
1139 2265 1170 2294 &
1204 2262 1352 2297 Craffam

342 2317 524 2357 meningem
549 2314 768 2351 inveniretur,
792 2312 822 2342 δι
848 2315 1045 2351 quaereretur
1070 2306 1159 2339 locus
1191 2307 1274 2339 unde
1308 2307 1349 2339 il-

341 2362 370 2394 la
396 2357 582 2402 prodiisset,
607 2356 738 2398 specillo
760 2365 794 2387 os
818 2366 833 2386 e
857 2352 980 2385 dire-§to
1003 2350 1240 2383 oculi-dexteri
1275 2361 1349 2392 per-

341 2404 484 2437 foratum
511 2412 673 2444 repertum
698 2399 760 2432 est.
788 2399 900 2439 Itaque
946 2404 1074 2428 externa
1100 2416 1109 2430 ,
1157 2395 1347 2435 internaque

342 2447 481 2481 vulneris
507 2446 609 2481 totius
634 2445 683 2475 via
708 2442 885 2482 diligenter
911 2437 1062 2480 inquisita
1088 2435 1175 2472 fuit,
1201 2440 1231 2469 δε
1280 2449 1345 2469 ma-

343 2490 459 2524 niftsto
482 2499 645 2530 comperta
689 2487 816 2518 Scilicet
841 2481 961 2515 ferrum
988 2483 1087 2526 inter⁵
1107 2479 1237 2513 oculum
1262 2505 1271 2519 ,
1318 2483 1349 2512 &

342 2535 483 2569 orbitarn
510 2532 571 2565 fine
595 2532 682 2563 illitis
706 2530 833 2562 laesione
858 2527 918 2558 ulla
936 2547 944 2559 ‚
969 2525 1006 2557 ad
1032 2525 1124 2564 huius
1147 2522 1267 2556 osseum
1283 2522 1352 2557 for·-

344 2582 450 2612 nicem
496 2584 702 2618 pervenerat,
738 2584 802 2614 quo
850 2567 1039 2611 perforato,
1066 2567 1275 2601 substantiam
1297 2578 1352 2599 ce-

343 2614 425 2656 rebri
452 2619 653 2662 pervaserat,
679 2625 713 2649 ut
738 2615 877 2647 vulneris
903 2612 974 2644 finis
999 2612 1065 2644 lato
1096 2610 1265 2643 dumtaxat
1296 2610 1350 2642 di-

343 2670 414 2706 gito
439 2678 453 2696 a
479 2662 659 2706 parietibus
682 2659 809 2692 distaret
834 2655 1007 2689 ventriculi
1033 2654 1177 2687 dexteri.
1275 2656 1349 2685 Cae-

344 2703 449 2743 {erum
475 2707 527 2739 etii
554 2707 665 2740 liverns
690 2712 775 2740 erat,
799 2701 931 2734 cadaver
956 2708 1060 2731 autern
1083 2699 1150 2731 cito
1175 2697 1213 2730 ab
1236 2698 1351 2729 interi-

345 2763 381 2787 tu
405 2743 639 2786 dissecabatur3
665 2759 696 2780 ea
720 2744 784 2779 fuit
810 2743 990 2780 viscerum,
1017 2753 1051 2774 ac
1076 2741 1223 2774 vasorum
1268 2739 1352 2773 flac-

345 2797 486 2835 ciditas,
512 2804 546 2827 ut
572 2793 696 2826 tercium
721 2789 784 2822 sine
809 2786 933 2820 laesione
957 2796 1021 2817 non
1046 2784 1163 2818 ferrent
1189 2807 1196 2822 ,
1244 2793 1352 2816 tanta-

345 2852 408 2883 que
432 2838 523 2872 fimul
549 2837 652 2870 totius
674 2835 822 2872 corporis
846 2829 1065 2873 graveolentia
1081 2853 1089 2867 ,
1113 2837 1149 2861 ut
1174 2839 1280 2871 parem
1305 2827 1352 2874 “ad

348 2883 428 2916 illud
477 2891 602 2922 tempus
647 2878 674 2911 se
718 2875 871 2909 Valsalva
908 2884 971 2918 non
1006 2873 1157 2904 invenisse
1177 2894 1186 2909 ‚
1233 2873 1353 2904 coniit-

347 2936 434 2964 met‚
460 2926 526 2958 haec
551 2923 660 2956 omnia
684 2922 717 2953 in
742 2929 872 2961 pravam
895 2917 1044 2957 rejiciens
1069 2942 1076 2953 ,
1122 2927 1193 2957 quae
1238 2914 1353 2952 vulnus

347 2968 528 3013 praeceffisse
551 2967 728 3002 debuerat,
753 2963 926 2995 humorum
951 2958 1213 3001 dispositionem.

395 3014 441 3054 58,
468 3007 516 3044 Ex
540 3010 711 3043 omnibus,
738 3017 815 3047 quas
838 3004 945 3046 legisse
971 3003 1198 3039 meminerim,
1232 3001 1353 3035 cerebri

349 3067 405 3100 per
429 3054 542 3087 vulnus
564 3053 679 3086 orbitae
705 3047 766 3082 l‘aeii
795 3047 1088 3081 Obiervationibus
1113 3047 1169 3077 vix
1192 3045 1258 3078 ulla
1291 3048 1354 3078 mi-

348 3101 404 3136 hi,
430 3111 463 3131 ea
488 3109 558 3140 quae
582 3099 666 3129 inter
692 3095 827 3125 vulnus,
852 3095 882 3123 δε
907 3100 1044 3123 mortem
1080 3087 1321 3123 intercesserunt
1345 3113 1353 3126 ‚

348 3144 523 3186 spectanti,
550 3140 675 3172 videtur
701 3135 759 3169 hac
785 3134 840 3167 effe
864 3135 1066 3167 mirabilior.
1094 3131 1159 3165 Etsi
1184 3133 1267 3165 enim
1302 3132 1356 3164 alii

349 3190 387 3220 de
412 3185 529 3226 quibus
553 3182 745 3224 scripserunt
769 3178 918 3212 Horstius
942 3181 954 3215 (
979 3189 1002 3219 ξ’,
1023 3180 1055 3215 ),
1082 3176 1245 3209 Ballonius
1269 3177 1356 3219 (a),

349 3232 511 3263 Pantonus
536 3236 624 3268 pater
647 3228 659 3264 (
683 3223 701 3256 b
726 3227 758 3261 ).,
783 3224 812 3254 &
834 3221 888 3264 1Ιο.
918 3221 996 3253 Phil.
1024 3218 1235 3262 Burggrafius
1259 3221 1307 3260 (c
1330 3221 1355 3257 ),

350 3286 413 3306 non
438 3270 630 3306 nisi'nono,
655 3266 847 3303 undecimo,
874 3264 1000 3297 decimo
1023 3273 1164 3305 quarto,
1188 3271 1243 3295 aut
1270 3262 1357 3302 vige-

351 3317 431 3349 simo
456 3317 563 3356 primo
588 3313 727 3345 obierint
755 3307 829 3345 die·,
855 3308 908 3340 alii
934 3317 1039 3339 autem
1063 3305 1101 3339 de
1135 3306 1252 3348 quibus
1300 3306 1357 3337 Pe-

350 3369 419 3392 trus
443 3357 586 3392 Boi-ellus
611 3355 665 3398 (d
688 3357 722 3393 )‚
747 3357 775 3385 δέ
801 3349 983 3385 Schmidius
1006 3353 1018 3389 (
1041 3360 1055 3382 e
1082 3353 1117 3389 ),
1142 3349 1228 3383 nihil
1277 3349 1354 3381 mali

1411 217 1624 259 suspicantes,
1647 226 1700 249 aut
1726 229 1762 249 eo
1786 215 1837 248 die
1861 215 1956 256 genio
1979 226 2052 246 cum
2078 214 2170 247 sociis
2192 215 2416 257 indulgentes,

1410 260 1451 294 ad
1473 262 1550 292 duas
1573 261 1675 293 leucas
1694 285 1703 300 ‚
1728 270 1781 292 aut
1806 259 1843 292 ad
1868 257 2076 299 quadrantem
2100 258 2251 291 milliarii
2270 258 2415 292 ammia-

1410 304 1539 340 verint5
1564 302 1597 336 hi
1620 314 1726 336 tamen
1752 312 1806 335 aut
1827 300 1978 343 postridie
2001 303 2125 334 mortui
2149 303 2271 335 inventi
2307 303 2381 335 {unt
2405 322 2415 338 ,

1411 356 1467 380 aut
1492 356 1568 379 mox
1590 343 1719 388 repente
1743 348 1903 378 exanimes
1927 344 2134 382 ceciderunm
2158 346 2206 378 illi
2240 356 2313 378 vero
2360 353 2416 377 aut

1409 390 1524 423 dolore
1549 391 1691 430 primum
1716 390 1854 430 capitis,
1877 390 1907 419 δέ
1942 387 2148 429 gravioribus
2182 389 2296 420 deinde
2329 386 2416 429 sym-

1411 435 1637 477 ptomatibus,
1661 433 1791 470 vexati,
1815 440 1869 464 aut
1892 430 1941 463 his
1986 432 2144 463 continuo
2188 431 2416 473 ingruentibus

1410 477 1523 510 afflicti
1546 476 1613 510 dies
1635 477 1710 509 illos
1744 485 1855 508 omnes
1886 483 2069 506 traxerunt.
2100 474 2238 507 Neutris
2263 475 2416 507 adnume-

1408 522 1477 552 ravi
1502 520 1581 553 alios
1605 518 1762 561 quosdam
1777 543 1786 558 ,
1813 526 1849 550 ut
1873 528 1969 559 quem
1994 518 2166 550 Sennertus
2187 515 2272 559 (f)
2295 525 2419 560 propo*

1409 562 1495 600 suit,
1519 563 1626 596 statim
1651 559 2057 605 apoplecticumffacium,
2090 563 2121 593 δέ
2165 572 2248 593 nona
2283 562 2415 594 circiter

1407 607 1483 640 inde
1507 607 1585 639 hora
1608 616 1801 642 mortut1m5
1825 606 1900 647 quia
1926 604 1988 636 sine
2010 604 2126 636 orbitae
2151 605 2277 638 laefione
2302 615 2415 638 acutus

1409 650 1613 692 ille'gladius
1637 649 1764 682 videtur
1788 658 1841 690 per
1864 649 1954 679 nervi
1980 648 2096 689 Optici
2120 647 2289 687 foramen,
2322 659 2375 680 aut
2401 671 2410 685 ‚

1408 692 1430 725 fi
1457 694 1558 727 mavis
1574 716 1582 731 ,
1610 705 1664 735 per
1690 694 1834 725 vicinum
1858 693 2021 730 alterum,
2043 691 2131 732 quod
2156 693 2295 725 lacerum
2310 693 2415 734 appel·

1410 738 1500 776 lant,
1522 738 1623 770 cranii
1648 746 1778 769 caveam
1804 733 1947 767 subiiss'e:
1971 736 2058 777 quod
2084 737 2183 768 etiam
2206 737 2238 767 in
2265 737 2417 768 Diemer-

1410 780 1555 813 broeckii
1579 781 1670 822 (g)
1695 778 1958 818 Observatione,
1981 789 2077 819 quarn
2103 779 2155 812 hie
2180 779 2213 811 in
2227 779 2418 820 Sepulchri:-

1414 834 1449 856 to
1472 822 1587 857 frustra
1610 824 1764 865 quaesivi,
1790 818 1926 864 potuisse
1950 820 2019 853 fieri
2037 846 2045 860 ‚
2070 822 2302 864 nounegabis·‚
2328 834 2416 864 aegro

1410 865 1508 899 nullis
1532 864 1707 899 ai‘tioni'bus
1729 863 1920 898 animalibus
1940 865 2068 905 privato
2094 865 2131 898 ad
2155 865 2318 899 decimum
2365 866 2418 899 us-

1408 917 1472 951 que
1495 909 1602 946 diem,
1626 920 1703 943 tunc
1727 918 1837 942 autem
1860 908 2029 940 accedente
2049 906 2139 949 febre
2161 907 2388 942 vehementiore
2405 933 2416 948 ‚

1408 955 1493 987 intra
1518 954 1653 986 biduum
1678 952 1845 985 extincto.
1872 952 1918 983 At
1938 949 2071 991 scolperi
2090 950 2202 994 globus
2233 961 2286 993 per
2333 951 2416 985 orbi--

1408 1004 1474 1030 tam
1498 996 1580 1030 oculi
1602 996 1704 1028 dextri
1719 994 1766 1036 fic
1788 994 1939 1032 azimus,
1964 1004 1998 1025 ut
2044 1006 2059 1026 e
2098 993 2224 1036 finisti-a
2270 995 2413 1036 occipitis-

1401 1048 1495 1081 parte
1518 1038 1695 1079 emerserit,
1720 1037 1993 1079 quemadmodum
2017 1034 2070 1069 CI.
2097 1036 2300 1072 l-lelwichius
2324 1044 2336 1077 (
2361 1038 2379 1071 h
2404 1044 2414 1076 )

1404 1083 1592 1126 descripsit,
1614 1081 1676 1114 fine
1711 1082 1827 1114 orbitae
1851 1079 1989 1113 fractura
2015 1081 2148 1113 transire
2170 1080 2304 1122 potuisse
2351 1093 2416 1116 non

1407 1127 1558 1165 videtur,
1585 1135 1620 1159 ut
1643 1124 1662 1157 fi
1689 1126 1766 1157 velis
1788 1125 1893 1158 casum
1916 1124 2003 1157 hunc
2036 1124 2075 1157 ad
2121 1134 2233 1158 eorum
2278 1125 2409 1160 classem

1407 1170 1524 1203 referre
1548 1180 1629 1210 quos
1653 1170 1790 1202 secundo
1814 1169 1889 1201 loco
1914 1168 2117 1203 memoravi,
2141 1178 2197 1210 per
2221 1179 2273 1201 mc
2292 1169 2389 1202 liceat
2407 1195 2416 1209 ‚

1405 1213 1579 1255 praesertim
1601 1223 1675 1246 cum
1700 1210 1837 1252 foemina
1861 1224 1877 1245 a
1902 1211 2031 1243 vulnere
2054 1213 2211 1244 exanimis
2233 1215 2412 1246 corruerit.

1407 1258 1530 1290 Utram
1557 1267 1635 1288 vero
1658 1255 1696 1288 ad
1719 1254 1845 1289 claslem
1870 1256 2054 1294 attineant,
2078 1254 2206 1291 nescio,
2252 1266 2333 1297 quos
2378 1268 2417 1290 ex

1406 1301 1535 1334 vulnere
1558 1300 1673 1332 orbitae
1697 1307 1882 1341 peremptos
1906 1296 2102 1340 scripserunt
2127 1298 2272 1332 Bohnius
2296 1302 2305 1337 (
2331 1299 2343 1331 i
2363 1302 2377 1338 )
2401 1323 2411 1339 ,

1405 1342 1631 1389 Ruyschiusr
1652 1342 1671 1381 l<
1693 1345 1728 1381 )‚
1747 1342 1898 1387 Jacotius
1944 1344 1954 1380 (
1978 1340 1990 1373 l
2011 1344 2025 1380 )
2053 1363 2062 1378 ‚
2108 1341 2177 1374 imo
2219 1341 2412 1377 Dodonaeus

1405 1392 1418 1426 (
1442 1399 1472 1420 m
1494 1391 1532 1427 ),
1556 1397 1649 1427 cuius
1676 1397 1822 1425 nomen,
1844 1386 1920 1418 dum
1944 1386 1978 1417 in
2002 1383 2215 1425 Sepulchreto
2238 1385 2307 1418 haec
2339 1387 2413 1419 Ob-

1406 1433 1545 1464 itrvatio
1568 1429 1803 1463 describeretur
1825 1441 1865 1462 ex
1890 1427 2070 1471 Schenckio
2095 1433 2107 1466 (
2131 1439 2150 1461 n
2174 1432 2213 1468 ),
2248 1432 2417 1470 praetervi-

1407 1474 1500 1514 sum,
1522 1483 1689 1517 perperam
1713 1485 1752 1506 ex
1776 1472 1974 1515 praecedente
1998 1482 2166 1512 acceptum
2191 1472 2255 1506 est.
2290 1471 2416 1507 Nescio

1401 1526 1533 1555 autem,
1557 1518 1633 1559 quia
1657 1529 1695 1550 ex
1719 1518 1910 1550 narratione
1934 1515 2083 1548 illorum·
2105 1516 2297 1558 neutiquam
2323 1540 2335 1556 ,
2381 1526 2418 1550 ut

1400 1574 1439 1594 ex
1462 1561 1557 1600 aliis,
1580 1561 1611 1592 δε
1636 1561 1835 1593 nominatim
1864 1559 2012 1593 Valsalva
2033 1584 2042 1600 ‚
2066 1559 2189 1592 constat
2204 1581 2214 1598 ,
2237 1569 2318 1602 quot
2351 1559 2417 1593 dies

1402 1604 1534 1637 sauciati
1557 1608 1724 1645 exegerint
1750 1604 1840 1636 nullo
1867 1602 1895 1635 se
1918 1602 2355 1643 ostendentesymptom'ate‚
2380 1614 2416 1637 ut

1402 1658 1480 1691 puta
1504 1647 1637 1690 sopore,
1661 1659 1758 1690 quern
1783 1647 1968 1681 Dodonaeus
1993 1655 2153 1681 memorat
2177 1647 2308 1687 quidem
2323 1672 2330 1686 ,
2365 1647 2416 1681 sed

1400 1703 1468 1733 quo
1491 1692 1545 1724 die
1569 1693 1749 1732 inceperit,
1774 1692 1912 1724 reticet:
1937 1688 2083 1722 Bohnius
2107 1688 2168 1721 hoc
2196 1699 2322 1723 tantum
2358 1689 2415 1724 ha-

1399 1735 1477 1772 bet,
1503 1733 1664 1766 tertia'ab
1688 1735 1757 1767 ictu
1779 1735 1830 1766 die
1853 1731 1912 1767 effe
1937 1742 2106 1765 mortuum
2122 1745 2133 1765 :
2159 1732 2346 1775 Ruyschius
2360 1746 2416 1768 au-

1400 1788 1465 1810 tem
1493 1777 1577 1810 nibil
1601 1777 1689 1810 aliud
1713 1776 1848 1816 scribit,
1871 1774 1929 1809 nifi
1956 1776 2044 1807 brevi
2071 1774 2139 1816 post
2163 1786 2329 1819 acceptum
2343 1779 2415 1810 vul-

1400 1832 1481 1861 nus,
1506 1819 1595 1863 quod
1619 1820 1685 1853 illis
1711 1822 1767 1863 qui
1793 1819 1958 1854 curationi
1980 1822 1984 1839 ·'
2007 1827 2162 1865 prae-erant
2190 1843 2199 1857 ‚
2243 1821 2414 1853 videbatur

1398 1866 1509 1906 exigui
1534 1866 1716 1902 momenti,
1740 1874 1880 1898 mortem
1926 1862 2101 1902 ingruisse-
2128 1861 2199 1904 Qui
2232 1885 2240 1899 ‚
2287 1864 2413 1897 tametsi

1399 1908 1491 1947 aliae,
1514 1918 1550 1940 ut
1573 1909 1754 1949 intelligere
1778 1906 1931 1949 potuisti,
1957 1905 2020 1948 jam
2035 1905 2187 1938 extabant
2199 1905 2414 1947 ejusdemmo-

1399 1953 1433 1986 di
1448 1952 1726 1988 Obici-vatione„
1757 1954 1835 1984 adeo
1859 1961 1962 1984 raram
1987 1949 2181 1982 existimavit
2205 1949 2288 1984 hanc
2313 1950 2416 1991 suam,

1400 2005 1436 2029 ut
1460 1995 1548 2028 inter
1571 2006 1605 2028 ea
1629 2006 1700 2037 quae
1724 1995 1841 2028 Bidloo
1866 2003 2033 2034 nunquam
2057 2003 2223 2025 occurrere
2248 1995 2388 2036 potuisse
2407 2018 2415 2031 ,

1399 2038 1571 2078 credebat,
1595 2038 1711 2071 Vulnus
1735 2037 1850 2071 orbim
1871 2036 1960 2069 Oculi
1984 2035 2303 2070 lethalerecensuerit
2328 2038 2365 2080 (o
2380 2042 2413 2077 ).

1399 2083 1545 2116 Decebat
1570 2092 1678 2115 tamen
1700 2084 1788 2115 inter
1811 2091 1941 2114 caeteras
1963 2088 2036 2121 'quae
2059 2078 2273 2121 Sepulchreto
2298 2082 2414 2115 additae

1399 2125 1492 2163 sunt,
1516 2124 1597 2159 hanc
1622 2125 1898 2160 Observationem
1923 2134 1986 2155 non
2011 2124 2188 2159 omittere,
2212 2135 2268 2157 nec
2291 2126 2413 2168 quaerad

1399 2170 1502 2213 ipsam
1527 2168 1646 2210 adjecit
1671 2168 1857 2209 Ruyschius
1873 2190 1886 2207 ,
1912 2167 2067 2199 nimirum
2102 2166 2299 2209 superiorem
2344 2181 2417 2211 par„

1407 2224 1471 2248 tem
1495 2213 1612 2246 orbitae
1636 2213 1694 2256 esse
1719 2213 1796 2247 adeo
1820 2222 1969 2248 tenuem,
2001 2212 2033 2241 &
2077 2208 2226 2252 fragilem
2251 2233 2260 2248 ‚
2306 2223 2340 2246 ut
2384 2215 2417 2246 in

1409 2258 1523 2291 multis
1549 2256 1731 2299 scriptoriae
1756 2256 1877 2289 chartae
1902 2265 1967 2287 non
1995 2253 2120 2295 superet
2145 2255 2359 2292 tenuitatem,
2385 2259 2418 2290 δε

1408 2301 1564 2344 perforari
1588 2299 1657 2334 solo
1681 2301 1786 2342 digito
1811 2297 1926 2341 poffit:
1951 2297 2088 2339 ideoque
2121 2299 2259 2332 orbitis>¹
2286 2299 2418 2334 inflicta

1403 2346 1533 2378 vulnera
1558 2355 1624 2377 non
1648 2343 1705 2377 effe
1729 2346 1743 2382 (
1766 2353 1802 2376 ut
1829 2345 1861 2374 in
1888 2342 2032 2388 pluribus
2057 2341 2176 2374 accidit
2202 2353 2316 2376 eorum
2342 2355 2416 2384 quae

1400 2390 1731 2422 commemoravimus
1747 2392 1760 2427 )
1783 2384 2031 2419 floccilacicnda
2044 2406 2052 2420 ,
2078 2386 2256 2427 praesertim
2271 2386 2291 2420 si
2305 2386 2391 2420 ferro
2405 2410 2415 2425 ‚

1402 2441 1457 2465 aut
1481 2433 1574 2474 ligno
1596 2430 1727 2464 inflicta
1755 2429 1814 2463 fine
1839 2440 1903 2463 non
1931 2428 2068 2467 obtuso,
2092 2440 2145 2462 aut
2171 2430 2330 2463 vulnerati
2369 2431 2419 2462 so-

1405 2476 1584 2508 mnolentia
1596 2498 1605 2512 ,
1631 2474 1742 2507 nausea
1754 2497 1762 2511 ‚
1789 2473 1876 2506 febre
1888 2496 1898 2511 ,
1915 2473 2074 2513 vertigine
2087 2494 2098 2511 ,
2112 2473 2322 2507 convuliione
2348 2474 2423 2511 (ad.-

1404 2519 1443 2551 de
1466 2530 1505 2552 ex
1529 2518 1671 2552 historiis
1694 2518 1845 2551 indicatis
1871 2528 1934 2549 nori
1960 2516 2023 2547 levi
2047 2517 2164 2557 capitis
2188 2515 2300 2549 dolore
2315 2540 2324 2555 ,
2348 2516 2419 2550 sen-

1405 2562 1495 2595 suum
1520 2572 1677 2604 torpore,
1700 2560 1857 2603 paralysi,
1882 2560 1998 2593 delirio
2015 2582 2023 2596 ‚
2049 2559 2113 2591 alio
2138 2559 2295 2601 ejusmodi
2330 2562 2418 2603 sym-

1404 2606 1573 2648 ptomate)
1597 2606 1844 2647 corripiantur.
1868 2604 1948 2636 Haec
1975 2612 2084 2635 autem
2109 2602 2344 2637 animadversio
2379 2604 2418 2637 ii-

1402 2651 1472 2683 cuti
1497 2660 1726 2691 nonnunquam
1753 2647 1790 2681 ad
1813 2646 1989 2680 curandum
2012 2646 2097 2678 valet
2122 2646 2244 2679 terebra
2256 2647 2311 2680 offi
2327 2646 2418 2680 fron-

1404 2696 1445 2726 tis
1470 2696 1658 2736 tempestive
1684 2691 1850 2727 adhibita,
1873 2689 1960 2731 quod
1984 2689 2228 2735 altera-borelli
2254 2690 2437 2723 Observa--

1404 2739 1456 2770 tio
1479 2740 1491 2775 (
1513 2747 1535 2778 p
1560 2735 1579 2774 )'
1594 2736 1755 2774 ostendit,
1778 2736 1823 2767 ita
1848 2743 1882 2765 iit
1908 2732 2088 2774 plurimum
2113 2743 2203 2773 Juvat
2229 2731 2343 2767 saltem
2377 2736 2416 2769 ad

1407 2779 1668 2822 praedicendum.
1697 2781 1747 2812 Ut
1773 2779 1951 2821 plurimum
1975 2776 2066 2809 disci:
2093 2776 2147 2808 etsi
2174 2777 2258 2811 enirn
2306 2781 2417 2812 caeteri

1406 2826 1479 2857 {unt
1504 2826 1648 2862 mortui;
1674 2822 1729 2855 hic
1754 2832 1863 2855 tamen
1889 2819 1970 2861 apud
1992 2820 2160 2858 Borellum
2207 2819 2315 2853 evasit¹
2332 2847 2339 2859 ‚
2384 2826 2415 2856 δι

1407 2868 1459 2900 Cl.
1486 2870 1647 2901 Fantonus
1671 2869 1704 2899 in
1729 2865 1861 2899 Scholio
1886 2867 1923 2897 acl
1949 2865 2096 2896 Parentis
2142 2863 2415 2902 Observationem

1408 2912 1424 2953 ζ
1444 2922 1463 2952 q
1485 2915 1516 2950 ),
1546 2921 1615 2953 quae
1642 2911 1783 2943 vulneris
1805 2907 1940 2952 quidem
1966 2908 2077 2940 Striati
2105 2909 2251 2950 corporis
2296 2908 2415 2942 diserte

1408 2956 1606 2988 mentionem
1632 2965 1695 2986 non
1721 2953 1840 2990 habet,
1866 2951 1918 2984 sed
1942 2951 2073 2983 eandem
2098 2950 2157 2984 effe
2181 2962 2312 2993 apparet
2344 2964 2416 2995 quae

1411 2998 1503 3041 supra
1529 3010 1566 3031 ex
1592 2996 1802 3039 Sepulchreto
1829 3000 1840 3034 (
1864 3005 1880 3027 r
1902 2998 1913 3033 )
1937 2995 2078 3036 indicata
2103 2995 2171 3032 ests,
2190 2996 2330 3029 militem
2350 2995 2414 3028 'fibi

1409 3053 1528 3075 notum
1553 3050 1711 3074 memorat
1728 3065 1736 3080 ‚
1760 3041 1815 3082 qui
1841 3037 1878 3071 ad
1915 3040 2076 3071 internum
2111 3038 2227 3071 orbit‘ae
2261 3040 2416 3081 angulum

1410 3085 1588 3119 acutiffimo
1613 3088 1681 3118 enle
1705 3085 1884 3120 saucium,
1908 3093 1983 3114 cum
2018 3084 2051 3115 in
2085 3083 2175 3126 oculi·
2207 3082 2419 3116 imbecillita-

1408 3139 1495 3168 tem,
1519 3131 1551 3161 &
1575 3128 1800 3169 hemiplexiam
1825 3123 2006 3162 incidisset,
2043 3126 2077 3158 in
2113 3126 2175 3159 hoc
2221 3126 2417 3160 valetudinis

1409 3172 1539 3205 statuad
1553 3173 1671 3205 multos
1683 3182 1781 3204 annos
1795 3172 1895 3201 vitam
1908 3169 2080 3210 perduxit.
2107 3170 2181 3202 Huc
2202 3169 2295 3203 addes
2307 3192 2318 3209 ,
2345 3170 2418 3211 opi-

1409 3226 1488 3252 nor,
1514 3216 1711 3249 Venatorem
1738 3214 1832 3247 illum
1855 3212 1983 3254 dequo
2007 3212 2095 3246 Elias
2107 3214 2311 3247 Camerarius
2335 3214 2417 3257 (s),
2437 3229 2442 3235 ·

1409 3260 1601 3302 punfflrnin
1614 3260 1725 3291 eodem
1741 3258 1858 3298 angulo
1872 3257 2080 3289 vulneratum
2095 3258 2126 3289 in
2138 3256 2285 3289 confinio
2307 3260 2417 3300 palpe-

1408 3304 1473 3336 brae
1486 3304 1678 3344 superioris,
1691 3301 1772 3333 exile
1787 3299 1869 3333 illud
1886 3300 2000 3333 vulnus
2013 3300 2145 3342 paralysi
2161 3301 2264 3333 totius
2278 3299 2416 3340 oppositi

1407 3347 1514 3379 lateris
1526 3348 1704 3388 excipiente
1715 3366 1726 3383 ,
1740 3344 1981 3387 proximioculi
1996 3343 2153 3377 amauroli
2168 3371 2178 3387 ,
2204 3347 2235 3377 &
2250 3344 2415 3393 memoriae

2308 3398 2371 3420 non

371 3490 2367 3513 W*

1286 3571 1348 3594 Ibid.
1367 3573 1389 3596 δε

971 3575 1134 3604 (x)n.25.
1197 3571 1268 3604 (y)

411 3583 452 3611 (u
469 3587 479 3609 )
495 3589 519 3604 n.
541 3587 574 3604 11.
595 3587 627 3608 ¹7·
646 3586 683 3605 27.
703 3579 742 3601 28.
761 3585 797 3607 35,
816 3582 854 3603 42.
870 3584 908 3604 44.
1335 3601 1340 3604 .

409 3616 422 3638 ζ
440 3621 454 3636 a
472 3609 598 3641 )1bid.l.
618 3618 641 3637 4.
659 3611 680 3632 S.
699 3608 741 3631 hac
758 3616 776 3637 3.
797 3606 853 3630 Obs.
874 3615 909 3635 ¹7-
928 3605 949 3634 ᾗ.
970 3612 988 3629 1.
1051 3607 1064 3633 (
1080 3606 1093 3629 h
1109 3607 1122 3635 ]
1140 3606 1200 3629 Sest.
1217 3603 1267 3637 ead.
1285 3602 1343 3625 Obi.
1371 3612 1393 3631 ς.

412 3643 426 3671 (
442 3644 455 3665 d
472 3644 485 3670 )
504 3640 626 3668 Sepulchr.
644 3638 702 3662 Obs.
720 3639 763 3662 cit.
784 3645 809 3665 17
838 3637 859 3666 §.
878 3644 899 3660 2.
965 3634 972 3663 s
991 3644 1002 3659 ι’
1021 3639 1031 3663 )
1049 3636 1108 3661 lbid.
1130 3636 1155 3659 in
1172 3635 1256 3658 Addit.
1276 3634 1305 3655 ad
1323 3633 1382 3656 hane

413 3674 428 3700 (
442 3674 455 3695 b
473 3674 485 3700 )
500 3673 562 3698 Epir.
581 3673 614 3693 N.
634 3672 662 3693 C.
683 3671 737 3693 Dec..
756 3677 776 3698 3.
795 3669 824 3690 A.
845 3675 866 3696 9.
886 3667 907 3690 St
926 3674 960 3691 ιο.
979 3666 1038 3689 Obs.
1058 3674 1109 3690 120.
1173 3667 1185 3693 <
1205 3665 1243 3693 i)
1260 3665 1295 3686 De
1313 3665 1397 3687 Renum

416 3707 423 3729 κ
443 3704 451 3725 l
472 3709 478 3729 )
495 3701 616 3728 Sepulchr.
634 3699 692 3723 Obs.
709 3705 749 3722 cit.
770 3707 804 3727 ¹7-
827 3698 839 3727 ᾗ
868 3706 887 3727 ς.
953 3697 966 3725 ζ
983 3706 1005 3719 m
1026 3697 1032 3722 )
1050 3697 1139 3720 Medic.
1158 3696 1214 3719 Obs
1236 3702 1256 3717 c.
1275 3701 1296 3721 3.

415 3733 427 3760 (
444 3741 455 3754 η
472 3732 486 3758 )
501 3730 569 3756 Resp.
588 3731 613 3752 ad
635 3730 693 3753 nicil.
715 3730 808 3753 Vindic.
871 3729 884 3755 ζ
899 3734 915 3756 ρ
930 3726 946 3756 J
962 3735 987 3750 1η
1005 3727 1082 3751 schol.
1101 3727 1131 3750 ad
1147 3726 1186 3750 cir.
1208 3728 1230 3756 §.
1247 3732 1269 3748 2.
1287 3723 1345 3748 Obs.
1368 3731 1399 3751 ¹7-

413 3762 477 3793 (Ι)
493 3761 554 3789 Eph.
569 3763 601 3784 N.
620 3761 648 3783 C.
666 3762 735 3784 Cent.
755 3769 775 3789 3.
793 3759 849 3783 Obs.
867 3767 904 3787 53.

1408 3580 1432 3595 n.
1449 3575 1486 3595 25.
1549 3572 1557 3599 ἴ
1575 3578 1592 3596 z
1610 3567 1618 3597 )
1637 3568 1756 3596 Sepulchr.
1776 3571 1792 3592 l.
1811 3577 1830 3593 1.
1849 3571 1871 3592 S.
1891 3576 1912 3597 3.
1929 3568 1988 3592 Obs.
2008 3570 2043 3598 38.

1414 3603 1434 3632 §.
1457 3611 1489 3626 ιο,
1551 3604 1561 3625 (
1579 3608 1590 3622 c
1607 3600 1619 3627 )
1636 3600 1689 3624 Aet.
1709 3602 1741 3622 N.
1763 3602 1790 3623 C.
1807 3602 1922 3630 Tom.b6.
1939 3599 1999 3622 Obs.
2017 3607 2070 3627 130.

1401 3634 1461 3656 Sect.
1478 3632 1538 3656 Obs.
1558 3636 1579 3656 9.
1645 3635 1649 3657 i
1670 3632 1683 3659 j
1704 3635 1710 3658 Ι·
1728 3630 1785 3653 Obs.
1803 3631 1844 3654 cit.
1864 3638 1897 3657 17-
1917 3630 1939 3659 ᾗ.
1957 3639 1980 3657 4-
2046 3634 2056 3656 <
2073 3636 2091 3657 g
2109 3630 2120 3652 )
2137 3628 2208 3651 Anat.
2226 3626 2243 3658 ¹:
2261 3633 2282 3654 3·
2301 3634 2320 3651 c.
2338 3634 2374 3652 10.

1401 3671 1420 3686 c.
1441 3664 1513 3686 Vuln.
1530 3662 1588 3686 Sect.
1608 3670 1627 3684 2.
1646 3668 1705 3684 eci.
1771 3668 1773 3680 J
1798 3661 1813 3684 l<
1830 3665 1840 3685 3
1857 3660 1915 3684 Obs⁴
1936 3663 2010 3683 Anat.
2029 3661 2095 3685 Chjr.
2114 3667 2151 3687 54.

1362 3695 1367 3722 (
1390 3703 1404 3716 η
1422 3696 1429 3724 )
1447 3693 1506 3717 Obs.
1524 3692 1620 3716 Medic.
1639 3696 1696 3731 131.
1714 3691 1755 3713 ubi
1772 3692 1800 3713 tle
1820 3691 1893 3714 Vuln.
1912 3690 2026 3714 Cerebri..

1464 3725 1477 3752 C
1494 3725 1591 3753 11333·
1656 3734 1667 3750 t
1715 3735 1723 3749 J
1741 3721 1761 3750 §.
1785 3731 1819 3746 iu.
1838 3721 1891 3745 ΟΜ
1905 3731 1927 3751 5.
