<?xml version="1.0" encoding="UTF-8"?>
<!DOCTYPE html PUBLIC "-//W3C//DTD XHTML 1.0 Transitional//EN"
    "http://www.w3.org/TR/xhtml1/DTD/xhtml1-transitional.dtd">
<html xmlns="http://www.w3.org/1999/xhtml" xml:lang="en" lang="en">
 <head>
  <title>
</title>
<meta http-equiv="Content-Type" content="text/html;charset=utf-8" />
  <meta name='ocr-system' content='tesseract 3.04.00' />
  <meta name='ocr-capabilities' content='ocr_page ocr_carea ocr_par ocr_line ocrx_word'/>
</head>
<body>
  <div class='ocr_page' id='page_1' title='image "./desedibusetcausi00morg_0480.png"; bbox 0 0 2498 4075; ppageno 0'>
   <div class='ocr_carea' id='block_1_1' title="bbox 422 165 485 223">
    <p class='ocr_par' dir='ltr' id='par_1_1' title="bbox 422 165 485 223">
     <span class='ocr_line' id='line_1_1' title="bbox 422 165 485 223; baseline 0.095 -6"><span class='ocrx_word' id='word_1_1' title='bbox 422 165 485 223; x_wconf 67' lang='lat'>852</span> 
     </span>
    </p>
   </div>
   <div class='ocr_carea' id='block_1_2' title="bbox 347 227 1386 3403">
    <p class='ocr_par' dir='ltr' id='par_1_2' title="bbox 347 227 1386 3403">
     <span class='ocr_line' id='line_1_2' title="bbox 350 227 1352 284; baseline -0.016 -8"><span class='ocrx_word' id='word_1_2' title='bbox 350 243 430 284; x_wconf 71' lang='lat' dir='ltr'>&#39;quas</span> <span class='ocrx_word' id='word_1_3' title='bbox 453 242 538 273; x_wconf 73' lang='lat' dir='ltr'>inte-i·</span> <span class='ocrx_word' id='word_1_4' title='bbox 560 235 700 278; x_wconf 58' lang='lat' dir='ltr'>disieffle</span> <span class='ocrx_word' id='word_1_5' title='bbox 723 239 814 271; x_wconf 83' lang='lat' dir='ltr'>erant</span> <span class='ocrx_word' id='word_1_6' title='bbox 836 230 915 264; x_wconf 85' lang='lat' dir='ltr'>albae</span> <span class='ocrx_word' id='word_1_7' title='bbox 938 227 1198 275; x_wconf 84' lang='lat' dir='ltr'>splendentesque</span> <span class='ocrx_word' id='word_1_8' title='bbox 1211 231 1352 272; x_wconf 75' lang='lat' dir='ltr'>particu-</span> 
     </span>
     <span class='ocr_line' id='line_1_3' title="bbox 354 274 1352 322; baseline -0.016 -4"><span class='ocrx_word' id='word_1_9' title='bbox 354 286 417 322; x_wconf 57' lang='grc'>12,-</span> <span class='ocrx_word' id='word_1_10' title='bbox 442 284 535 317; x_wconf 88' lang='lat' dir='ltr'>facile</span> <span class='ocrx_word' id='word_1_11' title='bbox 558 293 617 322; x_wconf 91' lang='lat' dir='ltr'>pro</span> <span class='ocrx_word' id='word_1_12' title='bbox 641 279 768 311; x_wconf 82' lang='lat' dir='ltr'>bilariis</span> <span class='ocrx_word' id='word_1_13' title='bbox 793 275 905 308; x_wconf 85' lang='lat' dir='ltr'>habeas</span> <span class='ocrx_word' id='word_1_14' title='bbox 927 298 933 305; x_wconf 95' lang='lat'>.</span> <span class='ocrx_word' id='word_1_15' title='bbox 970 274 1013 305; x_wconf 88' lang='lat' dir='ltr'>Et</span> <span class='ocrx_word' id='word_1_16' title='bbox 1038 282 1144 308; x_wconf 84' lang='lat' dir='ltr'>tamen</span> <span class='ocrx_word' id='word_1_17' title='bbox 1169 274 1293 315; x_wconf 79' lang='lat' dir='ltr'>genitos</span> <span class='ocrx_word' id='word_1_18' title='bbox 1318 274 1352 304; x_wconf 81' lang='lat' dir='ltr'>in</span> 
     </span>
     <span class='ocr_line' id='line_1_4' title="bbox 354 315 1351 362; baseline -0.015 0"><span class='ocrx_word' id='word_1_19' title='bbox 354 328 465 362; x_wconf 86' lang='lat' dir='ltr'>eodem</span> <span class='ocrx_word' id='word_1_20' title='bbox 490 324 640 357; x_wconf 83' lang='lat' dir='ltr'>intestino</span> <span class='ocrx_word' id='word_1_21' title='bbox 661 331 735 358; x_wconf 83' lang='lat' dir='ltr'>cum</span> <span class='ocrx_word' id='word_1_22' title='bbox 759 318 938 356; x_wconf 74' lang='lat' dir='ltr'>Chomelio</span> <span class='ocrx_word' id='word_1_23' title='bbox 958 316 1129 358; x_wconf 81' lang='lat' dir='ltr'>agnoscas,</span> <span class='ocrx_word' id='word_1_24' title='bbox 1151 315 1266 351; x_wconf 84' lang='lat' dir='ltr'>necesse</span> <span class='ocrx_word' id='word_1_25' title='bbox 1290 316 1351 353; x_wconf 80' lang='lat' dir='ltr'>est,</span> 
     </span>
     <span class='ocr_line' id='line_1_5' title="bbox 354 359 1350 409; baseline -0.012 -6"><span class='ocrx_word' id='word_1_26' title='bbox 354 365 414 409; x_wconf 73' lang='lat' dir='ltr'>hisi</span> <span class='ocrx_word' id='word_1_27' title='bbox 439 368 525 403; x_wconf 86' lang='lat' dir='ltr'>forte</span> <span class='ocrx_word' id='word_1_28' title='bbox 546 366 584 405; x_wconf 90' lang='lat' dir='ltr'>de</span> <span class='ocrx_word' id='word_1_29' title='bbox 607 364 734 399; x_wconf 84' lang='lat' dir='ltr'>duobus</span> <span class='ocrx_word' id='word_1_30' title='bbox 756 373 825 404; x_wconf 81' lang='lat' dir='ltr'>quae</span> <span class='ocrx_word' id='word_1_31' title='bbox 848 361 954 394; x_wconf 86' lang='lat' dir='ltr'>dicam</span> <span class='ocrx_word' id='word_1_32' title='bbox 979 381 987 398; x_wconf 90' lang='lat'>‚</span> <span class='ocrx_word' id='word_1_33' title='bbox 1013 359 1200 393; x_wconf 86' lang='lat' dir='ltr'>alterutrum</span> <span class='ocrx_word' id='word_1_34' title='bbox 1226 360 1318 396; x_wconf 87' lang='lat' dir='ltr'>malis</span> <span class='ocrx_word' id='word_1_35' title='bbox 1343 384 1350 391; x_wconf 92' lang='lat'>.</span> 
     </span>
     <span class='ocr_line' id='line_1_6' title="bbox 354 403 1350 450; baseline -0.011 -4"><span class='ocrx_word' id='word_1_36' title='bbox 354 413 482 450; x_wconf 84' lang='lat' dir='ltr'>Scilicet</span> <span class='ocrx_word' id='word_1_37' title='bbox 507 418 561 443; x_wconf 85' lang='lat' dir='ltr'>aut</span> <span class='ocrx_word' id='word_1_38' title='bbox 585 419 657 442; x_wconf 86' lang='lat' dir='ltr'>eum</span> <span class='ocrx_word' id='word_1_39' title='bbox 681 407 839 440; x_wconf 87' lang='lat' dir='ltr'>sacculum</span> <span class='ocrx_word' id='word_1_40' title='bbox 863 415 938 437; x_wconf 87' lang='lat' dir='ltr'>cum</span> <span class='ocrx_word' id='word_1_41' title='bbox 961 403 1220 436; x_wconf 81' lang='lat' dir='ltr'>bilisCommuni</span> <span class='ocrx_word' id='word_1_42' title='bbox 1246 409 1350 435; x_wconf 85' lang='lat' dir='ltr'>meatu</span> 
     </span>
     <span class='ocr_line' id='line_1_7' title="bbox 352 444 1349 498; baseline -0.012 -9"><span class='ocrx_word' id='word_1_43' title='bbox 352 451 419 498; x_wconf 35' lang='lat' dir='ltr'>&#39;qua</span> <span class='ocrx_word' id='word_1_44' title='bbox 443 457 528 491; x_wconf 83' lang='lat' dir='ltr'>inter</span> <span class='ocrx_word' id='word_1_45' title='bbox 561 450 628 492; x_wconf 85' lang='lat' dir='ltr'>ejus</span> <span class='ocrx_word' id='word_1_46' title='bbox 652 448 794 485; x_wconf 86' lang='lat' dir='ltr'>intestini</span> <span class='ocrx_word' id='word_1_47' title='bbox 829 448 1027 479; x_wconf 78' lang='lat' dir='ltr'>membranas</span> <span class='ocrx_word' id='word_1_48' title='bbox 1052 446 1184 487; x_wconf 70' lang='lat' dir='ltr'>oblique</span> <span class='ocrx_word' id='word_1_49' title='bbox 1215 444 1316 478; x_wconf 88' lang='lat' dir='ltr'>fertur</span> <span class='ocrx_word' id='word_1_50' title='bbox 1340 468 1349 482; x_wconf 90' lang='lat'>,</span> 
     </span>
     <span class='ocr_line' id='line_1_8' title="bbox 352 488 1351 537; baseline -0.013 -5"><span class='ocrx_word' id='word_1_51' title='bbox 352 495 599 537; x_wconf 77' lang='lat' dir='ltr'>communicasse</span> <span class='ocrx_word' id='word_1_52' title='bbox 619 519 629 533; x_wconf 89' lang='lat'>,</span> <span class='ocrx_word' id='word_1_53' title='bbox 655 494 694 527; x_wconf 86' lang='lat' dir='ltr'>ab</span> <span class='ocrx_word' id='word_1_54' title='bbox 716 492 840 532; x_wconf 85' lang='lat' dir='ltr'>illoque</span> <span class='ocrx_word' id='word_1_55' title='bbox 853 490 1011 524; x_wconf 87' lang='lat' dir='ltr'>calculum</span> <span class='ocrx_word' id='word_1_56' title='bbox 1035 490 1141 531; x_wconf 79' lang='lat' dir='ltr'>primo</span> <span class='ocrx_word' id='word_1_57' title='bbox 1154 499 1273 529; x_wconf 62' lang='lat' dir='ltr'>unum2</span> <span class='ocrx_word' id='word_1_58' title='bbox 1297 488 1351 521; x_wconf 86' lang='lat' dir='ltr'>de·-</span> 
     </span>
     <span class='ocr_line' id='line_1_9' title="bbox 352 531 1351 584; baseline -0.013 -9"><span class='ocrx_word' id='word_1_59' title='bbox 352 544 460 584; x_wconf 87' lang='lat' dir='ltr'>inceps</span> <span class='ocrx_word' id='word_1_60' title='bbox 483 541 564 575; x_wconf 79' lang='lat' dir='ltr'>alios</span> <span class='ocrx_word' id='word_1_61' title='bbox 587 538 644 581; x_wconf 90' lang='lat' dir='ltr'>qui</span> <span class='ocrx_word' id='word_1_62' title='bbox 671 536 868 571; x_wconf 80' lang='lat' dir='ltr'>membranas</span> <span class='ocrx_word' id='word_1_63' title='bbox 892 534 987 569; x_wconf 65' lang='lat' dir='ltr'>austo</span> <span class='ocrx_word' id='word_1_64' title='bbox 1022 531 1077 565; x_wconf 92' lang='lat' dir='ltr'>suo</span> <span class='ocrx_word' id='word_1_65' title='bbox 1101 534 1239 572; x_wconf 89' lang='lat' dir='ltr'>pondere</span> <span class='ocrx_word' id='word_1_66' title='bbox 1264 533 1351 564; x_wconf 80' lang='lat' dir='ltr'>laxa-</span> 
     </span>
     <span class='ocr_line' id='line_1_10' title="bbox 354 575 1352 625; baseline -0.013 -7"><span class='ocrx_word' id='word_1_67' title='bbox 354 588 462 622; x_wconf 73' lang='lat' dir='ltr'>verint</span> <span class='ocrx_word' id='word_1_68' title='bbox 478 610 486 625; x_wconf 86' lang='lat'>,</span> <span class='ocrx_word' id='word_1_69' title='bbox 511 579 683 624; x_wconf 77' lang='lat' dir='ltr'>accepisse3</span> <span class='ocrx_word' id='word_1_70' title='bbox 709 589 760 612; x_wconf 88' lang='lat' dir='ltr'>aut</span> <span class='ocrx_word' id='word_1_71' title='bbox 784 579 925 620; x_wconf 90' lang='lat' dir='ltr'>primum</span> <span class='ocrx_word' id='word_1_72' title='bbox 948 576 1042 609; x_wconf 88' lang='lat' dir='ltr'>illum</span> <span class='ocrx_word' id='word_1_73' title='bbox 1067 575 1223 608; x_wconf 87' lang='lat' dir='ltr'>calculum</span> <span class='ocrx_word' id='word_1_74' title='bbox 1247 575 1352 613; x_wconf 82' lang='lat' dir='ltr'>statim</span> 
     </span>
     <span class='ocr_line' id='line_1_11' title="bbox 353 617 1356 672; baseline -0.013 -9"><span class='ocrx_word' id='word_1_75' title='bbox 353 639 451 672; x_wconf 82' lang='lat' dir='ltr'>atque</span> <span class='ocrx_word' id='word_1_76' title='bbox 481 640 499 665; x_wconf 76' lang='lat' dir='ltr'>e</span> <span class='ocrx_word' id='word_1_77' title='bbox 524 635 631 659; x_wconf 89' lang='lat' dir='ltr'>meatu</span> <span class='ocrx_word' id='word_1_78' title='bbox 653 622 840 657; x_wconf 82' lang='lat' dir='ltr'>intestinum</span> <span class='ocrx_word' id='word_1_79' title='bbox 864 619 1003 654; x_wconf 81' lang='lat' dir='ltr'>subierat</span> <span class='ocrx_word' id='word_1_80' title='bbox 1027 640 1037 656; x_wconf 85' lang='lat'>,</span> <span class='ocrx_word' id='word_1_81' title='bbox 1070 619 1104 651; x_wconf 88' lang='lat' dir='ltr'>in</span> <span class='ocrx_word' id='word_1_82' title='bbox 1129 617 1190 650; x_wconf 88' lang='lat' dir='ltr'>hoc</span> <span class='ocrx_word' id='word_1_83' title='bbox 1213 629 1356 660; x_wconf 75' lang='lat' dir='ltr'>quacun-</span> 
     </span>
     <span class='ocr_line' id='line_1_12' title="bbox 350 660 1354 715; baseline -0.017 -9"><span class='ocrx_word' id='word_1_84' title='bbox 350 684 415 715; x_wconf 85' lang='lat' dir='ltr'>que</span> <span class='ocrx_word' id='word_1_85' title='bbox 437 670 476 705; x_wconf 91' lang='lat' dir='ltr'>de</span> <span class='ocrx_word' id='word_1_86' title='bbox 499 670 590 711; x_wconf 81' lang='lat' dir='ltr'>causa</span> <span class='ocrx_word' id='word_1_87' title='bbox 615 664 802 706; x_wconf 80' lang='lat' dir='ltr'>substitisse,</span> <span class='ocrx_word' id='word_1_88' title='bbox 829 667 860 697; x_wconf 91' lang='lat'>&amp;</span> <span class='ocrx_word' id='word_1_89' title='bbox 883 664 1009 696; x_wconf 82' lang='lat' dir='ltr'>tunicas</span> <span class='ocrx_word' id='word_1_90' title='bbox 1032 660 1214 703; x_wconf 78' lang='lat' dir='ltr'>gravando,</span> <span class='ocrx_word' id='word_1_91' title='bbox 1239 671 1354 702; x_wconf 69' lang='lat' dir='ltr'>urgen-</span> 
     </span>
     <span class='ocr_line' id='line_1_13' title="bbox 351 704 1356 758; baseline -0.013 -8"><span class='ocrx_word' id='word_1_92' title='bbox 351 717 459 758; x_wconf 89' lang='lat' dir='ltr'>doque</span> <span class='ocrx_word' id='word_1_93' title='bbox 483 710 665 749; x_wconf 79' lang='lat' dir='ltr'><strong>extrorsum</strong></span> <span class='ocrx_word' id='word_1_94' title='bbox 680 735 689 750; x_wconf 93' lang='lat'>‚</span> <span class='ocrx_word' id='word_1_95' title='bbox 713 707 944 747; x_wconf 77' lang='lat' dir='ltr'>deorsumque,</span> <span class='ocrx_word' id='word_1_96' title='bbox 971 705 1026 741; x_wconf 86' lang='lat' dir='ltr'>sibi</span> <span class='ocrx_word' id='word_1_97' title='bbox 1041 727 1050 743; x_wconf 86' lang='lat'>,</span> <span class='ocrx_word' id='word_1_98' title='bbox 1074 704 1356 746; x_wconf 82' lang='lat' dir='ltr'>&amp;insequentibus</span> 
     </span>
     <span class='ocr_line' id='line_1_14' title="bbox 355 748 1357 794; baseline -0.013 0"><span class='ocrx_word' id='word_1_99' title='bbox 355 760 425 794; x_wconf 84' lang='lat' dir='ltr'>aliis</span> <span class='ocrx_word' id='word_1_100' title='bbox 449 757 578 791; x_wconf 84' lang='lat' dir='ltr'>calculis</span> <span class='ocrx_word' id='word_1_101' title='bbox 603 753 763 788; x_wconf 84' lang='lat' dir='ltr'>sacculum</span> <span class='ocrx_word' id='word_1_102' title='bbox 786 749 922 792; x_wconf 78' lang='lat' dir='ltr'>parasse.</span> <span class='ocrx_word' id='word_1_103' title='bbox 949 749 1007 781; x_wconf 85' lang='lat' dir='ltr'>Sed</span> <span class='ocrx_word' id='word_1_104' title='bbox 1031 748 1085 781; x_wconf 85' lang='lat' dir='ltr'>etfi</span> <span class='ocrx_word' id='word_1_105' title='bbox 1113 757 1280 789; x_wconf 86' lang='lat' dir='ltr'>utramque</span> <span class='ocrx_word' id='word_1_106' title='bbox 1302 759 1357 781; x_wconf 69' lang='lat' dir='ltr'>ex-</span> 
     </span>
     <span class='ocr_line' id='line_1_15' title="bbox 353 789 1354 847; baseline -0.014 -12"><span class='ocrx_word' id='word_1_107' title='bbox 353 803 566 847; x_wconf 82' lang='lat' dir='ltr'>plicationem</span> <span class='ocrx_word' id='word_1_108' title='bbox 589 796 782 833; x_wconf 80' lang='lat' dir='ltr'>confirmare</span> <span class='ocrx_word' id='word_1_109' title='bbox 806 791 938 826; x_wconf 75' lang='lat' dir='ltr'>fortasse</span> <span class='ocrx_word' id='word_1_110' title='bbox 959 789 1063 834; x_wconf 80' lang='lat' dir='ltr'>posses</span> <span class='ocrx_word' id='word_1_111' title='bbox 1080 812 1088 826; x_wconf 88' lang='lat'><strong>‚</strong></span> <span class='ocrx_word' id='word_1_112' title='bbox 1111 791 1200 824; x_wconf 79' lang='lat' dir='ltr'>illam</span> <span class='ocrx_word' id='word_1_113' title='bbox 1224 789 1354 833; x_wconf 87' lang='lat' dir='ltr'>quidem</span> 
     </span>
     <span class='ocr_line' id='line_1_16' title="bbox 353 834 1353 886; baseline -0.013 -7"><span class='ocrx_word' id='word_1_114' title='bbox 353 844 503 886; x_wconf 81' lang='lat' dir='ltr'>exemplo</span> <span class='ocrx_word' id='word_1_115' title='bbox 528 841 643 881; x_wconf 85' lang='lat' dir='ltr'>sacculi</span> <span class='ocrx_word' id='word_1_116' title='bbox 667 841 699 871; x_wconf 91' lang='lat' dir='ltr'>in</span> <span class='ocrx_word' id='word_1_117' title='bbox 724 849 792 880; x_wconf 88' lang='lat' dir='ltr'>quo</span> <span class='ocrx_word' id='word_1_118' title='bbox 817 835 1045 878; x_wconf 85' lang='lat' dir='ltr'>ejusdemmodi</span> <span class='ocrx_word' id='word_1_119' title='bbox 1079 834 1181 875; x_wconf 86' lang='lat' dir='ltr'>lapilli</span> <span class='ocrx_word' id='word_1_120' title='bbox 1206 844 1294 867; x_wconf 86' lang='lat' dir='ltr'>erant</span> <span class='ocrx_word' id='word_1_121' title='bbox 1319 846 1353 866; x_wconf 91' lang='lat' dir='ltr'>ac</span> 
     </span>
     <span class='ocr_line' id='line_1_17' title="bbox 351 877 1352 929; baseline -0.014 -8"><span class='ocrx_word' id='word_1_122' title='bbox 351 890 388 921; x_wconf 84' lang='lat' dir='ltr'>in</span> <span class='ocrx_word' id='word_1_123' title='bbox 413 887 514 929; x_wconf 80' lang='lat' dir='ltr'>cysti,</span> <span class='ocrx_word' id='word_1_124' title='bbox 537 888 592 928; x_wconf 91' lang='lat' dir='ltr'>qui</span> <span class='ocrx_word' id='word_1_125' title='bbox 621 881 759 919; x_wconf 84' lang='lat' dir='ltr'>sacculus</span> <span class='ocrx_word' id='word_1_126' title='bbox 784 878 995 912; x_wconf 79' lang='lat' dir='ltr'>Solertissimo</span> <span class='ocrx_word' id='word_1_127' title='bbox 1019 877 1174 912; x_wconf 80' lang='lat' dir='ltr'>Galeatio</span> <span class='ocrx_word' id='word_1_128' title='bbox 1198 881 1207 917; x_wconf 93' lang='lat'>(</span> <span class='ocrx_word' id='word_1_129' title='bbox 1233 885 1246 909; x_wconf 95' lang='lat' dir='ltr'>t</span> <span class='ocrx_word' id='word_1_130' title='bbox 1269 881 1282 917; x_wconf 96' lang='lat'><em>)</em></span> <span class='ocrx_word' id='word_1_131' title='bbox 1306 878 1352 910; x_wconf 86' lang='lat' dir='ltr'>ibi</span> 
     </span>
     <span class='ocr_line' id='line_1_18' title="bbox 352 921 1355 969; baseline -0.012 -5"><span class='ocrx_word' id='word_1_132' title='bbox 352 932 411 969; x_wconf 72' lang='lat' dir='ltr'>effe</span> <span class='ocrx_word' id='word_1_133' title='bbox 436 930 518 962; x_wconf 85' lang='lat' dir='ltr'>visus</span> <span class='ocrx_word' id='word_1_134' title='bbox 542 930 584 962; x_wconf 72' lang='lat' dir='ltr'>est</span> <span class='ocrx_word' id='word_1_135' title='bbox 609 926 664 960; x_wconf 87' lang='lat' dir='ltr'>ubi</span> <span class='ocrx_word' id='word_1_136' title='bbox 688 925 884 958; x_wconf 84' lang='lat' dir='ltr'>Communis</span> <span class='ocrx_word' id='word_1_137' title='bbox 917 922 994 955; x_wconf 89' lang='lat' dir='ltr'>bilis</span> <span class='ocrx_word' id='word_1_138' title='bbox 1019 930 1142 954; x_wconf 83' lang='lat' dir='ltr'>meatus</span> <span class='ocrx_word' id='word_1_139' title='bbox 1165 921 1229 961; x_wconf 74' lang='lat' dir='ltr'>jam</span> <span class='ocrx_word' id='word_1_140' title='bbox 1256 932 1355 964; x_wconf 90' lang='lat' dir='ltr'>prope</span> 
     </span>
     <span class='ocr_line' id='line_1_19' title="bbox 352 965 1356 1014; baseline -0.012 -6"><span class='ocrx_word' id='word_1_141' title='bbox 352 976 449 1010; x_wconf 80' lang='lat' dir='ltr'>finem</span> <span class='ocrx_word' id='word_1_142' title='bbox 475 979 659 1014; x_wconf 84' lang='lat' dir='ltr'>pervenerat</span> <span class='ocrx_word' id='word_1_143' title='bbox 683 969 797 1003; x_wconf 84' lang='lat' dir='ltr'>suurn.-</span> <span class='ocrx_word' id='word_1_144' title='bbox 821 967 954 999; x_wconf 77' lang='lat' dir='ltr'>alteram</span> <span class='ocrx_word' id='word_1_145' title='bbox 979 975 1083 998; x_wconf 87' lang='lat' dir='ltr'>autem</span> <span class='ocrx_word' id='word_1_146' title='bbox 1107 965 1356 1005; x_wconf 76' lang='lat' dir='ltr'>explicationem</span> 
     </span>
     <span class='ocr_line' id='line_1_20' title="bbox 353 1007 1357 1053; baseline -0.017 -1"><span class='ocrx_word' id='word_1_147' title='bbox 353 1014 419 1052; x_wconf 76' lang='lat' dir='ltr'>non</span> <span class='ocrx_word' id='word_1_148' title='bbox 445 1017 510 1050; x_wconf 84' lang='lat' dir='ltr'>alio</span> <span class='ocrx_word' id='word_1_149' title='bbox 536 1017 689 1051; x_wconf 64' lang='lat' dir='ltr'>auclore,</span> <span class='ocrx_word' id='word_1_150' title='bbox 713 1021 812 1053; x_wconf 86' lang='lat' dir='ltr'>quam</span> <span class='ocrx_word' id='word_1_151' title='bbox 835 1009 1014 1043; x_wconf 78' lang='lat' dir='ltr'>Chomelio</span> <span class='ocrx_word' id='word_1_152' title='bbox 1037 1008 1129 1051; x_wconf 82' lang='lat' dir='ltr'>ipso,</span> <span class='ocrx_word' id='word_1_153' title='bbox 1152 1009 1270 1049; x_wconf 82' lang='lat' dir='ltr'>quippe</span> <span class='ocrx_word' id='word_1_154' title='bbox 1295 1007 1357 1041; x_wconf 59' lang='lat' dir='ltr'>sic-</span> 
     </span>
     <span class='ocr_line' id='line_1_21' title="bbox 351 1050 1356 1095; baseline -0.011 0"><span class='ocrx_word' id='word_1_155' title='bbox 351 1062 418 1095; x_wconf 87' lang='lat' dir='ltr'>culi</span> <span class='ocrx_word' id='word_1_156' title='bbox 443 1059 701 1093; x_wconf 84' lang='lat' dir='ltr'>efformationem</span> <span class='ocrx_word' id='word_1_157' title='bbox 726 1054 811 1089; x_wconf 86' lang='lat' dir='ltr'>haud</span> <span class='ocrx_word' id='word_1_158' title='bbox 836 1053 931 1086; x_wconf 87' lang='lat' dir='ltr'>aliter</span> <span class='ocrx_word' id='word_1_159' title='bbox 951 1061 1111 1093; x_wconf 78' lang='lat' dir='ltr'>repetente</span> <span class='ocrx_word' id='word_1_160' title='bbox 1135 1064 1151 1083; x_wconf 89' lang='lat' dir='ltr'>a</span> <span class='ocrx_word' id='word_1_161' title='bbox 1175 1050 1299 1083; x_wconf 87' lang='lat' dir='ltr'>calculo</span> <span class='ocrx_word' id='word_1_162' title='bbox 1319 1052 1356 1084; x_wconf 76' lang='lat' dir='ltr'>in</span> 
     </span>
     <span class='ocr_line' id='line_1_22' title="bbox 352 1093 1358 1141; baseline -0.013 -1"><span class='ocrx_word' id='word_1_163' title='bbox 352 1104 516 1140; x_wconf 87' lang='lat' dir='ltr'>Duodeno</span> <span class='ocrx_word' id='word_1_164' title='bbox 541 1100 691 1136; x_wconf 87' lang='lat' dir='ltr'>intestino</span> <span class='ocrx_word' id='word_1_165' title='bbox 714 1099 852 1141; x_wconf 43' lang='lat' dir='ltr'>genitos</span> <span class='ocrx_word' id='word_1_166' title='bbox 871 1107 968 1138; x_wconf 85' lang='lat' dir='ltr'>quam</span> <span class='ocrx_word' id='word_1_167' title='bbox 992 1104 1028 1128; x_wconf 90' lang='lat' dir='ltr'>tu</span> <span class='ocrx_word' id='word_1_168' title='bbox 1052 1108 1066 1128; x_wconf 90' lang='lat' dir='ltr'>a</span> <span class='ocrx_word' id='word_1_169' title='bbox 1091 1093 1215 1128; x_wconf 83' lang='lat' dir='ltr'>calculo</span> <span class='ocrx_word' id='word_1_170' title='bbox 1240 1095 1272 1126; x_wconf 88' lang='lat' dir='ltr'>in</span> <span class='ocrx_word' id='word_1_171' title='bbox 1296 1094 1358 1127; x_wconf 81' lang='lat' dir='ltr'>hoc</span> 
     </span>
     <span class='ocr_line' id='line_1_23' title="bbox 355 1137 1360 1190; baseline -0.013 -9"><span class='ocrx_word' id='word_1_172' title='bbox 355 1143 493 1190; x_wconf 83' lang='lat' dir='ltr'>illapso:</span> <span class='ocrx_word' id='word_1_173' title='bbox 519 1145 598 1183; x_wconf 78' lang='lat' dir='ltr'>etsi,</span> <span class='ocrx_word' id='word_1_174' title='bbox 623 1146 777 1185; x_wconf 79' lang='lat' dir='ltr'>inquam,</span> <span class='ocrx_word' id='word_1_175' title='bbox 804 1141 868 1174; x_wconf 78' lang='lat' dir='ltr'>haec</span> <span class='ocrx_word' id='word_1_176' title='bbox 894 1137 1273 1182; x_wconf 77' lang='lat' dir='ltr'>possessortassedicere3</span> <span class='ocrx_word' id='word_1_177' title='bbox 1301 1149 1360 1170; x_wconf 71' lang='lat' dir='ltr'>no..</span> 
     </span>
     <span class='ocr_line' id='line_1_24' title="bbox 356 1182 1112 1229; baseline -0.015 -5"><span class='ocrx_word' id='word_1_178' title='bbox 356 1192 414 1225; x_wconf 84' lang='lat' dir='ltr'>lim</span> <span class='ocrx_word' id='word_1_179' title='bbox 439 1200 569 1229; x_wconf 83' lang='lat' dir='ltr'>tamen,</span> <span class='ocrx_word' id='word_1_180' title='bbox 597 1199 627 1222; x_wconf 89' lang='lat' dir='ltr'>te</span> <span class='ocrx_word' id='word_1_181' title='bbox 652 1187 748 1219; x_wconf 86' lang='lat' dir='ltr'>nimis</span> <span class='ocrx_word' id='word_1_182' title='bbox 773 1184 877 1222; x_wconf 82' lang='lat' dir='ltr'>videri</span> <span class='ocrx_word' id='word_1_183' title='bbox 901 1182 1112 1225; x_wconf 82' lang='lat' dir='ltr'>suspicacem.</span> 
     </span>
     <span class='ocr_line' id='line_1_25' title="bbox 356 1223 1361 1275; baseline -0.015 -7"><span class='ocrx_word' id='word_1_184' title='bbox 356 1231 360 1233; x_wconf 45' lang='lat'>⁵</span> <span class='ocrx_word' id='word_1_185' title='bbox 400 1246 453 1273; x_wconf 81' lang='lat'>25.</span> <span class='ocrx_word' id='word_1_186' title='bbox 478 1235 590 1275; x_wconf 81' lang='lat' dir='ltr'>Atque</span> <span class='ocrx_word' id='word_1_187' title='bbox 614 1232 738 1264; x_wconf 84' lang='lat' dir='ltr'>utinam</span> <span class='ocrx_word' id='word_1_188' title='bbox 763 1227 800 1262; x_wconf 91' lang='lat' dir='ltr'>ad</span> <span class='ocrx_word' id='word_1_189' title='bbox 826 1226 961 1269; x_wconf 76' lang='lat' dir='ltr'>cysticos</span> <span class='ocrx_word' id='word_1_190' title='bbox 987 1225 1025 1258; x_wconf 90' lang='lat' dir='ltr'>ab</span> <span class='ocrx_word' id='word_1_191' title='bbox 1051 1223 1279 1257; x_wconf 85' lang='lat' dir='ltr'>intestinorum</span> <span class='ocrx_word' id='word_1_192' title='bbox 1295 1224 1361 1258; x_wconf 83' lang='lat' dir='ltr'>cal..</span> 
     </span>
     <span class='ocr_line' id='line_1_26' title="bbox 356 1267 1360 1316; baseline -0.012 -4"><span class='ocrx_word' id='word_1_193' title='bbox 356 1280 438 1316; x_wconf 87' lang='lat' dir='ltr'>culis</span> <span class='ocrx_word' id='word_1_194' title='bbox 461 1272 745 1315; x_wconf 83' lang='lat' dir='ltr'>internoscendos‚</span> <span class='ocrx_word' id='word_1_195' title='bbox 771 1280 806 1303; x_wconf 86' lang='lat' dir='ltr'>ut</span> <span class='ocrx_word' id='word_1_196' title='bbox 831 1270 901 1303; x_wconf 85' lang='lat' dir='ltr'>sane</span> <span class='ocrx_word' id='word_1_197' title='bbox 924 1269 1016 1303; x_wconf 79' lang='lat' dir='ltr'>utilia</span> <span class='ocrx_word' id='word_1_198' title='bbox 1043 1268 1134 1305; x_wconf 82' lang='lat' dir='ltr'>sunt,</span> <span class='ocrx_word' id='word_1_199' title='bbox 1157 1268 1203 1300; x_wconf 89' lang='lat' dir='ltr'>ita</span> <span class='ocrx_word' id='word_1_200' title='bbox 1229 1267 1302 1301; x_wconf 87' lang='lat' dir='ltr'>satis</span> <span class='ocrx_word' id='word_1_201' title='bbox 1324 1280 1360 1300; x_wconf 93' lang='lat' dir='ltr'>o-</span> 
     </span>
     <span class='ocr_line' id='line_1_27' title="bbox 356 1310 1361 1360; baseline -0.018 -4"><span class='ocrx_word' id='word_1_202' title='bbox 356 1325 470 1357; x_wconf 86' lang='lat' dir='ltr'>mnino</span> <span class='ocrx_word' id='word_1_203' title='bbox 493 1319 592 1355; x_wconf 81' lang='lat' dir='ltr'>essent</span> <span class='ocrx_word' id='word_1_204' title='bbox 616 1328 687 1360; x_wconf 85' lang='lat' dir='ltr'>quae</span> <span class='ocrx_word' id='word_1_205' title='bbox 712 1313 835 1349; x_wconf 87' lang='lat' dir='ltr'>censuit</span> <span class='ocrx_word' id='word_1_206' title='bbox 860 1311 1110 1346; x_wconf 83' lang='lat' dir='ltr'>Reverhorstius</span> <span class='ocrx_word' id='word_1_207' title='bbox 1134 1310 1199 1352; x_wconf 81' lang='lat' dir='ltr'>(u)</span> <span class='ocrx_word' id='word_1_208' title='bbox 1223 1334 1230 1340; x_wconf 91' lang='lat'>.</span> <span class='ocrx_word' id='word_1_209' title='bbox 1255 1310 1361 1344; x_wconf 69' lang='lat' dir='ltr'>&#39;Proba</span> 
     </span>
     <span class='ocr_line' id='line_1_28' title="bbox 355 1353 1361 1401; baseline -0.013 -2"><span class='ocrx_word' id='word_1_210' title='bbox 355 1367 462 1401; x_wconf 76' lang='lat' dir='ltr'>horum</span> <span class='ocrx_word' id='word_1_211' title='bbox 485 1362 675 1397; x_wconf 75' lang='lat' dir='ltr'>calculorum</span> <span class='ocrx_word' id='word_1_212' title='bbox 693 1385 701 1398; x_wconf 92' lang='lat'>,</span> <span class='ocrx_word' id='word_1_213' title='bbox 726 1359 837 1400; x_wconf 87' lang='lat' dir='ltr'>inquit</span> <span class='ocrx_word' id='word_1_214' title='bbox 851 1378 859 1394; x_wconf 89' lang='lat'>‚</span> <span class='ocrx_word' id='word_1_215' title='bbox 884 1356 916 1390; x_wconf 80' lang='lat' dir='ltr'>id</span> <span class='ocrx_word' id='word_1_216' title='bbox 939 1355 977 1394; x_wconf 80' lang='lat' dir='ltr'>est</span> <span class='ocrx_word' id='word_1_217' title='bbox 995 1381 1002 1393; x_wconf 90' lang='lat'><strong><em>‚</em></strong></span> <span class='ocrx_word' id='word_1_218' title='bbox 1024 1365 1178 1388; x_wconf 68' lang='lat' dir='ltr'>anre-vern</span> <span class='ocrx_word' id='word_1_219' title='bbox 1201 1353 1314 1386; x_wconf 83' lang='lat' dir='ltr'>calculi</span> <span class='ocrx_word' id='word_1_220' title='bbox 1325 1364 1361 1387; x_wconf 85' lang='lat' dir='ltr'>ex</span> 
     </span>
     <span class='ocr_line' id='line_1_29' title="bbox 355 1397 1362 1450; baseline -0.013 -7"><span class='ocrx_word' id='word_1_221' title='bbox 355 1405 457 1443; x_wconf 63' lang='grc' dir='ltr'>’νεῖαι</span> <span class='ocrx_word' id='word_1_222' title='bbox 472 1405 571 1450; x_wconf 82' lang='lat' dir='ltr'>fellea</span> <span class='ocrx_word' id='word_1_223' title='bbox 589 1404 675 1447; x_wconf 82' lang='lat' dir='ltr'>fint‚</span> <span class='ocrx_word' id='word_1_224' title='bbox 697 1412 791 1436; x_wconf 86' lang='lat' dir='ltr'>necne</span> <span class='ocrx_word' id='word_1_225' title='bbox 813 1426 821 1440; x_wconf 85' lang='lat'><strong><em>‚</em></strong></span> <span class='ocrx_word' id='word_1_226' title='bbox 854 1399 892 1439; x_wconf 82' lang='lat' dir='ltr'>esl</span> <span class='ocrx_word' id='word_1_227' title='bbox 915 1398 994 1441; x_wconf 75' lang='lat' dir='ltr'>quod</span> <span class='ocrx_word' id='word_1_228' title='bbox 1016 1397 1050 1431; x_wconf 79' lang='lat' dir='ltr'>hi</span> <span class='ocrx_word' id='word_1_229' title='bbox 1072 1397 1186 1431; x_wconf 81' lang='lat' dir='ltr'>calculi</span> <span class='ocrx_word' id='word_1_230' title='bbox 1220 1398 1284 1439; x_wconf 87' lang='lat' dir='ltr'>igni</span> <span class='ocrx_word' id='word_1_231' title='bbox 1307 1399 1362 1430; x_wconf 69' lang='lat' dir='ltr'>acl-</span> 
     </span>
     <span class='ocr_line' id='line_1_30' title="bbox 355 1440 1363 1494; baseline -0.014 -9"><span class='ocrx_word' id='word_1_232' title='bbox 355 1454 459 1490; x_wconf 79' lang='lat' dir='ltr'>moti,</span> <span class='ocrx_word' id='word_1_233' title='bbox 479 1449 640 1494; x_wconf 82' lang='lat' dir='ltr'>flammam</span> <span class='ocrx_word' id='word_1_234' title='bbox 664 1456 723 1479; x_wconf 89' lang='lat' dir='ltr'>non</span> <span class='ocrx_word' id='word_1_235' title='bbox 747 1452 871 1477; x_wconf 76' lang='lat' dir='ltr'>tantum</span> <span class='ocrx_word' id='word_1_236' title='bbox 895 1442 1069 1485; x_wconf 76' lang='lat' dir='ltr'>concipiant</span> <span class='ocrx_word' id='word_1_237' title='bbox 1089 1440 1184 1482; x_wconf 16' lang='lat' dir='ltr'>,ised</span> <span class='ocrx_word' id='word_1_238' title='bbox 1206 1441 1247 1472; x_wconf 53' lang='lat' dir='ltr'>eb*</span> <span class='ocrx_word' id='word_1_239' title='bbox 1272 1441 1304 1472; x_wconf 86' lang='lat' dir='ltr'>in</span> <span class='ocrx_word' id='word_1_240' title='bbox 1327 1452 1363 1472; x_wconf 74' lang='lat' dir='ltr'>a..</span> 
     </span>
     <span class='ocr_line' id='line_1_31' title="bbox 355 1483 1362 1539; baseline -0.014 -11"><span class='ocrx_word' id='word_1_241' title='bbox 355 1507 450 1539; x_wconf 84' lang='lat' dir='ltr'>quam</span> <span class='ocrx_word' id='word_1_242' title='bbox 471 1491 602 1536; x_wconf 35' lang='lat' dir='ltr'>pro-jesbi</span> <span class='ocrx_word' id='word_1_243' title='bbox 625 1491 751 1525; x_wconf 83' lang='lat' dir='ltr'>minime</span> <span class='ocrx_word' id='word_1_244' title='bbox 767 1485 905 1533; x_wconf 81' lang='lat' dir='ltr'>fundum</span> <span class='ocrx_word' id='word_1_245' title='bbox 913 1493 1023 1527; x_wconf 80' lang='lat' dir='ltr'>petant</span> <span class='ocrx_word' id='word_1_246' title='bbox 1037 1510 1044 1523; x_wconf 90' lang='lat'>‚</span> <span class='ocrx_word' id='word_1_247' title='bbox 1064 1483 1119 1526; x_wconf 81' lang='lat' dir='ltr'>sed</span> <span class='ocrx_word' id='word_1_248' title='bbox 1140 1484 1236 1519; x_wconf 82' lang='lat' dir='ltr'>eidem</span> <span class='ocrx_word' id='word_1_249' title='bbox 1251 1483 1362 1525; x_wconf 65' lang='lat' dir='ltr'>super„</span> 
     </span>
     <span class='ocr_line' id='line_1_32' title="bbox 355 1526 1363 1581; baseline -0.014 -7"><span class='ocrx_word' id='word_1_250' title='bbox 355 1546 464 1574; x_wconf 74' lang='lat' dir='ltr'>natent</span> <span class='ocrx_word' id='word_1_251' title='bbox 484 1544 612 1581; x_wconf 82' lang='lat' dir='ltr'>propter</span> <span class='ocrx_word' id='word_1_252' title='bbox 622 1532 698 1566; x_wconf 83' lang='lat' dir='ltr'>bilis</span> <span class='ocrx_word' id='word_1_253' title='bbox 716 1530 894 1573; x_wconf 76' lang='lat' dir='ltr'>particulas</span> <span class='ocrx_word' id='word_1_254' title='bbox 907 1528 1019 1571; x_wconf 85' lang='lat' dir='ltr'>oleosas</span> <span class='ocrx_word' id='word_1_255' title='bbox 1033 1540 1047 1568; x_wconf 86' lang='grc'>,·</span> <span class='ocrx_word' id='word_1_256' title='bbox 1067 1527 1120 1560; x_wconf 85' lang='lat' dir='ltr'>hos</span> <span class='ocrx_word' id='word_1_257' title='bbox 1144 1526 1269 1568; x_wconf 79' lang='lat' dir='ltr'>lapillos</span> <span class='ocrx_word' id='word_1_258' title='bbox 1280 1538 1363 1560; x_wconf 88' lang='lat' dir='ltr'>com-</span> 
     </span>
     <span class='ocr_line' id='line_1_33' title="bbox 353 1570 1363 1629; baseline -0.014 -13"><span class='ocrx_word' id='word_1_259' title='bbox 353 1589 503 1629; x_wconf 74' lang='lat' dir='ltr'>ponentes</span> <span class='ocrx_word' id='word_1_260' title='bbox 529 1606 536 1613; x_wconf 90' lang='lat'>.</span> <span class='ocrx_word' id='word_1_261' title='bbox 570 1579 694 1612; x_wconf 84' lang='lat' dir='ltr'>Verum</span> <span class='ocrx_word' id='word_1_262' title='bbox 717 1584 752 1609; x_wconf 90' lang='lat' dir='ltr'>ut</span> <span class='ocrx_word' id='word_1_263' title='bbox 777 1574 815 1607; x_wconf 89' lang='lat' dir='ltr'>de</span> <span class='ocrx_word' id='word_1_264' title='bbox 850 1573 973 1606; x_wconf 79' lang='lat' dir='ltr'>caeteris</span> <span class='ocrx_word' id='word_1_265' title='bbox 996 1572 1120 1606; x_wconf 81' lang='lat' dir='ltr'>bilariis</span> <span class='ocrx_word' id='word_1_266' title='bbox 1144 1571 1275 1604; x_wconf 82' lang='lat' dir='ltr'>calculis</span> <span class='ocrx_word' id='word_1_267' title='bbox 1308 1570 1363 1606; x_wconf 88' lang='lat' dir='ltr'>hic</span> 
     </span>
     <span class='ocr_line' id='line_1_34' title="bbox 355 1615 1361 1667; baseline -0.014 -7"><span class='ocrx_word' id='word_1_268' title='bbox 355 1622 424 1661; x_wconf 34' lang='lat' dir='ltr'>non*</span> <span class='ocrx_word' id='word_1_269' title='bbox 445 1634 587 1667; x_wconf 66' lang='lat' dir='ltr'>quaeram</span> <span class='ocrx_word' id='word_1_270' title='bbox 608 1643 617 1659; x_wconf 83' lang='lat'><strong>‚</strong></span> <span class='ocrx_word' id='word_1_271' title='bbox 653 1631 690 1653; x_wconf 89' lang='lat' dir='ltr'>au</span> <span class='ocrx_word' id='word_1_272' title='bbox 715 1619 755 1653; x_wconf 87' lang='lat' dir='ltr'>sic</span> <span class='ocrx_word' id='word_1_273' title='bbox 781 1629 797 1651; x_wconf 79' lang='lat' dir='ltr'>a</span> <span class='ocrx_word' id='word_1_274' title='bbox 820 1616 948 1659; x_wconf 83' lang='lat' dir='ltr'>cystici&#39;s</span> <span class='ocrx_word' id='word_1_275' title='bbox 972 1615 1210 1656; x_wconf 78' lang='lat' dir='ltr'>distinguantur</span> <span class='ocrx_word' id='word_1_276' title='bbox 1231 1625 1242 1651; x_wconf 82' lang='lat'>3</span> <span class='ocrx_word' id='word_1_277' title='bbox 1277 1624 1361 1647; x_wconf 87' lang='lat' dir='ltr'>certe</span> 
     </span>
     <span class='ocr_line' id='line_1_35' title="bbox 355 1657 1363 1706; baseline -0.014 -3"><span class='ocrx_word' id='word_1_278' title='bbox 355 1669 490 1704; x_wconf 84' lang='lat' dir='ltr'>Bidlous</span> <span class='ocrx_word' id='word_1_279' title='bbox 514 1670 528 1706; x_wconf 95' lang='lat'><strong>(</strong></span> <span class='ocrx_word' id='word_1_280' title='bbox 550 1677 571 1699; x_wconf 88' lang='lat' dir='ltr'><em>x</em></span> <span class='ocrx_word' id='word_1_281' title='bbox 595 1668 605 1703; x_wconf 91' lang='lat'>)</span> <span class='ocrx_word' id='word_1_282' title='bbox 629 1674 704 1696; x_wconf 89' lang='lat' dir='ltr'>cum</span> <span class='ocrx_word' id='word_1_283' title='bbox 728 1662 837 1703; x_wconf 79' lang='lat' dir='ltr'>paucis</span> <span class='ocrx_word' id='word_1_284' title='bbox 861 1659 929 1701; x_wconf 89' lang='lat' dir='ltr'>post</span> <span class='ocrx_word' id='word_1_285' title='bbox 951 1659 1041 1692; x_wconf 83' lang='lat' dir='ltr'>annis</span> <span class='ocrx_word' id='word_1_286' title='bbox 1066 1658 1239 1695; x_wconf 81' lang='lat' dir='ltr'>scriberet,</span> <span class='ocrx_word' id='word_1_287' title='bbox 1262 1657 1363 1690; x_wconf 66' lang='lat' dir='ltr'>calcu-</span> 
     </span>
     <span class='ocr_line' id='line_1_36' title="bbox 356 1699 1362 1749; baseline -0.018 -1"><span class='ocrx_word' id='word_1_288' title='bbox 356 1714 404 1748; x_wconf 76' lang='lat' dir='ltr'>los</span> <span class='ocrx_word' id='word_1_289' title='bbox 428 1722 465 1745; x_wconf 83' lang='lat' dir='ltr'>ex</span> <span class='ocrx_word' id='word_1_290' title='bbox 488 1709 550 1749; x_wconf 76' lang='lat' dir='ltr'>bile</span> <span class='ocrx_word' id='word_1_291' title='bbox 574 1705 831 1746; x_wconf 61' lang='lat' dir='ltr'>oriundos‘nquis</span> <span class='ocrx_word' id='word_1_292' title='bbox 856 1703 1016 1739; x_wconf 81' lang='lat' dir='ltr'>innatare,</span> <span class='ocrx_word' id='word_1_293' title='bbox 1040 1709 1133 1742; x_wconf 82' lang='lat' dir='ltr'>atque</span> <span class='ocrx_word' id='word_1_294' title='bbox 1146 1703 1233 1742; x_wconf 84' lang='lat' dir='ltr'>igne,</span> <span class='ocrx_word' id='word_1_295' title='bbox 1259 1699 1362 1742; x_wconf 79' lang='lat' dir='ltr'>cujus-</span> 
     </span>
     <span class='ocr_line' id='line_1_37' title="bbox 356 1742 1361 1798; baseline -0.018 -6"><span class='ocrx_word' id='word_1_296' title='bbox 356 1751 476 1798; x_wconf 80' lang='lat' dir='ltr'>¹cunque</span> <span class='ocrx_word' id='word_1_297' title='bbox 494 1752 559 1797; x_wconf 83' lang='lat' dir='ltr'>sint</span> <span class='ocrx_word' id='word_1_298' title='bbox 581 1749 709 1788; x_wconf 77' lang='lat' dir='ltr'>coloris,</span> <span class='ocrx_word' id='word_1_299' title='bbox 727 1746 857 1790; x_wconf 67' lang='lat' dir='ltr'>figurae,</span> <span class='ocrx_word' id='word_1_300' title='bbox 884 1745 926 1778; x_wconf 62' lang='lat'>(9⁸</span> <span class='ocrx_word' id='word_1_301' title='bbox 949 1744 1173 1786; x_wconf 73' lang='lat' dir='ltr'>magnitudinis</span> <span class='ocrx_word' id='word_1_302' title='bbox 1194 1766 1206 1784; x_wconf 87' lang='lat'><em>‚</em></span> <span class='ocrx_word' id='word_1_303' title='bbox 1238 1742 1361 1775; x_wconf 83' lang='lat' dir='ltr'>combu-</span> 
     </span>
     <span class='ocr_line' id='line_1_38' title="bbox 356 1785 1363 1844; baseline -0.016 -10"><span class='ocrx_word' id='word_1_304' title='bbox 356 1801 465 1844; x_wconf 58' lang='lat' dir='ltr'>rendos</span> <span class='ocrx_word' id='word_1_305' title='bbox 488 1795 612 1836; x_wconf 74' lang='lat' dir='ltr'>existere</span> <span class='ocrx_word' id='word_1_306' title='bbox 633 1817 642 1832; x_wconf 94' lang='lat'><em>‚</em></span> <span class='ocrx_word' id='word_1_307' title='bbox 680 1793 837 1826; x_wconf 88' lang='lat' dir='ltr'>continuo</span> <span class='ocrx_word' id='word_1_308' title='bbox 861 1787 928 1823; x_wconf 87' lang='lat' dir='ltr'>haec</span> <span class='ocrx_word' id='word_1_309' title='bbox 953 1787 1077 1822; x_wconf 88' lang='lat' dir='ltr'>addidit</span> <span class='ocrx_word' id='word_1_310' title='bbox 1099 1810 1108 1826; x_wconf 89' lang='lat'>‚</span> <span class='ocrx_word' id='word_1_311' title='bbox 1133 1795 1168 1820; x_wconf 83' lang='lat' dir='ltr'>ut</span> <span class='ocrx_word' id='word_1_312' title='bbox 1186 1785 1363 1828; x_wconf 81' lang='lat' dir='ltr'>plurimum</span> 
     </span>
     <span class='ocr_line' id='line_1_39' title="bbox 356 1830 1363 1882; baseline -0.015 -4"><span class='ocrx_word' id='word_1_313' title='bbox 356 1853 483 1878; x_wconf 82' lang='lat' dir='ltr'>autem:</span> <span class='ocrx_word' id='word_1_314' title='bbox 509 1850 606 1882; x_wconf 85' lang='lat' dir='ltr'>quam</span> <span class='ocrx_word' id='word_1_315' title='bbox 633 1836 834 1870; x_wconf 85' lang='lat' dir='ltr'>additionem</span> <span class='ocrx_word' id='word_1_316' title='bbox 860 1844 897 1866; x_wconf 90' lang='lat' dir='ltr'>an</span> <span class='ocrx_word' id='word_1_317' title='bbox 921 1831 1095 1874; x_wconf 83' lang='lat' dir='ltr'>quisquam</span> <span class='ocrx_word' id='word_1_318' title='bbox 1118 1830 1156 1863; x_wconf 93' lang='lat' dir='ltr'>de</span> <span class='ocrx_word' id='word_1_319' title='bbox 1172 1830 1283 1863; x_wconf 90' lang='lat' dir='ltr'>multis</span> <span class='ocrx_word' id='word_1_320' title='bbox 1307 1830 1363 1863; x_wconf 81' lang='lat' dir='ltr'>illa</span> 
     </span>
     <span class='ocr_line' id='line_1_40' title="bbox 355 1872 1364 1930; baseline -0.015 -10"><span class='ocrx_word' id='word_1_321' title='bbox 355 1880 426 1930; x_wconf 74' lang='lat' dir='ltr'>ejus</span> <span class='ocrx_word' id='word_1_322' title='bbox 449 1885 543 1918; x_wconf 90' lang='lat' dir='ltr'>verba</span> <span class='ocrx_word' id='word_1_323' title='bbox 555 1881 827 1925; x_wconf 78' lang='lat' dir='ltr'>producentibus,</span> <span class='ocrx_word' id='word_1_324' title='bbox 853 1873 1138 1910; x_wconf 85' lang='lat' dir='ltr'>autindicautibus</span> <span class='ocrx_word' id='word_1_325' title='bbox 1162 1872 1364 1906; x_wconf 83' lang='lat' dir='ltr'>animadver-</span> 
     </span>
     <span class='ocr_line' id='line_1_41' title="bbox 354 1918 1363 1970; baseline -0.016 -5"><span class='ocrx_word' id='word_1_326' title='bbox 354 1922 459 1970; x_wconf 61' lang='lat' dir='ltr'>⁴terit,</span> <span class='ocrx_word' id='word_1_327' title='bbox 483 1927 567 1962; x_wconf 89' lang='lat' dir='ltr'>haud</span> <span class='ocrx_word' id='word_1_328' title='bbox 593 1925 667 1959; x_wconf 87' lang='lat' dir='ltr'>satis</span> <span class='ocrx_word' id='word_1_329' title='bbox 691 1922 783 1958; x_wconf 86' lang='lat' dir='ltr'>scio·‚</span> <span class='ocrx_word' id='word_1_330' title='bbox 816 1933 864 1954; x_wconf 90' lang='lat' dir='ltr'>me</span> <span class='ocrx_word' id='word_1_331' title='bbox 887 1919 1019 1962; x_wconf 82' lang='lat' dir='ltr'>quidem</span> <span class='ocrx_word' id='word_1_332' title='bbox 1042 1918 1148 1951; x_wconf 89' lang='lat' dir='ltr'>fateor</span> <span class='ocrx_word' id='word_1_333' title='bbox 1171 1941 1179 1955; x_wconf 91' lang='lat'>,</span> <span class='ocrx_word' id='word_1_334' title='bbox 1202 1927 1267 1949; x_wconf 88' lang='lat' dir='ltr'>non</span> <span class='ocrx_word' id='word_1_335' title='bbox 1291 1925 1363 1949; x_wconf 86' lang='lat' dir='ltr'>ante</span> 
     </span>
     <span class='ocr_line' id='line_1_42' title="bbox 356 1959 1363 2014; baseline -0.018 -5"><span class='ocrx_word' id='word_1_336' title='bbox 356 1967 429 2014; x_wconf 34' lang='lat' dir='ltr'>*hoc*</span> <span class='ocrx_word' id='word_1_337' title='bbox 444 1982 571 2012; x_wconf 84' lang='lat' dir='ltr'>tempus</span> <span class='ocrx_word' id='word_1_338' title='bbox 595 1961 875 2004; x_wconf 66' lang='lat' dir='ltr'>animadvertisse.</span> <span class='ocrx_word' id='word_1_339' title='bbox 901 1965 1079 1999; x_wconf 79' lang='lat' dir='ltr'>Praeterea;</span> <span class='ocrx_word' id='word_1_340' title='bbox 1106 1970 1140 1994; x_wconf 87' lang='lat' dir='ltr'>ut</span> <span class='ocrx_word' id='word_1_341' title='bbox 1163 1960 1202 1993; x_wconf 90' lang='lat' dir='ltr'>de</span> <span class='ocrx_word' id='word_1_342' title='bbox 1227 1959 1363 1992; x_wconf 83' lang='lat' dir='ltr'>levitate</span> 
     </span>
     <span class='ocr_line' id='line_1_43' title="bbox 356 2000 1365 2063; baseline -0.018 -11"><span class='ocrx_word' id='word_1_343' title='bbox 356 2012 452 2063; x_wconf 76' lang='lat' dir='ltr'>prius</span> <span class='ocrx_word' id='word_1_344' title='bbox 462 2017 567 2049; x_wconf 89' lang='lat' dir='ltr'>dicam</span> <span class='ocrx_word' id='word_1_345' title='bbox 579 2036 589 2053; x_wconf 88' lang='lat'>,</span> <span class='ocrx_word' id='word_1_346' title='bbox 601 2013 640 2047; x_wconf 88' lang='lat' dir='ltr'>de</span> <span class='ocrx_word' id='word_1_347' title='bbox 654 2007 942 2051; x_wconf 74' lang='lat' dir='ltr'>inflammabilitate</span> <span class='ocrx_word' id='word_1_348' title='bbox 956 2005 1059 2048; x_wconf 87' lang='lat' dir='ltr'>postea</span> <span class='ocrx_word' id='word_1_349' title='bbox 1071 2004 1213 2038; x_wconf 64' lang='lat' dir='ltr'>dicturus</span> <span class='ocrx_word' id='word_1_350' title='bbox 1228 2015 1239 2042; x_wconf 77' lang='lat'>5</span> <span class='ocrx_word' id='word_1_351' title='bbox 1253 2000 1365 2035; x_wconf 85' lang='lat' dir='ltr'>Scbef-</span> 
     </span>
     <span class='ocr_line' id='line_1_44' title="bbox 359 2047 1365 2101; baseline -0.016 -8"><span class='ocrx_word' id='word_1_352' title='bbox 359 2062 457 2100; x_wconf 78' lang='lat' dir='ltr'>felius</span> <span class='ocrx_word' id='word_1_353' title='bbox 481 2058 548 2101; x_wconf 78' lang='lat' dir='ltr'>(y)</span> <span class='ocrx_word' id='word_1_354' title='bbox 574 2057 724 2090; x_wconf 79' lang='lat' dir='ltr'>admonet</span> <span class='ocrx_word' id='word_1_355' title='bbox 748 2080 756 2093; x_wconf 94' lang='lat'>‚</span> <span class='ocrx_word' id='word_1_356' title='bbox 780 2049 1047 2086; x_wconf 80' lang='lat' dir='ltr'>Reverhorllium</span> <span class='ocrx_word' id='word_1_357' title='bbox 1073 2061 1088 2080; x_wconf 86' lang='lat' dir='ltr'>a</span> <span class='ocrx_word' id='word_1_358' title='bbox 1112 2047 1293 2082; x_wconf 85' lang='lat' dir='ltr'>Valentino</span> <span class='ocrx_word' id='word_1_359' title='bbox 1317 2056 1365 2078; x_wconf 84' lang='lat' dir='ltr'>re-</span> 
     </span>
     <span class='ocr_line' id='line_1_45' title="bbox 356 2092 1365 2152; baseline -0.02 -12"><span class='ocrx_word' id='word_1_360' title='bbox 356 2100 465 2152; x_wconf 79' lang='lat' dir='ltr'>futari</span> <span class='ocrx_word' id='word_1_361' title='bbox 486 2104 555 2136; x_wconf 83' lang='lat' dir='ltr'>tum</span> <span class='ocrx_word' id='word_1_362' title='bbox 578 2098 697 2136; x_wconf 70' lang='lat' dir='ltr'>calculo</span> <span class='ocrx_word' id='word_1_363' title='bbox 712 2094 906 2139; x_wconf 80' lang='lat' dir='ltr'>fimiliaquae</span> <span class='ocrx_word' id='word_1_364' title='bbox 928 2103 986 2125; x_wconf 88' lang='lat' dir='ltr'>non</span> <span class='ocrx_word' id='word_1_365' title='bbox 998 2092 1162 2126; x_wconf 72' lang='lat' dir='ltr'>innatante</span> <span class='ocrx_word' id='word_1_366' title='bbox 1177 2113 1185 2125; x_wconf 89' lang='lat'>‚</span> <span class='ocrx_word' id='word_1_367' title='bbox 1210 2098 1365 2130; x_wconf 64' lang='lat' dir='ltr'>tuinaegar</span> 
     </span>
     <span class='ocr_line' id='line_1_46' title="bbox 355 2131 1366 2194; baseline -0.019 -12"><span class='ocrx_word' id='word_1_368' title='bbox 355 2143 493 2194; x_wconf 77' lang='lat' dir='ltr'>‘gropi&#39;lis</span> <span class='ocrx_word' id='word_1_369' title='bbox 514 2155 597 2186; x_wconf 80' lang='lat' dir='ltr'>aquae</span> <span class='ocrx_word' id='word_1_370' title='bbox 618 2136 856 2176; x_wconf 78' lang='lat' dir='ltr'>innatantibus,</span> <span class='ocrx_word' id='word_1_371' title='bbox 878 2136 950 2169; x_wconf 81' lang='lat' dir='ltr'>licet</span> <span class='ocrx_word' id='word_1_372' title='bbox 974 2145 1032 2168; x_wconf 86' lang='lat' dir='ltr'>non</span> <span class='ocrx_word' id='word_1_373' title='bbox 1043 2135 1075 2167; x_wconf 90' lang='lat' dir='ltr'>in</span> <span class='ocrx_word' id='word_1_374' title='bbox 1098 2131 1209 2175; x_wconf 60' lang='lat' dir='ltr'>oisiicle</span> <span class='ocrx_word' id='word_1_375' title='bbox 1220 2141 1366 2175; x_wconf 79' lang='lat' dir='ltr'>generen-</span> 
     </span>
     <span class='ocr_line' id='line_1_47' title="bbox 362 2177 1365 2228; baseline -0.02 -2"><span class='ocrx_word' id='word_1_376' title='bbox 362 2202 435 2228; x_wconf 79' lang='lat' dir='ltr'>tur.</span> <span class='ocrx_word' id='word_1_377' title='bbox 462 2190 518 2223; x_wconf 80' lang='lat' dir='ltr'>Sed</span> <span class='ocrx_word' id='word_1_378' title='bbox 544 2191 571 2219; x_wconf 70' lang='lat' dir='ltr'>esc</span> <span class='ocrx_word' id='word_1_379' title='bbox 593 2183 745 2228; x_wconf 82' lang='lat' dir='ltr'>plui-imis</span> <span class='ocrx_word' id='word_1_380' title='bbox 768 2189 842 2213; x_wconf 86' lang='lat' dir='ltr'>ante</span> <span class='ocrx_word' id='word_1_381' title='bbox 864 2179 923 2213; x_wconf 86' lang='lat' dir='ltr'>hos</span> <span class='ocrx_word' id='word_1_382' title='bbox 955 2189 1066 2212; x_wconf 86' lang='lat' dir='ltr'>omnes</span> <span class='ocrx_word' id='word_1_383' title='bbox 1090 2177 1178 2212; x_wconf 89' lang='lat' dir='ltr'>annis</span> <span class='ocrx_word' id='word_1_384' title='bbox 1201 2177 1365 2208; x_wconf 87' lang='lat' dir='ltr'>Ottonem</span> 
     </span>
     <span class='ocr_line' id='line_1_48' title="bbox 363 2217 1367 2273; baseline -0.02 -3"><span class='ocrx_word' id='word_1_385' title='bbox 363 2229 548 2271; x_wconf 79' lang='lat' dir='ltr'>Heurniurn</span> <span class='ocrx_word' id='word_1_386' title='bbox 575 2230 635 2273; x_wconf 58' lang='lat' dir='ltr'>(z</span> <span class='ocrx_word' id='word_1_387' title='bbox 654 2232 668 2269; x_wconf 84' lang='grc'>&gt;</span> <span class='ocrx_word' id='word_1_388' title='bbox 691 2224 871 2259; x_wconf 85' lang='lat' dir='ltr'>tradentem</span> <span class='ocrx_word' id='word_1_389' title='bbox 896 2222 969 2264; x_wconf 81' lang='lat' dir='ltr'>lego</span> <span class='ocrx_word' id='word_1_390' title='bbox 992 2246 1001 2262; x_wconf 89' lang='lat'><strong><em>‚</em></strong></span> <span class='ocrx_word' id='word_1_391' title='bbox 1024 2231 1087 2256; x_wconf 87' lang='lat' dir='ltr'>tres</span> <span class='ocrx_word' id='word_1_392' title='bbox 1110 2222 1143 2253; x_wconf 88' lang='lat' dir='ltr'>in</span> <span class='ocrx_word' id='word_1_393' title='bbox 1168 2219 1247 2262; x_wconf 88' lang='lat' dir='ltr'>cysti</span> <span class='ocrx_word' id='word_1_394' title='bbox 1274 2217 1367 2251; x_wconf 85' lang='lat' dir='ltr'>fellea</span> 
     </span>
     <span class='ocr_line' id='line_1_49' title="bbox 367 2259 1370 2315; baseline -0.019 -3"><span class='ocrx_word' id='word_1_395' title='bbox 367 2274 519 2315; x_wconf 75' lang='lat' dir='ltr'>inventos</span> <span class='ocrx_word' id='word_1_396' title='bbox 545 2276 584 2308; x_wconf 91' lang='lat' dir='ltr'>ab</span> <span class='ocrx_word' id='word_1_397' title='bbox 607 2273 635 2307; x_wconf 93' lang='lat' dir='ltr'>se</span> <span class='ocrx_word' id='word_1_398' title='bbox 658 2270 799 2305; x_wconf 81' lang='lat' dir='ltr'>calculos</span> <span class='ocrx_word' id='word_1_399' title='bbox 822 2277 905 2308; x_wconf 79' lang='lat' dir='ltr'>aquae</span> <span class='ocrx_word' id='word_1_400' title='bbox 928 2264 1057 2308; x_wconf 72' lang='lat' dir='ltr'>injet&#39;z‘os</span> <span class='ocrx_word' id='word_1_401' title='bbox 1080 2274 1138 2297; x_wconf 89' lang='lat' dir='ltr'>non</span> <span class='ocrx_word' id='word_1_402' title='bbox 1161 2259 1275 2305; x_wconf 63' lang='lat' dir='ltr'>narcisse</span> <span class='ocrx_word' id='word_1_403' title='bbox 1300 2288 1308 2301; x_wconf 90' lang='lat'>,</span> <span class='ocrx_word' id='word_1_404' title='bbox 1333 2269 1370 2294; x_wconf 85' lang='lat' dir='ltr'>ut</span> 
     </span>
     <span class='ocr_line' id='line_1_50' title="bbox 366 2307 1372 2364; baseline -0.02 -8"><span class='ocrx_word' id='word_1_405' title='bbox 366 2322 464 2363; x_wconf 82' lang='lat' dir='ltr'>multi</span> <span class='ocrx_word' id='word_1_406' title='bbox 481 2319 625 2364; x_wconf 84' lang='lat' dir='ltr'>scribunt</span> <span class='ocrx_word' id='word_1_407' title='bbox 650 2340 658 2354; x_wconf 85' lang='lat'>‚</span> <span class='ocrx_word' id='word_1_408' title='bbox 686 2313 740 2356; x_wconf 78' lang='lat' dir='ltr'>scd</span> <span class='ocrx_word' id='word_1_409' title='bbox 755 2307 917 2353; x_wconf 74' lang='lat' dir='ltr'>subsedisse</span> <span class='ocrx_word' id='word_1_410' title='bbox 941 2333 948 2342; x_wconf 92' lang='lat'>.</span> <span class='ocrx_word' id='word_1_411' title='bbox 988 2309 1117 2341; x_wconf 88' lang='lat' dir='ltr'>Scilicet</span> <span class='ocrx_word' id='word_1_412' title='bbox 1141 2307 1216 2339; x_wconf 85' lang='lat' dir='ltr'>alias</span> <span class='ocrx_word' id='word_1_413' title='bbox 1239 2310 1252 2345; x_wconf 91' lang='lat'>(</span> <span class='ocrx_word' id='word_1_414' title='bbox 1276 2316 1293 2336; x_wconf 89' lang='lat' dir='ltr'><em>a</em></span> <span class='ocrx_word' id='word_1_415' title='bbox 1318 2308 1329 2343; x_wconf 87' lang='lat'><em>)</em></span> <span class='ocrx_word' id='word_1_416' title='bbox 1354 2317 1372 2337; x_wconf 90' lang='lat' dir='ltr'>a</span> 
     </span>
     <span class='ocr_line' id='line_1_51' title="bbox 367 2346 1374 2404; baseline -0.02 -4"><span class='ocrx_word' id='word_1_417' title='bbox 367 2379 418 2404; x_wconf 86' lang='lat' dir='ltr'>me</span> <span class='ocrx_word' id='word_1_418' title='bbox 432 2364 618 2399; x_wconf 87' lang='lat' dir='ltr'>nominatos</span> <span class='ocrx_word' id='word_1_419' title='bbox 627 2356 813 2400; x_wconf 80' lang='lat' dir='ltr'>designabat</span> <span class='ocrx_word' id='word_1_420' title='bbox 831 2352 1033 2388; x_wconf 85' lang='lat' dir='ltr'>Fernelium‚</span> <span class='ocrx_word' id='word_1_421' title='bbox 1056 2350 1234 2384; x_wconf 85' lang='lat' dir='ltr'>Riolanum</span> <span class='ocrx_word' id='word_1_422' title='bbox 1247 2371 1258 2388; x_wconf 80' lang='lat'>,</span> <span class='ocrx_word' id='word_1_423' title='bbox 1280 2346 1374 2381; x_wconf 85' lang='lat' dir='ltr'>alios-</span> 
     </span>
     <span class='ocr_line' id='line_1_52' title="bbox 370 2392 1374 2451; baseline -0.016 -13"><span class='ocrx_word' id='word_1_424' title='bbox 370 2400 453 2451; x_wconf 57' lang='lat' dir='ltr'>que]</span> <span class='ocrx_word' id='word_1_425' title='bbox 480 2409 513 2440; x_wconf 64' lang='lat'>3„</span> <span class='ocrx_word' id='word_1_426' title='bbox 538 2405 655 2448; x_wconf 69' lang='lat' dir='ltr'>quibus</span> <span class='ocrx_word' id='word_1_427' title='bbox 679 2401 777 2434; x_wconf 76' lang='lat' dir='ltr'>etiam</span> <span class='ocrx_word' id='word_1_428' title='bbox 803 2395 866 2429; x_wconf 75' lang='lat' dir='ltr'>fuit</span> <span class='ocrx_word' id='word_1_429' title='bbox 891 2395 1058 2427; x_wconf 62' lang='lat' dir='ltr'>Homerios</span> <span class='ocrx_word' id='word_1_430' title='bbox 1085 2392 1147 2432; x_wconf 81' lang='lat' dir='ltr'>(b)</span> <span class='ocrx_word' id='word_1_431' title='bbox 1171 2417 1177 2425; x_wconf 94' lang='lat'>.</span> <span class='ocrx_word' id='word_1_432' title='bbox 1201 2393 1320 2432; x_wconf 78' lang='lat' dir='ltr'>Qos,</span> <span class='ocrx_word' id='word_1_433' title='bbox 1344 2393 1374 2423; x_wconf 67' lang='grc' dir='ltr'>δι</span> 
     </span>
     <span class='ocr_line' id='line_1_53' title="bbox 373 2434 1375 2487; baseline -0.022 1"><span class='ocrx_word' id='word_1_434' title='bbox 373 2449 642 2487; x_wconf 80' lang='lat' dir='ltr'>Reverhorstium</span> <span class='ocrx_word' id='word_1_435' title='bbox 678 2442 894 2477; x_wconf 63' lang='lat' dir='ltr'>nihilominus</span> <span class='ocrx_word' id='word_1_436' title='bbox 918 2437 1007 2480; x_wconf 90' lang='lat' dir='ltr'>sequi</span> <span class='ocrx_word' id='word_1_437' title='bbox 1046 2436 1193 2469; x_wconf 84' lang='lat' dir='ltr'>homines</span> <span class='ocrx_word' id='word_1_438' title='bbox 1218 2434 1266 2467; x_wconf 90' lang='lat' dir='ltr'>vel</span> <span class='ocrx_word' id='word_1_439' title='bbox 1294 2436 1375 2466; x_wconf 80' lang='lat' dir='ltr'>Prae-</span> 
     </span>
     <span class='ocr_line' id='line_1_54' title="bbox 370 2477 1376 2531; baseline -0.023 -1"><span class='ocrx_word' id='word_1_440' title='bbox 370 2489 551 2531; x_wconf 83' lang='lat' dir='ltr'>stantiffimi</span> <span class='ocrx_word' id='word_1_441' title='bbox 574 2490 629 2524; x_wconf 89' lang='lat' dir='ltr'>diu</span> <span class='ocrx_word' id='word_1_442' title='bbox 654 2491 885 2530; x_wconf 79' lang='lat' dir='ltr'>perrexerunt,</span> <span class='ocrx_word' id='word_1_443' title='bbox 908 2492 989 2523; x_wconf 84' lang='lat' dir='ltr'>quos</span> <span class='ocrx_word' id='word_1_444' title='bbox 1011 2482 1094 2512; x_wconf 88' lang='lat' dir='ltr'>inter</span> <span class='ocrx_word' id='word_1_445' title='bbox 1119 2478 1191 2512; x_wconf 89' lang='lat' dir='ltr'>satis</span> <span class='ocrx_word' id='word_1_446' title='bbox 1214 2477 1258 2511; x_wconf 83' lang='lat' dir='ltr'>est</span> <span class='ocrx_word' id='word_1_447' title='bbox 1282 2478 1376 2518; x_wconf 51' lang='lat' dir='ltr'>Ruya</span> 
     </span>
     <span class='ocr_line' id='line_1_55' title="bbox 372 2519 1376 2580; baseline -0.02 -7"><span class='ocrx_word' id='word_1_448' title='bbox 372 2532 500 2575; x_wconf 69' lang='lat' dir='ltr'>[chium</span> <span class='ocrx_word' id='word_1_449' title='bbox 522 2537 584 2580; x_wconf 87' lang='lat' dir='ltr'>(c)</span> <span class='ocrx_word' id='word_1_450' title='bbox 600 2559 607 2573; x_wconf 85' lang='lat'>,</span> <span class='ocrx_word' id='word_1_451' title='bbox 630 2536 659 2565; x_wconf 77' lang='grc' dir='ltr'>δι</span> <span class='ocrx_word' id='word_1_452' title='bbox 674 2531 848 2571; x_wconf 71' lang='lat' dir='ltr'>Rei-gerum</span> <span class='ocrx_word' id='word_1_453' title='bbox 873 2523 941 2566; x_wconf 87' lang='lat' dir='ltr'>(d)</span> <span class='ocrx_word' id='word_1_454' title='bbox 967 2522 1163 2557; x_wconf 80' lang='lat' dir='ltr'>nominasse:</span> <span class='ocrx_word' id='word_1_455' title='bbox 1190 2532 1246 2554; x_wconf 91' lang='lat' dir='ltr'>nec</span> <span class='ocrx_word' id='word_1_456' title='bbox 1261 2519 1376 2554; x_wconf 84' lang='lat' dir='ltr'>desunt</span> 
     </span>
     <span class='ocr_line' id='line_1_56' title="bbox 373 2564 1379 2623; baseline -0.025 -4"><span class='ocrx_word' id='word_1_457' title='bbox 373 2579 478 2619; x_wconf 69' lang='lat' dir='ltr'>‘adhuc</span> <span class='ocrx_word' id='word_1_458' title='bbox 502 2580 558 2623; x_wconf 88' lang='lat' dir='ltr'>qui</span> <span class='ocrx_word' id='word_1_459' title='bbox 584 2577 774 2619; x_wconf 82' lang='lat' dir='ltr'>sequantur,</span> <span class='ocrx_word' id='word_1_460' title='bbox 798 2570 856 2603; x_wconf 87' lang='lat' dir='ltr'>hos</span> <span class='ocrx_word' id='word_1_461' title='bbox 867 2568 1026 2608; x_wconf 79' lang='lat' dir='ltr'>calculos,</span> <span class='ocrx_word' id='word_1_462' title='bbox 1050 2566 1113 2599; x_wconf 81' lang='lat' dir='ltr'>sine</span> <span class='ocrx_word' id='word_1_463' title='bbox 1126 2565 1189 2598; x_wconf 82' lang='lat' dir='ltr'>ulla</span> <span class='ocrx_word' id='word_1_464' title='bbox 1213 2564 1379 2604; x_wconf 83' lang='lat' dir='ltr'>exceptio-</span> 
     </span>
     <span class='ocr_line' id='line_1_57' title="bbox 375 2608 1377 2667; baseline -0.022 -8"><span class='ocrx_word' id='word_1_465' title='bbox 375 2639 436 2667; x_wconf 86' lang='lat' dir='ltr'>ne,</span> <span class='ocrx_word' id='word_1_466' title='bbox 458 2627 600 2658; x_wconf 86' lang='lat' dir='ltr'>innatare</span> <span class='ocrx_word' id='word_1_467' title='bbox 624 2621 656 2652; x_wconf 87' lang='lat' dir='ltr'>in</span> <span class='ocrx_word' id='word_1_468' title='bbox 683 2627 763 2658; x_wconf 85' lang='lat' dir='ltr'>aqua</span> <span class='ocrx_word' id='word_1_469' title='bbox 781 2640 788 2653; x_wconf 77' lang='lat'><em>‚</em></span> <span class='ocrx_word' id='word_1_470' title='bbox 811 2611 1003 2653; x_wconf 84' lang='lat' dir='ltr'>scribentes.</span> <span class='ocrx_word' id='word_1_471' title='bbox 1029 2610 1070 2642; x_wconf 87' lang='lat' dir='ltr'>Et</span> <span class='ocrx_word' id='word_1_472' title='bbox 1096 2609 1165 2641; x_wconf 87' lang='lat' dir='ltr'>sane</span> <span class='ocrx_word' id='word_1_473' title='bbox 1180 2608 1377 2656; x_wconf 79' lang='lat' dir='ltr'>experimen-</span> 
     </span>
     <span class='ocr_line' id='line_1_58' title="bbox 373 2649 1377 2704; baseline -0.02 -2"><span class='ocrx_word' id='word_1_474' title='bbox 373 2679 408 2704; x_wconf 87' lang='lat' dir='ltr'>ta</span> <span class='ocrx_word' id='word_1_475' title='bbox 430 2670 497 2703; x_wconf 83' lang='lat' dir='ltr'>illis</span> <span class='ocrx_word' id='word_1_476' title='bbox 520 2666 560 2701; x_wconf 84' lang='lat' dir='ltr'>fic</span> <span class='ocrx_word' id='word_1_477' title='bbox 586 2658 846 2704; x_wconf 83' lang='lat' dir='ltr'>respondebant:</span> <span class='ocrx_word' id='word_1_478' title='bbox 878 2652 1150 2697; x_wconf 82' lang='lat' dir='ltr'>quemadmodum</span> <span class='ocrx_word' id='word_1_479' title='bbox 1175 2652 1301 2700; x_wconf 29' lang='lat' dir='ltr'>&amp;taliis</span> <span class='ocrx_word' id='word_1_480' title='bbox 1324 2649 1377 2697; x_wconf 71' lang='lat' dir='ltr'>vel</span> 
     </span>
     <span class='ocr_line' id='line_1_59' title="bbox 364 2693 1378 2751; baseline -0.02 -7"><span class='ocrx_word' id='word_1_481' title='bbox 364 2704 475 2749; x_wconf 48' lang='lat' dir='ltr'>&#39;&#39;tm-ic,</span> <span class='ocrx_word' id='word_1_482' title='bbox 501 2711 549 2749; x_wconf 83' lang='lat' dir='ltr'>vel</span> <span class='ocrx_word' id='word_1_483' title='bbox 572 2709 700 2751; x_wconf 81' lang='lat' dir='ltr'>postea,</span> <span class='ocrx_word' id='word_1_484' title='bbox 723 2713 759 2735; x_wconf 83' lang='lat' dir='ltr'>ut</span> <span class='ocrx_word' id='word_1_485' title='bbox 772 2699 926 2733; x_wconf 88' lang='lat' dir='ltr'>Cunrado</span> <span class='ocrx_word' id='word_1_486' title='bbox 951 2705 963 2737; x_wconf 87' lang='lat'>(</span> <span class='ocrx_word' id='word_1_487' title='bbox 983 2708 997 2730; x_wconf 86' lang='lat' dir='ltr'>e</span> <span class='ocrx_word' id='word_1_488' title='bbox 1021 2700 1057 2735; x_wconf 88' lang='lat'>),</span> <span class='ocrx_word' id='word_1_489' title='bbox 1082 2694 1249 2745; x_wconf 76' lang='lat' dir='ltr'>Tremelio</span> <span class='ocrx_word' id='word_1_490' title='bbox 1271 2693 1321 2744; x_wconf 67' lang='lat' dir='ltr'>(f</span> <span class='ocrx_word' id='word_1_491' title='bbox 1342 2696 1378 2732; x_wconf 90' lang='lat'>),</span> 
     </span>
     <span class='ocr_line' id='line_1_60' title="bbox 376 2735 1381 2796; baseline -0.024 -4"><span class='ocrx_word' id='word_1_492' title='bbox 376 2758 509 2792; x_wconf 86' lang='lat' dir='ltr'>Trewio</span> <span class='ocrx_word' id='word_1_493' title='bbox 532 2755 615 2796; x_wconf 87' lang='lat' dir='ltr'>(g),</span> <span class='ocrx_word' id='word_1_494' title='bbox 642 2742 948 2785; x_wconf 80' lang='lat' dir='ltr'>Edimburgensibus</span> <span class='ocrx_word' id='word_1_495' title='bbox 970 2743 984 2779; x_wconf 88' lang='lat'>(</span> <span class='ocrx_word' id='word_1_496' title='bbox 1007 2740 1026 2774; x_wconf 80' lang='lat' dir='ltr'><em>h</em></span> <span class='ocrx_word' id='word_1_497' title='bbox 1049 2743 1060 2778; x_wconf 93' lang='lat'><em>)</em></span> <span class='ocrx_word' id='word_1_498' title='bbox 1081 2762 1093 2779; x_wconf 88' lang='lat'>,</span> <span class='ocrx_word' id='word_1_499' title='bbox 1116 2740 1209 2772; x_wconf 86' lang='lat' dir='ltr'>aliis.</span> <span class='ocrx_word' id='word_1_500' title='bbox 1233 2735 1381 2779; x_wconf 85' lang='lat' dir='ltr'>Quibus-</span> 
     </span>
     <span class='ocr_line' id='line_1_61' title="bbox 375 2781 1380 2836; baseline -0.023 -1"><span class='ocrx_word' id='word_1_501' title='bbox 375 2802 450 2836; x_wconf 86' lang='lat' dir='ltr'>dam</span> <span class='ocrx_word' id='word_1_502' title='bbox 477 2806 552 2831; x_wconf 84' lang='lat' dir='ltr'>vero</span> <span class='ocrx_word' id='word_1_503' title='bbox 577 2794 710 2829; x_wconf 89' lang='lat' dir='ltr'>minime</span> <span class='ocrx_word' id='word_1_504' title='bbox 737 2786 988 2829; x_wconf 84' lang='lat' dir='ltr'>responderunt,</span> <span class='ocrx_word' id='word_1_505' title='bbox 1012 2792 1047 2816; x_wconf 90' lang='lat' dir='ltr'>ut</span> <span class='ocrx_word' id='word_1_506' title='bbox 1070 2783 1123 2826; x_wconf 88' lang='lat' dir='ltr'>J0.</span> <span class='ocrx_word' id='word_1_507' title='bbox 1146 2781 1300 2815; x_wconf 86' lang='lat' dir='ltr'>Conrado</span> <span class='ocrx_word' id='word_1_508' title='bbox 1323 2782 1380 2814; x_wconf 83' lang='lat' dir='ltr'>Fa—</span> 
     </span>
     <span class='ocr_line' id='line_1_62' title="bbox 377 2825 1381 2880; baseline -0.017 -8"><span class='ocrx_word' id='word_1_509' title='bbox 377 2844 487 2879; x_wconf 71' lang='lat' dir='ltr'>bricio</span> <span class='ocrx_word' id='word_1_510' title='bbox 510 2845 519 2880; x_wconf 93' lang='lat'><strong>(</strong></span> <span class='ocrx_word' id='word_1_511' title='bbox 545 2841 556 2874; x_wconf 83' lang='lat' dir='ltr'>i</span> <span class='ocrx_word' id='word_1_512' title='bbox 579 2843 589 2878; x_wconf 86' lang='lat'><em>)</em></span> <span class='ocrx_word' id='word_1_513' title='bbox 613 2863 621 2877; x_wconf 90' lang='lat'>‚</span> <span class='ocrx_word' id='word_1_514' title='bbox 653 2845 705 2868; x_wconf 87' lang='lat' dir='ltr'>aut</span> <span class='ocrx_word' id='word_1_515' title='bbox 731 2831 848 2874; x_wconf 83' lang='lat' dir='ltr'>partim</span> <span class='ocrx_word' id='word_1_516' title='bbox 873 2839 937 2862; x_wconf 85' lang='lat' dir='ltr'>non</span> <span class='ocrx_word' id='word_1_517' title='bbox 962 2826 1192 2869; x_wconf 87' lang='lat' dir='ltr'>responderunt</span> <span class='ocrx_word' id='word_1_518' title='bbox 1216 2846 1225 2860; x_wconf 84' lang='lat'>‚</span> <span class='ocrx_word' id='word_1_519' title='bbox 1263 2825 1381 2865; x_wconf 83' lang='lat' dir='ltr'>partim</span> 
     </span>
     <span class='ocr_line' id='line_1_63' title="bbox 347 2869 1382 2928; baseline -0.016 -13"><span class='ocrx_word' id='word_1_520' title='bbox 347 2912 352 2915; x_wconf 89' lang='lat'>.</span> <span class='ocrx_word' id='word_1_521' title='bbox 379 2885 635 2928; x_wconf 66' lang='lat' dir='ltr'>responderunt,</span> <span class='ocrx_word' id='word_1_522' title='bbox 659 2888 693 2911; x_wconf 92' lang='lat' dir='ltr'>ut</span> <span class='ocrx_word' id='word_1_523' title='bbox 718 2875 865 2908; x_wconf 80' lang='lat' dir='ltr'>Lancisio</span> <span class='ocrx_word' id='word_1_524' title='bbox 891 2877 900 2912; x_wconf 94' lang='lat'>(</span> <span class='ocrx_word' id='word_1_525' title='bbox 924 2871 942 2910; x_wconf 63' lang='lat' dir='ltr'>l&lt;</span> <span class='ocrx_word' id='word_1_526' title='bbox 967 2874 1000 2910; x_wconf 84' lang='lat'>),</span> <span class='ocrx_word' id='word_1_527' title='bbox 1024 2871 1080 2912; x_wconf 86' lang='lat' dir='ltr'>qui</span> <span class='ocrx_word' id='word_1_528' title='bbox 1105 2869 1213 2918; x_wconf 82' lang='lat' dir='ltr'>decem</span> <span class='ocrx_word' id='word_1_529' title='bbox 1237 2878 1316 2909; x_wconf 69' lang='lat' dir='ltr'>aqua</span> <span class='ocrx_word' id='word_1_530' title='bbox 1339 2870 1382 2903; x_wconf 54' lang='grc' dir='ltr'>ζῇν</span> 
     </span>
     <span class='ocr_line' id='line_1_64' title="bbox 377 2916 1381 2970; baseline -0.02 -8"><span class='ocrx_word' id='word_1_531' title='bbox 377 2931 453 2965; x_wconf 76' lang='grc' dir='ltr'>ιἰιῖηο</span> <span class='ocrx_word' id='word_1_532' title='bbox 470 2925 656 2970; x_wconf 73' lang='lat' dir='ltr'>subsidentes</span> <span class='ocrx_word' id='word_1_533' title='bbox 679 2920 785 2955; x_wconf 89' lang='lat' dir='ltr'>vidit,</span> <span class='ocrx_word' id='word_1_534' title='bbox 811 2916 1001 2958; x_wconf 89' lang='lat' dir='ltr'>eosdemque</span> <span class='ocrx_word' id='word_1_535' title='bbox 1014 2920 1100 2947; x_wconf 83' lang='lat' dir='ltr'>aceto</span> <span class='ocrx_word' id='word_1_536' title='bbox 1123 2919 1318 2947; x_wconf 70' lang='lat' dir='ltr'>innatantes,</span> <span class='ocrx_word' id='word_1_537' title='bbox 1346 2921 1381 2945; x_wconf 83' lang='lat' dir='ltr'>ut</span> 
     </span>
     <span class='ocr_line' id='line_1_65' title="bbox 381 2954 1381 3008; baseline -0.016 -8"><span class='ocrx_word' id='word_1_538' title='bbox 381 2968 612 3004; x_wconf 80' lang='lat' dir='ltr'>Weitbrechto</span> <span class='ocrx_word' id='word_1_539' title='bbox 638 2963 739 3008; x_wconf 85' lang='lat' dir='ltr'>(l),</span> <span class='ocrx_word' id='word_1_540' title='bbox 762 2962 817 3004; x_wconf 91' lang='lat' dir='ltr'>qui</span> <span class='ocrx_word' id='word_1_541' title='bbox 844 2959 983 2992; x_wconf 85' lang='lat' dir='ltr'>totidem</span> <span class='ocrx_word' id='word_1_542' title='bbox 1007 2969 1024 2990; x_wconf 91' lang='lat' dir='ltr'>e</span> <span class='ocrx_word' id='word_1_543' title='bbox 1049 2954 1299 2997; x_wconf 84' lang='lat' dir='ltr'>cystiexemtos‚</span> <span class='ocrx_word' id='word_1_544' title='bbox 1322 2954 1381 2990; x_wconf 62' lang='lat' dir='ltr'>lia-</span> 
     </span>
     <span class='ocr_line' id='line_1_66' title="bbox 380 2996 1381 3058; baseline -0.02 -9"><span class='ocrx_word' id='word_1_545' title='bbox 380 3018 500 3058; x_wconf 79' lang='lat' dir='ltr'>timque</span> <span class='ocrx_word' id='word_1_546' title='bbox 523 3023 606 3054; x_wconf 71' lang='lat' dir='ltr'>aqua:</span> <span class='ocrx_word' id='word_1_547' title='bbox 630 3006 779 3049; x_wconf 61' lang='lat' dir='ltr'>injectos,</span> <span class='ocrx_word' id='word_1_548' title='bbox 803 3013 882 3044; x_wconf 80' lang='lat' dir='ltr'>aqua</span> <span class='ocrx_word' id='word_1_549' title='bbox 899 3001 1042 3044; x_wconf 73' lang='lat' dir='ltr'>specifice</span> <span class='ocrx_word' id='word_1_550' title='bbox 1049 2999 1209 3041; x_wconf 69' lang='lat' dir='ltr'>graviores</span> <span class='ocrx_word' id='word_1_551' title='bbox 1223 3019 1231 3033; x_wconf 85' lang='lat'>‚</span> <span class='ocrx_word' id='word_1_552' title='bbox 1247 2996 1381 3039; x_wconf 74' lang='lat' dir='ltr'>siccatos</span> 
     </span>
     <span class='ocr_line' id='line_1_67' title="bbox 377 3042 1382 3095; baseline -0.021 -2"><span class='ocrx_word' id='word_1_553' title='bbox 377 3068 486 3095; x_wconf 80' lang='lat' dir='ltr'>autem</span> <span class='ocrx_word' id='word_1_554' title='bbox 509 3055 640 3089; x_wconf 69' lang='lat' dir='ltr'>leviores</span> <span class='ocrx_word' id='word_1_555' title='bbox 663 3047 871 3091; x_wconf 82' lang='lat' dir='ltr'>deprehendit</span> <span class='ocrx_word' id='word_1_556' title='bbox 887 3069 894 3076; x_wconf 92' lang='lat'>.</span> <span class='ocrx_word' id='word_1_557' title='bbox 1030 3044 1102 3084; x_wconf 77' lang='lat' dir='ltr'>Ego</span> <span class='ocrx_word' id='word_1_558' title='bbox 1126 3052 1203 3074; x_wconf 88' lang='lat' dir='ltr'>vero</span> <span class='ocrx_word' id='word_1_559' title='bbox 1226 3052 1299 3074; x_wconf 86' lang='lat' dir='ltr'>cum</span> <span class='ocrx_word' id='word_1_560' title='bbox 1316 3042 1382 3082; x_wconf 86' lang='lat' dir='ltr'>pri-</span> 
     </span>
     <span class='ocr_line' id='line_1_68' title="bbox 383 3083 1383 3138; baseline -0.021 -2"><span class='ocrx_word' id='word_1_561' title='bbox 383 3095 473 3138; x_wconf 73' lang='lat' dir='ltr'>mum</span> <span class='ocrx_word' id='word_1_562' title='bbox 495 3096 667 3134; x_wconf 86' lang='lat' dir='ltr'>nonnullos</span> <span class='ocrx_word' id='word_1_563' title='bbox 691 3097 700 3133; x_wconf 97' lang='lat'>(</span> <span class='ocrx_word' id='word_1_564' title='bbox 726 3103 756 3126; x_wconf 87' lang='lat' dir='ltr'>m</span> <span class='ocrx_word' id='word_1_565' title='bbox 779 3093 815 3129; x_wconf 88' lang='lat'>),</span> <span class='ocrx_word' id='word_1_566' title='bbox 839 3087 951 3122; x_wconf 88' lang='lat' dir='ltr'>deinde</span> <span class='ocrx_word' id='word_1_567' title='bbox 976 3087 1079 3129; x_wconf 82' lang='lat' dir='ltr'>plures</span> <span class='ocrx_word' id='word_1_568' title='bbox 1104 3086 1136 3118; x_wconf 91' lang='lat' dir='ltr'>in</span> <span class='ocrx_word' id='word_1_569' title='bbox 1151 3096 1231 3127; x_wconf 83' lang='lat' dir='ltr'>aqua</span> <span class='ocrx_word' id='word_1_570' title='bbox 1255 3083 1383 3117; x_wconf 83' lang='lat' dir='ltr'>descen-</span> 
     </span>
     <span class='ocr_line' id='line_1_69' title="bbox 384 3127 1386 3182; baseline -0.024 -1"><span class='ocrx_word' id='word_1_571' title='bbox 384 3147 458 3182; x_wconf 88' lang='lat' dir='ltr'>dere</span> <span class='ocrx_word' id='word_1_572' title='bbox 503 3134 819 3181; x_wconf 51' lang='lat' dir='ltr'>animadvertissem</span> <span class='ocrx_word' id='word_1_573' title='bbox 841 3129 1143 3172; x_wconf 83' lang='lat' dir='ltr'>quaerereinstitui,</span> <span class='ocrx_word' id='word_1_574' title='bbox 1168 3139 1243 3161; x_wconf 89' lang='lat' dir='ltr'>num</span> <span class='ocrx_word' id='word_1_575' title='bbox 1269 3127 1308 3161; x_wconf 89' lang='lat' dir='ltr'>ad</span> <span class='ocrx_word' id='word_1_576' title='bbox 1319 3139 1386 3160; x_wconf 82' lang='lat' dir='ltr'>cei·-</span> 
     </span>
     <span class='ocr_line' id='line_1_70' title="bbox 381 3169 1386 3232; baseline -0.022 -9"><span class='ocrx_word' id='word_1_577' title='bbox 381 3199 415 3226; x_wconf 82' lang='lat' dir='ltr'>ta</span> <span class='ocrx_word' id='word_1_578' title='bbox 441 3169 584 3232; x_wconf 62' lang='lat' dir='ltr'>qiiaedam</span> <span class='ocrx_word' id='word_1_579' title='bbox 607 3184 713 3223; x_wconf 87' lang='lat' dir='ltr'>capita</span> <span class='ocrx_word' id='word_1_580' title='bbox 737 3177 941 3218; x_wconf 81' lang='lat' dir='ltr'>exceptiones</span> <span class='ocrx_word' id='word_1_581' title='bbox 972 3171 1095 3218; x_wconf 80' lang='lat' dir='ltr'>possent</span> <span class='ocrx_word' id='word_1_582' title='bbox 1121 3171 1262 3206; x_wconf 76' lang='lat' dir='ltr'>revocari</span> <span class='ocrx_word' id='word_1_583' title='bbox 1287 3195 1293 3202; x_wconf 99' lang='lat'>.</span> <span class='ocrx_word' id='word_1_584' title='bbox 1327 3170 1386 3205; x_wconf 77' lang='lat' dir='ltr'>Sed</span> 
     </span>
     <span class='ocr_line' id='line_1_71' title="bbox 383 3212 1386 3267; baseline -0.023 0"><span class='ocrx_word' id='word_1_585' title='bbox 383 3234 455 3267; x_wconf 81' lang='lat' dir='ltr'>cito</span> <span class='ocrx_word' id='word_1_586' title='bbox 479 3228 621 3264; x_wconf 63' lang='lat' dir='ltr'>intellexi</span> <span class='ocrx_word' id='word_1_587' title='bbox 646 3229 655 3264; x_wconf 93' lang='lat'><strong>(</strong></span> <span class='ocrx_word' id='word_1_588' title='bbox 681 3234 699 3256; x_wconf 90' lang='lat' dir='ltr'>n</span> <span class='ocrx_word' id='word_1_589' title='bbox 722 3225 736 3262; x_wconf 93' lang='lat'>)</span> <span class='ocrx_word' id='word_1_590' title='bbox 756 3248 763 3261; x_wconf 94' lang='lat'>‚</span> <span class='ocrx_word' id='word_1_591' title='bbox 795 3218 1018 3260; x_wconf 81' lang='lat' dir='ltr'>exceptionem</span> <span class='ocrx_word' id='word_1_592' title='bbox 1043 3229 1057 3249; x_wconf 88' lang='lat' dir='ltr'>a</span> <span class='ocrx_word' id='word_1_593' title='bbox 1082 3216 1189 3249; x_wconf 81' lang='lat' dir='ltr'>colore</span> <span class='ocrx_word' id='word_1_594' title='bbox 1213 3226 1276 3247; x_wconf 89' lang='lat' dir='ltr'>non</span> <span class='ocrx_word' id='word_1_595' title='bbox 1302 3212 1386 3256; x_wconf 82' lang='lat' dir='ltr'>posse</span> 
     </span>
     <span class='ocr_line' id='line_1_72' title="bbox 385 3256 1384 3323; baseline -0.021 -14"><span class='ocrx_word' id='word_1_596' title='bbox 385 3267 508 3323; x_wconf 87' lang='lat' dir='ltr'>repeti.</span> <span class='ocrx_word' id='word_1_597' title='bbox 533 3268 676 3310; x_wconf 78' lang='lat' dir='ltr'>Qiaesivi</span> <span class='ocrx_word' id='word_1_598' title='bbox 701 3268 825 3307; x_wconf 79' lang='lat' dir='ltr'>igitur,</span> <span class='ocrx_word' id='word_1_599' title='bbox 850 3272 928 3295; x_wconf 87' lang='lat' dir='ltr'>num</span> <span class='ocrx_word' id='word_1_600' title='bbox 952 3260 1100 3292; x_wconf 81' lang='lat' dir='ltr'>aliunde.</span> <span class='ocrx_word' id='word_1_601' title='bbox 1135 3260 1260 3292; x_wconf 88' lang='lat' dir='ltr'>Verum</span> <span class='ocrx_word' id='word_1_602' title='bbox 1285 3269 1322 3290; x_wconf 83' lang='lat' dir='ltr'>ex</span> <span class='ocrx_word' id='word_1_603' title='bbox 1345 3256 1384 3288; x_wconf 90' lang='lat' dir='ltr'>il-</span> 
     </span>
     <span class='ocr_line' id='line_1_73' title="bbox 382 3301 1382 3357; baseline -0.024 -2"><span class='ocrx_word' id='word_1_604' title='bbox 382 3322 422 3357; x_wconf 81' lang='lat' dir='ltr'>lis</span> <span class='ocrx_word' id='word_1_605' title='bbox 444 3312 725 3352; x_wconf 86' lang='lat' dir='ltr'>observationibus</span> <span class='ocrx_word' id='word_1_606' title='bbox 747 3318 825 3350; x_wconf 88' lang='lat' dir='ltr'>quas</span> <span class='ocrx_word' id='word_1_607' title='bbox 847 3316 920 3339; x_wconf 89' lang='lat' dir='ltr'>cum</span> <span class='ocrx_word' id='word_1_608' title='bbox 944 3302 1141 3336; x_wconf 76' lang='lat' dir='ltr'>Stliroeckio</span> <span class='ocrx_word' id='word_1_609' title='bbox 1164 3301 1382 3334; x_wconf 81' lang='lat' dir='ltr'>communica.</span> 
     </span>
     <span class='ocr_line' id='line_1_74' title="bbox 385 3343 1383 3403; baseline -0.015 -11"><span class='ocrx_word' id='word_1_610' title='bbox 385 3366 419 3403; x_wconf 70' lang='lat' dir='ltr'>yi</span> <span class='ocrx_word' id='word_1_611' title='bbox 443 3367 453 3402; x_wconf 91' lang='lat'>(</span> <span class='ocrx_word' id='word_1_612' title='bbox 477 3373 494 3394; x_wconf 84' lang='grc' dir='ltr'><em>ο</em></span> <span class='ocrx_word' id='word_1_613' title='bbox 516 3363 548 3399; x_wconf 86' lang='lat'>)‚</span> <span class='ocrx_word' id='word_1_614' title='bbox 574 3356 718 3402; x_wconf 80' lang='lat' dir='ltr'>proclive</span> <span class='ocrx_word' id='word_1_615' title='bbox 742 3353 805 3385; x_wconf 86' lang='lat' dir='ltr'>tibi</span> <span class='ocrx_word' id='word_1_616' title='bbox 829 3351 890 3383; x_wconf 87' lang='lat' dir='ltr'>erit</span> <span class='ocrx_word' id='word_1_617' title='bbox 915 3347 1110 3391; x_wconf 83' lang='lat' dir='ltr'>perspicere,</span> <span class='ocrx_word' id='word_1_618' title='bbox 1133 3356 1229 3388; x_wconf 88' lang='lat' dir='ltr'>quam</span> <span class='ocrx_word' id='word_1_619' title='bbox 1252 3343 1383 3378; x_wconf 83' lang='lat' dir='ltr'>difficile</span> 
     </span>
    </p>
   </div>
   <div class='ocr_carea' id='block_1_3' title="bbox 939 142 1858 213">
    <p class='ocr_par' dir='ltr' id='par_1_3' title="bbox 939 142 1858 213">
     <span class='ocr_line' id='line_1_75' title="bbox 939 142 1858 213; baseline -0.008 -8"><span class='ocrx_word' id='word_1_620' title='bbox 939 152 1100 213; x_wconf 73' lang='lat' dir='ltr'>Liber</span> <span class='ocrx_word' id='word_1_621' title='bbox 1130 150 1222 210; x_wconf 72' lang='grc' dir='ltr'>ΙΙΙ,</span> <span class='ocrx_word' id='word_1_622' title='bbox 1257 146 1340 206; x_wconf 86' lang='lat' dir='ltr'>De</span> <span class='ocrx_word' id='word_1_623' title='bbox 1377 143 1582 207; x_wconf 78' lang='lat' dir='ltr'>Mnibis</span> <span class='ocrx_word' id='word_1_624' title='bbox 1616 142 1858 199; x_wconf 71' lang='lat' dir='ltr'>Ventris</span> 
     </span>
    </p>
   </div>
   <div class='ocr_carea' id='block_1_4' title="bbox 1402 215 2443 3391">
    <p class='ocr_par' dir='ltr' id='par_1_4' title="bbox 1402 215 2424 1777">
     <span class='ocr_line' id='line_1_76' title="bbox 1404 215 2401 258; baseline -0.013 0"><span class='ocrx_word' id='word_1_625' title='bbox 1404 225 1437 258; x_wconf 88' lang='lat' dir='ltr'>id</span> <span class='ocrx_word' id='word_1_626' title='bbox 1460 223 1499 258; x_wconf 83' lang='lat' dir='ltr'>sit</span> <span class='ocrx_word' id='word_1_627' title='bbox 1522 225 1555 256; x_wconf 86' lang='lat' dir='ltr'>in</span> <span class='ocrx_word' id='word_1_628' title='bbox 1580 231 1669 255; x_wconf 82' lang='lat' dir='ltr'>tanta</span> <span class='ocrx_word' id='word_1_629' title='bbox 1702 234 1766 255; x_wconf 89' lang='lat' dir='ltr'>non</span> <span class='ocrx_word' id='word_1_630' title='bbox 1791 220 1891 254; x_wconf 87' lang='lat' dir='ltr'>solum</span> <span class='ocrx_word' id='word_1_631' title='bbox 1915 220 2000 255; x_wconf 82' lang='lat' dir='ltr'>inter</span> <span class='ocrx_word' id='word_1_632' title='bbox 2034 219 2175 255; x_wconf 84' lang='lat' dir='ltr'>diversos</span> <span class='ocrx_word' id='word_1_633' title='bbox 2200 221 2208 256; x_wconf 71' lang='grc'>,’</span> <span class='ocrx_word' id='word_1_634' title='bbox 2243 216 2293 255; x_wconf 84' lang='lat' dir='ltr'>sed</span> <span class='ocrx_word' id='word_1_635' title='bbox 2316 215 2401 249; x_wconf 71' lang='lat' dir='ltr'>intel·</span> 
     </span>
     <span class='ocr_line' id='line_1_77' title="bbox 1403 257 2403 306; baseline -0.01 -5"><span class='ocrx_word' id='word_1_636' title='bbox 1403 267 1529 301; x_wconf 89' lang='lat' dir='ltr'>eosdem</span> <span class='ocrx_word' id='word_1_637' title='bbox 1554 268 1714 304; x_wconf 80' lang='lat' dir='ltr'>calculos,</span> <span class='ocrx_word' id='word_1_638' title='bbox 1737 265 1757 298; x_wconf 87' lang='lat' dir='ltr'>si</span> <span class='ocrx_word' id='word_1_639' title='bbox 1785 265 1880 297; x_wconf 80' lang='lat' dir='ltr'>modo</span> <span class='ocrx_word' id='word_1_640' title='bbox 1902 274 2027 306; x_wconf 87' lang='lat' dir='ltr'>teinpus</span> <span class='ocrx_word' id='word_1_641' title='bbox 2044 287 2052 303; x_wconf 88' lang='lat'>‚</span> <span class='ocrx_word' id='word_1_642' title='bbox 2080 274 2135 299; x_wconf 84' lang='lat' dir='ltr'>aut</span> <span class='ocrx_word' id='word_1_643' title='bbox 2160 262 2245 296; x_wconf 89' lang='lat' dir='ltr'>aliud</span> <span class='ocrx_word' id='word_1_644' title='bbox 2270 257 2403 301; x_wconf 80' lang='lat' dir='ltr'>aliquod</span> 
     </span>
     <span class='ocr_line' id='line_1_78' title="bbox 1404 305 2402 354; baseline -0.01 -10"><span class='ocrx_word' id='word_1_645' title='bbox 1404 321 1531 349; x_wconf 87' lang='lat' dir='ltr'>mutes,</span> <span class='ocrx_word' id='word_1_646' title='bbox 1558 312 1712 343; x_wconf 73' lang='lat' dir='ltr'>varietate</span> <span class='ocrx_word' id='word_1_647' title='bbox 1729 323 1738 339; x_wconf 56' lang='lat'>.&gt;</span> <span class='ocrx_word' id='word_1_648' title='bbox 1761 309 1888 341; x_wconf 78' lang='lat' dir='ltr'>Tamen</span> <span class='ocrx_word' id='word_1_649' title='bbox 1912 320 1988 354; x_wconf 53' lang='lat' dir='ltr'>cum,</span> <span class='ocrx_word' id='word_1_650' title='bbox 2008 320 2042 341; x_wconf 86' lang='lat' dir='ltr'>ea</span> <span class='ocrx_word' id='word_1_651' title='bbox 2066 319 2139 349; x_wconf 61' lang='lat' dir='ltr'>quaev</span> <span class='ocrx_word' id='word_1_652' title='bbox 2159 305 2251 339; x_wconf 87' lang='lat' dir='ltr'>semel</span> <span class='ocrx_word' id='word_1_653' title='bbox 2274 325 2284 342; x_wconf 88' lang='lat'>‚</span> <span class='ocrx_word' id='word_1_654' title='bbox 2306 312 2402 344; x_wconf 84' lang='lat' dir='ltr'>atque</span> 
     </span>
     <span class='ocr_line' id='line_1_79' title="bbox 1404 349 2403 394; baseline -0.009 -5"><span class='ocrx_word' id='word_1_655' title='bbox 1404 357 1522 389; x_wconf 87' lang='lat' dir='ltr'>iterum</span> <span class='ocrx_word' id='word_1_656' title='bbox 1558 352 1617 388; x_wconf 92' lang='lat' dir='ltr'>hac</span> <span class='ocrx_word' id='word_1_657' title='bbox 1640 353 1678 385; x_wconf 91' lang='lat' dir='ltr'>de</span> <span class='ocrx_word' id='word_1_658' title='bbox 1712 363 1744 383; x_wconf 87' lang='lat' dir='ltr'>re</span> <span class='ocrx_word' id='word_1_659' title='bbox 1769 350 1875 394; x_wconf 80' lang='lat' dir='ltr'>scripsi</span> <span class='ocrx_word' id='word_1_660' title='bbox 1899 373 1909 390; x_wconf 87' lang='lat'>,</span> <span class='ocrx_word' id='word_1_661' title='bbox 1934 352 2104 393; x_wconf 81' lang='lat' dir='ltr'>perlegeris</span> <span class='ocrx_word' id='word_1_662' title='bbox 2130 362 2141 389; x_wconf 83' lang='lat'>3</span> <span class='ocrx_word' id='word_1_663' title='bbox 2164 349 2313 391; x_wconf 75' lang='lat' dir='ltr'>quaedam</span> <span class='ocrx_word' id='word_1_664' title='bbox 2337 354 2403 378; x_wconf 81' lang='lat' dir='ltr'>non</span> 
     </span>
     <span class='ocr_line' id='line_1_80' title="bbox 1403 388 2406 438; baseline -0.008 -8"><span class='ocrx_word' id='word_1_665' title='bbox 1403 398 1535 430; x_wconf 82' lang='lat' dir='ltr'>inutilia</span> <span class='ocrx_word' id='word_1_666' title='bbox 1559 394 1730 438; x_wconf 77' lang='lat' dir='ltr'>cognosces</span> <span class='ocrx_word' id='word_1_667' title='bbox 1753 395 1789 427; x_wconf 81' lang='lat' dir='ltr'>ad</span> <span class='ocrx_word' id='word_1_668' title='bbox 1815 406 2015 437; x_wconf 81' lang='lat' dir='ltr'>praepropera</span> <span class='ocrx_word' id='word_1_669' title='bbox 2029 394 2067 427; x_wconf 91' lang='lat' dir='ltr'>de</span> <span class='ocrx_word' id='word_1_670' title='bbox 2090 393 2202 427; x_wconf 88' lang='lat' dir='ltr'>sedein</span> <span class='ocrx_word' id='word_1_671' title='bbox 2226 403 2288 434; x_wconf 86' lang='lat' dir='ltr'>qua</span> <span class='ocrx_word' id='word_1_672' title='bbox 2312 388 2406 422; x_wconf 81' lang='lat' dir='ltr'>obla-</span> 
     </span>
     <span class='ocr_line' id='line_1_81' title="bbox 1402 435 2405 480; baseline -0.013 -5"><span class='ocrx_word' id='word_1_673' title='bbox 1402 442 1427 480; x_wconf 75' lang='lat' dir='ltr'>ti</span> <span class='ocrx_word' id='word_1_674' title='bbox 1452 440 1566 476; x_wconf 89' lang='lat' dir='ltr'>calculi</span> <span class='ocrx_word' id='word_1_675' title='bbox 1591 439 1837 476; x_wconf 82' lang='lat' dir='ltr'>concreverint,</span> <span class='ocrx_word' id='word_1_676' title='bbox 1860 439 2033 471; x_wconf 84' lang='lat' dir='ltr'>coercenda</span> <span class='ocrx_word' id='word_1_677' title='bbox 2057 450 2066 474; x_wconf 78' lang='lat'>3</span> <span class='ocrx_word' id='word_1_678' title='bbox 2096 435 2250 470; x_wconf 85' lang='lat' dir='ltr'>nonnulla</span> <span class='ocrx_word' id='word_1_679' title='bbox 2274 440 2405 475; x_wconf 83' lang='lat' dir='ltr'>quoque</span> 
     </span>
     <span class='ocr_line' id='line_1_82' title="bbox 1402 475 2403 525; baseline -0.009 -8"><span class='ocrx_word' id='word_1_680' title='bbox 1402 485 1546 518; x_wconf 85' lang='lat' dir='ltr'>invenies</span> <span class='ocrx_word' id='word_1_681' title='bbox 1568 494 1639 525; x_wconf 86' lang='lat' dir='ltr'>quae</span> <span class='ocrx_word' id='word_1_682' title='bbox 1664 480 1766 521; x_wconf 89' lang='lat' dir='ltr'>postea</span> <span class='ocrx_word' id='word_1_683' title='bbox 1790 480 1829 514; x_wconf 90' lang='lat' dir='ltr'>ab</span> <span class='ocrx_word' id='word_1_684' title='bbox 1852 481 1969 515; x_wconf 87' lang='lat' dir='ltr'>illustri</span> <span class='ocrx_word' id='word_1_685' title='bbox 1995 482 2093 515; x_wconf 85' lang='lat' dir='ltr'>etiam</span> <span class='ocrx_word' id='word_1_686' title='bbox 2119 480 2275 514; x_wconf 82' lang='lat' dir='ltr'>Medico,</span> <span class='ocrx_word' id='word_1_687' title='bbox 2300 475 2362 508; x_wconf 86' lang='lat' dir='ltr'>five</span> <span class='ocrx_word' id='word_1_688' title='bbox 2375 475 2403 506; x_wconf 76' lang='lat' dir='ltr'>is</span> 
     </span>
     <span class='ocr_line' id='line_1_83' title="bbox 1403 518 2403 569; baseline -0.008 -8"><span class='ocrx_word' id='word_1_689' title='bbox 1403 539 1471 560; x_wconf 87' lang='lat' dir='ltr'>mea</span> <span class='ocrx_word' id='word_1_690' title='bbox 1496 527 1630 569; x_wconf 81' lang='lat' dir='ltr'>legerit,</span> <span class='ocrx_word' id='word_1_691' title='bbox 1654 524 1717 557; x_wconf 87' lang='lat' dir='ltr'>sive</span> <span class='ocrx_word' id='word_1_692' title='bbox 1731 535 1792 557; x_wconf 90' lang='lat' dir='ltr'>non</span> <span class='ocrx_word' id='word_1_693' title='bbox 1819 525 1932 566; x_wconf 78' lang='lat' dir='ltr'>legerit</span> <span class='ocrx_word' id='word_1_694' title='bbox 1949 549 1957 563; x_wconf 87' lang='lat'>‚</span> <span class='ocrx_word' id='word_1_695' title='bbox 1982 525 2018 557; x_wconf 87' lang='lat' dir='ltr'>ad</span> <span class='ocrx_word' id='word_1_696' title='bbox 2032 523 2165 557; x_wconf 90' lang='lat' dir='ltr'>eundem</span> <span class='ocrx_word' id='word_1_697' title='bbox 2190 520 2253 555; x_wconf 88' lang='lat' dir='ltr'>fere</span> <span class='ocrx_word' id='word_1_698' title='bbox 2267 518 2403 552; x_wconf 81' lang='lat' dir='ltr'>modum</span> 
     </span>
     <span class='ocr_line' id='line_1_84' title="bbox 1404 563 2406 608; baseline -0.01 -5"><span class='ocrx_word' id='word_1_699' title='bbox 1404 570 1476 604; x_wconf 86' lang='lat' dir='ltr'>sunt</span> <span class='ocrx_word' id='word_1_700' title='bbox 1502 571 1672 603; x_wconf 85' lang='lat' dir='ltr'>adnotata.</span> <span class='ocrx_word' id='word_1_701' title='bbox 1698 567 1866 608; x_wconf 77' lang='lat' dir='ltr'>Qiaerenti</span> <span class='ocrx_word' id='word_1_702' title='bbox 1892 578 1996 603; x_wconf 87' lang='lat' dir='ltr'>autern</span> <span class='ocrx_word' id='word_1_703' title='bbox 2021 567 2106 603; x_wconf 85' lang='lat' dir='ltr'>tibi,</span> <span class='ocrx_word' id='word_1_704' title='bbox 2132 565 2213 599; x_wconf 88' lang='lat' dir='ltr'>unde</span> <span class='ocrx_word' id='word_1_705' title='bbox 2238 563 2299 599; x_wconf 86' lang='lat' dir='ltr'>fit,</span> <span class='ocrx_word' id='word_1_706' title='bbox 2322 570 2357 594; x_wconf 89' lang='lat' dir='ltr'>ut</span> <span class='ocrx_word' id='word_1_707' title='bbox 2371 572 2406 592; x_wconf 87' lang='lat' dir='ltr'>a-</span> 
     </span>
     <span class='ocr_line' id='line_1_85' title="bbox 1407 605 2404 648; baseline -0.002 -1"><span class='ocrx_word' id='word_1_708' title='bbox 1407 615 1442 647; x_wconf 88' lang='lat' dir='ltr'>lii</span> <span class='ocrx_word' id='word_1_709' title='bbox 1466 625 1505 647; x_wconf 85' lang='lat' dir='ltr'>ex</span> <span class='ocrx_word' id='word_1_710' title='bbox 1530 612 1577 645; x_wconf 83' lang='lat' dir='ltr'>his</span> <span class='ocrx_word' id='word_1_711' title='bbox 1602 611 1732 645; x_wconf 82' lang='lat' dir='ltr'>calculis</span> <span class='ocrx_word' id='word_1_712' title='bbox 1756 612 1923 648; x_wconf 84' lang='lat' dir='ltr'>innatent,</span> <span class='ocrx_word' id='word_1_713' title='bbox 1949 612 2002 644; x_wconf 86' lang='lat' dir='ltr'>alii</span> <span class='ocrx_word' id='word_1_714' title='bbox 2029 610 2214 648; x_wconf 80' lang='lat' dir='ltr'>subsidant,</span> <span class='ocrx_word' id='word_1_715' title='bbox 2238 617 2315 639; x_wconf 75' lang='lat' dir='ltr'>num</span> <span class='ocrx_word' id='word_1_716' title='bbox 2327 605 2404 645; x_wconf 83' lang='lat' dir='ltr'>quia</span> 
     </span>
     <span class='ocr_line' id='line_1_86' title="bbox 1410 649 2403 702; baseline -0.006 -13"><span class='ocrx_word' id='word_1_717' title='bbox 1410 659 1480 702; x_wconf 85' lang='lat' dir='ltr'>plus</span> <span class='ocrx_word' id='word_1_718' title='bbox 1504 657 1568 690; x_wconf 90' lang='lat' dir='ltr'>illis</span> <span class='ocrx_word' id='word_1_719' title='bbox 1592 681 1600 693; x_wconf 88' lang='lat'><strong>‚</strong></span> <span class='ocrx_word' id='word_1_720' title='bbox 1633 654 1683 690; x_wconf 83' lang='lat' dir='ltr'>his</span> <span class='ocrx_word' id='word_1_721' title='bbox 1707 655 1810 687; x_wconf 85' lang='lat' dir='ltr'>minus</span> <span class='ocrx_word' id='word_1_722' title='bbox 1834 652 1909 686; x_wconf 86' lang='lat' dir='ltr'>insit</span> <span class='ocrx_word' id='word_1_723' title='bbox 1925 653 2113 688; x_wconf 87' lang='lat' dir='ltr'>oleosarum</span> <span class='ocrx_word' id='word_1_724' title='bbox 2138 649 2370 695; x_wconf 86' lang='lat' dir='ltr'>particularum</span> <span class='ocrx_word' id='word_1_725' title='bbox 2392 668 2403 683; x_wconf 67' lang='lat'>2</span> 
     </span>
     <span class='ocr_line' id='line_1_87' title="bbox 1410 692 2409 742; baseline -0.012 -8"><span class='ocrx_word' id='word_1_726' title='bbox 1410 712 1482 742; x_wconf 86' lang='lat' dir='ltr'>quae</span> <span class='ocrx_word' id='word_1_727' title='bbox 1508 700 1570 732; x_wconf 86' lang='lat' dir='ltr'>sive</span> <span class='ocrx_word' id='word_1_728' title='bbox 1593 698 1637 731; x_wconf 94' lang='lat' dir='ltr'>ob</span> <span class='ocrx_word' id='word_1_729' title='bbox 1659 706 1779 731; x_wconf 88' lang='lat' dir='ltr'>certam</span> <span class='ocrx_word' id='word_1_730' title='bbox 1806 696 1942 738; x_wconf 78' lang='lat' dir='ltr'>figuram</span> <span class='ocrx_word' id='word_1_731' title='bbox 1966 699 2056 739; x_wconf 90' lang='lat' dir='ltr'>plura</span> <span class='ocrx_word' id='word_1_732' title='bbox 2083 699 2168 731; x_wconf 83' lang='lat' dir='ltr'>inter</span> <span class='ocrx_word' id='word_1_733' title='bbox 2194 697 2221 729; x_wconf 87' lang='lat' dir='ltr'>se</span> <span class='ocrx_word' id='word_1_734' title='bbox 2233 692 2332 736; x_wconf 82' lang='lat' dir='ltr'>spatia</span> <span class='ocrx_word' id='word_1_735' title='bbox 2358 701 2409 723; x_wconf 92' lang='lat' dir='ltr'>re-</span> 
     </span>
     <span class='ocr_line' id='line_1_88' title="bbox 1407 735 2406 787; baseline -0.009 -11"><span class='ocrx_word' id='word_1_736' title='bbox 1407 744 1607 785; x_wconf 80' lang='lat' dir='ltr'>linquendo,</span> <span class='ocrx_word' id='word_1_737' title='bbox 1632 741 1694 774; x_wconf 89' lang='lat' dir='ltr'>sive</span> <span class='ocrx_word' id='word_1_738' title='bbox 1719 741 1815 787; x_wconf 68' lang='lat' dir='ltr'>aliam</span> <span class='ocrx_word' id='word_1_739' title='bbox 1839 741 2019 782; x_wconf 84' lang='lat' dir='ltr'>quamlibet</span> <span class='ocrx_word' id='word_1_740' title='bbox 2042 742 2085 775; x_wconf 93' lang='lat' dir='ltr'>ob</span> <span class='ocrx_word' id='word_1_741' title='bbox 2109 740 2234 774; x_wconf 88' lang='lat' dir='ltr'>causam</span> <span class='ocrx_word' id='word_1_742' title='bbox 2269 735 2372 769; x_wconf 86' lang='lat' dir='ltr'>solent</span> <span class='ocrx_word' id='word_1_743' title='bbox 2395 755 2406 770; x_wconf 91' lang='lat'>‚</span> 
     </span>
     <span class='ocr_line' id='line_1_89' title="bbox 1406 783 2408 828; baseline -0.005 -8"><span class='ocrx_word' id='word_1_744' title='bbox 1406 798 1442 820; x_wconf 79' lang='lat' dir='ltr'>ur</span> <span class='ocrx_word' id='word_1_745' title='bbox 1467 786 1535 820; x_wconf 82' lang='lat' dir='ltr'>olea</span> <span class='ocrx_word' id='word_1_746' title='bbox 1560 785 1666 828; x_wconf 83' lang='lat' dir='ltr'>paffim</span> <span class='ocrx_word' id='word_1_747' title='bbox 1687 807 1695 821; x_wconf 90' lang='lat'><em>‚</em></span> <span class='ocrx_word' id='word_1_748' title='bbox 1727 783 1903 826; x_wconf 83' lang='lat' dir='ltr'>relinasque</span> <span class='ocrx_word' id='word_1_749' title='bbox 1927 784 2095 825; x_wconf 86' lang='lat' dir='ltr'>videmus,</span> <span class='ocrx_word' id='word_1_750' title='bbox 2122 784 2341 825; x_wconf 73' lang='lat' dir='ltr'>supernatare,</span> <span class='ocrx_word' id='word_1_751' title='bbox 2368 786 2408 809; x_wconf 71' lang='lat'>³¹³</span> 
     </span>
     <span class='ocr_line' id='line_1_90' title="bbox 1407 825 2407 872; baseline -0.006 -9"><span class='ocrx_word' id='word_1_752' title='bbox 1407 831 1482 872; x_wconf 91' lang='lat' dir='ltr'>quia</span> <span class='ocrx_word' id='word_1_753' title='bbox 1507 830 1625 872; x_wconf 84' lang='lat' dir='ltr'>primi,</span> <span class='ocrx_word' id='word_1_754' title='bbox 1650 839 1840 871; x_wconf 89' lang='lat' dir='ltr'>quacunque</span> <span class='ocrx_word' id='word_1_755' title='bbox 1862 838 1901 864; x_wconf 81' lang='lat' dir='ltr'>ex</span> <span class='ocrx_word' id='word_1_756' title='bbox 1925 830 2055 862; x_wconf 87' lang='lat' dir='ltr'>materia</span> <span class='ocrx_word' id='word_1_757' title='bbox 2080 827 2184 866; x_wconf 87' lang='lat' dir='ltr'>fiant,</span> <span class='ocrx_word' id='word_1_758' title='bbox 2208 825 2407 869; x_wconf 79' lang='lat' dir='ltr'>pluraquam</span> 
     </span>
     <span class='ocr_line' id='line_1_91' title="bbox 1406 868 2408 914; baseline -0.001 -8"><span class='ocrx_word' id='word_1_759' title='bbox 1406 875 1525 910; x_wconf 83' lang='lat' dir='ltr'>alteri,</span> <span class='ocrx_word' id='word_1_760' title='bbox 1550 870 1736 914; x_wconf 77' lang='lat' dir='ltr'>interspersa</span> <span class='ocrx_word' id='word_1_761' title='bbox 1760 869 1900 904; x_wconf 86' lang='lat' dir='ltr'>habeant</span> <span class='ocrx_word' id='word_1_762' title='bbox 1923 870 2081 913; x_wconf 74' lang='lat' dir='ltr'>ejusmodi</span> <span class='ocrx_word' id='word_1_763' title='bbox 2105 868 2274 905; x_wconf 86' lang='lat' dir='ltr'>intervalla</span> <span class='ocrx_word' id='word_1_764' title='bbox 2296 891 2304 905; x_wconf 63' lang='lat'>³</span> <span class='ocrx_word' id='word_1_765' title='bbox 2339 875 2408 896; x_wconf 62' lang='lat' dir='ltr'>flere</span> 
     </span>
     <span class='ocr_line' id='line_1_92' title="bbox 1407 907 2410 958; baseline -0.002 -10"><span class='ocrx_word' id='word_1_766' title='bbox 1407 916 1557 950; x_wconf 85' lang='lat' dir='ltr'>videlicet</span> <span class='ocrx_word' id='word_1_767' title='bbox 1583 916 1672 958; x_wconf 83' lang='lat' dir='ltr'>plena</span> <span class='ocrx_word' id='word_1_768' title='bbox 1693 937 1702 951; x_wconf 85' lang='lat'>,</span> <span class='ocrx_word' id='word_1_769' title='bbox 1726 913 1817 955; x_wconf 81' lang='lat' dir='ltr'>cujus</span> <span class='ocrx_word' id='word_1_770' title='bbox 1840 915 2015 955; x_wconf 87' lang='lat' dir='ltr'>immanem</span> <span class='ocrx_word' id='word_1_771' title='bbox 2036 914 2106 948; x_wconf 88' lang='lat' dir='ltr'>sane</span> <span class='ocrx_word' id='word_1_772' title='bbox 2128 914 2255 957; x_wconf 86' lang='lat' dir='ltr'>copiam</span> <span class='ocrx_word' id='word_1_773' title='bbox 2278 907 2410 955; x_wconf 58' lang='lat' dir='ltr'>cystici}</span> 
     </span>
     <span class='ocr_line' id='line_1_93' title="bbox 1408 949 2411 1001; baseline -0.005 -8"><span class='ocrx_word' id='word_1_774' title='bbox 1408 961 1526 1001; x_wconf 79' lang='lat' dir='ltr'>lapillis</span> <span class='ocrx_word' id='word_1_775' title='bbox 1549 959 1731 994; x_wconf 87' lang='lat' dir='ltr'>contineri,</span> <span class='ocrx_word' id='word_1_776' title='bbox 1756 958 1826 990; x_wconf 87' lang='lat' dir='ltr'>Cel.</span> <span class='ocrx_word' id='word_1_777' title='bbox 1854 957 2004 991; x_wconf 86' lang='lat' dir='ltr'>Hallerus</span> <span class='ocrx_word' id='word_1_778' title='bbox 2028 958 2090 1001; x_wconf 84' lang='lat' dir='ltr'>(p)</span> <span class='ocrx_word' id='word_1_779' title='bbox 2113 958 2216 991; x_wconf 84' lang='lat' dir='ltr'>credit</span> <span class='ocrx_word' id='word_1_780' title='bbox 2238 968 2275 989; x_wconf 87' lang='lat' dir='ltr'>ex</span> <span class='ocrx_word' id='word_1_781' title='bbox 2287 949 2411 986; x_wconf 79' lang='lat' dir='ltr'>Halefiz</span> 
     </span>
     <span class='ocr_line' id='line_1_94' title="bbox 1408 997 2410 1044; baseline -0.01 -7"><span class='ocrx_word' id='word_1_782' title='bbox 1408 1004 1653 1039; x_wconf 76' lang='lat' dir='ltr'>observatione3</span> <span class='ocrx_word' id='word_1_783' title='bbox 1677 1002 1708 1034; x_wconf 87' lang='lat' dir='ltr'>id</span> <span class='ocrx_word' id='word_1_784' title='bbox 1733 1001 1793 1034; x_wconf 88' lang='lat' dir='ltr'>tibi</span> <span class='ocrx_word' id='word_1_785' title='bbox 1807 1001 1909 1042; x_wconf 79' lang='lat' dir='ltr'>igitur</span> <span class='ocrx_word' id='word_1_786' title='bbox 1931 1003 2088 1044; x_wconf 77' lang='lat' dir='ltr'>quaerenti</span> <span class='ocrx_word' id='word_1_787' title='bbox 2112 1012 2175 1033; x_wconf 89' lang='lat' dir='ltr'>non</span> <span class='ocrx_word' id='word_1_788' title='bbox 2195 997 2410 1042; x_wconf 69' lang='lat' dir='ltr'>displicebunt</span> 
     </span>
     <span class='ocr_line' id='line_1_95' title="bbox 1410 1041 2410 1088; baseline -0.008 -8"><span class='ocrx_word' id='word_1_789' title='bbox 1410 1046 1540 1080; x_wconf 80' lang='lat' dir='ltr'>fortasse</span> <span class='ocrx_word' id='word_1_790' title='bbox 1564 1058 1635 1088; x_wconf 75' lang='lat' dir='ltr'>quae</span> <span class='ocrx_word' id='word_1_791' title='bbox 1659 1044 1698 1078; x_wconf 86' lang='lat' dir='ltr'>de</span> <span class='ocrx_word' id='word_1_792' title='bbox 1721 1043 1836 1079; x_wconf 76' lang='lat' dir='ltr'>emissis</span> <span class='ocrx_word' id='word_1_793' title='bbox 1858 1068 1866 1083; x_wconf 88' lang='lat'>,</span> <span class='ocrx_word' id='word_1_794' title='bbox 1902 1054 1955 1079; x_wconf 82' lang='lat' dir='ltr'>aut</span> <span class='ocrx_word' id='word_1_795' title='bbox 1980 1043 2016 1078; x_wconf 90' lang='lat' dir='ltr'>ad</span> <span class='ocrx_word' id='word_1_796' title='bbox 2041 1056 2094 1077; x_wconf 90' lang='lat' dir='ltr'>eos</span> <span class='ocrx_word' id='word_1_797' title='bbox 2119 1041 2353 1078; x_wconf 69' lang='lat' dir='ltr'>adhaerentibus</span> <span class='ocrx_word' id='word_1_798' title='bbox 2376 1047 2410 1069; x_wconf 77' lang='lat' dir='ltr'>1ss</span> 
     </span>
     <span class='ocr_line' id='line_1_96' title="bbox 1412 1086 2412 1132; baseline -0.005 -9"><span class='ocrx_word' id='word_1_799' title='bbox 1412 1102 1491 1132; x_wconf 83' lang='lat' dir='ltr'>aqua</span> <span class='ocrx_word' id='word_1_800' title='bbox 1516 1090 1646 1123; x_wconf 84' lang='lat' dir='ltr'>bullulis</span> <span class='ocrx_word' id='word_1_801' title='bbox 1670 1088 1860 1124; x_wconf 78' lang='lat' dir='ltr'>observavi,</span> <span class='ocrx_word' id='word_1_802' title='bbox 1888 1087 2002 1130; x_wconf 81' lang='lat' dir='ltr'>fiquid</span> <span class='ocrx_word' id='word_1_803' title='bbox 2025 1086 2161 1122; x_wconf 85' lang='lat' dir='ltr'>fortead</span> <span class='ocrx_word' id='word_1_804' title='bbox 2185 1087 2319 1120; x_wconf 85' lang='lat' dir='ltr'>illorum</span> <span class='ocrx_word' id='word_1_805' title='bbox 2331 1093 2412 1128; x_wconf 77' lang='lat' dir='ltr'>prae-</span> 
     </span>
     <span class='ocr_line' id='line_1_97' title="bbox 1412 1127 2414 1173; baseline -0.007 -6"><span class='ocrx_word' id='word_1_806' title='bbox 1412 1132 1521 1167; x_wconf 80' lang='lat' dir='ltr'>sertim</span> <span class='ocrx_word' id='word_1_807' title='bbox 1546 1133 1686 1167; x_wconf 87' lang='lat' dir='ltr'>reditum</span> <span class='ocrx_word' id='word_1_808' title='bbox 1711 1130 1934 1171; x_wconf 85' lang='lat' dir='ltr'>explicandum</span> <span class='ocrx_word' id='word_1_809' title='bbox 1949 1129 2092 1165; x_wconf 85' lang='lat' dir='ltr'>facerent</span> <span class='ocrx_word' id='word_1_810' title='bbox 2114 1131 2169 1173; x_wconf 89' lang='lat' dir='ltr'>qui</span> <span class='ocrx_word' id='word_1_811' title='bbox 2195 1131 2333 1172; x_wconf 86' lang='lat' dir='ltr'>primum</span> <span class='ocrx_word' id='word_1_812' title='bbox 2357 1127 2414 1161; x_wconf 89' lang='lat' dir='ltr'>de-</span> 
     </span>
     <span class='ocr_line' id='line_1_98' title="bbox 1410 1174 2416 1218; baseline -0.006 -9"><span class='ocrx_word' id='word_1_813' title='bbox 1410 1176 1507 1218; x_wconf 78' lang='lat' dir='ltr'>]apfi‚</span> <span class='ocrx_word' id='word_1_814' title='bbox 1536 1188 1610 1209; x_wconf 81' lang='lat' dir='ltr'>mox</span> <span class='ocrx_word' id='word_1_815' title='bbox 1635 1174 1662 1207; x_wconf 89' lang='lat' dir='ltr'>se</span> <span class='ocrx_word' id='word_1_816' title='bbox 1688 1176 1721 1207; x_wconf 92' lang='lat' dir='ltr'>in</span> <span class='ocrx_word' id='word_1_817' title='bbox 1748 1175 1928 1216; x_wconf 82' lang='lat' dir='ltr'>supremum</span> <span class='ocrx_word' id='word_1_818' title='bbox 1951 1176 2059 1208; x_wconf 90' lang='lat' dir='ltr'>locum</span> <span class='ocrx_word' id='word_1_819' title='bbox 2083 1175 2274 1213; x_wconf 85' lang='lat' dir='ltr'>restituunt,</span> <span class='ocrx_word' id='word_1_820' title='bbox 2299 1181 2351 1205; x_wconf 87' lang='lat' dir='ltr'>aut</span> <span class='ocrx_word' id='word_1_821' title='bbox 2365 1182 2416 1203; x_wconf 82' lang='lat' dir='ltr'>re-</span> 
     </span>
     <span class='ocr_line' id='line_1_99' title="bbox 1413 1216 2414 1255; baseline -0.005 -3"><span class='ocrx_word' id='word_1_822' title='bbox 1413 1221 1543 1255; x_wconf 79' lang='lat' dir='ltr'>sti&#39;tuere</span> <span class='ocrx_word' id='word_1_823' title='bbox 1568 1222 1717 1251; x_wconf 81' lang='lat' dir='ltr'>nituntur</span> <span class='ocrx_word' id='word_1_824' title='bbox 1735 1244 1743 1249; x_wconf 94' lang='lat'><em>.</em></span> <span class='ocrx_word' id='word_1_825' title='bbox 1768 1217 2019 1251; x_wconf 82' lang='lat' dir='ltr'>Observationes</span> <span class='ocrx_word' id='word_1_826' title='bbox 2045 1228 2150 1251; x_wconf 84' lang='lat' dir='ltr'>autern</span> <span class='ocrx_word' id='word_1_827' title='bbox 2174 1228 2257 1251; x_wconf 85' lang='lat' dir='ltr'>meas</span> <span class='ocrx_word' id='word_1_828' title='bbox 2279 1226 2354 1249; x_wconf 89' lang='lat' dir='ltr'>cum</span> <span class='ocrx_word' id='word_1_829' title='bbox 2374 1216 2414 1247; x_wconf 84' lang='lat' dir='ltr'>iis</span> 
     </span>
     <span class='ocr_line' id='line_1_100' title="bbox 1411 1260 2420 1305; baseline -0.008 -8"><span class='ocrx_word' id='word_1_830' title='bbox 1411 1262 1557 1300; x_wconf 85' lang='lat' dir='ltr'>conferre</span> <span class='ocrx_word' id='word_1_831' title='bbox 1580 1261 1706 1304; x_wconf 83' lang='lat' dir='ltr'>juvabit</span> <span class='ocrx_word' id='word_1_832' title='bbox 1731 1272 1802 1305; x_wconf 84' lang='lat' dir='ltr'>quae</span> <span class='ocrx_word' id='word_1_833' title='bbox 1833 1261 1871 1295; x_wconf 93' lang='lat' dir='ltr'>de</span> <span class='ocrx_word' id='word_1_834' title='bbox 1894 1261 1990 1294; x_wconf 91' lang='lat' dir='ltr'>bullis</span> <span class='ocrx_word' id='word_1_835' title='bbox 2022 1261 2059 1294; x_wconf 88' lang='lat' dir='ltr'>ad</span> <span class='ocrx_word' id='word_1_836' title='bbox 2083 1260 2232 1295; x_wconf 86' lang='lat' dir='ltr'>immersa</span> <span class='ocrx_word' id='word_1_837' title='bbox 2262 1260 2320 1293; x_wconf 86' lang='lat' dir='ltr'>alia</span> <span class='ocrx_word' id='word_1_838' title='bbox 2344 1268 2420 1291; x_wconf 83' lang='lat' dir='ltr'>cor-</span> 
     </span>
     <span class='ocr_line' id='line_1_101' title="bbox 1413 1302 2417 1352; baseline -0.007 -12"><span class='ocrx_word' id='word_1_839' title='bbox 1413 1319 1490 1352; x_wconf 86' lang='lat' dir='ltr'>pora</span> <span class='ocrx_word' id='word_1_840' title='bbox 1516 1304 1772 1344; x_wconf 69' lang='lat' dir='ltr'>adhaerentibus,</span> <span class='ocrx_word' id='word_1_841' title='bbox 1798 1315 1969 1346; x_wconf 87' lang='lat' dir='ltr'>earumque</span> <span class='ocrx_word' id='word_1_842' title='bbox 1993 1304 2031 1341; x_wconf 88' lang='lat' dir='ltr'>ad</span> <span class='ocrx_word' id='word_1_843' title='bbox 2053 1304 2265 1339; x_wconf 85' lang='lat' dir='ltr'>attollendum</span> <span class='ocrx_word' id='word_1_844' title='bbox 2283 1304 2316 1335; x_wconf 91' lang='lat' dir='ltr'>vi</span> <span class='ocrx_word' id='word_1_845' title='bbox 2338 1302 2417 1335; x_wconf 80' lang='lat' dir='ltr'>atti-</span> 
     </span>
     <span class='ocr_line' id='line_1_102' title="bbox 1412 1347 2421 1393; baseline -0.006 -11"><span class='ocrx_word' id='word_1_846' title='bbox 1412 1352 1461 1393; x_wconf 78' lang='lat' dir='ltr'>git</span> <span class='ocrx_word' id='word_1_847' title='bbox 1484 1350 1566 1383; x_wconf 85' lang='lat' dir='ltr'>olim</span> <span class='ocrx_word' id='word_1_848' title='bbox 1591 1349 1772 1383; x_wconf 82' lang='lat' dir='ltr'>Stancarius</span> <span class='ocrx_word' id='word_1_849' title='bbox 1796 1359 1882 1381; x_wconf 87' lang='lat' dir='ltr'>meus</span> <span class='ocrx_word' id='word_1_850' title='bbox 1905 1348 2016 1391; x_wconf 84' lang='lat' dir='ltr'>(q),</span> <span class='ocrx_word' id='word_1_851' title='bbox 2041 1348 2147 1381; x_wconf 87' lang='lat' dir='ltr'>multo</span> <span class='ocrx_word' id='word_1_852' title='bbox 2171 1356 2277 1381; x_wconf 83' lang='lat' dir='ltr'>autem</span> <span class='ocrx_word' id='word_1_853' title='bbox 2300 1347 2421 1388; x_wconf 86' lang='lat' dir='ltr'>copio-</span> 
     </span>
     <span class='ocr_line' id='line_1_103' title="bbox 1413 1390 2421 1434; baseline -0.008 -6"><span class='ocrx_word' id='word_1_854' title='bbox 1413 1394 1474 1428; x_wconf 79' lang='lat' dir='ltr'>sius</span> <span class='ocrx_word' id='word_1_855' title='bbox 1501 1393 1628 1426; x_wconf 82' lang='lat' dir='ltr'>Petitus</span> <span class='ocrx_word' id='word_1_856' title='bbox 1655 1391 1803 1425; x_wconf 85' lang='lat' dir='ltr'>Medicus</span> <span class='ocrx_word' id='word_1_857' title='bbox 1826 1394 1840 1433; x_wconf 92' lang='lat'>(</span> <span class='ocrx_word' id='word_1_858' title='bbox 1863 1402 1878 1424; x_wconf 83' lang='lat' dir='ltr'>r</span> <span class='ocrx_word' id='word_1_859' title='bbox 1903 1394 1912 1429; x_wconf 96' lang='lat'><em>)</em></span> <span class='ocrx_word' id='word_1_860' title='bbox 1938 1390 1980 1425; x_wconf 89' lang='lat' dir='ltr'>est</span> <span class='ocrx_word' id='word_1_861' title='bbox 1994 1391 2195 1434; x_wconf 85' lang='lat' dir='ltr'>persecutus.</span> <span class='ocrx_word' id='word_1_862' title='bbox 2221 1390 2331 1428; x_wconf 84' lang='lat' dir='ltr'>Quem</span> <span class='ocrx_word' id='word_1_863' title='bbox 2342 1390 2421 1422; x_wconf 92' lang='lat' dir='ltr'>dum</span> 
     </span>
     <span class='ocr_line' id='line_1_104' title="bbox 1413 1432 2421 1480; baseline -0.006 -9"><span class='ocrx_word' id='word_1_864' title='bbox 1413 1439 1497 1480; x_wconf 72' lang='lat' dir='ltr'>leges</span> <span class='ocrx_word' id='word_1_865' title='bbox 1513 1459 1520 1472; x_wconf 88' lang='lat'>‚</span> <span class='ocrx_word' id='word_1_866' title='bbox 1547 1437 1625 1470; x_wconf 85' lang='lat' dir='ltr'>illud</span> <span class='ocrx_word' id='word_1_867' title='bbox 1639 1437 1737 1469; x_wconf 83' lang='lat' dir='ltr'>etiam</span> <span class='ocrx_word' id='word_1_868' title='bbox 1751 1433 1850 1468; x_wconf 83' lang='lat' dir='ltr'>disces</span> <span class='ocrx_word' id='word_1_869' title='bbox 1864 1461 1871 1474; x_wconf 91' lang='lat'>,</span> <span class='ocrx_word' id='word_1_870' title='bbox 1895 1436 1974 1478; x_wconf 87' lang='lat' dir='ltr'>quid</span> <span class='ocrx_word' id='word_1_871' title='bbox 1998 1436 2087 1469; x_wconf 86' lang='lat' dir='ltr'>calor</span> <span class='ocrx_word' id='word_1_872' title='bbox 2098 1435 2225 1470; x_wconf 83' lang='lat' dir='ltr'>additus</span> <span class='ocrx_word' id='word_1_873' title='bbox 2248 1445 2335 1476; x_wconf 81' lang='lat' dir='ltr'>aquae</span> <span class='ocrx_word' id='word_1_874' title='bbox 2349 1432 2421 1477; x_wconf 85' lang='lat' dir='ltr'>pos-</span> 
     </span>
     <span class='ocr_line' id='line_1_105' title="bbox 1415 1478 2417 1523; baseline -0.002 -9"><span class='ocrx_word' id='word_1_875' title='bbox 1415 1483 1455 1516; x_wconf 91' lang='lat' dir='ltr'>fit</span> <span class='ocrx_word' id='word_1_876' title='bbox 1482 1480 1520 1514; x_wconf 84' lang='lat' dir='ltr'>ad</span> <span class='ocrx_word' id='word_1_877' title='bbox 1543 1479 1746 1512; x_wconf 80' lang='lat' dir='ltr'>efficiendum</span> <span class='ocrx_word' id='word_1_878' title='bbox 1767 1501 1780 1518; x_wconf 83' lang='lat'>,</span> <span class='ocrx_word' id='word_1_879' title='bbox 1814 1488 1849 1513; x_wconf 91' lang='lat' dir='ltr'>ut</span> <span class='ocrx_word' id='word_1_880' title='bbox 1874 1490 1945 1521; x_wconf 86' lang='lat' dir='ltr'>quae</span> <span class='ocrx_word' id='word_1_881' title='bbox 1970 1479 2116 1523; x_wconf 85' lang='lat' dir='ltr'>alioquin</span> <span class='ocrx_word' id='word_1_882' title='bbox 2141 1478 2382 1519; x_wconf 83' lang='lat' dir='ltr'>supernatarent</span> <span class='ocrx_word' id='word_1_883' title='bbox 2406 1501 2417 1518; x_wconf 91' lang='lat'>,</span> 
     </span>
     <span class='ocr_line' id='line_1_106' title="bbox 1413 1519 2422 1566; baseline -0.002 -8"><span class='ocrx_word' id='word_1_884' title='bbox 1413 1524 1603 1558; x_wconf 85' lang='lat' dir='ltr'>descendant</span> <span class='ocrx_word' id='word_1_885' title='bbox 1628 1536 1635 1556; x_wconf 91' lang='lat'>:</span> <span class='ocrx_word' id='word_1_886' title='bbox 1667 1533 1738 1566; x_wconf 82' lang='lat' dir='ltr'>quae</span> <span class='ocrx_word' id='word_1_887' title='bbox 1763 1533 1810 1555; x_wconf 86' lang='lat' dir='ltr'>res</span> <span class='ocrx_word' id='word_1_888' title='bbox 1832 1548 1840 1562; x_wconf 85' lang='lat'>,</span> <span class='ocrx_word' id='word_1_889' title='bbox 1875 1522 1912 1554; x_wconf 88' lang='lat' dir='ltr'>ad</span> <span class='ocrx_word' id='word_1_890' title='bbox 1936 1519 2046 1556; x_wconf 86' lang='lat' dir='ltr'>felleos</span> <span class='ocrx_word' id='word_1_891' title='bbox 2071 1521 2212 1556; x_wconf 89' lang='lat' dir='ltr'>calculos</span> <span class='ocrx_word' id='word_1_892' title='bbox 2234 1523 2386 1557; x_wconf 80' lang='lat' dir='ltr'>translata</span> <span class='ocrx_word' id='word_1_893' title='bbox 2411 1545 2422 1561; x_wconf 84' lang='lat'><strong><em>‚</em></strong></span> 
     </span>
     <span class='ocr_line' id='line_1_107' title="bbox 1413 1563 2423 1607; baseline -0.004 -5"><span class='ocrx_word' id='word_1_894' title='bbox 1413 1567 1551 1602; x_wconf 83' lang='lat' dir='ltr'>ostendit</span> <span class='ocrx_word' id='word_1_895' title='bbox 1578 1567 1674 1600; x_wconf 81' lang='lat' dir='ltr'>aliam</span> <span class='ocrx_word' id='word_1_896' title='bbox 1698 1564 1824 1607; x_wconf 88' lang='lat' dir='ltr'>insuper</span> <span class='ocrx_word' id='word_1_897' title='bbox 1849 1563 1994 1604; x_wconf 83' lang='lat' dir='ltr'>causam,</span> <span class='ocrx_word' id='word_1_898' title='bbox 2020 1565 2102 1599; x_wconf 87' lang='lat' dir='ltr'>unde</span> <span class='ocrx_word' id='word_1_899' title='bbox 2125 1566 2339 1607; x_wconf 81' lang='lat' dir='ltr'>experimenta</span> <span class='ocrx_word' id='word_1_900' title='bbox 2366 1577 2423 1599; x_wconf 86' lang='lat' dir='ltr'>va-</span> 
     </span>
     <span class='ocr_line' id='line_1_108' title="bbox 1415 1607 2424 1653; baseline -0.001 -9"><span class='ocrx_word' id='word_1_901' title='bbox 1415 1614 1497 1646; x_wconf 86' lang='lat' dir='ltr'>riare</span> <span class='ocrx_word' id='word_1_902' title='bbox 1519 1611 1654 1653; x_wconf 79' lang='lat' dir='ltr'>possint,</span> <span class='ocrx_word' id='word_1_903' title='bbox 1678 1608 1860 1651; x_wconf 86' lang='lat' dir='ltr'>faceretque</span> <span class='ocrx_word' id='word_1_904' title='bbox 1884 1608 1982 1647; x_wconf 73' lang='lat' dir='ltr'>adeo,</span> <span class='ocrx_word' id='word_1_905' title='bbox 2006 1618 2042 1642; x_wconf 85' lang='lat' dir='ltr'>ut</span> <span class='ocrx_word' id='word_1_906' title='bbox 2065 1607 2205 1651; x_wconf 65' lang='lat' dir='ltr'>suspesta</span> <span class='ocrx_word' id='word_1_907' title='bbox 2232 1609 2310 1645; x_wconf 84' lang='lat' dir='ltr'>mihi</span> <span class='ocrx_word' id='word_1_908' title='bbox 2325 1608 2424 1643; x_wconf 86' lang='lat' dir='ltr'>effent</span> 
     </span>
     <span class='ocr_line' id='line_1_109' title="bbox 1414 1650 2424 1696; baseline -0.002 -8"><span class='ocrx_word' id='word_1_909' title='bbox 1414 1655 1469 1688; x_wconf 82' lang='lat' dir='ltr'>illa</span> <span class='ocrx_word' id='word_1_910' title='bbox 1494 1666 1564 1695; x_wconf 82' lang='lat' dir='ltr'>quae</span> <span class='ocrx_word' id='word_1_911' title='bbox 1590 1652 1717 1695; x_wconf 73' lang='lat' dir='ltr'>frigidis</span> <span class='ocrx_word' id='word_1_912' title='bbox 1743 1653 1818 1685; x_wconf 89' lang='lat' dir='ltr'>anni</span> <span class='ocrx_word' id='word_1_913' title='bbox 1842 1653 2044 1695; x_wconf 78' lang='lat' dir='ltr'>temporibus</span> <span class='ocrx_word' id='word_1_914' title='bbox 2058 1651 2123 1685; x_wconf 86' lang='lat' dir='ltr'>fere</span> <span class='ocrx_word' id='word_1_915' title='bbox 2147 1650 2245 1685; x_wconf 85' lang='lat' dir='ltr'>habui</span> <span class='ocrx_word' id='word_1_916' title='bbox 2269 1652 2339 1696; x_wconf 90' lang='lat' dir='ltr'>post</span> <span class='ocrx_word' id='word_1_917' title='bbox 2355 1654 2424 1687; x_wconf 88' lang='lat' dir='ltr'>edi-</span> 
     </span>
     <span class='ocr_line' id='line_1_110' title="bbox 1415 1695 2424 1739; baseline 0 -8"><span class='ocrx_word' id='word_1_918' title='bbox 1415 1707 1482 1731; x_wconf 86' lang='lat' dir='ltr'>tam</span> <span class='ocrx_word' id='word_1_919' title='bbox 1507 1696 1688 1738; x_wconf 82' lang='lat' dir='ltr'>Epistolam</span> <span class='ocrx_word' id='word_1_920' title='bbox 1710 1696 1938 1729; x_wconf 83' lang='lat' dir='ltr'>Anatomicam</span> <span class='ocrx_word' id='word_1_921' title='bbox 1964 1698 1993 1735; x_wconf 72' lang='grc' dir='ltr'>Γ,</span> <span class='ocrx_word' id='word_1_922' title='bbox 2015 1695 2073 1729; x_wconf 85' lang='lat' dir='ltr'>nisi</span> <span class='ocrx_word' id='word_1_923' title='bbox 2096 1697 2129 1729; x_wconf 90' lang='lat' dir='ltr'>in</span> <span class='ocrx_word' id='word_1_924' title='bbox 2153 1695 2261 1739; x_wconf 85' lang='lat' dir='ltr'>tepida</span> <span class='ocrx_word' id='word_1_925' title='bbox 2292 1695 2424 1732; x_wconf 84' lang='lat' dir='ltr'>habuis-</span> 
     </span>
     <span class='ocr_line' id='line_1_111' title="bbox 1417 1738 2291 1777; baseline -0.003 -4"><span class='ocrx_word' id='word_1_926' title='bbox 1417 1742 1480 1777; x_wconf 80' lang='lat' dir='ltr'>sem</span> <span class='ocrx_word' id='word_1_927' title='bbox 1496 1763 1504 1776; x_wconf 94' lang='lat'>,</span> <span class='ocrx_word' id='word_1_928' title='bbox 1531 1750 1595 1772; x_wconf 90' lang='lat' dir='ltr'>non</span> <span class='ocrx_word' id='word_1_929' title='bbox 1619 1741 1651 1772; x_wconf 87' lang='lat' dir='ltr'>in</span> <span class='ocrx_word' id='word_1_930' title='bbox 1676 1738 1838 1773; x_wconf 81' lang='lat' dir='ltr'>fervente.</span> <span class='ocrx_word' id='word_1_931' title='bbox 2287 1745 2291 1757; x_wconf 51' lang='lat'>&#39;¹</span> 
     </span>
    </p>

    <p class='ocr_par' dir='ltr' id='par_1_5' title="bbox 1413 1781 2443 3391">
     <span class='ocr_line' id='line_1_112' title="bbox 1462 1781 2425 1825; baseline 0.001 -9"><span class='ocrx_word' id='word_1_932' title='bbox 1462 1787 1513 1816; x_wconf 91' lang='lat'>26.</span> <span class='ocrx_word' id='word_1_933' title='bbox 1541 1784 1614 1817; x_wconf 88' lang='lat' dir='ltr'>Cur</span> <span class='ocrx_word' id='word_1_934' title='bbox 1638 1794 1714 1815; x_wconf 90' lang='lat' dir='ltr'>vero</span> <span class='ocrx_word' id='word_1_935' title='bbox 1739 1781 1986 1825; x_wconf 80' lang='lat' dir='ltr'>inflammabiles</span> <span class='ocrx_word' id='word_1_936' title='bbox 2008 1781 2070 1816; x_wconf 85' lang='lat' dir='ltr'>sint</span> <span class='ocrx_word' id='word_1_937' title='bbox 2089 1803 2099 1819; x_wconf 91' lang='lat'><em>‚</em></span> <span class='ocrx_word' id='word_1_938' title='bbox 2124 1781 2389 1817; x_wconf 30' lang='lat' dir='ltr'>manifestiusiest</span> <span class='ocrx_word' id='word_1_939' title='bbox 2414 1805 2425 1821; x_wconf 88' lang='lat'><em>‚</em></span> 
     </span>
     <span class='ocr_line' id='line_1_113' title="bbox 1414 1825 2432 1871; baseline -0.002 -10"><span class='ocrx_word' id='word_1_940' title='bbox 1414 1838 1514 1871; x_wconf 88' lang='lat' dir='ltr'>quam</span> <span class='ocrx_word' id='word_1_941' title='bbox 1540 1837 1575 1859; x_wconf 87' lang='lat' dir='ltr'>ut</span> <span class='ocrx_word' id='word_1_942' title='bbox 1601 1826 1723 1869; x_wconf 84' lang='lat' dir='ltr'>inquiri</span> <span class='ocrx_word' id='word_1_943' title='bbox 1757 1837 1841 1860; x_wconf 89' lang='lat' dir='ltr'>nunc</span> <span class='ocrx_word' id='word_1_944' title='bbox 1864 1826 1977 1859; x_wconf 87' lang='lat' dir='ltr'>debeat</span> <span class='ocrx_word' id='word_1_945' title='bbox 2000 1849 2008 1858; x_wconf 89' lang='lat'>.</span> <span class='ocrx_word' id='word_1_946' title='bbox 2042 1825 2117 1860; x_wconf 86' lang='lat' dir='ltr'>Qua</span> <span class='ocrx_word' id='word_1_947' title='bbox 2141 1825 2179 1859; x_wconf 89' lang='lat' dir='ltr'>de</span> <span class='ocrx_word' id='word_1_948' title='bbox 2212 1837 2323 1861; x_wconf 85' lang='lat' dir='ltr'>eorum</span> <span class='ocrx_word' id='word_1_949' title='bbox 2350 1838 2432 1868; x_wconf 86' lang='lat' dir='ltr'>pro-</span> 
     </span>
     <span class='ocr_line' id='line_1_114' title="bbox 1413 1867 2426 1915; baseline -0.004 -11"><span class='ocrx_word' id='word_1_950' title='bbox 1413 1874 1551 1915; x_wconf 87' lang='lat' dir='ltr'>prietate</span> <span class='ocrx_word' id='word_1_951' title='bbox 1565 1871 1764 1903; x_wconf 84' lang='lat' dir='ltr'>mentionem</span> <span class='ocrx_word' id='word_1_952' title='bbox 1787 1867 1903 1902; x_wconf 67' lang='lat' dir='ltr'>factam</span> <span class='ocrx_word' id='word_1_953' title='bbox 1915 1867 1995 1909; x_wconf 80' lang='lat' dir='ltr'>esse,</span> <span class='ocrx_word' id='word_1_954' title='bbox 2019 1879 2083 1901; x_wconf 88' lang='lat' dir='ltr'>non</span> <span class='ocrx_word' id='word_1_955' title='bbox 2095 1870 2230 1902; x_wconf 86' lang='lat' dir='ltr'>memini</span> <span class='ocrx_word' id='word_1_956' title='bbox 2251 1879 2327 1904; x_wconf 88' lang='lat' dir='ltr'>ante</span> <span class='ocrx_word' id='word_1_957' title='bbox 2338 1872 2426 1903; x_wconf 79' lang='lat' dir='ltr'>Cor-</span> 
     </span>
     <span class='ocr_line' id='line_1_115' title="bbox 1415 1912 2432 1956; baseline -0.001 -9"><span class='ocrx_word' id='word_1_958' title='bbox 1415 1915 1484 1948; x_wconf 82' lang='lat' dir='ltr'>tesii</span> <span class='ocrx_word' id='word_1_959' title='bbox 1508 1917 1519 1952; x_wconf 83' lang='lat'>(</span> <span class='ocrx_word' id='word_1_960' title='bbox 1538 1912 1563 1955; x_wconf 93' lang='lat' dir='ltr'>s</span> <span class='ocrx_word' id='word_1_961' title='bbox 1573 1912 1590 1955; x_wconf 90' lang='lat'><em>)</em></span> <span class='ocrx_word' id='word_1_962' title='bbox 1616 1922 1759 1952; x_wconf 79' lang='lat' dir='ltr'>tempora</span> <span class='ocrx_word' id='word_1_963' title='bbox 1774 1935 1785 1952; x_wconf 89' lang='lat'><em>‚</em></span> <span class='ocrx_word' id='word_1_964' title='bbox 1809 1913 1867 1953; x_wconf 85' lang='lat' dir='ltr'>qui</span> <span class='ocrx_word' id='word_1_965' title='bbox 1891 1912 2082 1953; x_wconf 76' lang='lat' dir='ltr'>experientia</span> <span class='ocrx_word' id='word_1_966' title='bbox 2098 1935 2107 1949; x_wconf 88' lang='lat'>,</span> <span class='ocrx_word' id='word_1_967' title='bbox 2134 1913 2267 1956; x_wconf 85' lang='lat' dir='ltr'>inquit,</span> <span class='ocrx_word' id='word_1_968' title='bbox 2292 1924 2432 1955; x_wconf 85' lang='lat' dir='ltr'>comper-</span> 
     </span>
     <span class='ocr_line' id='line_1_116' title="bbox 1417 1952 2432 1999; baseline -0.002 -8"><span class='ocrx_word' id='word_1_969' title='bbox 1417 1965 1484 1992; x_wconf 83' lang='lat' dir='ltr'>tum</span> <span class='ocrx_word' id='word_1_970' title='bbox 1508 1957 1547 1996; x_wconf 78' lang='lat' dir='ltr'>esi</span> <span class='ocrx_word' id='word_1_971' title='bbox 1560 1979 1572 1996; x_wconf 86' lang='grc'>,</span> <span class='ocrx_word' id='word_1_972' title='bbox 1596 1954 1721 1997; x_wconf 79' lang='lat' dir='ltr'>lapillos</span> <span class='ocrx_word' id='word_1_973' title='bbox 1744 1957 1777 1990; x_wconf 90' lang='lat' dir='ltr'>in</span> <span class='ocrx_word' id='word_1_974' title='bbox 1793 1952 1943 1997; x_wconf 83' lang='lat' dir='ltr'>folliculo</span> <span class='ocrx_word' id='word_1_975' title='bbox 1966 1954 2042 1988; x_wconf 86' lang='lat' dir='ltr'>bilis</span> <span class='ocrx_word' id='word_1_976' title='bbox 2066 1963 2173 1989; x_wconf 84' lang='lat' dir='ltr'>enatos</span> <span class='ocrx_word' id='word_1_977' title='bbox 2192 1977 2202 1993; x_wconf 88' lang='lat'><em>‚</em></span> <span class='ocrx_word' id='word_1_978' title='bbox 2231 1956 2432 1999; x_wconf 78' lang='lat' dir='ltr'>pinguedinis</span> 
     </span>
     <span class='ocr_line' id='line_1_117' title="bbox 1417 1997 2433 2040; baseline 0.002 -9"><span class='ocrx_word' id='word_1_979' title='bbox 1417 2001 1511 2040; x_wconf 76' lang='lat' dir='ltr'>instar</span> <span class='ocrx_word' id='word_1_980' title='bbox 1534 1999 1666 2033; x_wconf 74' lang='lat' dir='ltr'>cremari</span> <span class='ocrx_word' id='word_1_981' title='bbox 1688 2024 1695 2031; x_wconf 90' lang='lat'>.</span> <span class='ocrx_word' id='word_1_982' title='bbox 1729 2000 1814 2038; x_wconf 81' lang='lat' dir='ltr'>Quis</span> <span class='ocrx_word' id='word_1_983' title='bbox 1835 1998 1950 2031; x_wconf 89' lang='lat' dir='ltr'>deinde</span> <span class='ocrx_word' id='word_1_984' title='bbox 1973 1998 2007 2032; x_wconf 89' lang='lat' dir='ltr'>id</span> <span class='ocrx_word' id='word_1_985' title='bbox 2032 2009 2200 2033; x_wconf 88' lang='lat' dir='ltr'>commune</span> <span class='ocrx_word' id='word_1_986' title='bbox 2224 1997 2282 2033; x_wconf 81' lang='lat' dir='ltr'>effe</span> <span class='ocrx_word' id='word_1_987' title='bbox 2306 2000 2371 2033; x_wconf 84' lang='lat' dir='ltr'>illis</span> <span class='ocrx_word' id='word_1_988' title='bbox 2394 2012 2433 2033; x_wconf 91' lang='lat' dir='ltr'>o-</span> 
     </span>
     <span class='ocr_line' id='line_1_118' title="bbox 1418 2041 2433 2083; baseline 0.001 -7"><span class='ocrx_word' id='word_1_989' title='bbox 1418 2044 1569 2079; x_wconf 86' lang='lat' dir='ltr'>mnibus,</span> <span class='ocrx_word' id='word_1_990' title='bbox 1595 2041 1823 2081; x_wconf 69' lang='lat' dir='ltr'>affirmaverit,</span> <span class='ocrx_word' id='word_1_991' title='bbox 1846 2043 1933 2083; x_wconf 87' lang='lat' dir='ltr'>quod</span> <span class='ocrx_word' id='word_1_992' title='bbox 1959 2041 2108 2075; x_wconf 87' lang='lat' dir='ltr'>nonnulli</span> <span class='ocrx_word' id='word_1_993' title='bbox 2133 2043 2433 2079; x_wconf 84' lang='lat' dir='ltr'>etiamnumcrede-</span> 
     </span>
     <span class='ocr_line' id='line_1_119' title="bbox 1418 2084 2433 2128; baseline 0.002 -9"><span class='ocrx_word' id='word_1_994' title='bbox 1418 2099 1452 2122; x_wconf 85' lang='lat' dir='ltr'>re</span> <span class='ocrx_word' id='word_1_995' title='bbox 1479 2087 1654 2123; x_wconf 77' lang='lat' dir='ltr'>videntur5</span> <span class='ocrx_word' id='word_1_996' title='bbox 1679 2087 1751 2127; x_wconf 85' lang='lat' dir='ltr'>quis</span> <span class='ocrx_word' id='word_1_997' title='bbox 1774 2094 1811 2119; x_wconf 85' lang='lat' dir='ltr'>ut</span> <span class='ocrx_word' id='word_1_998' title='bbox 1830 2085 2003 2126; x_wconf 78' lang='lat' dir='ltr'>plurimum</span> <span class='ocrx_word' id='word_1_999' title='bbox 2028 2084 2320 2121; x_wconf 83' lang='lat' dir='ltr'>dumtaxatvei·um</span> <span class='ocrx_word' id='word_1_1000' title='bbox 2347 2086 2433 2128; x_wconf 80' lang='lat' dir='ltr'>esse,</span> 
     </span>
     <span class='ocr_line' id='line_1_120' title="bbox 1419 2128 2434 2171; baseline 0.001 -7"><span class='ocrx_word' id='word_1_1001' title='bbox 1419 2131 1648 2168; x_wconf 77' lang='lat' dir='ltr'>admonuerit,</span> <span class='ocrx_word' id='word_1_1002' title='bbox 1671 2129 1852 2162; x_wconf 86' lang='lat' dir='ltr'>indicatum</span> <span class='ocrx_word' id='word_1_1003' title='bbox 1876 2128 1918 2161; x_wconf 87' lang='lat' dir='ltr'>est</span> <span class='ocrx_word' id='word_1_1004' title='bbox 1940 2130 2037 2171; x_wconf 82' lang='lat' dir='ltr'>paulo</span> <span class='ocrx_word' id='word_1_1005' title='bbox 2054 2140 2125 2163; x_wconf 86' lang='lat' dir='ltr'>ante</span> <span class='ocrx_word' id='word_1_1006' title='bbox 2147 2133 2162 2171; x_wconf 77' lang='grc' dir='ltr'>ζ</span> <span class='ocrx_word' id='word_1_1007' title='bbox 2182 2138 2198 2164; x_wconf 88' lang='lat' dir='ltr'>t</span> <span class='ocrx_word' id='word_1_1008' title='bbox 2222 2132 2256 2168; x_wconf 88' lang='lat'>).</span> <span class='ocrx_word' id='word_1_1009' title='bbox 2280 2131 2363 2168; x_wconf 85' lang='lat' dir='ltr'>Quae</span> <span class='ocrx_word' id='word_1_1010' title='bbox 2378 2143 2434 2165; x_wconf 85' lang='lat' dir='ltr'>au-</span> 
     </span>
     <span class='ocr_line' id='line_1_121' title="bbox 1418 2171 2434 2209; baseline -0.001 -2"><span class='ocrx_word' id='word_1_1011' title='bbox 1418 2185 1487 2207; x_wconf 74' lang='lat' dir='ltr'>tem</span> <span class='ocrx_word' id='word_1_1012' title='bbox 1511 2173 1591 2206; x_wconf 87' lang='lat' dir='ltr'>mihi</span> <span class='ocrx_word' id='word_1_1013' title='bbox 1616 2174 1703 2205; x_wconf 75' lang='lat' dir='ltr'>varia</span> <span class='ocrx_word' id='word_1_1014' title='bbox 1728 2171 1789 2205; x_wconf 80' lang='lat' dir='ltr'>fiut</span> <span class='ocrx_word' id='word_1_1015' title='bbox 1824 2172 1856 2204; x_wconf 86' lang='lat' dir='ltr'>in</span> <span class='ocrx_word' id='word_1_1016' title='bbox 1882 2173 2046 2206; x_wconf 87' lang='lat' dir='ltr'>variorum</span> <span class='ocrx_word' id='word_1_1017' title='bbox 2078 2174 2301 2209; x_wconf 84' lang='lat' dir='ltr'>combustione</span> <span class='ocrx_word' id='word_1_1018' title='bbox 2324 2173 2434 2208; x_wconf 89' lang='lat' dir='ltr'>obser-</span> 
     </span>
     <span class='ocr_line' id='line_1_122' title="bbox 1420 2215 2437 2258; baseline 0.001 -8"><span class='ocrx_word' id='word_1_1019' title='bbox 1420 2227 1520 2255; x_wconf 87' lang='lat' dir='ltr'>vata,</span> <span class='ocrx_word' id='word_1_1020' title='bbox 1541 2220 1572 2249; x_wconf 92' lang='lat'>&amp;</span> <span class='ocrx_word' id='word_1_1021' title='bbox 1594 2227 1675 2258; x_wconf 89' lang='lat' dir='ltr'>quos</span> <span class='ocrx_word' id='word_1_1022' title='bbox 1698 2217 1889 2258; x_wconf 80' lang='lat' dir='ltr'>concipere,</span> <span class='ocrx_word' id='word_1_1023' title='bbox 1914 2215 1996 2249; x_wconf 90' lang='lat' dir='ltr'>alere</span> <span class='ocrx_word' id='word_1_1024' title='bbox 2011 2241 2019 2255; x_wconf 86' lang='lat'>‚</span> <span class='ocrx_word' id='word_1_1025' title='bbox 2045 2219 2076 2249; x_wconf 91' lang='lat'>&amp;</span> <span class='ocrx_word' id='word_1_1026' title='bbox 2101 2216 2222 2251; x_wconf 85' lang='lat' dir='ltr'>servare</span> <span class='ocrx_word' id='word_1_1027' title='bbox 2246 2217 2437 2258; x_wconf 78' lang='lat' dir='ltr'>flammam,-</span> 
     </span>
     <span class='ocr_line' id='line_1_123' title="bbox 1421 2258 2434 2304; baseline 0.002 -11"><span class='ocrx_word' id='word_1_1028' title='bbox 1421 2272 1504 2304; x_wconf 81' lang='lat' dir='ltr'>qnos</span> <span class='ocrx_word' id='word_1_1029' title='bbox 1529 2262 1615 2293; x_wconf 85' lang='lat' dir='ltr'>secus</span> <span class='ocrx_word' id='word_1_1030' title='bbox 1640 2259 1798 2296; x_wconf 87' lang='lat' dir='ltr'>viderim,</span> <span class='ocrx_word' id='word_1_1031' title='bbox 1822 2270 1895 2291; x_wconf 90' lang='lat' dir='ltr'>cum</span> <span class='ocrx_word' id='word_1_1032' title='bbox 1919 2260 1952 2291; x_wconf 86' lang='lat' dir='ltr'>in</span> <span class='ocrx_word' id='word_1_1033' title='bbox 1977 2258 2177 2294; x_wconf 83' lang='lat' dir='ltr'>Adversariis</span> <span class='ocrx_word' id='word_1_1034' title='bbox 2200 2261 2257 2304; x_wconf 86' lang='lat' dir='ltr'>(u</span> <span class='ocrx_word' id='word_1_1035' title='bbox 2274 2261 2318 2304; x_wconf 70' lang='lat'>)‘,</span> <span class='ocrx_word' id='word_1_1036' title='bbox 2341 2264 2372 2295; x_wconf 70' lang='grc' dir='ltr'>δι</span> <span class='ocrx_word' id='word_1_1037' title='bbox 2388 2263 2434 2295; x_wconf 84' lang='lat' dir='ltr'>E-</span> 
     </span>
     <span class='ocr_line' id='line_1_124' title="bbox 1425 2302 2434 2348; baseline 0.001 -11"><span class='ocrx_word' id='word_1_1038' title='bbox 1425 2304 1538 2348; x_wconf 73' lang='lat' dir='ltr'>pistola</span> <span class='ocrx_word' id='word_1_1039' title='bbox 1562 2303 1615 2335; x_wconf 86' lang='lat' dir='ltr'>ill-a</span> <span class='ocrx_word' id='word_1_1040' title='bbox 1642 2304 1840 2336; x_wconf 83' lang='lat' dir='ltr'>Anatomica</span> <span class='ocrx_word' id='word_1_1041' title='bbox 1866 2302 1921 2345; x_wconf 81' lang='lat' dir='ltr'>(x</span> <span class='ocrx_word' id='word_1_1042' title='bbox 1943 2305 1957 2342; x_wconf 73' lang='grc' dir='ltr'><em>ὶ</em></span> <span class='ocrx_word' id='word_1_1043' title='bbox 1979 2325 1988 2341; x_wconf 89' lang='lat'>‚</span> <span class='ocrx_word' id='word_1_1044' title='bbox 2015 2312 2084 2337; x_wconf 89' lang='lat' dir='ltr'>tum</span> <span class='ocrx_word' id='word_1_1045' title='bbox 2107 2305 2140 2336; x_wconf 80' lang='lat' dir='ltr'>in</span> <span class='ocrx_word' id='word_1_1046' title='bbox 2163 2314 2304 2338; x_wconf 87' lang='lat' dir='ltr'>extrema</span> <span class='ocrx_word' id='word_1_1047' title='bbox 2334 2306 2434 2338; x_wconf 83' lang='lat' dir='ltr'>altera</span> 
     </span>
     <span class='ocr_line' id='line_1_125' title="bbox 1425 2345 2436 2391; baseline 0.001 -11"><span class='ocrx_word' id='word_1_1048' title='bbox 1425 2359 1522 2391; x_wconf 90' lang='lat' dir='ltr'>quam</span> <span class='ocrx_word' id='word_1_1049' title='bbox 1548 2347 1585 2380; x_wconf 88' lang='lat' dir='ltr'>ad</span> <span class='ocrx_word' id='word_1_1050' title='bbox 1611 2345 1840 2380; x_wconf 85' lang='lat' dir='ltr'>Schroeckium</span> <span class='ocrx_word' id='word_1_1051' title='bbox 1864 2345 1935 2379; x_wconf 90' lang='lat' dir='ltr'>dedi</span> <span class='ocrx_word' id='word_1_1052' title='bbox 1960 2349 2048 2387; x_wconf 88' lang='lat' dir='ltr'>(y),</span> <span class='ocrx_word' id='word_1_1053' title='bbox 2073 2347 2282 2390; x_wconf 84' lang='lat' dir='ltr'>perscriptum</span> <span class='ocrx_word' id='word_1_1054' title='bbox 2294 2351 2357 2383; x_wconf 85' lang='lat' dir='ltr'>est.</span> <span class='ocrx_word' id='word_1_1055' title='bbox 2384 2350 2436 2382; x_wconf 84' lang='lat' dir='ltr'>Ex</span> 
     </span>
     <span class='ocr_line' id='line_1_126' title="bbox 1426 2387 2434 2434; baseline 0.001 -10"><span class='ocrx_word' id='word_1_1056' title='bbox 1426 2390 1545 2434; x_wconf 80' lang='lat' dir='ltr'>quibus</span> <span class='ocrx_word' id='word_1_1057' title='bbox 1566 2401 1639 2423; x_wconf 90' lang='lat' dir='ltr'>curn</span> <span class='ocrx_word' id='word_1_1058' title='bbox 1664 2390 1741 2427; x_wconf 86' lang='lat' dir='ltr'>alia,</span> <span class='ocrx_word' id='word_1_1059' title='bbox 1769 2399 1838 2423; x_wconf 85' lang='lat' dir='ltr'>tum</span> <span class='ocrx_word' id='word_1_1060' title='bbox 1863 2387 1944 2422; x_wconf 87' lang='lat' dir='ltr'>illud</span> <span class='ocrx_word' id='word_1_1061' title='bbox 1968 2389 2338 2434; x_wconf 81' lang='lat' dir='ltr'>praesertimintelliges,</span> <span class='ocrx_word' id='word_1_1062' title='bbox 2362 2403 2434 2433; x_wconf 85' lang='lat' dir='ltr'>quae</span> 
     </span>
     <span class='ocr_line' id='line_1_127' title="bbox 1426 2432 2434 2475; baseline 0.001 -8"><span class='ocrx_word' id='word_1_1063' title='bbox 1426 2436 1511 2468; x_wconf 88' lang='lat' dir='ltr'>circa</span> <span class='ocrx_word' id='word_1_1064' title='bbox 1536 2443 1663 2470; x_wconf 84' lang='lat' dir='ltr'>omnes,</span> <span class='ocrx_word' id='word_1_1065' title='bbox 1687 2442 1782 2466; x_wconf 82' lang='lat' dir='ltr'>certae</span> <span class='ocrx_word' id='word_1_1066' title='bbox 1806 2433 1905 2466; x_wconf 86' lang='lat' dir='ltr'>etiam</span> <span class='ocrx_word' id='word_1_1067' title='bbox 1930 2432 1967 2466; x_wconf 81' lang='lat' dir='ltr'>:id</span> <span class='ocrx_word' id='word_1_1068' title='bbox 1991 2432 2126 2475; x_wconf 86' lang='lat' dir='ltr'>speciem</span> <span class='ocrx_word' id='word_1_1069' title='bbox 2151 2445 2269 2468; x_wconf 82' lang='lat' dir='ltr'>naturae</span> <span class='ocrx_word' id='word_1_1070' title='bbox 2294 2458 2303 2472; x_wconf 90' lang='lat'>,</span> <span class='ocrx_word' id='word_1_1071' title='bbox 2327 2437 2434 2468; x_wconf 84' lang='lat' dir='ltr'>a-Ce-</span> 
     </span>
     <span class='ocr_line' id='line_1_128' title="bbox 1427 2472 2435 2519; baseline -0.001 -8"><span class='ocrx_word' id='word_1_1072' title='bbox 1427 2478 1601 2511; x_wconf 89' lang='lat' dir='ltr'>leberrimo</span> <span class='ocrx_word' id='word_1_1073' title='bbox 1624 2476 1764 2518; x_wconf 84' lang='lat' dir='ltr'>quodam</span> <span class='ocrx_word' id='word_1_1074' title='bbox 1790 2472 1965 2508; x_wconf 78' lang='lat' dir='ltr'>Medicinae</span> <span class='ocrx_word' id='word_1_1075' title='bbox 1991 2477 2153 2518; x_wconf 88' lang='lat' dir='ltr'>Scriptore</span> <span class='ocrx_word' id='word_1_1076' title='bbox 2186 2479 2302 2513; x_wconf 84' lang='lat' dir='ltr'>tradita</span> <span class='ocrx_word' id='word_1_1077' title='bbox 2328 2479 2400 2512; x_wconf 86' lang='lat' dir='ltr'>sunt</span> <span class='ocrx_word' id='word_1_1078' title='bbox 2424 2504 2435 2519; x_wconf 90' lang='lat'>‚</span> 
     </span>
     <span class='ocr_line' id='line_1_129' title="bbox 1429 2517 2439 2562; baseline 0.001 -8"><span class='ocrx_word' id='word_1_1079' title='bbox 1429 2521 1467 2554; x_wconf 89' lang='lat' dir='ltr'>de</span> <span class='ocrx_word' id='word_1_1080' title='bbox 1490 2520 1643 2553; x_wconf 86' lang='lat' dir='ltr'>omnibus</span> <span class='ocrx_word' id='word_1_1081' title='bbox 1667 2520 1699 2551; x_wconf 94' lang='lat' dir='ltr'>in</span> <span class='ocrx_word' id='word_1_1082' title='bbox 1722 2518 1891 2561; x_wconf 69' lang='lat' dir='ltr'>quibus&#39;is</span> <span class='ocrx_word' id='word_1_1083' title='bbox 1914 2517 1992 2552; x_wconf 78' lang='lat' dir='ltr'>fecit</span> <span class='ocrx_word' id='word_1_1084' title='bbox 2018 2522 2194 2562; x_wconf 85' lang='lat' dir='ltr'>periculum</span> <span class='ocrx_word' id='word_1_1085' title='bbox 2217 2546 2226 2560; x_wconf 90' lang='lat'><em>‚</em></span> <span class='ocrx_word' id='word_1_1086' title='bbox 2249 2533 2313 2555; x_wconf 89' lang='lat' dir='ltr'>non</span> <span class='ocrx_word' id='word_1_1087' title='bbox 2337 2522 2376 2555; x_wconf 88' lang='lat' dir='ltr'>de</span> <span class='ocrx_word' id='word_1_1088' title='bbox 2401 2534 2439 2554; x_wconf 94' lang='lat' dir='ltr'>o-</span> 
     </span>
     <span class='ocr_line' id='line_1_130' title="bbox 1431 2561 2439 2608; baseline -0.002 -13"><span class='ocrx_word' id='word_1_1089' title='bbox 1431 2564 1559 2597; x_wconf 83' lang='lat' dir='ltr'>mnibus</span> <span class='ocrx_word' id='word_1_1090' title='bbox 1582 2565 1614 2595; x_wconf 94' lang='lat' dir='ltr'>in</span> <span class='ocrx_word' id='word_1_1091' title='bbox 1638 2561 1757 2605; x_wconf 85' lang='lat' dir='ltr'>quibus</span> <span class='ocrx_word' id='word_1_1092' title='bbox 1784 2573 1865 2603; x_wconf 81' lang='lat' dir='ltr'>ego,</span> <span class='ocrx_word' id='word_1_1093' title='bbox 1891 2563 2009 2604; x_wconf 83' lang='lat' dir='ltr'>aliique</span> <span class='ocrx_word' id='word_1_1094' title='bbox 2024 2562 2178 2603; x_wconf 82' lang='lat' dir='ltr'>fecimus,</span> <span class='ocrx_word' id='word_1_1095' title='bbox 2208 2565 2265 2599; x_wconf 80' lang='lat' dir='ltr'>esse</span> <span class='ocrx_word' id='word_1_1096' title='bbox 2280 2567 2439 2608; x_wconf 78' lang='lat' dir='ltr'>accipien-</span> 
     </span>
     <span class='ocr_line' id='line_1_131' title="bbox 1428 2606 2440 2648; baseline 0.003 -9"><span class='ocrx_word' id='word_1_1097' title='bbox 1428 2607 1487 2642; x_wconf 76' lang='lat' dir='ltr'>da.</span> <span class='ocrx_word' id='word_1_1098' title='bbox 1517 2607 1647 2640; x_wconf 84' lang='lat' dir='ltr'>Scilicet</span> <span class='ocrx_word' id='word_1_1099' title='bbox 1672 2606 1729 2638; x_wconf 84' lang='lat' dir='ltr'>sub</span> <span class='ocrx_word' id='word_1_1100' title='bbox 1752 2606 1858 2638; x_wconf 87' lang='lat' dir='ltr'>eadem</span> <span class='ocrx_word' id='word_1_1101' title='bbox 1883 2615 2011 2639; x_wconf 84' lang='lat' dir='ltr'>externa</span> <span class='ocrx_word' id='word_1_1102' title='bbox 2037 2606 2137 2648; x_wconf 91' lang='lat' dir='ltr'>specie</span> <span class='ocrx_word' id='word_1_1103' title='bbox 2162 2609 2265 2642; x_wconf 88' lang='lat' dir='ltr'>aliain</span> <span class='ocrx_word' id='word_1_1104' title='bbox 2291 2610 2362 2643; x_wconf 81' lang='lat' dir='ltr'>aliis</span> <span class='ocrx_word' id='word_1_1105' title='bbox 2374 2609 2440 2642; x_wconf 89' lang='lat' dir='ltr'>cal-</span> 
     </span>
     <span class='ocr_line' id='line_1_132' title="bbox 1429 2649 2439 2693; baseline -0.006 -7"><span class='ocrx_word' id='word_1_1106' title='bbox 1429 2651 1510 2687; x_wconf 82' lang='lat' dir='ltr'>culis</span> <span class='ocrx_word' id='word_1_1107' title='bbox 1534 2650 1764 2693; x_wconf 88' lang='lat' dir='ltr'>particularum</span> <span class='ocrx_word' id='word_1_1108' title='bbox 1789 2660 1826 2681; x_wconf 84' lang='lat' dir='ltr'>ex</span> <span class='ocrx_word' id='word_1_1109' title='bbox 1848 2649 1963 2691; x_wconf 83' lang='lat' dir='ltr'>quibus</span> <span class='ocrx_word' id='word_1_1110' title='bbox 1988 2649 2152 2689; x_wconf 82' lang='lat' dir='ltr'>constant,</span> <span class='ocrx_word' id='word_1_1111' title='bbox 2178 2661 2312 2692; x_wconf 87' lang='lat' dir='ltr'>natura,</span> <span class='ocrx_word' id='word_1_1112' title='bbox 2334 2656 2364 2686; x_wconf 88' lang='lat'>&amp;</span> <span class='ocrx_word' id='word_1_1113' title='bbox 2379 2664 2439 2687; x_wconf 79' lang='lat' dir='ltr'>nu-</span> 
     </span>
     <span class='ocr_line' id='line_1_133' title="bbox 1431 2691 2440 2739; baseline 0.001 -11"><span class='ocrx_word' id='word_1_1114' title='bbox 1431 2706 1535 2730; x_wconf 85' lang='lat' dir='ltr'>merus</span> <span class='ocrx_word' id='word_1_1115' title='bbox 1559 2694 1656 2726; x_wconf 81' lang='lat' dir='ltr'>latere</span> <span class='ocrx_word' id='word_1_1116' title='bbox 1679 2691 1803 2735; x_wconf 84' lang='lat' dir='ltr'>potest.-</span> <span class='ocrx_word' id='word_1_1117' title='bbox 1827 2694 1896 2725; x_wconf 79' lang='lat' dir='ltr'>imo</span> <span class='ocrx_word' id='word_1_1118' title='bbox 1920 2693 2092 2735; x_wconf 86' lang='lat' dir='ltr'>aliquando</span> <span class='ocrx_word' id='word_1_1119' title='bbox 2116 2705 2154 2728; x_wconf 89' lang='lat' dir='ltr'>ne</span> <span class='ocrx_word' id='word_1_1120' title='bbox 2177 2695 2256 2730; x_wconf 87' lang='lat' dir='ltr'>latet</span> <span class='ocrx_word' id='word_1_1121' title='bbox 2280 2696 2440 2739; x_wconf 88' lang='lat' dir='ltr'>quidem,</span> 
     </span>
     <span class='ocr_line' id='line_1_134' title="bbox 1432 2735 2439 2784; baseline 0.003 -13"><span class='ocrx_word' id='word_1_1122' title='bbox 1432 2739 1453 2776; x_wconf 84' lang='lat' dir='ltr'><strong>fi</strong></span> <span class='ocrx_word' id='word_1_1123' title='bbox 1478 2737 1666 2780; x_wconf 81' lang='lat' dir='ltr'>diligentius</span> <span class='ocrx_word' id='word_1_1124' title='bbox 1693 2735 1865 2778; x_wconf 83' lang='lat' dir='ltr'>inspicias.</span> <span class='ocrx_word' id='word_1_1125' title='bbox 1894 2736 1980 2769; x_wconf 87' lang='lat' dir='ltr'>Viro</span> <span class='ocrx_word' id='word_1_1126' title='bbox 2004 2737 2123 2770; x_wconf 88' lang='lat' dir='ltr'>Illustri</span> <span class='ocrx_word' id='word_1_1127' title='bbox 2147 2739 2285 2773; x_wconf 87' lang='lat' dir='ltr'>Hallero</span> <span class='ocrx_word' id='word_1_1128' title='bbox 2308 2743 2322 2779; x_wconf 92' lang='lat'><strong>(</strong></span> <span class='ocrx_word' id='word_1_1129' title='bbox 2345 2752 2369 2784; x_wconf 69' lang='lat' dir='ltr'><em>z</em></span> <span class='ocrx_word' id='word_1_1130' title='bbox 2391 2744 2402 2778; x_wconf 91' lang='lat'><em>)</em></span> <span class='ocrx_word' id='word_1_1131' title='bbox 2427 2764 2439 2780; x_wconf 89' lang='lat'><em>‚</em></span> 
     </span>
     <span class='ocr_line' id='line_1_135' title="bbox 1432 2781 2440 2826; baseline -0.001 -11"><span class='ocrx_word' id='word_1_1132' title='bbox 1432 2783 1487 2815; x_wconf 93' lang='lat' dir='ltr'>cui</span> <span class='ocrx_word' id='word_1_1133' title='bbox 1513 2791 1563 2813; x_wconf 88' lang='lat' dir='ltr'>tot</span> <span class='ocrx_word' id='word_1_1134' title='bbox 1579 2803 1587 2817; x_wconf 95' lang='lat'>‚</span> <span class='ocrx_word' id='word_1_1135' title='bbox 1614 2783 1644 2813; x_wconf 69' lang='lat' dir='ltr'>C&lt;</span> <span class='ocrx_word' id='word_1_1136' title='bbox 1668 2789 1735 2826; x_wconf 70' lang='lat' dir='ltr'>tam</span> <span class='ocrx_word' id='word_1_1137' title='bbox 1761 2781 1866 2813; x_wconf 84' lang='lat' dir='ltr'>varios</span> <span class='ocrx_word' id='word_1_1138' title='bbox 1888 2789 2029 2812; x_wconf 85' lang='lat' dir='ltr'>exemtos</span> <span class='ocrx_word' id='word_1_1139' title='bbox 2053 2792 2068 2813; x_wconf 87' lang='lat' dir='ltr'>e</span> <span class='ocrx_word' id='word_1_1140' title='bbox 2092 2783 2173 2823; x_wconf 85' lang='lat' dir='ltr'>cysti</span> <span class='ocrx_word' id='word_1_1141' title='bbox 2208 2784 2348 2817; x_wconf 78' lang='lat' dir='ltr'>calculos</span> <span class='ocrx_word' id='word_1_1142' title='bbox 2372 2795 2440 2817; x_wconf 85' lang='lat' dir='ltr'>non</span> 
     </span>
     <span class='ocr_line' id='line_1_136' title="bbox 1433 2822 2443 2872; baseline 0.004 -14"><span class='ocrx_word' id='word_1_1143' title='bbox 1433 2827 1467 2859; x_wconf 87' lang='lat' dir='ltr'>in</span> <span class='ocrx_word' id='word_1_1144' title='bbox 1492 2835 1607 2865; x_wconf 85' lang='lat' dir='ltr'>aquam</span> <span class='ocrx_word' id='word_1_1145' title='bbox 1629 2825 1788 2872; x_wconf 70' lang='lat' dir='ltr'>canicere</span> <span class='ocrx_word' id='word_1_1146' title='bbox 1811 2846 1822 2863; x_wconf 84' lang='lat'>,</span> <span class='ocrx_word' id='word_1_1147' title='bbox 1857 2822 1907 2855; x_wconf 86' lang='lat' dir='ltr'>sed</span> <span class='ocrx_word' id='word_1_1148' title='bbox 1932 2823 2069 2856; x_wconf 82' lang='lat' dir='ltr'>flammae</span> <span class='ocrx_word' id='word_1_1149' title='bbox 2093 2825 2214 2866; x_wconf 90' lang='lat' dir='ltr'>placuit</span> <span class='ocrx_word' id='word_1_1150' title='bbox 2239 2827 2408 2863; x_wconf 85' lang='lat' dir='ltr'>admovere</span> <span class='ocrx_word' id='word_1_1151' title='bbox 2433 2854 2443 2869; x_wconf 86' lang='lat'>‚</span> 
     </span>
     <span class='ocr_line' id='line_1_137' title="bbox 1435 2867 2441 2908; baseline 0.005 -8"><span class='ocrx_word' id='word_1_1152' title='bbox 1435 2868 1553 2904; x_wconf 81' lang='lat' dir='ltr'>accidit</span> <span class='ocrx_word' id='word_1_1153' title='bbox 1579 2890 1586 2904; x_wconf 92' lang='lat'>,</span> <span class='ocrx_word' id='word_1_1154' title='bbox 1622 2877 1657 2900; x_wconf 89' lang='lat' dir='ltr'>ut</span> <span class='ocrx_word' id='word_1_1155' title='bbox 1682 2876 1797 2908; x_wconf 83' lang='lat' dir='ltr'>praeter</span> <span class='ocrx_word' id='word_1_1156' title='bbox 1821 2877 1872 2901; x_wconf 78' lang='lat' dir='ltr'>eos</span> <span class='ocrx_word' id='word_1_1157' title='bbox 1905 2877 1985 2908; x_wconf 82' lang='lat' dir='ltr'>quos</span> <span class='ocrx_word' id='word_1_1158' title='bbox 2018 2867 2171 2902; x_wconf 84' lang='lat' dir='ltr'>calcarios</span> <span class='ocrx_word' id='word_1_1159' title='bbox 2204 2880 2298 2904; x_wconf 91' lang='lat' dir='ltr'>vocat</span> <span class='ocrx_word' id='word_1_1160' title='bbox 2322 2893 2330 2908; x_wconf 91' lang='lat'>‚</span> <span class='ocrx_word' id='word_1_1161' title='bbox 2365 2872 2441 2905; x_wconf 86' lang='lat' dir='ltr'>reli-</span> 
     </span>
     <span class='ocr_line' id='line_1_138' title="bbox 1433 2908 2440 2957; baseline 0.003 -12"><span class='ocrx_word' id='word_1_1162' title='bbox 1433 2913 1491 2956; x_wconf 85' lang='lat' dir='ltr'>qui</span> <span class='ocrx_word' id='word_1_1163' title='bbox 1514 2922 1623 2944; x_wconf 82' lang='lat' dir='ltr'>omnes</span> <span class='ocrx_word' id='word_1_1164' title='bbox 1646 2908 1813 2942; x_wconf 79' lang='lat' dir='ltr'>flammam</span> <span class='ocrx_word' id='word_1_1165' title='bbox 1839 2911 2043 2951; x_wconf 89' lang='lat' dir='ltr'>conciperent</span> <span class='ocrx_word' id='word_1_1166' title='bbox 2067 2934 2076 2949; x_wconf 95' lang='lat'>,</span> <span class='ocrx_word' id='word_1_1167' title='bbox 2109 2913 2142 2944; x_wconf 86' lang='lat' dir='ltr'>in</span> <span class='ocrx_word' id='word_1_1168' title='bbox 2167 2912 2217 2946; x_wconf 87' lang='lat' dir='ltr'>his</span> <span class='ocrx_word' id='word_1_1169' title='bbox 2249 2915 2335 2956; x_wconf 89' lang='lat' dir='ltr'>nigri</span> <span class='ocrx_word' id='word_1_1170' title='bbox 2357 2927 2440 2957; x_wconf 89' lang='lat' dir='ltr'>quo-</span> 
     </span>
     <span class='ocr_line' id='line_1_139' title="bbox 1433 2953 2441 3000; baseline 0.003 -12"><span class='ocrx_word' id='word_1_1171' title='bbox 1433 2968 1514 2997; x_wconf 87' lang='lat' dir='ltr'>que.</span> <span class='ocrx_word' id='word_1_1172' title='bbox 1540 2953 1596 2987; x_wconf 86' lang='lat' dir='ltr'>Sed</span> <span class='ocrx_word' id='word_1_1173' title='bbox 1622 2965 1698 2986; x_wconf 89' lang='lat' dir='ltr'>num</span> <span class='ocrx_word' id='word_1_1174' title='bbox 1735 2954 1831 2986; x_wconf 86' lang='lat' dir='ltr'>etiam</span> <span class='ocrx_word' id='word_1_1175' title='bbox 1856 2954 1943 2985; x_wconf 84' lang='lat' dir='ltr'>i&#39;ntns</span> <span class='ocrx_word' id='word_1_1176' title='bbox 1966 2955 2050 2996; x_wconf 79' lang='lat' dir='ltr'>nigri</span> <span class='ocrx_word' id='word_1_1177' title='bbox 2077 2958 2086 2986; x_wconf 88' lang='lat'>?</span> <span class='ocrx_word' id='word_1_1178' title='bbox 2121 2956 2218 2991; x_wconf 83' lang='lat' dir='ltr'>Certe</span> <span class='ocrx_word' id='word_1_1179' title='bbox 2241 2958 2350 3000; x_wconf 78' lang='lat' dir='ltr'>nigros</span> <span class='ocrx_word' id='word_1_1180' title='bbox 2374 2959 2441 2991; x_wconf 89' lang='lat' dir='ltr'>Hi-</span> 
     </span>
     <span class='ocr_line' id='line_1_140' title="bbox 1432 2995 2434 3044; baseline 0.002 -13"><span class='ocrx_word' id='word_1_1181' title='bbox 1432 2999 1527 3034; x_wconf 80' lang='lat' dir='ltr'>storia</span> <span class='ocrx_word' id='word_1_1182' title='bbox 1553 2999 1598 3030; x_wconf 90' lang='lat' dir='ltr'>II.</span> <span class='ocrx_word' id='word_1_1183' title='bbox 1620 2997 1661 3029; x_wconf 88' lang='lat' dir='ltr'>X.</span> <span class='ocrx_word' id='word_1_1184' title='bbox 1688 2998 1745 3030; x_wconf 79' lang='lat' dir='ltr'>XI,</span> <span class='ocrx_word' id='word_1_1185' title='bbox 1772 2995 1971 3033; x_wconf 64' lang='lat' dir='ltr'>describens,</span> <span class='ocrx_word' id='word_1_1186' title='bbox 1996 2999 2028 3030; x_wconf 96' lang='lat' dir='ltr'>in</span> <span class='ocrx_word' id='word_1_1187' title='bbox 2056 2997 2114 3032; x_wconf 85' lang='lat' dir='ltr'>hac</span> <span class='ocrx_word' id='word_1_1188' title='bbox 2136 3022 2148 3039; x_wconf 90' lang='lat'>,</span> <span class='ocrx_word' id='word_1_1189' title='bbox 2173 3000 2315 3044; x_wconf 85' lang='lat' dir='ltr'>itemque</span> <span class='ocrx_word' id='word_1_1190' title='bbox 2339 3002 2371 3034; x_wconf 88' lang='lat' dir='ltr'>in</span> <span class='ocrx_word' id='word_1_1191' title='bbox 2394 3004 2434 3036; x_wconf 87' lang='grc' dir='ltr'>Χ.</span> 
     </span>
     <span class='ocr_line' id='line_1_141' title="bbox 1434 3039 2440 3080; baseline 0.005 -6"><span class='ocrx_word' id='word_1_1192' title='bbox 1434 3053 1499 3077; x_wconf 88' lang='lat' dir='ltr'>non</span> <span class='ocrx_word' id='word_1_1193' title='bbox 1523 3040 1581 3074; x_wconf 85' lang='lat' dir='ltr'>nisi</span> <span class='ocrx_word' id='word_1_1194' title='bbox 1605 3041 1785 3075; x_wconf 79' lang='lat' dir='ltr'>exteriorem</span> <span class='ocrx_word' id='word_1_1195' title='bbox 1808 3039 1957 3080; x_wconf 79' lang='lat' dir='ltr'>crustam,</span> <span class='ocrx_word' id='word_1_1196' title='bbox 1983 3052 2047 3074; x_wconf 90' lang='lat' dir='ltr'>non</span> <span class='ocrx_word' id='word_1_1197' title='bbox 2070 3040 2127 3074; x_wconf 84' lang='lat' dir='ltr'>nifi</span> <span class='ocrx_word' id='word_1_1198' title='bbox 2151 3044 2295 3078; x_wconf 83' lang='lat' dir='ltr'>corticem</span> <span class='ocrx_word' id='word_1_1199' title='bbox 2316 3056 2440 3078; x_wconf 88' lang='lat' dir='ltr'>memo-</span> 
     </span>
     <span class='ocr_line' id='line_1_142' title="bbox 1436 3081 2437 3127; baseline 0.003 -8"><span class='ocrx_word' id='word_1_1200' title='bbox 1436 3096 1485 3119; x_wconf 85' lang='lat' dir='ltr'>rat</span> <span class='ocrx_word' id='word_1_1201' title='bbox 1509 3096 1579 3127; x_wconf 83' lang='lat' dir='ltr'>quae</span> <span class='ocrx_word' id='word_1_1202' title='bbox 1603 3085 1690 3126; x_wconf 77' lang='lat' dir='ltr'>nigra</span> <span class='ocrx_word' id='word_1_1203' title='bbox 1714 3081 1834 3116; x_wconf 89' lang='lat' dir='ltr'>fuerint</span> <span class='ocrx_word' id='word_1_1204' title='bbox 1857 3097 1865 3120; x_wconf 90' lang='lat'>;</span> <span class='ocrx_word' id='word_1_1205' title='bbox 1899 3086 1932 3118; x_wconf 87' lang='lat' dir='ltr'>in</span> <span class='ocrx_word' id='word_1_1206' title='bbox 1959 3083 2002 3117; x_wconf 87' lang='lat'>11.</span> <span class='ocrx_word' id='word_1_1207' title='bbox 2043 3094 2150 3119; x_wconf 89' lang='lat' dir='ltr'>autem</span> <span class='ocrx_word' id='word_1_1208' title='bbox 2187 3087 2259 3123; x_wconf 76' lang='lat' dir='ltr'>decu</span> <span class='ocrx_word' id='word_1_1209' title='bbox 2286 3099 2302 3121; x_wconf 87' lang='lat' dir='ltr'>o</span> <span class='ocrx_word' id='word_1_1210' title='bbox 2325 3090 2437 3124; x_wconf 77' lang='lat' dir='ltr'>cortice</span> 
     </span>
     <span class='ocr_line' id='line_1_143' title="bbox 1438 3086 2440 3175; baseline -0.002 -13"><span class='ocrx_word' id='word_1_1211' title='bbox 1438 3136 1593 3164; x_wconf 79' lang='lat' dir='ltr'>extremo,</span> <span class='ocrx_word' id='word_1_1212' title='bbox 1619 3126 1727 3175; x_wconf 80' lang='lat' dir='ltr'>tenui,</span> <span class='ocrx_word' id='word_1_1213' title='bbox 1752 3127 1840 3175; x_wconf 75' lang='lat' dir='ltr'>nigro</span> <span class='ocrx_word' id='word_1_1214' title='bbox 1858 3149 1868 3166; x_wconf 90' lang='lat'>,</span> <span class='ocrx_word' id='word_1_1215' title='bbox 1895 3126 2059 3172; x_wconf 80' lang='lat' dir='ltr'>succeffiffe</span> <span class='ocrx_word' id='word_1_1216' title='bbox 2083 3151 2096 3171; x_wconf 79' lang='lat'>,</span> <span class='ocrx_word' id='word_1_1217' title='bbox 2129 3130 2196 3168; x_wconf 84' lang='lat' dir='ltr'>ait,</span> <span class='ocrx_word' id='word_1_1218' title='bbox 2219 3086 2360 3174; x_wconf 60' lang='lat' dir='ltr'>biliffqsam</span> <span class='ocrx_word' id='word_1_1219' title='bbox 2378 3131 2440 3175; x_wconf 67' lang='lat' dir='ltr'>fla-</span> 
     </span>
     <span class='ocr_line' id='line_1_144' title="bbox 1436 3170 2439 3218; baseline 0.003 -13"><span class='ocrx_word' id='word_1_1220' title='bbox 1436 3173 1594 3205; x_wconf 72' lang='lat' dir='ltr'>·nedinem.</span> <span class='ocrx_word' id='word_1_1221' title='bbox 1622 3170 1730 3218; x_wconf 78' lang='lat' dir='ltr'>Aliam</span> <span class='ocrx_word' id='word_1_1222' title='bbox 1755 3179 1856 3210; x_wconf 82' lang='lat' dir='ltr'>igitur</span> <span class='ocrx_word' id='word_1_1223' title='bbox 1880 3182 1917 3204; x_wconf 87' lang='lat' dir='ltr'>ex</span> <span class='ocrx_word' id='word_1_1224' title='bbox 1940 3181 2090 3206; x_wconf 85' lang='lat' dir='ltr'>accurata</span> <span class='ocrx_word' id='word_1_1225' title='bbox 2113 3172 2329 3216; x_wconf 84' lang='lat' dir='ltr'>descriptione</span> <span class='ocrx_word' id='word_1_1226' title='bbox 2361 3175 2439 3209; x_wconf 88' lang='lat' dir='ltr'>fuis-</span> 
     </span>
     <span class='ocr_line' id='line_1_145' title="bbox 1437 3213 2439 3260; baseline 0.005 -14"><span class='ocrx_word' id='word_1_1227' title='bbox 1437 3216 1468 3248; x_wconf 88' lang='lat' dir='ltr'>se</span> <span class='ocrx_word' id='word_1_1228' title='bbox 1484 3242 1491 3253; x_wconf 82' lang='lat'>,</span> <span class='ocrx_word' id='word_1_1229' title='bbox 1515 3213 1694 3254; x_wconf 79' lang='lat' dir='ltr'>intelligis,</span> <span class='ocrx_word' id='word_1_1230' title='bbox 1721 3222 1865 3248; x_wconf 85' lang='lat' dir='ltr'>naturam</span> <span class='ocrx_word' id='word_1_1231' title='bbox 1890 3226 2001 3250; x_wconf 82' lang='lat' dir='ltr'>eorum</span> <span class='ocrx_word' id='word_1_1232' title='bbox 2024 3217 2103 3257; x_wconf 87' lang='lat' dir='ltr'>qui,</span> <span class='ocrx_word' id='word_1_1233' title='bbox 2127 3218 2311 3258; x_wconf 85' lang='lat' dir='ltr'>experiente</span> <span class='ocrx_word' id='word_1_1234' title='bbox 2333 3218 2439 3260; x_wconf 60' lang='lat' dir='ltr'>ipset,</span> 
     </span>
     <span class='ocr_line' id='line_1_146' title="bbox 1437 3257 2438 3303; baseline 0.005 -12"><span class='ocrx_word' id='word_1_1235' title='bbox 1437 3257 1603 3291; x_wconf 87' lang='lat' dir='ltr'>flammam</span> <span class='ocrx_word' id='word_1_1236' title='bbox 1646 3268 1862 3299; x_wconf 87' lang='lat' dir='ltr'>conceperunt</span> <span class='ocrx_word' id='word_1_1237' title='bbox 1894 3281 1907 3298; x_wconf 91' lang='lat'>,</span> <span class='ocrx_word' id='word_1_1238' title='bbox 1950 3260 2044 3291; x_wconf 84' lang='lat' dir='ltr'>aliam</span> <span class='ocrx_word' id='word_1_1239' title='bbox 2077 3260 2212 3293; x_wconf 89' lang='lat' dir='ltr'>illorum</span> <span class='ocrx_word' id='word_1_1240' title='bbox 2258 3273 2339 3303; x_wconf 87' lang='lat' dir='ltr'>quos</span> <span class='ocrx_word' id='word_1_1241' title='bbox 2372 3273 2438 3296; x_wconf 88' lang='lat' dir='ltr'>non</span> 
     </span>
     <span class='ocr_line' id='line_1_147' title="bbox 1435 3299 2439 3351; baseline 0.004 -20"><span class='ocrx_word' id='word_1_1242' title='bbox 1435 3302 1536 3351; x_wconf 81' lang='lat' dir='ltr'>modo</span> <span class='ocrx_word' id='word_1_1243' title='bbox 1582 3304 1722 3349; x_wconf 77' lang='lat' dir='ltr'>exterius</span> <span class='ocrx_word' id='word_1_1244' title='bbox 1744 3322 1756 3339; x_wconf 88' lang='lat'><em>‚</em></span> <span class='ocrx_word' id='word_1_1245' title='bbox 1801 3299 1848 3334; x_wconf 83' lang='lat' dir='ltr'>sed</span> <span class='ocrx_word' id='word_1_1246' title='bbox 1895 3302 2028 3335; x_wconf 77' lang='lat' dir='ltr'>interius</span> <span class='ocrx_word' id='word_1_1247' title='bbox 2068 3313 2199 3346; x_wconf 88' lang='lat' dir='ltr'>quoque</span> <span class='ocrx_word' id='word_1_1248' title='bbox 2221 3327 2233 3343; x_wconf 88' lang='lat'>,</span> <span class='ocrx_word' id='word_1_1249' title='bbox 2280 3314 2334 3337; x_wconf 87' lang='lat' dir='ltr'>aut</span> <span class='ocrx_word' id='word_1_1250' title='bbox 2358 3316 2439 3347; x_wconf 83' lang='lat' dir='ltr'>prae.</span> 
     </span>
     <span class='ocr_line' id='line_1_148' title="bbox 1434 3343 2439 3391; baseline 0.001 -13"><span class='ocrx_word' id='word_1_1251' title='bbox 1434 3345 1543 3379; x_wconf 84' lang='lat' dir='ltr'>sertim</span> <span class='ocrx_word' id='word_1_1252' title='bbox 1589 3353 1723 3381; x_wconf 66' lang='lat' dir='ltr'>mterms</span> <span class='ocrx_word' id='word_1_1253' title='bbox 1758 3345 1952 3386; x_wconf 82' lang='lat' dir='ltr'>nigerrimos</span> <span class='ocrx_word' id='word_1_1254' title='bbox 1976 3367 1985 3383; x_wconf 85' lang='lat'>‚</span> <span class='ocrx_word' id='word_1_1255' title='bbox 2032 3343 2199 3381; x_wconf 83' lang='lat' dir='ltr'>flammam</span> <span class='ocrx_word' id='word_1_1256' title='bbox 2231 3346 2336 3391; x_wconf 85' lang='lat' dir='ltr'>scripfi</span> <span class='ocrx_word' id='word_1_1257' title='bbox 2382 3358 2439 3383; x_wconf 75' lang='lat' dir='ltr'>auc</span> 
     </span>
    </p>
   </div>
   <div class='ocr_carea' id='block_1_5' title="bbox 2311 3398 2393 3432">
    <p class='ocr_par' dir='ltr' id='par_1_6' title="bbox 2311 3398 2393 3432">
     <span class='ocr_line' id='line_1_149' title="bbox 2311 3398 2393 3432; baseline 0.024 -9"><span class='ocrx_word' id='word_1_1258' title='bbox 2311 3430 2313 3432; x_wconf 23' lang='lat'>¹</span> <span class='ocrx_word' id='word_1_1259' title='bbox 2329 3398 2393 3425; x_wconf 84' lang='lat' dir='ltr'>non</span> 
     </span>
    </p>
   </div>
   <div class='ocr_carea' id='block_1_6' title="bbox 384 3480 2440 3508">
    <p class='ocr_par' dir='ltr' id='par_1_7' title="bbox 384 3480 2440 3508">
     <span class='ocr_line' id='line_1_150' title="bbox 384 3480 2440 3508; baseline -0.013 0"><span class='ocrx_word' id='word_1_1260' title='bbox 384 3480 2440 3508; x_wconf 40' lang='lat' dir='ltr'><em>W</em></span> 
     </span>
    </p>
   </div>
   <div class='ocr_carea' id='block_1_7' title="bbox 502 3553 512 3574">
    <p class='ocr_par' dir='ltr' id='par_1_8' title="bbox 502 3553 512 3574">
     <span class='ocr_line' id='line_1_151' title="bbox 502 3553 512 3574; textangle 90"><span class='ocrx_word' id='word_1_1261' title='bbox 502 3553 512 3574; x_wconf 54' lang='lat' dir='ltr'><em>J</em></span> 
     </span>
    </p>
   </div>
   <div class='ocr_carea' id='block_1_8' title="bbox 507 3539 1247 3583">
    <p class='ocr_par' dir='ltr' id='par_1_9' title="bbox 507 3539 1247 3583">
     <span class='ocr_line' id='line_1_152' title="bbox 507 3539 1247 3583; baseline -0.022 -4"><span class='ocrx_word' id='word_1_1262' title='bbox 507 3575 510 3583; x_wconf 80' lang='grc'><em>,</em></span> <span class='ocrx_word' id='word_1_1263' title='bbox 528 3555 670 3578; x_wconf 31' lang='lat' dir='ltr'>commenti</span> <span class='ocrx_word' id='word_1_1264' title='bbox 686 3550 714 3573; x_wconf 82' lang='lat' dir='ltr'>de</span> <span class='ocrx_word' id='word_1_1265' title='bbox 730 3551 824 3573; x_wconf 87' lang='lat' dir='ltr'>Bonon.</span> <span class='ocrx_word' id='word_1_1266' title='bbox 842 3547 878 3569; x_wconf 87' lang='lat' dir='ltr'>Se.</span> <span class='ocrx_word' id='word_1_1267' title='bbox 897 3543 954 3568; x_wconf 88' lang='lat' dir='ltr'>Inst.</span> <span class='ocrx_word' id='word_1_1268' title='bbox 971 3545 1002 3573; x_wconf 80' lang='grc' dir='ltr'>Τ.</span> <span class='ocrx_word' id='word_1_1269' title='bbox 1021 3550 1040 3571; x_wconf 86' lang='lat'>3.</span> <span class='ocrx_word' id='word_1_1270' title='bbox 1059 3542 1122 3566; x_wconf 79' lang='lat' dir='ltr'>inter</span> <span class='ocrx_word' id='word_1_1271' title='bbox 1138 3539 1247 3565; x_wconf 80' lang='lat' dir='ltr'>Medica.</span> 
     </span>
    </p>
   </div>
   <div class='ocr_carea' id='block_1_9' title="bbox 535 3575 1249 3672">
    <p class='ocr_par' dir='ltr' id='par_1_10' title="bbox 535 3575 1249 3672">
     <span class='ocr_line' id='line_1_153' title="bbox 535 3575 926 3608; baseline -0.028 0"><span class='ocrx_word' id='word_1_1272' title='bbox 535 3584 589 3608; x_wconf 59' lang='lat' dir='ltr'>Difl‘.</span> <span class='ocrx_word' id='word_1_1273' title='bbox 608 3583 636 3606; x_wconf 88' lang='lat' dir='ltr'>de</span> <span class='ocrx_word' id='word_1_1274' title='bbox 653 3580 749 3605; x_wconf 74' lang='lat' dir='ltr'>Lithiafl</span> <span class='ocrx_word' id='word_1_1275' title='bbox 768 3577 826 3602; x_wconf 80' lang='lat' dir='ltr'>Fell.</span> <span class='ocrx_word' id='word_1_1276' title='bbox 847 3575 871 3606; x_wconf 89' lang='lat'>§.</span> <span class='ocrx_word' id='word_1_1277' title='bbox 892 3582 926 3603; x_wconf 88' lang='lat'>¹4-</span> 
     </span>
     <span class='ocr_line' id='line_1_154' title="bbox 535 3605 1037 3638; baseline -0.024 0"><span class='ocrx_word' id='word_1_1278' title='bbox 535 3617 568 3638; x_wconf 86' lang='lat' dir='ltr'>De</span> <span class='ocrx_word' id='word_1_1279' title='bbox 586 3610 670 3638; x_wconf 75' lang='lat' dir='ltr'>Morb.v</span> <span class='ocrx_word' id='word_1_1280' title='bbox 686 3613 733 3635; x_wconf 23' lang='lat' dir='ltr'>lntt</span> <span class='ocrx_word' id='word_1_1281' title='bbox 754 3612 771 3633; x_wconf 71' lang='lat' dir='ltr'>l,</span> <span class='ocrx_word' id='word_1_1282' title='bbox 792 3616 810 3631; x_wconf 81' lang='lat' dir='ltr'>i.</span> <span class='ocrx_word' id='word_1_1283' title='bbox 829 3606 899 3630; x_wconf 72' lang='lat' dir='ltr'>Schol</span> <span class='ocrx_word' id='word_1_1284' title='bbox 926 3605 954 3628; x_wconf 81' lang='lat' dir='ltr'>ad</span> <span class='ocrx_word' id='word_1_1285' title='bbox 972 3611 991 3628; x_wconf 90' lang='lat' dir='ltr'>c.</span> <span class='ocrx_word' id='word_1_1286' title='bbox 1008 3606 1037 3632; x_wconf 64' lang='lat'>4¹5</span> 
     </span>
     <span class='ocr_line' id='line_1_155' title="bbox 549 3632 1249 3672; baseline -0.021 -3"><span class='ocrx_word' id='word_1_1287' title='bbox 549 3645 586 3672; x_wconf 80' lang='lat' dir='ltr'>ph.</span> <span class='ocrx_word' id='word_1_1288' title='bbox 605 3646 637 3667; x_wconf 87' lang='lat' dir='ltr'>N.</span> <span class='ocrx_word' id='word_1_1289' title='bbox 656 3644 684 3666; x_wconf 91' lang='lat' dir='ltr'>C.</span> <span class='ocrx_word' id='word_1_1290' title='bbox 703 3643 760 3665; x_wconf 88' lang='lat' dir='ltr'>Dec.</span> <span class='ocrx_word' id='word_1_1291' title='bbox 778 3648 798 3668; x_wconf 88' lang='lat'>3.</span> <span class='ocrx_word' id='word_1_1292' title='bbox 818 3639 847 3660; x_wconf 82' lang='lat' dir='ltr'>A.</span> <span class='ocrx_word' id='word_1_1293' title='bbox 866 3644 887 3666; x_wconf 83' lang='lat'>9.</span> <span class='ocrx_word' id='word_1_1294' title='bbox 905 3635 927 3659; x_wconf 69' lang='grc' dir='ltr'><strong>ἃ</strong></span> <span class='ocrx_word' id='word_1_1295' title='bbox 946 3643 981 3658; x_wconf 92' lang='lat'>10.</span> <span class='ocrx_word' id='word_1_1296' title='bbox 1000 3633 1053 3658; x_wconf 84' lang='lat' dir='ltr'>Obs.</span> <span class='ocrx_word' id='word_1_1297' title='bbox 1076 3641 1127 3661; x_wconf 82' lang='lat'>171.</span> <span class='ocrx_word' id='word_1_1298' title='bbox 1143 3632 1171 3655; x_wconf 83' lang='lat' dir='ltr'>ad</span> <span class='ocrx_word' id='word_1_1299' title='bbox 1188 3639 1211 3655; x_wconf 86' lang='lat' dir='ltr'>n.</span> <span class='ocrx_word' id='word_1_1300' title='bbox 1228 3639 1249 3659; x_wconf 91' lang='lat'>7.</span> 
     </span>
    </p>
   </div>
   <div class='ocr_carea' id='block_1_10' title="bbox 560 3671 801 3701">
    <p class='ocr_par' dir='ltr' id='par_1_11' title="bbox 560 3671 801 3701">
     <span class='ocr_line' id='line_1_156' title="bbox 560 3671 801 3701; baseline -0.021 -4"><span class='ocrx_word' id='word_1_1301' title='bbox 560 3680 574 3697; x_wconf 83' lang='lat' dir='ltr'>t.</span> <span class='ocrx_word' id='word_1_1302' title='bbox 594 3674 659 3701; x_wconf 81' lang='lat' dir='ltr'>supra</span> <span class='ocrx_word' id='word_1_1303' title='bbox 676 3671 704 3696; x_wconf 82' lang='lat' dir='ltr'>ad</span> <span class='ocrx_word' id='word_1_1304' title='bbox 723 3678 745 3694; x_wconf 70' lang='lat' dir='ltr'>n,</span> <span class='ocrx_word' id='word_1_1305' title='bbox 767 3678 801 3699; x_wconf 74' lang='lat'>13.</span> 
     </span>
    </p>
   </div>
   <div class='ocr_carea' id='block_1_11' title="bbox 532 3681 1201 3794">
    <p class='ocr_par' dir='ltr' id='par_1_12' title="bbox 532 3681 1201 3794">
     <span class='ocr_line' id='line_1_157' title="bbox 534 3681 1201 3730; baseline -0.018 -3"><span class='ocrx_word' id='word_1_1306' title='bbox 534 3681 612 3730; x_wconf 70' lang='lat' dir='ltr'>mpist.</span> <span class='ocrx_word' id='word_1_1307' title='bbox 632 3706 702 3726; x_wconf 78' lang='lat' dir='ltr'>Anat.</span> <span class='ocrx_word' id='word_1_1308' title='bbox 724 3709 739 3724; x_wconf 87' lang='lat' dir='ltr'>i.</span> <span class='ocrx_word' id='word_1_1309' title='bbox 759 3708 780 3722; x_wconf 90' lang='lat' dir='ltr'>n.</span> <span class='ocrx_word' id='word_1_1310' title='bbox 800 3706 837 3728; x_wconf 76' lang='lat'>43.</span> <span class='ocrx_word' id='word_1_1311' title='bbox 899 3697 912 3725; x_wconf 87' lang='lat'><strong>(</strong></span> <span class='ocrx_word' id='word_1_1312' title='bbox 930 3704 945 3718; x_wconf 81' lang='lat' dir='ltr'>n</span> <span class='ocrx_word' id='word_1_1313' title='bbox 961 3696 974 3723; x_wconf 87' lang='lat'>)</span> <span class='ocrx_word' id='word_1_1314' title='bbox 993 3695 1052 3719; x_wconf 84' lang='lat' dir='ltr'>lbid.</span> <span class='ocrx_word' id='word_1_1315' title='bbox 1070 3702 1092 3717; x_wconf 85' lang='lat' dir='ltr'>n.</span> <span class='ocrx_word' id='word_1_1316' title='bbox 1107 3702 1146 3723; x_wconf 79' lang='lat'>45.</span> <span class='ocrx_word' id='word_1_1317' title='bbox 1163 3696 1201 3721; x_wconf 78' lang='lat'>46.</span> 
     </span>
     <span class='ocr_line' id='line_1_158' title="bbox 532 3727 984 3759; baseline -0.024 -1"><span class='ocrx_word' id='word_1_1318' title='bbox 532 3733 586 3758; x_wconf 62' lang='lat' dir='ltr'>Vid⁴</span> <span class='ocrx_word' id='word_1_1319' title='bbox 604 3732 723 3756; x_wconf 82' lang='lat' dir='ltr'>Vallisner.</span> <span class='ocrx_word' id='word_1_1320' title='bbox 741 3733 815 3759; x_wconf 79' lang='lat' dir='ltr'>Oper.</span> <span class='ocrx_word' id='word_1_1321' title='bbox 832 3729 863 3751; x_wconf 94' lang='lat' dir='ltr'>T.</span> <span class='ocrx_word' id='word_1_1322' title='bbox 882 3735 897 3751; x_wconf 60' lang='grc' dir='ltr'>ι,</span> <span class='ocrx_word' id='word_1_1323' title='bbox 919 3727 942 3748; x_wconf 76' lang='grc' dir='ltr'>Ρ.</span> <span class='ocrx_word' id='word_1_1324' title='bbox 961 3729 984 3749; x_wconf 83' lang='lat'>6.</span> 
     </span>
     <span class='ocr_line' id='line_1_159' title="bbox 536 3757 998 3794; baseline -0.019 -6"><span class='ocrx_word' id='word_1_1325' title='bbox 536 3765 582 3788; x_wconf 87' lang='lat'>111.</span> <span class='ocrx_word' id='word_1_1326' title='bbox 602 3762 714 3794; x_wconf 73' lang='lat' dir='ltr'>Animad.</span> <span class='ocrx_word' id='word_1_1327' title='bbox 732 3762 769 3785; x_wconf 80' lang='lat'>²8.</span> <span class='ocrx_word' id='word_1_1328' title='bbox 831 3759 845 3787; x_wconf 84' lang='lat'>(</span> <span class='ocrx_word' id='word_1_1329' title='bbox 861 3757 900 3788; x_wconf 67' lang='lat' dir='ltr'>n)</span> <span class='ocrx_word' id='word_1_1330' title='bbox 918 3764 942 3780; x_wconf 85' lang='lat' dir='ltr'>n.</span> <span class='ocrx_word' id='word_1_1331' title='bbox 958 3763 998 3785; x_wconf 80' lang='lat'>49.</span> 
     </span>
    </p>
   </div>
   <div class='ocr_carea' id='block_1_12' title="bbox 520 3720 523 3727">
    <p class='ocr_par' dir='ltr' id='par_1_13' title="bbox 520 3720 523 3727">
     <span class='ocr_line' id='line_1_160' title="bbox 520 3720 523 3727; baseline 0 0"><span class='ocrx_word' id='word_1_1332' title='bbox 520 3720 523 3727; x_wconf 67' lang='lat' dir='ltr'>i</span> 
     </span>
    </p>
   </div>
   <div class='ocr_carea' id='block_1_13' title="bbox 441 3556 519 3804">
    <p class='ocr_par' dir='ltr' id='par_1_14' title="bbox 441 3556 519 3804">
     <span class='ocr_line' id='line_1_161' title="bbox 441 3556 462 3804; textangle 90"><span class='ocrx_word' id='word_1_1333' title='bbox 441 3556 462 3804; x_wconf 42' lang='lat' dir='ltr'>&#39;fimf-namna</span> 
     </span>
     <span class='ocr_line' id='line_1_162' title="bbox 470 3562 497 3790; textangle 90"><span class='ocrx_word' id='word_1_1334' title='bbox 470 3745 490 3790; x_wconf 40' lang='grc' dir='ltr'>εὴ</span> <span class='ocrx_word' id='word_1_1335' title='bbox 474 3714 497 3728; x_wconf 67' lang='grc' dir='ltr'>ξ</span> <span class='ocrx_word' id='word_1_1336' title='bbox 476 3655 491 3699; x_wconf 49' lang='lat' dir='ltr'>³-ss</span> <span class='ocrx_word' id='word_1_1337' title='bbox 472 3594 489 3640; x_wconf 45' lang='lat' dir='ltr'>eis*</span> <span class='ocrx_word' id='word_1_1338' title='bbox 475 3562 486 3579; x_wconf 70' lang='grc' dir='ltr'>ιι</span> 
     </span>
     <span class='ocr_line' id='line_1_163' title="bbox 501 3586 519 3793; textangle 90"><span class='ocrx_word' id='word_1_1339' title='bbox 501 3735 517 3793; x_wconf 60' lang='grc' dir='ltr'>νυ</span> <span class='ocrx_word' id='word_1_1340' title='bbox 503 3586 519 3703; x_wconf 43' lang='grc' dir='ltr'>υνυυ</span> 
     </span>
    </p>
   </div>
   <div class='ocr_carea' id='block_1_14' title="bbox 864 3537 1899 3754">
    <p class='ocr_par' dir='ltr' id='par_1_15' title="bbox 864 3537 1899 3754">
     <span class='ocr_line' id='line_1_164' title="bbox 1312 3537 1746 3568; baseline -0.002 -6"><span class='ocrx_word' id='word_1_1341' title='bbox 1312 3539 1325 3567; x_wconf 87' lang='lat'>(</span> <span class='ocrx_word' id='word_1_1342' title='bbox 1340 3546 1355 3562; x_wconf 85' lang='lat' dir='ltr'>u</span> <span class='ocrx_word' id='word_1_1343' title='bbox 1372 3537 1386 3566; x_wconf 88' lang='lat'>)</span> <span class='ocrx_word' id='word_1_1344' title='bbox 1404 3538 1460 3563; x_wconf 82' lang='lat' dir='ltr'>Diss.</span> <span class='ocrx_word' id='word_1_1345' title='bbox 1477 3538 1505 3563; x_wconf 84' lang='lat' dir='ltr'>de</span> <span class='ocrx_word' id='word_1_1346' title='bbox 1523 3538 1586 3561; x_wconf 87' lang='lat' dir='ltr'>Mot.</span> <span class='ocrx_word' id='word_1_1347' title='bbox 1605 3537 1649 3562; x_wconf 81' lang='lat' dir='ltr'>Bil,</span> <span class='ocrx_word' id='word_1_1348' title='bbox 1669 3537 1689 3568; x_wconf 85' lang='lat'>§.</span> <span class='ocrx_word' id='word_1_1349' title='bbox 1710 3547 1746 3568; x_wconf 77' lang='lat'>57.</span> 
     </span>
     <span class='ocr_line' id='line_1_165' title="bbox 989 3570 1418 3602; baseline -0.016 -5"><span class='ocrx_word' id='word_1_1350' title='bbox 989 3574 996 3599; x_wconf 91' lang='lat'><em>(</em></span> <span class='ocrx_word' id='word_1_1351' title='bbox 1016 3582 1033 3601; x_wconf 72' lang='lat' dir='ltr'><em>z</em></span> <span class='ocrx_word' id='word_1_1352' title='bbox 1048 3574 1061 3602; x_wconf 83' lang='grc'>)</span> <span class='ocrx_word' id='word_1_1353' title='bbox 1077 3571 1136 3597; x_wconf 86' lang='lat' dir='ltr'>Obs.</span> <span class='ocrx_word' id='word_1_1354' title='bbox 1153 3571 1194 3595; x_wconf 82' lang='lat' dir='ltr'>cit.</span> <span class='ocrx_word' id='word_1_1355' title='bbox 1212 3570 1279 3598; x_wconf 83' lang='lat' dir='ltr'>supra</span> <span class='ocrx_word' id='word_1_1356' title='bbox 1295 3571 1324 3593; x_wconf 81' lang='lat' dir='ltr'>ad</span> <span class='ocrx_word' id='word_1_1357' title='bbox 1342 3577 1362 3592; x_wconf 90' lang='lat' dir='ltr'>n.</span> <span class='ocrx_word' id='word_1_1358' title='bbox 1382 3577 1418 3593; x_wconf 85' lang='lat'>22.</span> 
     </span>
     <span class='ocr_line' id='line_1_166' title="bbox 1112 3600 1535 3632; baseline -0.012 -6"><span class='ocrx_word' id='word_1_1359' title='bbox 1112 3604 1126 3632; x_wconf 91' lang='lat'><strong>(</strong></span> <span class='ocrx_word' id='word_1_1360' title='bbox 1141 3609 1152 3625; x_wconf 78' lang='lat' dir='ltr'>c</span> <span class='ocrx_word' id='word_1_1361' title='bbox 1169 3604 1179 3631; x_wconf 91' lang='lat'><em>)</em></span> <span class='ocrx_word' id='word_1_1362' title='bbox 1194 3600 1308 3625; x_wconf 85' lang='lat' dir='ltr'>Thesaur.</span> <span class='ocrx_word' id='word_1_1363' title='bbox 1326 3602 1398 3623; x_wconf 81' lang='lat' dir='ltr'>Anat.</span> <span class='ocrx_word' id='word_1_1364' title='bbox 1416 3610 1437 3630; x_wconf 77' lang='grc' dir='ltr'>ς.</span> <span class='ocrx_word' id='word_1_1365' title='bbox 1456 3606 1479 3623; x_wconf 89' lang='lat' dir='ltr'>n.</span> <span class='ocrx_word' id='word_1_1366' title='bbox 1499 3607 1535 3628; x_wconf 82' lang='lat'>32-</span> 
     </span>
     <span class='ocr_line' id='line_1_167' title="bbox 1315 3629 1899 3659; baseline 0.005 -7"><span class='ocrx_word' id='word_1_1367' title='bbox 1315 3629 1379 3659; x_wconf 79' lang='lat' dir='ltr'>(f)</span> <span class='ocrx_word' id='word_1_1368' title='bbox 1399 3632 1449 3655; x_wconf 71' lang='lat' dir='ltr'>Ast.</span> <span class='ocrx_word' id='word_1_1369' title='bbox 1469 3632 1503 3653; x_wconf 71' lang='lat' dir='ltr'>N:</span> <span class='ocrx_word' id='word_1_1370' title='bbox 1517 3632 1536 3654; x_wconf 93' lang='lat' dir='ltr'>C</span> <span class='ocrx_word' id='word_1_1371' title='bbox 1563 3631 1638 3653; x_wconf 90' lang='lat' dir='ltr'>Tom.</span> <span class='ocrx_word' id='word_1_1372' title='bbox 1657 3632 1678 3654; x_wconf 88' lang='lat'>8.</span> <span class='ocrx_word' id='word_1_1373' title='bbox 1696 3630 1756 3654; x_wconf 87' lang='lat' dir='ltr'>Obs.</span> <span class='ocrx_word' id='word_1_1374' title='bbox 1776 3639 1809 3654; x_wconf 85' lang='grc' dir='ltr'>ιο.</span> <span class='ocrx_word' id='word_1_1375' title='bbox 1827 3632 1855 3655; x_wconf 86' lang='lat' dir='ltr'>ad</span> <span class='ocrx_word' id='word_1_1376' title='bbox 1872 3631 1899 3655; x_wconf 88' lang='lat' dir='ltr'>d.</span> 
     </span>
     <span class='ocr_line' id='line_1_168' title="bbox 864 3660 1475 3697; baseline -0.013 -8"><span class='ocrx_word' id='word_1_1377' title='bbox 864 3668 879 3697; x_wconf 63' lang='grc' dir='ltr'>ζ</span> <span class='ocrx_word' id='word_1_1378' title='bbox 896 3667 904 3689; x_wconf 77' lang='grc' dir='ltr'>ι’</span> <span class='ocrx_word' id='word_1_1379' title='bbox 926 3679 931 3693; x_wconf 58' lang='grc'><strong><em>,</em></strong></span> <span class='ocrx_word' id='word_1_1380' title='bbox 951 3665 1102 3693; x_wconf 75' lang='lat' dir='ltr'>Propeniptic</span> <span class='ocrx_word' id='word_1_1381' title='bbox 1129 3663 1169 3687; x_wconf 82' lang='lat' dir='ltr'>cit.</span> <span class='ocrx_word' id='word_1_1382' title='bbox 1187 3661 1254 3690; x_wconf 79' lang='lat' dir='ltr'>supra</span> <span class='ocrx_word' id='word_1_1383' title='bbox 1269 3660 1297 3684; x_wconf 78' lang='lat' dir='ltr'>ad</span> <span class='ocrx_word' id='word_1_1384' title='bbox 1315 3669 1337 3683; x_wconf 88' lang='lat' dir='ltr'>n.</span> <span class='ocrx_word' id='word_1_1385' title='bbox 1359 3668 1392 3689; x_wconf 75' lang='lat'>¹5·</span> <span class='ocrx_word' id='word_1_1386' title='bbox 1470 3691 1475 3694; x_wconf 40' lang='grc' dir='ltr'>Ι</span> 
     </span>
     <span class='ocr_line' id='line_1_169' title="bbox 1265 3690 1723 3720; baseline 0 -6"><span class='ocrx_word' id='word_1_1387' title='bbox 1265 3692 1278 3720; x_wconf 87' lang='grc'>(</span> <span class='ocrx_word' id='word_1_1388' title='bbox 1293 3699 1305 3714; x_wconf 86' lang='lat' dir='ltr'>o</span> <span class='ocrx_word' id='word_1_1389' title='bbox 1322 3691 1335 3718; x_wconf 87' lang='grc'>)</span> <span class='ocrx_word' id='word_1_1390' title='bbox 1352 3691 1408 3715; x_wconf 84' lang='lat' dir='ltr'>Obs.</span> <span class='ocrx_word' id='word_1_1391' title='bbox 1427 3691 1498 3715; x_wconf 65' lang='lat' dir='ltr'>indic⁴</span> <span class='ocrx_word' id='word_1_1392' title='bbox 1516 3690 1583 3719; x_wconf 70' lang='lat' dir='ltr'>supra</span> <span class='ocrx_word' id='word_1_1393' title='bbox 1599 3691 1627 3714; x_wconf 86' lang='lat' dir='ltr'>ad</span> <span class='ocrx_word' id='word_1_1394' title='bbox 1644 3698 1666 3714; x_wconf 92' lang='lat' dir='ltr'>n.</span> <span class='ocrx_word' id='word_1_1395' title='bbox 1684 3698 1723 3714; x_wconf 84' lang='lat'>20.</span> 
     </span>
     <span class='ocr_line' id='line_1_170' title="bbox 1045 3721 1739 3754; baseline -0.004 -6"><span class='ocrx_word' id='word_1_1396' title='bbox 1045 3726 1059 3754; x_wconf 86' lang='lat'><strong>(</strong></span> <span class='ocrx_word' id='word_1_1397' title='bbox 1075 3733 1086 3748; x_wconf 76' lang='lat' dir='ltr'>r</span> <span class='ocrx_word' id='word_1_1398' title='bbox 1102 3725 1114 3752; x_wconf 84' lang='grc'>)</span> <span class='ocrx_word' id='word_1_1399' title='bbox 1133 3725 1210 3747; x_wconf 82' lang='lat' dir='ltr'>Mem.</span> <span class='ocrx_word' id='word_1_1400' title='bbox 1228 3721 1256 3745; x_wconf 88' lang='lat' dir='ltr'>de</span> <span class='ocrx_word' id='word_1_1401' title='bbox 1273 3721 1371 3745; x_wconf 78' lang='lat' dir='ltr'>l&#39;Acad.</span> <span class='ocrx_word' id='word_1_1402' title='bbox 1390 3724 1421 3745; x_wconf 80' lang='lat' dir='ltr'>R.</span> <span class='ocrx_word' id='word_1_1403' title='bbox 1437 3722 1477 3745; x_wconf 84' lang='lat' dir='ltr'>des</span> <span class='ocrx_word' id='word_1_1404' title='bbox 1492 3724 1528 3746; x_wconf 89' lang='lat' dir='ltr'>Sc.</span> <span class='ocrx_word' id='word_1_1405' title='bbox 1548 3723 1578 3745; x_wconf 82' lang='lat' dir='ltr'>A.</span> <span class='ocrx_word' id='word_1_1406' title='bbox 1599 3729 1663 3750; x_wconf 84' lang='lat'>173¹·</span> <span class='ocrx_word' id='word_1_1407' title='bbox 1726 3722 1739 3750; x_wconf 89' lang='lat'>(</span> 
     </span>
    </p>
   </div>
   <div class='ocr_carea' id='block_1_15' title="bbox 1059 3751 1546 3787">
    <p class='ocr_par' dir='ltr' id='par_1_16' title="bbox 1059 3751 1546 3787">
     <span class='ocr_line' id='line_1_171' title="bbox 1059 3751 1546 3787; baseline -0.006 -8"><span class='ocrx_word' id='word_1_1408' title='bbox 1059 3756 1074 3785; x_wconf 67' lang='grc' dir='ltr'>ζ</span> <span class='ocrx_word' id='word_1_1409' title='bbox 1085 3763 1102 3785; x_wconf 73' lang='lat'><em>1</em></span> <span class='ocrx_word' id='word_1_1410' title='bbox 1120 3753 1129 3784; x_wconf 93' lang='lat'>)</span> <span class='ocrx_word' id='word_1_1411' title='bbox 1144 3752 1202 3779; x_wconf 86' lang='lat' dir='ltr'>Obs.</span> <span class='ocrx_word' id='word_1_1412' title='bbox 1218 3751 1322 3780; x_wconf 72' lang='lat' dir='ltr'>indicata</span> <span class='ocrx_word' id='word_1_1413' title='bbox 1338 3751 1407 3787; x_wconf 69' lang='lat' dir='ltr'>supra</span> <span class='ocrx_word' id='word_1_1414' title='bbox 1420 3752 1450 3778; x_wconf 78' lang='lat' dir='ltr'>ad</span> <span class='ocrx_word' id='word_1_1415' title='bbox 1466 3759 1491 3777; x_wconf 86' lang='lat' dir='ltr'>n.</span> <span class='ocrx_word' id='word_1_1416' title='bbox 1507 3760 1546 3783; x_wconf 64' lang='grc' dir='ltr'>ιο,</span> 
     </span>
    </p>
   </div>
   <div class='ocr_carea' id='block_1_16' title="bbox 1453 3538 2438 3783">
    <p class='ocr_par' dir='ltr' id='par_1_17' title="bbox 1607 3538 2214 3574">
     <span class='ocr_line' id='line_1_172' title="bbox 1607 3538 2214 3574; baseline 0 -10"><span class='ocrx_word' id='word_1_1417' title='bbox 1607 3569 1610 3572; x_wconf 29' lang='grc' dir='ltr'>ι</span> <span class='ocrx_word' id='word_1_1418' title='bbox 1715 3571 1717 3573; x_wconf 18' lang='lat' dir='ltr'>q</span> <span class='ocrx_word' id='word_1_1419' title='bbox 1740 3569 1745 3573; x_wconf 49' lang='grc'><em>,</em></span> <span class='ocrx_word' id='word_1_1420' title='bbox 1791 3538 1817 3574; x_wconf 34' lang='lat' dir='ltr'>&#39;s</span> <span class='ocrx_word' id='word_1_1421' title='bbox 1833 3548 1849 3574; x_wconf 55' lang='lat' dir='ltr'>t*</span> <span class='ocrx_word' id='word_1_1422' title='bbox 1864 3539 1878 3569; x_wconf 85' lang='grc'>)</span> <span class='ocrx_word' id='word_1_1423' title='bbox 1895 3538 1991 3564; x_wconf 85' lang='lat' dir='ltr'>Vindic.</span> <span class='ocrx_word' id='word_1_1424' title='bbox 2008 3546 2090 3569; x_wconf 73' lang='lat' dir='ltr'>contra</span> <span class='ocrx_word' id='word_1_1425' title='bbox 2108 3539 2214 3570; x_wconf 84' lang='lat' dir='ltr'>Ruyseli.</span> 
     </span>
    </p>

    <p class='ocr_par' dir='ltr' id='par_1_18' title="bbox 1481 3569 1908 3598">
     <span class='ocr_line' id='line_1_173' title="bbox 1481 3569 1908 3598; baseline 0.007 -7"><span class='ocrx_word' id='word_1_1426' title='bbox 1481 3570 1489 3595; x_wconf 79' lang='lat' dir='ltr'>s</span> <span class='ocrx_word' id='word_1_1427' title='bbox 1506 3569 1548 3597; x_wconf 86' lang='lat' dir='ltr'>a)</span> <span class='ocrx_word' id='word_1_1428' title='bbox 1565 3571 1695 3598; x_wconf 72' lang='lat' dir='ltr'>Aniniadv.</span> <span class='ocrx_word' id='word_1_1429' title='bbox 1713 3569 1771 3593; x_wconf 79' lang='lat' dir='ltr'>ibid.</span> <span class='ocrx_word' id='word_1_1430' title='bbox 1790 3569 1908 3594; x_wconf 73' lang='lat' dir='ltr'>indicata.</span> 
     </span>
    </p>

    <p class='ocr_par' dir='ltr' id='par_1_19' title="bbox 1597 3600 2169 3636">
     <span class='ocr_line' id='line_1_174' title="bbox 1597 3600 2169 3636; baseline 0.007 -14"><span class='ocrx_word' id='word_1_1431' title='bbox 1597 3600 1641 3628; x_wconf 79' lang='lat' dir='ltr'>(d</span> <span class='ocrx_word' id='word_1_1432' title='bbox 1659 3601 1671 3628; x_wconf 92' lang='lat'>)</span> <span class='ocrx_word' id='word_1_1433' title='bbox 1688 3600 1790 3629; x_wconf 83' lang='lat' dir='ltr'>Physiol.</span> <span class='ocrx_word' id='word_1_1434' title='bbox 1810 3602 1877 3625; x_wconf 82' lang='lat' dir='ltr'>Med.</span> <span class='ocrx_word' id='word_1_1435' title='bbox 1896 3602 1913 3624; x_wconf 86' lang='grc' dir='ltr'>Ι.</span> <span class='ocrx_word' id='word_1_1436' title='bbox 1934 3607 1954 3625; x_wconf 84' lang='lat'>1.</span> <span class='ocrx_word' id='word_1_1437' title='bbox 1969 3608 1990 3625; x_wconf 84' lang='lat' dir='ltr'>c.</span> <span class='ocrx_word' id='word_1_1438' title='bbox 2009 3609 2045 3630; x_wconf 82' lang='lat'>14.</span> <span class='ocrx_word' id='word_1_1439' title='bbox 2121 3631 2127 3636; x_wconf 49' lang='grc'><strong>,</strong></span> <span class='ocrx_word' id='word_1_1440' title='bbox 2164 3631 2169 3635; x_wconf 46' lang='lat'>¹</span> 
     </span>
    </p>

    <p class='ocr_par' dir='ltr' id='par_1_20' title="bbox 1453 3629 2438 3725">
     <span class='ocr_line' id='line_1_175' title="bbox 1453 3629 2438 3692; baseline 0.004 -9"><span class='ocrx_word' id='word_1_1441' title='bbox 1453 3662 1466 3689; x_wconf 86' lang='lat'>(</span> <span class='ocrx_word' id='word_1_1442' title='bbox 1482 3660 1499 3685; x_wconf 79' lang='lat' dir='ltr'><em>k</em></span> <span class='ocrx_word' id='word_1_1443' title='bbox 1515 3661 1527 3689; x_wconf 83' lang='lat'>)</span> <span class='ocrx_word' id='word_1_1444' title='bbox 1545 3661 1579 3684; x_wconf 87' lang='lat' dir='ltr'>De</span> <span class='ocrx_word' id='word_1_1445' title='bbox 1596 3661 1673 3684; x_wconf 83' lang='lat' dir='ltr'>Subit.</span> <span class='ocrx_word' id='word_1_1446' title='bbox 1693 3662 1769 3685; x_wconf 82' lang='lat' dir='ltr'>Mort.</span> <span class='ocrx_word' id='word_1_1447' title='bbox 1789 3662 1803 3684; x_wconf 90' lang='lat' dir='ltr'>l.</span> <span class='ocrx_word' id='word_1_1448' title='bbox 1825 3670 1841 3685; x_wconf 85' lang='lat' dir='ltr'>i.</span> <span class='ocrx_word' id='word_1_1449' title='bbox 1860 3669 1877 3685; x_wconf 87' lang='lat' dir='ltr'>c.</span> <span class='ocrx_word' id='word_1_1450' title='bbox 1896 3670 1925 3686; x_wconf 87' lang='lat'>20</span> <span class='ocrx_word' id='word_1_1451' title='bbox 1952 3633 2012 3689; x_wconf 55' lang='grc' dir='ltr'>[1ςέ</span> <span class='ocrx_word' id='word_1_1452' title='bbox 2027 3634 2034 3660; x_wconf 50' lang='lat'><em>¹</em></span> <span class='ocrx_word' id='word_1_1453' title='bbox 2051 3630 2111 3685; x_wconf 66' lang='grc' dir='ltr'>1οἓοί</span> <span class='ocrx_word' id='word_1_1454' title='bbox 2120 3629 2294 3690; x_wconf 47' lang='grc' dir='ltr'>Ιῗάιέὶὶ.ᾒῖιιῗὲῗῆ</span> <span class='ocrx_word' id='word_1_1455' title='bbox 2307 3633 2338 3686; x_wconf 55' lang='lat' dir='ltr'>aad</span> <span class='ocrx_word' id='word_1_1456' title='bbox 2355 3640 2379 3687; x_wconf 45' lang='grc' dir='ltr'>ἓ.</span> <span class='ocrx_word' id='word_1_1457' title='bbox 2397 3639 2438 3692; x_wconf 50' lang='grc' dir='ltr'>ἔξ.</span> 
     </span>
     <span class='ocr_line' id='line_1_176' title="bbox 1787 3692 2348 3725; baseline 0.002 -10"><span class='ocrx_word' id='word_1_1458' title='bbox 1787 3693 1799 3719; x_wconf 85' lang='grc'>(</span> <span class='ocrx_word' id='word_1_1459' title='bbox 1815 3698 1830 3720; x_wconf 85' lang='grc' dir='ltr'><strong><em>ρ</em></strong></span> <span class='ocrx_word' id='word_1_1460' title='bbox 1844 3692 1859 3725; x_wconf 71' lang='lat'>)</span> <span class='ocrx_word' id='word_1_1461' title='bbox 1876 3693 1904 3716; x_wconf 82' lang='lat' dir='ltr'>ad</span> <span class='ocrx_word' id='word_1_1462' title='bbox 1922 3692 2005 3716; x_wconf 82' lang='lat' dir='ltr'>Boerh.</span> <span class='ocrx_word' id='word_1_1463' title='bbox 2024 3693 2128 3717; x_wconf 67' lang='lat' dir='ltr'>Praelect.</span> <span class='ocrx_word' id='word_1_1464' title='bbox 2147 3692 2160 3721; x_wconf 89' lang='lat'>§</span> <span class='ocrx_word' id='word_1_1465' title='bbox 2188 3698 2241 3720; x_wconf 68' lang='lat'>250.</span> <span class='ocrx_word' id='word_1_1466' title='bbox 2259 3698 2309 3717; x_wconf 87' lang='lat' dir='ltr'>not.</span> <span class='ocrx_word' id='word_1_1467' title='bbox 2330 3701 2348 3717; x_wconf 75' lang='lat' dir='ltr'>r.</span> 
     </span>
    </p>

    <p class='ocr_par' dir='ltr' id='par_1_21' title="bbox 1750 3721 2431 3753">
     <span class='ocr_line' id='line_1_177' title="bbox 1750 3721 2431 3753; baseline 0.004 -9"><span class='ocrx_word' id='word_1_1468' title='bbox 1750 3721 1795 3751; x_wconf 89' lang='lat' dir='ltr'>s)</span> <span class='ocrx_word' id='word_1_1469' title='bbox 1811 3721 1913 3746; x_wconf 79' lang='lat' dir='ltr'>Miscell.</span> <span class='ocrx_word' id='word_1_1470' title='bbox 1933 3722 1999 3746; x_wconf 86' lang='lat' dir='ltr'>Med.</span> <span class='ocrx_word' id='word_1_1471' title='bbox 2020 3724 2077 3747; x_wconf 84' lang='lat' dir='ltr'>Dec.</span> <span class='ocrx_word' id='word_1_1472' title='bbox 2095 3730 2116 3747; x_wconf 83' lang='lat'>2.</span> <span class='ocrx_word' id='word_1_1473' title='bbox 2133 3730 2154 3748; x_wconf 79' lang='lat' dir='ltr'>c.</span> <span class='ocrx_word' id='word_1_1474' title='bbox 2173 3730 2193 3752; x_wconf 86' lang='lat'>9.</span> <span class='ocrx_word' id='word_1_1475' title='bbox 2256 3724 2266 3747; x_wconf 87' lang='lat'>(</span> <span class='ocrx_word' id='word_1_1476' title='bbox 2284 3730 2294 3752; x_wconf 63' lang='grc' dir='ltr'><em>ι</em></span> <span class='ocrx_word' id='word_1_1477' title='bbox 2313 3723 2326 3753; x_wconf 85' lang='grc'>)</span> <span class='ocrx_word' id='word_1_1478' title='bbox 2354 3730 2378 3748; x_wconf 88' lang='lat' dir='ltr'>n.</span> <span class='ocrx_word' id='word_1_1479' title='bbox 2394 3729 2431 3752; x_wconf 76' lang='lat'>25..</span> 
     </span>
    </p>

    <p class='ocr_par' dir='ltr' id='par_1_22' title="bbox 1609 3751 2420 3783">
     <span class='ocr_line' id='line_1_178' title="bbox 1609 3751 2420 3783; baseline 0.002 -7"><span class='ocrx_word' id='word_1_1480' title='bbox 1609 3752 1617 3783; x_wconf 88' lang='lat'>(</span> <span class='ocrx_word' id='word_1_1481' title='bbox 1634 3752 1678 3782; x_wconf 64' lang='lat' dir='ltr'>z)</span> <span class='ocrx_word' id='word_1_1482' title='bbox 1698 3752 1784 3783; x_wconf 71' lang='lat' dir='ltr'>Opust.</span> <span class='ocrx_word' id='word_1_1483' title='bbox 1804 3753 1900 3779; x_wconf 72' lang='lat' dir='ltr'>Pathol.</span> <span class='ocrx_word' id='word_1_1484' title='bbox 1917 3751 1973 3778; x_wconf 86' lang='lat' dir='ltr'>obs.</span> <span class='ocrx_word' id='word_1_1485' title='bbox 1991 3759 2028 3782; x_wconf 73' lang='lat'>33.</span> <span class='ocrx_word' id='word_1_1486' title='bbox 2418 3756 2420 3758; x_wconf 81' lang='grc'>’</span> 
     </span>
    </p>
   </div>
  </div>
 </body>
</html>
