2498 4075
350 118 416 150 tis.
441 116 551 149 Serum
576 114 662 148 inter
673 113 854 157 meningem
866 113 1038 154 Tenuem,
1062 115 1265 149 &cerebrum
1276 114 1364 156 fuit,

350 162 384 194 in
407 156 566 202 hujusque
579 157 764 191 ventriculis
777 181 785 189 .
877 157 999 191 Venter
1009 166 1156 198 apertus,
1180 169 1291 200 praeter
1302 159 1361 191 ali-

349 214 447 246 quam
470 201 642 245 stagnantis
667 199 724 233 seri
747 200 898 242 copiam,
924 203 957 237 ἀ
979 198 1077 243 hepar
1098 199 1212 234 durum
1227 225 1240 242 ,
1274 201 1359 235 nihil

350 245 559 281 adnotatione
581 245 716 286 dignum
739 242 880 277 ostendit
894 268 903 276 .

394 300 425 332 5.
451 288 523 322 Illis
544 298 616 329 quae
639 288 748 329 primo
769 287 844 319 loco
866 288 900 320 in
924 285 1056 321 historia
1078 295 1203 321 narrata
1248 286 1320 321 sunt
1345 309 1356 326 ‚

347 332 418 369 haec
441 328 630 372 respondent
652 341 724 373 quae
746 338 917 364 narrantur
938 328 1113 372 postremo.
1138 331 1276 372 Hepatis
1296 329 1357 365 du-

347 377 438 411 rities
459 371 618 417 fignificat
632 396 645 413 ,
668 372 791 406 doloris
814 372 903 406 illius
924 372 981 415 qui
1026 372 1060 404 in
1105 371 1355 416 hypochondrio

345 419 478 454 dextero
500 427 654 451 recurrere
676 416 788 450 solitus
811 413 935 454 fuerat,
956 413 1081 448 causam
1102 415 1197 450 facile
1219 415 1310 451 fuisse
1323 418 1356 450 in

344 461 485 504 hepate,
504 459 654 493 vitiosam
676 459 773 492 bilem
798 458 996 498 secernente,
1017 457 1110 500 cujus
1132 461 1224 502 copia
1235 462 1267 492 in
1278 460 1357 502 cysti

343 505 488 540 colleetae
508 502 758 546 quotiescunque
782 499 904 535 affatim
927 498 1140 537 effunderetur
1161 503 1194 536 in
1228 503 1359 538 Duode-

346 559 427 583 num
450 546 659 587 intestinum,
681 545 757 579 huic
779 547 810 577 ἀ
834 544 960 578 viciniae
984 556 1037 578 eos
1061 543 1188 579 dolores
1199 555 1359 584 moveret,

347 593 429 636 qui,
452 588 680 624 intestinorum
704 589 822 622 tunicae
844 588 1099 622 contraditionem
1124 589 1195 631 plus
1217 589 1360 623 minusve

345 632 539 669 invertendo
550 655 560 672 ‚
581 632 742 667 vomitum
752 630 831 674 saepe
845 653 855 670 ,
878 631 1005 665 iliacam
1017 639 1120 665 autem
1131 631 1298 674 pastionem
1312 631 1357 665 af-

346 678 467 712 ferrent
491 674 684 719 aliquando.
707 675 792 707 Cum
818 682 923 708 autem
946 674 1106 708 novissime
1128 674 1244 713 dolor,
1258 679 1360 709 &vo-

348 722 450 755 mitus
473 728 565 753 tanto
588 718 806 762 importunius
828 716 1004 759 suppressus
1029 717 1093 757 est,
1115 726 1235 759 quanto
1247 720 1361 752 utilior

345 762 453 799 fuisset
477 763 620 798 vomitus
643 761 720 794 mali
744 758 863 798 causis,
889 771 905 792 a
928 771 1045 803 nupera
1070 760 1223 795 ebrietate
1236 763 1360 802 auctis,

347 822 364 843 e
382 816 516 850 corpore
538 803 702 848 ejiciendis
715 815 726 842 ;
748 802 864 838 harum
887 813 957 846 pars
980 815 1099 845 caput,
1132 806 1251 848 quippe
1296 805 1359 839 suis

344 849 515 886 doloribus
538 847 759 886 infirmatum,
783 844 878 882 facile
901 846 1031 880 invasit.
1058 847 1139 885 Quae
1163 859 1233 882 cum
1243 848 1359 882 fortas-

343 894 374 928 se
398 904 454 934 per
475 892 612 925 calorem
633 889 755 925 difflari
779 888 930 923 nonnihil
954 889 1075 932 posset,
1100 899 1219 925 temere
1243 904 1297 935 per
1307 894 1355 925 in.

344 937 534 971 unc‘iionem
555 934 718 975 coercita,
740 942 829 968 extra
852 934 999 967 cranium
1036 934 1168 978 quidem
1209 936 1355 979 gelatinae

340 980 449 1016 forma
471 980 505 1012 in
529 979 678 1021 proxima
702 977 881 1011 membrana
894 976 1035 1018 haerens,
1058 977 1141 1013 hanc
1154 978 1354 1013 vehementer

340 1022 517 1063 distendit,
539 1023 626 1055 intra
649 1022 792 1055 cranium
816 1030 920 1055 autem
944 1022 978 1053 in
1001 1032 1050 1055 eas
1071 1033 1141 1065 quae
1154 1021 1353 1062 didiaesunt,

341 1067 430 1108 sedes
453 1064 681 1109 irrumpendo,
704 1065 913 1108 Tenuemque
925 1066 1103 1107 meningem
1113 1077 1176 1108 qua
1191 1066 1355 1100 cerebrum

343 1114 378 1146 δέ
394 1109 591 1145 ventriculos
600 1107 755 1143 convestit
767 1130 775 1144 ‚
788 1107 970 1148 irritando,
991 1108 1068 1142 illos
1077 1108 1286 1143 acerbissimos
1297 1110 1356 1143 do-

342 1154 428 1189 lor'es
451 1155 592 1197 primum
606 1177 618 1194 ,
642 1161 713 1187 tum
725 1152 874 1186 delirium
889 1177 897 1191 ‚
918 1160 1025 1186 motus
1037 1152 1256 1194 convulfivos,
1280 1165 1357 1196 apo-

367 1199 486 1232 lexiam
507 1196 646 1240 denique
670 1197 782 1229 attulit
797 1221 805 1229 .
830 1195 932 1237 Qod
955 1194 977 1228 fi
1002 1194 1089 1229 forte
1110 1197 1203 1230 malis
1228 1220 1240 1236 ‚
1274 1196 1356 1232 illud

355 1252 444 1276 erum
467 1251 533 1274 non
556 1251 616 1282 pro
640 1238 750 1276 causa,
776 1240 825 1273 sed
849 1249 910 1281 pro
930 1238 1028 1277 causae
1051 1238 1163 1276 effestu
1206 1237 1322 1276 habere
1345 1263 1355 1279 ,

339 1294 378 1322 ut
401 1286 437 1319 in
461 1284 622 1328 superiore
645 1281 864 1327 explicatione
886 1282 1064 1318 indicatum
1095 1282 1137 1316 est
1160 1295 1172 1322 ς
1204 1294 1267 1317 non
1300 1284 1355 1318 ad-

341 1328 511 1367 versabor.

322 1377 324 1379 ’
384 1376 417 1407 6.
438 1373 504 1408 His
526 1371 648 1408 duabus
670 1372 797 1406 tertiam
818 1371 921 1415 placet
942 1369 1108 1405 historiam
1120 1370 1235 1405 addere
1247 1395 1260 1412 ‚
1281 1383 1352 1416 quae

339 1418 417 1452 iicet
439 1427 505 1450 non
529 1416 695 1457 hominis,
718 1416 768 1450 sed
790 1416 860 1450 ovis
883 1414 922 1448 fit
936 1438 949 1456 ‚
972 1426 1035 1448 non
1061 1414 1192 1458 indigna
1217 1415 1259 1449 est
1281 1426 1352 1458 quae

338 1461 519 1501 scribatur,
542 1459 718 1503 praesertim
739 1470 813 1494 curn
836 1459 907 1492 aliae
932 1458 1006 1492 satis
1028 1457 1162 1498 similes,
1186 1458 1207 1491 si
1230 1458 1351 1492 doloris

340 1503 464 1539 indicia
486 1513 758 1543 memorarentur,
783 1501 924 1536 historiae
941 1503 1074 1543 ovium,
1098 1503 1291 1545 aliarumque
1303 1513 1355 1545 pe-

341 1548 462 1583 cudum
484 1548 521 1581 in
534 1547 652 1581 Boneti
666 1544 877 1589 Sepulchreto
898 1544 946 1585 (b)
970 1546 1134 1587 legantur.
1224 1546 1272 1579 Ea
1284 1547 1356 1579 ovis

339 1600 527 1626 caeterarum
550 1589 596 1624 sui
620 1592 728 1633 gregis
750 1589 952 1623 consortium
976 1587 1141 1631 fugiebat,
1167 1588 1195 1622 se
1219 1599 1273 1631 per
1305 1590 1353 1622 in-

337 1635 470 1670 tervalla
493 1632 642 1678 quotidie
666 1634 745 1676 saepe
765 1632 1058 1673 circumvolvebat,
1082 1644 1139 1666 nec
1169 1631 1227 1665 fibi
1258 1642 1356 1675 caput

339 1680 430 1722 tangi
456 1676 602 1717 ferebat,
626 1675 677 1710 sed
701 1675 858 1718 ejusmodi
883 1677 987 1710 taetus
1029 1677 1200 1718 impatiens
1224 1700 1233 1716 ‚
1264 1677 1353 1709 omni

320 1731 457 1765 ⁴conatu
481 1720 510 1754 se
534 1719 748 1754 subducebat.
838 1719 922 1761 Qae
944 1730 1018 1752 cum
1041 1718 1125 1752 forte
1156 1719 1355 1753 animadver-

341 1763 600 1800 tissetValsalva
617 1786 629 1803 ,
652 1762 735 1797 unde
758 1762 786 1797 is
807 1771 916 1796 tantus
937 1764 1076 1796 oriretur
1097 1762 1216 1806 capitis
1236 1762 1355 1803 dolor,

338 1807 491 1844 noscendi
513 1806 674 1849 cupidus,
696 1816 839 1848 emptam
851 1804 1018 1840 dissecuit.-
1043 1817 1098 1839 nec
1109 1805 1250 1840 morbidi
1262 1804 1357 1851 quid-

337 1864 435 1896 quam
458 1851 536 1884 alibi
560 1862 657 1893 quam
682 1853 714 1882 in
738 1849 889 1887 cerebro,
910 1848 1140 1892 deprehendit.
1169 1851 1257 1884 Nam
1289 1851 1353 1892 pri-

339 1907 432 1930 murn
455 1905 530 1929 cum
554 1893 616 1927 hoc
640 1905 656 1927 e
679 1894 792 1927 cranio
815 1894 995 1933 eximeret,
1037 1892 1217 1935 pauxillum
1264 1904 1353 1936 aquae

339 1938 475 1974 acidulae
498 1936 619 1971 excidit
642 1948 681 1972 ex
704 1948 739 1970 ea
785 1946 851 1970 arte
873 1948 934 1979 qua
969 1934 1126 1977 processus
1157 1937 1353 1970 Mamillares

339 1983 381 2017 ad
404 1994 441 2016 os
464 1980 657 2015 Ethmoides
680 1991 749 2013 acce
775 1980 889 2018 ebant,
916 1979 1019 2021 major
1042 1988 1148 2013 autem
1171 1990 1259 2022 aquae
1298 1990 1353 2012 co-

340 2028 414 2071 pia,
437 2035 515 2058 cum
539 2035 555 2057 a
579 2023 730 2066 glandula
756 2023 928 2056 Pituitaria
953 2022 1357 2056 avelleretur.Deindece-

342 2070 470 2104 februm
493 2066 703 2110 persecando,
725 2077 801 2099 cum
824 2067 861 2100 ad
884 2066 1077 2099 ventriculos
1100 2066 1256 2099 Laterales
1283 2076 1358 2097 ven.

339 2124 414 2147 tum
437 2112 504 2151 est,
525 2109 689 2145 folliculus
709 2111 743 2142 in
767 2108 818 2142 his
842 2110 990 2151 apparuit
1014 2131 1023 2146 ,
1047 2120 1159 2151 aquam
1184 2108 1356 2151 plurimam

338 2157 533 2192 continens,
561 2165 599 2188 ex
621 2153 806 2187 membrana
830 2152 952 2190 factus,
978 2162 1050 2194 quae
1075 2152 1199 2186 Tenuis
1233 2152 1355 2185 menin-

340 2201 391 2244 gis
415 2197 589 2243 produfflo
612 2196 671 2230 esse
693 2195 884 2233 videbatur.
910 2194 968 2228 nifi
993 2194 1081 2238 quod
1106 2197 1139 2228 in
1164 2195 1221 2228 illa
1264 2204 1353 2228 exta-

334 2244 414 2278 bant
435 2242 570 2276 minima
591 2239 739 2282 quaedam
759 2238 968 2280 corpuscula,
1001 2249 1139 2280 quotum
1183 2237 1352 2273 substantia

336 2286 379 2321 ad
400 2283 585 2320 medullaris
608 2282 727 2314 cerebri
752 2279 997 2315 similitudinem
1021 2280 1185 2315 accedebat
1208 2307 1216 2313 .
1249 2281 1352 2314 Folli-

334 2330 405 2364 culi
428 2327 549 2362 radices
571 2336 587 2358 e
611 2323 714 2358 fundo
736 2324 908 2358 existebant
932 2325 1105 2358 ventriculi
1128 2324 1277 2363 dexteri,
1299 2325 1350 2357 in-

335 2372 387 2409 fra
408 2383 506 2416 quem
529 2368 721 2411 ubicumque
745 2376 858 2406 erant,
882 2367 930 2400 ibi
953 2366 1077 2400 cerebri
1100 2365 1162 2400 five
1195 2366 1351 2411 medulla-

335 2417 403 2454 riss,
426 2414 487 2448 sive
510 2412 676 2446 corticalis
698 2409 902 2452 circumjeffl
925 2409 1095 2444 substantia
1118 2410 1182 2443 late
1202 2419 1351 2452 corrupta

337 2459 548 2494 cernebatur.
573 2456 722 2497 Denique
745 2465 853 2487 totum
878 2453 1040 2487 cerebrum
1063 2452 1129 2486 fuit
1140 2452 1231 2486 valde
1245 2452 1352 2487 flacci-

335 2503 435 2542 dum,
459 2511 560 2543 neque
584 2500 690 2541 minus
714 2497 904 2539 prodeuntes
927 2496 966 2529 ab
987 2497 1048 2529 illo
1070 2497 1156 2529 nervi
1180 2521 1189 2530 .
1212 2497 1279 2530 His
1302 2497 1351 2529 in-

334 2548 352 2582 s
374 2547 451 2580 cetis
466 2568 478 2585 ,
498 2541 568 2577 offis
592 2540 783 2576 Ethmoidis
806 2552 839 2574 ea
863 2551 934 2584 pars
955 2551 1026 2583 quae
1050 2537 1350 2582 subjiciturproces-

351 2590 419 2624 ibus
440 2586 701 2625 Mamillaribus,
724 2584 763 2618 ab
784 2583 853 2626 jugi
878 2595 965 2626 aquae
989 2595 1004 2616 e
1027 2585 1138 2616 cranio
1152 2582 1270 2618 effluxu
1282 2594 1351 2616 ero—

337 2634 369 2669 sa
393 2632 470 2666 adeo
490 2632 619 2665 inventa
643 2629 704 2668 est,
727 2636 765 2662 ut
787 2627 885 2661 libera
907 2626 982 2661 illac
1004 2638 1020 2659 e
1043 2627 1154 2659 cranio
1183 2627 1217 2660 in
1263 2637 1352 2660 nares

316 2709 320 2714 .
335 2683 460 2722 pateret
481 2676 533 2708 via
545 2698 553 2706 .
1092 2715 1099 2721 .

382 2732 416 2764 7.
438 2717 547 2761 Hujus
569 2729 634 2752 non
657 2716 704 2749 ita
725 2714 909 2751 dissimilem
932 2712 1198 2749 observationem
1221 2714 1303 2756 leges
1315 2714 1350 2747 in

338 2763 459 2799 Boneti
483 2761 694 2805 Sepulchreto
717 2761 735 2802 (
752 2771 768 2793 c
789 2762 824 2799 ),
846 2759 895 2792 vel
920 2759 1028 2802 potius
1051 2758 1085 2790 in
1109 2758 1195 2791 Petri
1229 2758 1348 2791 Borelli

340 2806 562 2841 Historiarum
583 2802 808 2846 Medicophys.
832 2803 927 2835 Cent.
957 2809 983 2835 1.
1009 2800 1091 2835 Obs.
1116 2812 1180 2835 non
1219 2812 1267 2844 37.
1301 2800 1350 2834 sed

366 2850 395 2882 8.
422 2851 456 2883 in
480 2847 564 2887 hac,
585 2849 735 2889 inquam,
764 2846 895 2887 potius,·
917 2856 989 2878 nam
1013 2843 1158 2888 quaedam
1181 2844 1214 2876 in
1238 2843 1352 2877 exscri-

339 2861 448 2926 {endo
469 2889 582 2924 omisit
608 2890 771 2929 Bonetus,
794 2899 851 2921 nec
875 2887 1016 2929 reposuit
1039 2888 1353 2927 alterEditor,con-

341 2945 393 2969 tra
417 2936 527 2978 Peyeri
550 2934 597 2975 (d)
627 2933 874 2975 p1·aeceptiones3
897 2940 933 2965 ut
957 2931 1000 2964 ob
1030 2930 1187 2974 ejusmodi
1225 2942 1353 2974 quoque

339 2976 470 3019 causas,
491 2988 592 3020 neque
614 2988 680 3011 uno
703 2977 737 3008 in
762 2975 856 3012 loco,
883 2985 898 3006 a
921 2985 970 3007 me
1003 2974 1230 3007 animadversas
1272 2985 1353 3007 nova

339 3022 379 3057 fit
402 3019 546 3063 optanda
571 3018 770 3062 Sepulchreti
794 3017 898 3051 editio
920 3017 959 3050 ab
971 3017 1119 3060 diligenti
1131 3019 1215 3051 Viro
1225 3028 1354 3058 curata,

339 3067 396 3109 qui
420 3065 540 3108 singula
564 3071 652 3097 antea
675 3073 749 3097 cum
771 3062 813 3095 iis
835 3060 925 3094 libris
947 3060 1091 3094 conferat
1113 3062 1229 3104 quibus
1253 3072 1291 3093 ex
1313 3061 1354 3093 li-

341 3109 410 3142 bris
432 3108 622 3151 deprompta
645 3105 734 3140 sunt.
822 3105 971 3139 Maximo
994 3107 1025 3138 &
1048 3105 1202 3139 diuturno
1224 3105 1353 3137 verticis

340 3151 456 3186 dolore
477 3150 582 3192 puella
605 3159 714 3183 vexata
740 3146 864 3184 fuerat,
888 3149 921 3180 in
943 3159 1005 3191 qua
1030 3149 1174 3182 Borellus
1186 3146 1354 3181 abscessum

341 3195 427 3229 vidit
450 3194 581 3236 plenum
604 3204 693 3236 aquae
717 3191 968 3233 limpidissimae,
990 3191 1027 3224 ad
1052 3192 1148 3225 libras
1170 3190 1268 3227 duas,
1293 3193 1352 3233 qui

337 3237 459 3272 terebri
481 3236 606 3270 natibus
630 3239 663 3269 &
685 3234 896 3270 infundibulo
918 3234 1112 3269 inhaerebat.
1136 3236 1170 3269 A
1196 3243 1260 3266 tarn
1281 3245 1354 3274 pro-

340 3281 447 3316 fundo
469 3280 562 3316 loco,
586 3287 715 3322 tamque
741 3277 872 3316 abdito,
898 3279 954 3310 vix
977 3288 1012 3311 ut
1036 3279 1162 3312 tandem
1185 3278 1210 3311 is
1237 3276 1352 3310 absces-

340 3324 393 3359 sus
417 3325 565 3358 inventus
589 3319 712 3362 fuerit,
734 3321 828 3356 dolor
850 3331 956 3354 tar-nen
981 3320 1018 3353 ad
1041 3324 1192 3355 verticem
1224 3319 1346 3362 potiffi-

338 3378 428 3402 mum
450 3365 679 3410 perveniebat,
700 3364 740 3399 sic
762 3375 797 3399 ea
819 3364 1033 3408 quadantenus
1055 3364 1248 3399 confirmans
1279 3374 1348 3405 quae

976 33 1133 89 Liber
1168 34 1209 86 1.
1244 33 1329 87 De
1364 34 1573 88 Morbis
1606 33 1812 101 Capitis

1414 125 1452 148 ex
1473 112 1665 157 Malpighio
1689 114 1763 148 alias
1784 117 1830 154 (e)
1852 115 2087 157 indicavimus,
2109 116 2142 149 in
2164 115 2298 150 dubium
2310 124 2414 150 autem

1414 168 1530 190 vocans
1553 157 1636 200 quod
1650 156 1762 191 docuit
1774 158 1990 202 Archangelus
2004 158 2266 194 Piccolhominus
2280 159 2348 203 (f)
2358 161 2417 195 dO-

1413 201 1518 234 lorum
1543 200 1645 234 sedern
1666 202 1722 242 qui
1746 202 1778 234 in
1801 201 1865 234 alto
1890 201 2101 245 profundoque
2133 202 2253 236 cerebro
2290 204 2418 246 persen-

1409 244 1560 283 uantur,
1583 242 1641 277 esse
1664 244 1811 284 Tenuem
1836 247 2014 288 meningein
2037 270 2047 285 ,
2094 246 2252 279 Laterales
2295 248 2417 280 cercbri

1407 286 1604 320 ventriculos
1623 286 1896 323 convestientem:
1917 290 2006 332 ‘quod
2032 298 2066 322 ut
2090 299 2197 321 verum
2230 289 2288 324 esse
2323 292 2416 333 poffit

1406 329 1603 372 aliquand05
1627 332 1659 362 δε
1681 329 1764 363 illud
1785 340 1910 370 tamen,
1930 332 2017 376 quod
2041 331 2141 365 modo
2164 333 2344 371 innuimus,
2368 345 2416 368 at-

1407 371 1599 406 tendendum
1623 371 1690 412 est,
1714 374 1745 405 8<
1770 373 1990 415 profundiores
2011 377 2051 409 iis
2074 375 2198 409 duobus
2223 378 2417 412 ventriculos

1410 416 1571 459 reliquos,
1593 418 1626 448 &
1648 415 1763 449 cerebri
1789 417 1884 451 basim
1906 421 2054 462 meni-nge
2078 419 2184 451 eadem
2208 419 2313 453 vestiri
2337 444 2345 458 ‚
2381 425 2416 455 &

1408 458 1464 493 sub
1486 471 1518 491 ea
1533 472 1542 496 3
1565 468 1601 492 ut
1617 467 1727 492 caetera
1741 470 1823 493 nunc
1834 462 1986 495 omittam
2000 475 2010 501 3
2022 463 2179 504 meningis
2193 462 2278 496 d-urae
2292 464 2415 498 Trans-

1411 501 1535 536 versum
1559 500 1732 544 processum
1754 501 1831 536 hinc
1846 530 1853 539 .
1878 507 1910 537 &
1932 505 2008 538 hinc
2030 506 2067 538 ad
2091 506 2184 539 latera
2209 505 2303 548 usque
2325 510 2415 550 equi-

1409 557 1458 580 nae
1481 544 1567 581 sellaer
1584 544 1739 587 produci,
1764 545 1914 589 tendique
1937 548 2038 589 adeo,
2060 558 2097 583 ut
2120 550 2168 582 vel
2192 548 2255 581 hoc
2287 552 2415 585 nomine

1410 589 1569 626 acerrimis
1593 588 1683 631 poffit
1705 589 1871 624 doloribus
1892 587 1951 623 ess-'e
1969 592 2129 626 obnoxius
2149 591 2213 625 five
2237 592 2415 627 abirritan-

1409 641 1443 665 te
1466 630 1553 665 effusi
1575 630 1720 665 humoris
1743 642 1873 670 natura,
1896 633 1957 667 five
1979 645 2243 677 apraegravante,
2257 638 2415 678 &praeter

1410 675 1541 709 modum
1565 674 1759 708 distendente
1782 675 1918 718 ejusdem
1943 680 2054 720 copia.
2078 680 2153 721 Qa
2177 688 2213 712 ut
2245 676 2412 713 vehemen-

1410 728 1458 752 ter
1481 727 1650 760 urgeantur
1670 728 1791 752 caeterae
1814 721 1911 753 etiam
1933 722 2117 764 meningum
2142 732 2264 764 partes,
2296 722 2416 757 Obser-

1409 764 1558 795 vationes
1579 773 1707 804 quoque
1730 763 1917 803 ostendent,
1941 765 1979 798 ad
2002 763 2084 798 hanc
2118 765 2264 799 addendae
2308 766 2415 808 sepul.

1410 805 1514 838 chreti
1538 806 1675 848 primam
1698 805 1900 845 Sestionem,
1924 817 1958 840 ut
1991 818 2067 848 puta
2111 820 2181 852 quae
2227 820 2243 841 a
2277 808 2415 843 Behren-

1410 848 1457 882 fio
1480 852 1549 892 (g),
1574 851 1605 882 ὅ(
1627 860 1698 891 quae
1722 859 1737 880 a
1765 847 1897 883 Preuffio
1920 850 1988 889 (h)
2010 850 2128 885 habitae
2151 851 2243 886 sunt.
2267 852 2415 895 Uterque

1410 894 1495 927 enim
1518 892 1581 926 Vir
1603 893 1656 925 Cl.
1680 892 1735 924 vix
1757 892 1863 925 cultro
1887 893 1922 926 ad
1946 895 2102 928 Laterales
2124 895 2244 928 cerebri
2254 897 2415 938 ventricu-

1405 936 1454 969 los
1478 937 1643 978 pervenit,
1666 946 1739 969 curn
1763 936 1903 970 inclusus
1926 935 2042 971 humor
2075 948 2138 971 non
2181 938 2245 973 fine
2289 940 2414 981 impetu

1405 978 1524 1013 sursum
1547 979 1718 1021 p1-os11uit3
1738 989 1830 1013 tanta
1854 979 1956 1014 fuerat
1980 980 2044 1023 eius
2067 983 2186 1025 copia,
2208 986 2240 1016 &
2263 991 2350 1015 tanta
2365 985 2415 1015 vis

1404 1033 1467 1065 qua
1487 1024 1648 1065 parietes,
1670 1025 1702 1057 δε
1725 1025 1907 1067 meningem
1930 1023 1989 1058 hos
2025 1024 2205 1059 vestientem
2247 1025 2378 1067 urgebat
2405 1029 2417 1058 s

1407 1067 1521 1108 Itaque
1543 1067 1663 1099 mirum
1684 1077 1748 1100 non
1772 1067 1837 1107 est,
1859 1067 1881 1100 fi
1905 1067 2031 1102 dolores
2053 1069 2170 1111 capitis
2193 1069 2288 1110 usque
2332 1068 2415 1102 adeo

1406 1110 1559 1143 immanes
1584 1107 1702 1143 fuerint
1717 1133 1730 1150 ,
1752 1120 1788 1144 ut
1810 1122 1967 1154 aegrorum
1992 1112 2071 1146 alter
2094 1111 2218 1146 miseris
2228 1122 2298 1145 cum
2311 1110 2417 1154 ejula-

1405 1153 1551 1187 tionibus
1574 1152 1660 1195 quasi
1683 1152 1856 1193 deliraret,
1879 1154 1974 1188 altera
1999 1153 2110 1189 furore
2132 1156 2255 1197 percita
2277 1157 2311 1188 in
2356 1167 2417 1196 pu-

1405 1207 1494 1231 teum
1518 1196 1546 1230 se
1568 1196 1766 1239 praecipitem
1788 1197 1929 1231 dederit.
1956 1197 2108 1232 Ostendit
2133 1208 2239 1232 autern
2264 1198 2417 1233 Preuffius

1406 1251 1476 1274 tum
1500 1240 1579 1280 illa,
1602 1250 1671 1273 tum
1695 1240 1767 1274 aliis
1788 1240 1909 1274 duabus
1933 1240 2221 1276 observationibus
2242 1245 2255 1280 (
2279 1243 2291 1275 i
2312 1246 2326 1283 )
2348 1253 2416 1284 quo

1406 1285 1501 1318 latere
1526 1293 1578 1317 aut
1601 1283 1734 1317 omnino
1750 1307 1763 1324 ,
1784 1294 1838 1317 aut
1862 1284 2019 1328 praecipue
2041 1293 2138 1327 caput
2173 1285 2279 1319 doluit
2303 1308 2315 1325 ,
2347 1284 2414 1328 ejus

1405 1329 1515 1362 lateris
1538 1327 1751 1360 ventriculum
1787 1338 1841 1361 aut
1885 1326 1987 1361 solum
2010 1351 2023 1368 ,
2070 1336 2124 1361 aut
2171 1329 2266 1371 longe
2309 1330 2411 1365 magis

1406 1383 1486 1414 aqua
1520 1368 1610 1406 fuiffe
1650 1370 1821 1404 distentum
1847 1393 1857 1409 ‚
1902 1381 1999 1412 eaque
2043 1370 2205 1405 interdum
2250 1371 2411 1411 lsmpidis-

1403 1415 1477 1448 sima
1499 1438 1512 1455 ,
1555 1425 1611 1447 nec
1644 1415 1750 1448 minus
1781 1423 1889 1448 tamen
1930 1415 2025 1447 noxia
2049 1437 2061 1455 ‚
2105 1425 2203 1456 quam
2246 1413 2384 1448 subflava
2405 1437 2415 1449 .

1402 1459 1491 1492 Nam
1513 1457 1560 1490 vel
1586 1460 1722 1491 maxime
1748 1457 1883 1500 limpida
1908 1458 2050 1490 occulere
2073 1457 2176 1499 potest
2221 1463 2270 1492 u'ae
2301 1457 2412 1492 stimu-

1406 1503 1496 1542 lent,
1519 1510 1555 1533 ut
1579 1501 1671 1543 supra
1693 1499 1760 1542 (lq)
1782 1501 1872 1539 dixi,
1895 1502 1929 1533 &
1952 1500 2150 1535 Cohausenii
2175 1506 2185 1541 (
2239 1505 2255 1542 )
2285 1500 2417 1535 historia

1405 1544 1594 1587 comprobat
1619 1545 1653 1577 in
1676 1556 1737 1585 qua
1760 1546 1880 1578 cerebri
1906 1544 1988 1577 latus
2023 1545 2189 1578 dexterum
2211 1556 2224 1583 ;
2268 1544 2305 1577 ad
2350 1543 2414 1579 hoc

1406 1591 1493 1623 enim
1517 1588 1599 1621 latus
1622 1588 1804 1622 acerbiffimi
1829 1588 1957 1621 dolores
1995 1589 2096 1630 tragis
2141 1588 2378 1621 declinaverant
2400 1600 2413 1627 ς

1406 1633 1493 1677 quasi
1519 1641 1626 1664 natare
1647 1631 1816 1665 videbatur
1839 1633 1871 1664 in
1895 1641 2007 1671 magna
2030 1630 2417 1674 copiascriacris,salfi.

1407 1673 1628 1718 limpidiffimi.
1653 1674 1752 1713 Quod
1775 1676 1808 1707 in
1833 1675 1906 1707 aliis
1928 1672 2217 1708 observationibus
2241 1699 2250 1713 ‚
2273 1675 2414 1717 exempli

1405 1718 1494 1753 causa
1510 1740 1519 1754 ‚
1540 1718 1598 1762 jo:
1622 1719 1732 1751 Franci
1756 1721 1770 1756 (
1791 1729 1822 1751 m
1843 1721 1857 1758 )
1877 1717 1937 1750 five
1960 1717 2131 1758 limpidum
2158 1717 2278 1757 fuerit,
2297 1718 2358 1751 five
2372 1717 2420 1751 se-

1406 1774 1484 1803 cus,
1507 1761 1743 1795 stimulantibus
1765 1760 1962 1800 corpusculis
1987 1759 2271 1797 videturcaruiffe,
2296 1771 2331 1794 ut
2346 1772 2418 1803 pre-

1407 1805 1524 1841 mendo
1545 1805 1711 1838 dumtaxat
1726 1809 1875 1844 nosceret,-
1899 1802 2053 1845 navidem
2066 1802 2120 1836 etsi
2145 1814 2258 1847 aperto
2277 1806 2419 1844 cranio,

1406 1850 1516 1884 omnia
1541 1859 1629 1890 aquae
1653 1850 1740 1890 plena
1765 1848 1895 1880 inventa
1921 1851 2017 1886 lunt,
2040 1847 2135 1881 dolor
2157 1858 2264 1882 tamen
2298 1848 2418 1890 capitis

1406 1891 1533 1934 obtusus
1555 1890 1675 1925 fuerat.
1697 1892 1820 1925 Verum
1843 1889 1881 1924 ad
1906 1892 2015 1923 Ovem
2039 1900 2076 1925 ut
2099 1890 2246 1931 redeam,·
2269 1894 2336 1925 veri
2372 1890 2417 1924 est

1405 1936 1527 1973 fimile‚
1552 1936 1729 1976 meningem
1752 1946 1823 1977 quae
1855 1933 1991 1967 fundum
2036 1935 2200 1976 operiebat
2244 1935 2417 1969 ventriculi

1406 1980 1527 2013 dexteri
1549 2001 1557 2016 ,
1581 1990 1597 2011 a
1620 1978 1767 2020 congesta
1791 1976 1900 2010 senfim
1924 1988 2024 2020 aqua,
2048 1978 2204 2019 paulatim
2225 1989 2242 2012 a
2286 1978 2409 2011 cerebri

1409 2022 1576 2057 substantia
1599 2021 1756 2061 avulsam,
1783 2019 1938 2064 hujusque
1961 2020 2103 2063 disjeetae
2130 2022 2300 2064 particulas
2321 2020 2415 2063 quas-

1408 2066 1483 2099 dam
1503 2077 1572 2107 quae
1596 2064 1653 2106 ipfi
1679 2062 1866 2097 adhaeserint
1888 2088 1901 2105 ,
1933 2066 2150 2105 retinentem,
2172 2066 2206 2099 in
2230 2064 2418 2099 folliculum

1405 2108 1463 2143 esse
1485 2106 1740 2141 conformatam.
1766 2107 1864 2147 Qod
1887 2117 1993 2141 autem
2016 2120 2051 2142 ea
2074 2120 2162 2152 aquae
2187 2119 2257 2150 pars
2279 2119 2418 2151 quaeau-

1405 2152 1454 2186 stu
1476 2151 1642 2194 explorata
1664 2149 1729 2188 est,
1752 2151 1873 2184 acidula
1896 2150 2017 2191 fuerit,
2039 2151 2073 2184 id
2106 2152 2261 2186 nimirum
2294 2151 2418 2185 confir-

1405 2206 1474 2229 mat
1495 2194 1585 2237 quod
1607 2193 1783 2226 indicatum
1806 2193 1848 2227 est
1870 2202 1988 2235 antea,
2013 2205 2127 2236 aquam
2150 2195 2234 2229 intra
2270 2196 2418 2229 cranium

1403 2237 1554 2276 effusam,
1577 2235 1737 2270 interdum
1761 2235 1869 2279 posse,
1891 2238 1989 2270 etiam
2011 2237 2213 2278 vellicando,
2236 2238 2335 2272 causae
2367 2249 2417 2271 raa

1402 2283 1527 2315 tionem
1550 2279 1661 2312 habere
1684 2281 1717 2312 in
1741 2280 1860 2313 morbis
1882 2281 2002 2323 capitis
2024 2279 2212 2316 inducendis
2228 2307 2236 2315 .
2259 2284 2311 2316 De
2342 2293 2416 2316 cor-

1402 2325 1552 2366 ruptione
1574 2334 1651 2356 vero
1673 2323 1773 2365 partis
1794 2322 1941 2363 cerebri,
1961 2326 1994 2356 ὃς
2019 2325 2121 2357 totius
2153 2334 2241 2358 tanta
2273 2325 2410 2358 laxitate

1402 2380 1474 2401 cum
1498 2366 1642 2400 animalis
1665 2374 1769 2398 tamen
1791 2367 1856 2398 vita
1879 2368 1912 2398 ec
1937 2374 2030 2399 motu
2053 2365 2228 2409 conjunsta
2243 2392 2255 2409 ‚
2277 2369 2340 2401 erit
2351 2369 2414 2401 ali.

1402 2411 1436 2443 bi
1459 2414 1473 2450 (
1493 2421 1513 2443 n
1535 2413 1565 2448 ),
1590 2419 1625 2442 ut
1648 2410 1788 2451 opinor,
1811 2408 1966 2441 scribendi
1991 2408 2080 2442 locus
2102 2434 2111 2441 .
2149 2411 2315 2444 Postremo
2338 2411 2413 2444 offis

1402 2452 1593 2488 Ethmoidis
1617 2450 1717 2485 erosio
1740 2462 1803 2484 non
1826 2452 1869 2486 est
1892 2462 1909 2484 a
1931 2452 2024 2485 uobis
2046 2451 2109 2485 fine
2132 2453 2238 2497 aliqua
2265 2454 2410 2488 animad-

1403 2496 1544 2530 versione
1568 2494 1840 2537 praetermittenda
1852 2520 1861 2529 .

1444 2541 1474 2573 8.
1498 2541 1548 2573 Ut
1572 2538 1612 2572 fic
1636 2550 1652 2571 a
1675 2539 1785 2572 cranio
1806 2547 1911 2581 aperta
1934 2547 1999 2572 erat
2022 2539 2057 2571 in
2080 2549 2169 2573 nares
2181 2540 2254 2581 via,
2276 2543 2308 2574 &
2323 2540 2412 2583 quod

1400 2583 1626 2626 consequitur,
1652 2582 1690 2615 ab
1713 2582 1762 2615 his
1787 2583 1821 2615 in
1839 2583 2008 2622 cranium,
2031 2583 2077 2615 ita
2100 2582 2121 2615 fi
2144 2582 2230 2616 forte
2277 2585 2412 2617 animal-

1400 2628 1470 2662 cula
1493 2625 1635 2670 quaedam
1657 2625 1824 2668 conspecta
1846 2624 1939 2659 essent
1964 2626 1999 2658 in
2020 2626 2149 2659 cerebro
2172 2627 2261 2661 illius
2306 2630 2376 2661 ovis
2398 2651 2412 2668 ,

1401 2681 1486 2704 certe
1510 2670 1614 2703 multo
1637 2673 1742 2702 minor
1766 2668 1869 2702 nostra
1892 2665 2000 2702 fuisset
2046 2669 2218 2703 admiratio
2250 2694 2263 2711 ‚
2305 2682 2408 2713 quam

1400 2726 1475 2748 cum
1499 2723 1549 2747 tot
1573 2713 1708 2756 legimus
1730 2712 1879 2746 collectas
1902 2713 1936 2745 in
1960 2712 2167 2754 Sepulchreto
2187 2716 2202 2753 ζ
2223 2725 2239 2747 ο
2260 2717 2274 2753 )
2308 2713 2410 2747 histo-

1401 2760 1481 2797 rias,
1505 2757 1697 2792 lumbricos,
1721 2755 1862 2799 aliosque
1885 2766 2004 2789 vermes
2020 2782 2029 2795 ,
2055 2757 2184 2789 cimices
2199 2780 2207 2794 ,
2232 2760 2264 2790 δε
2280 2780 2293 2797 ‚
2315 2756 2410 2790 fiSu-

1402 2803 1487 2844 peris
1509 2801 1633 2842 placet,
1656 2799 1837 2841 scorpiones
1858 2800 1943 2831 intra
1968 2799 2102 2833 humana
2119 2822 2128 2838 ‚
2151 2798 2321 2834 secundum
2355 2811 2413 2833 na-

1402 2854 1507 2878 turam
1531 2843 1671 2886 undique
1695 2842 1723 2875 se
1745 2841 1918 2882 habentia,
1939 2845 2044 2876 crania
2077 2853 2292 2885 proponentes
2314 2867 2327 2884 ‚
2373 2844 2412 2877 ab

1403 2888 1504 2931 iisque
1527 2887 1655 2920 dolores
1678 2886 1795 2928 capitis
1818 2894 2009 2928 repetentes.
2036 2886 2094 2919 Sed
2130 2886 2199 2920 aliae
2245 2887 2374 2921 testibus
2396 2911 2409 2928 ,

1404 2932 1474 2965 aliae
1497 2930 1698 2973 diligentiori
1713 2954 1721 2966 .
1743 2941 1808 2971 quo
1830 2940 1910 2975 opus
1933 2928 2038 2963 fuerat
2062 2953 2073 2968 ,
2117 2940 2223 2963 carent
2246 2932 2413 2968 examine,

1410 2976 1480 3007 alite
1504 2973 1525 3007 fi
1549 2985 1622 3007 curn
1645 2973 1734 3006 libris
1758 2970 1840 3005 unde
1856 2972 2409 3014 sumptaesunt,conferantur‚alio

1408 3018 1544 3061 speQare
1566 3017 1809 3062 intelliguntur,
1831 3014 1920 3049 velut
1943 3015 1998 3047 illa
2020 3028 2090 3058 qua*v
2113 3027 2151 3050 ex
2174 3017 2320 3050 Fernelio
2346 3020 2411 3058 (p)

1408 3061 1620 3103 producitur.
1646 3060 1734 3093 Nam
1757 3060 1780 3091 11
1803 3058 1910 3092 locum
1936 3058 2017 3100 apud
2040 3058 2125 3093 hunc
2148 3060 2287 3103 perlegas
2310 3083 2322 3099 ,
2344 3071 2413 3101 quo

1406 3106 1438 3137 in
1461 3106 1536 3137 loco
1559 3101 1784 3141 describendo,
1807 3101 1980 3143 praesertirn
2002 3102 2080 3135 adeo
2101 3102 2190 3136 brevi
2217 3128 2225 3141 ‚
2258 3103 2413 3137 nonnulla

1407 3149 1539 3182 minime
1560 3144 1740 3180 omittenda
1761 3142 1871 3178 omissa
1915 3145 2081 3179 miraberis
2106 3168 2116 3185 ,
2143 3157 2257 3181 eorum
2302 3155 2410 3180 autem

1404 3203 1473 3234 quae
1499 3192 1644 3233 proxime
1669 3187 1856 3222 antecedunt
1873 3211 1885 3229 ,
1909 3188 2097 3223 sententiam
2120 3188 2141 3221 si
2165 3190 2286 3223 medica
2323 3188 2410 3223 lance

1405 3232 1596 3277 perpendas,
1621 3231 1715 3265 facile
1738 3231 1884 3273 agnosces
1905 3255 1918 3272 ,
1949 3244 2066 3266 vermes
2090 3232 2164 3266 illos
2194 3232 2274 3266 duos
2319 3242 2408 3267 extra

1402 3279 1544 3311 cranium
1567 3278 1714 3314 inventos
1734 3273 1793 3308 esse
1815 3276 1849 3308 in
1873 3274 1934 3309 nafi
1958 3275 2137 3310 receffibus.
2162 3277 2200 3309 In
2223 3276 2338 3318 quibus
2362 3277 2410 3308 vi-

1402 3320 1478 3354 xiffe
1502 3323 1534 3353 δε
1558 3320 1659 3357 alios,
1681 3319 1761 3352 alios
1783 3330 1858 3352 vero
1882 3331 1897 3351 e
1918 3318 2097 3353 ventriculo
2139 3319 2172 3351 in
2214 3319 2405 3352 dormientis

1402 3374 1489 3397 nares
1503 3360 1653 3406 irrepfiffe
1674 3372 1786 3396 eorum
1809 3363 1989 3405 vermium,
2009 3362 2064 3405 qui
2088 3363 2122 3394 in
2147 3359 2286 3395 Scholiis
2309 3360 2347 3436 ald
2369 3362 2409 3393 il-

2333 3415 2364 3437 as

437 3504 474 3533 b)
492 3505 536 3530 lib.
551 3504 574 3531 t.
589 3505 653 3533 San.
671 3513 705 3531 n.
721 3505 782 3531 obs.
800 3507 824 3530 8-
840 3505 864 3530 δι
881 3506 942 3536 seqq.

436 3543 449 3558 ο
466 3536 477 3561 >
491 3535 564 3564 Epist·
581 3538 657 3562 Aut.
673 3544 711 3566 ¹3-
726 3544 751 3561 n.
767 3545 790 3566 7.
851 3537 859 3564 s
873 3536 918 3567 J)
934 3538 965 3562 L.
982 3545 1000 3564 ς.
1017 3541 1091 3562 Anat.
1110 3535 1214 3569 Praeless.
1231 3543 1254 3566 3.

437 3565 453 3588 1⁹
470 3566 478 3594 )
495 3565 556 3593 EPh-
572 3567 608 3590 N·
625 3569 656 3593 c.
674 3570 748 3592 cent.
765 3575 787 3597 3.
803 3566 863 3592 Obs.
880 3574 918 3593 14.
936 3575 959 3590 n.
976 3575 997 3596 3.
1058 3569 1073 3596 (
1089 3567 1099 3590 i
1113 3567 1127 3595 )
1144 3566 1207 3590 Ibid.
1225 3574 1248 3590 n.
1269 3573 1288 3589 ι.
1304 3567 1327 3590 ἃ
1343 3575 1364 3590 z.

428 3593 665 3659 :farsas
680 3600 743 3660 εις.
757 3605 779 3629 ³·
793 3599 825 3624 A·
842 3605 864 3629 ³·
878 3596 938 3623 ΟΜ·

1003 3506 1016 3537 (
1032 3507 1065 3536 e)
1087 3507 1117 3530 L.
1133 3513 1155 3529 2.
1173 3505 1196 3529 S.
1215 3512 1235 3530 ι.
1254 3503 1314 3529 obs.
1331 3508 1370 3534 46.

1316 3535 1331 3563 (
1343 3545 1362 3567 g
1379 3535 1393 3564 )
1408 3534 1461 3560 Ast.
1478 3536 1537 3559 Nat.
1554 3536 1613 3559 Cur.
1629 3534 1663 3558 T.
1679 3540 1702 3557 ι.
1719 3532 1780 3557 obs.
1793 3539 1829 3563 3¹.

1053 3598 1062 3628 ι
1080 3606 1097 3623 ι
1112 3597 1127 3628 )
1143 3597 1200 3624 vid.
1215 3595 1288 3627 Epist.
1308 3605 1332 3626 9.
1347 3604 1374 3623 n.
1392 3603 1429 3629 u.
1446 3598 1484 3623 ιο.
1501 3602 1541 3626 ι’.

1430 3503 1438 3529 s
1456 3503 1472 3528 d
1485 3502 1500 3531 2
1516 3501 1630 3529 Method.
1646 3502 1710 3528 nist.
1725 3503 1798 3527 Anat.
1814 3503 1882 3529 Med.
1896 3509 1920 3528 e.
1937 3508 1959 3528 ι.
1976 3501 2000 3527 8:
2016 3502 2078 3533 seqq.

1643 3566 1654 3590 (
1670 3564 1681 3589 l
1699 3564 1707 3591 )
1724 3562 1775 3588 Ast.
1792 3561 1836 3589 eit.
1852 3565 1886 3589 T.
1901 3571 1926 3593 7.
1941 3563 2002 3588 Obs-
2011 3571 2050 3593 ⁷4·

1426 3564 1580 3596 (mn-2.
1601 3592 2109 3627 (⁰2Stst.m1·0bs-u6·&sssu·
