2498 4075
450 73 517 129 66
1036 73 1194 127 Liber
1228 82 1263 128 1.
1300 73 1385 127 De

390 163 526 190 omnes,
555 160 590 186 ut
613 160 726 190 aquam
748 148 810 184 sine
833 150 1023 184 difficultate
1043 173 1057 189 ,
1088 152 1121 183 &
1153 151 1293 195 plerique
1326 152 1387 185 fine

382 206 500 237 magno
524 197 619 228 etiam
643 193 794 232 horrore,
819 197 852 229 &
874 193 1066 227 detrimento
1089 202 1199 235 potare
1210 205 1384 237 nequeant.

383 239 457 275 Qua
484 249 587 272 autern
610 237 762 281 peculiari
784 239 817 270 in
840 249 871 272 re
893 237 1001 269 omnia
1021 235 1171 270 cadavera
1187 249 1296 272 eorum
1309 249 1385 271 con-

380 283 512 315 veniant
528 303 536 317 ,
561 292 625 314 non
648 278 761 313 video.
789 281 877 314 Nam
900 280 986 320 quod
997 279 1098 318 olim,
1121 282 1247 314 &nunc
1258 291 1384 324 quoque

381 335 397 358 a
421 325 563 365 pluribus
586 323 710 357 evidens
732 323 854 358 siccitas
877 323 962 357 iniis
977 323 1105 365 reperiri
1116 321 1386 367 dicebatur3pro-

382 365 470 400 festo
492 378 594 410 neque
618 368 773 411 reperitur
795 368 827 398 in
851 365 1023 404 omnibus,
1047 377 1103 400 nec
1125 367 1159 399 in
1170 368 1286 409 quibus
1296 377 1385 409 repe-

380 411 484 448 ritur,
510 409 638 449 fortassie
662 409 740 444 adeo
762 408 947 443 attendenda
973 408 1034 446 est,
1061 420 1132 442 cum
1156 410 1301 443 remediis
1326 421 1384 451 po-

379 454 443 485 tius
455 451 507 493 sit,
520 453 625 487 aliisve
635 451 730 489 causis
743 450 827 486 haud
839 463 907 484 raro
918 458 1043 493 accepta
1055 451 1224 488 referenda,
1235 465 1305 495 quae
1317 464 1384 486 ma-

379 507 456 537 gnas
469 498 689 532 evacuationes
702 506 754 528 aut
769 494 824 529 sub
837 494 958 530 sensum
968 495 1111 528 cadentes
1121 518 1133 534 ,
1157 507 1207 530 aut
1219 495 1303 530 hunc
1316 518 1325 534 ,
1347 505 1383 529 ut

381 539 495 581 l'aepius
514 561 522 575 ‚
547 538 730 582 effugientes
745 562 758 578 ,
782 536 942 572 fecerunt:
968 548 1033 579 quo
1046 538 1147 571 multa
1159 538 1297 581 spectant
1321 539 1383 572 ale-

375 580 580 624 xipharmaca
595 606 606 622 ,
629 586 769 615 &acutae
782 579 868 616 haud
878 591 949 614 raro
970 580 1075 613 febres
1088 607 1096 620 ,
1121 584 1153 616 &
1172 581 1279 617 assidui
1305 581 1381 624 saepe

371 625 526 661 clamores
541 649 551 665 ‚
575 628 607 658 &
633 626 780 658 violentae
801 626 946 666 corporis
968 625 1180 666 agitationes,
1205 624 1380 667 praesertim

376 679 450 702 cum
461 677 517 703 aut
531 668 635 704 nihil,
662 675 713 700 aut
727 668 898 700 minimum
913 667 1040 703 bibatur
1053 678 1064 704 3
1076 667 1282 708 quamobrem
1293 666 1380 702 vide·

378 722 409 745 re
433 711 567 753 potuisti
591 713 623 742 in
647 711 723 744 Sene
747 709 805 743 illo
826 713 891 750 (q)
914 711 970 752 qui
995 713 1027 743 ὃς
1050 708 1179 743 bibebat
1203 732 1212 747 ,
1235 721 1291 743 nec
1315 722 1379 744 ma-

373 755 469 788 niaco
496 754 675 797 agitabatur
699 752 832 791 furore,
856 752 906 788 sed
931 751 1168 787 melancholico
1190 756 1299 798 potius
1323 765 1378 795 pa-

370 809 446 831 vore
469 797 698 834 detinebatur,
723 806 788 828 non
812 795 907 829 modo
931 795 1104 831 ficcitatem
1127 795 1251 832 nullam
1264 795 1377 837 fuissc,

371 840 421 875 sed
446 843 472 873 δε
501 839 734 883 pericardium,
758 841 791 875 &
813 838 930 871 cerebri
956 838 1152 874 ventriculos
1175 849 1238 872 non
1261 847 1374 882 parum

373 895 460 924 aquae
483 881 696 915 continuisse.
830 882 902 916 Nec
926 893 999 915 vero
1022 883 1124 924 magis
1135 893 1232 925 quarn
1248 882 1378 919 ariditas

368 926 450 965 illa,
473 936 641 959 commune
665 925 708 959 est
733 922 958 968 hydrophobia
981 924 1106 959 cu'ntstis
1127 925 1302 968 quidquam
1325 939 1380 963 eo-

372 980 463 1005 rum,
488 981 558 1012 quae
583 968 717 1003 secando
740 970 881 1002 diximus
903 967 960 1003 esse
981 968 1170 1012 deprehensa
1186 993 1194 1000 .
1218 972 1269 1004 Ita
1293 971 1378 1005 enim

368 1015 402 1048 in
426 1013 498 1048 aliis
523 1012 582 1047 alia
609 1011 701 1052 sunt,
726 1011 808 1046 uefi
830 1011 946 1054 spectes
958 1010 1121 1054 singulos‚·
1144 1011 1297 1046 verasesse
1310 1024 1377 1046 cre—

367 1055 422 1092 das
446 1066 509 1088 non
534 1054 634 1088 modo
654 1055 791 1098 singulas
812 1066 889 1101 quas
912 1054 949 1089 de
971 1054 1066 1097 hujus
1091 1056 1198 1091 morbi
1222 1055 1289 1091 sede
1308 1078 1320 1095 ,
1344 1060 1376 1091 &

370 1108 484 1133 natura
508 1099 629 1134 Caelius
653 1102 713 1138 (r)
741 1099 915 1138 recensuit,
936 1099 1159 1141 Antiquorum
1183 1099 1373 1139 sententias,

369 1141 421 1177 sed
455 1145 488 1175 &
521 1140 683 1184 plerasque
716 1143 794 1179 alias
827 1153 896 1184 quae
940 1141 1043 1184 postea
1079 1141 1254 1184 prodiere:
1290 1151 1321 1175 at
1351 1141 1374 1179 fi

369 1185 487 1226 spe-stes
512 1185 697 1224 universos3
722 1186 842 1223 nullam
864 1193 1005 1225 certam,
1030 1196 1126 1219 unam
1146 1184 1203 1221 esse
1220 1185 1374 1221 verisimi-

376 1229 512 1266 liorem,
536 1228 715 1270 intelligas.
742 1229 881 1270 ‘Praepati
903 1228 1032 1270 quidem
1055 1239 1122 1261 eam
1141 1235 1285 1270 partem,
1309 1240 1374 1271 quae

365 1271 466 1315 morsu
481 1269 586 1313 fuerit
607 1280 721 1307 vexata
740 1295 748 1310 ‚
775 1284 813 1304 ex
832 1281 928 1313 eaque
951 1272 984 1304 in
998 1272 1074 1304 alias
1085 1271 1232 1306 morbum
1243 1283 1371 1315 progre-

365 1313 420 1351 di,
444 1326 537 1350 nemo
560 1322 676 1356 negat,
698 1313 877 1349 ut1Caelius
902 1315 968 1347 ait:
994 1318 1027 1347 &
1049 1323 1163 1358 exquo
1187 1315 1290 1350 Salius
1314 1316 1370 1357 (s)

363 1356 446 1392 illud
470 1357 595 1391 evidens
621 1357 790 1400 aliquando
814 1355 878 1400 ejus
901 1358 1121 1400 progreffionis
1144 1357 1266 1394 diutius
1288 1358 1370 1392 dila-

365 1412 406 1434 tae
429 1399 551 1444 signum
574 1399 756 1441 indicavit,
780 1411 817 1433 ne
840 1409 909 1434 tum
932 1401 1061 1446 quidem
1085 1400 1158 1435 inde
1192 1401 1368 1444 progredi,

363 1441 474 1484 saltem
498 1455 537 1479 ex
559 1452 669 1486 parte,
693 1443 872 1486 negandum
894 1443 955 1477 est.
981 1446 1033 1478 Ex
1055 1442 1178 1480 doloris
1192 1454 1298 1479 autem
1308 1445 1372 1480 sur·

364 1485 433 1523 sum
457 1487 561 1522 versus
586 1488 819 1529 progreffione,
841 1499 880 1520 ex
903 1487 1004 1530 iisque
1027 1489 1061 1520 in
1087 1500 1162 1531 quas
1175 1489 1276 1522 Salius
1290 1488 1369 1522 hanc

363 1530 499 1565 desinere
523 1530 771 1571 animadvertit,
794 1529 982 1565 confusione
1005 1529 1090 1574 quasi
1112 1531 1247 1574 quadam
1280 1543 1370 1568 men-

365 1576 408 1610 tis
424 1598 434 1614 ,
459 1577 490 1607 ἃ
512 1575 696 1616 vertigine,
717 1578 748 1608 &
771 1575 987 1613 titubatione,
1012 1585 1076 1608 non
1101 1586 1155 1617 per
1177 1586 1268 1610 venas
1283 1600 1295 1616 ,
1319 1575 1369 1610 sed

364 1629 418 1661 per
441 1628 553 1652 nervos
575 1618 609 1652 id
631 1619 717 1650 virus
743 1617 893 1660 progredi
917 1618 1043 1652 videtur
1067 1617 1105 1651 ad
1128 1619 1245 1653 horum
1266 1620 1371 1660 origi-

364 1672 439 1697 nes..
464 1660 593 1700 Qubus
617 1661 649 1692 in
674 1661 837 1703 partibus,
862 1671 915 1694 aut
939 1662 970 1693 in
995 1662 1137 1695 motibus
1171 1663 1227 1704 qui
1260 1663 1293 1695 in
1327 1663 1368 1695 iis

363 1703 469 1744 fiunt,
495 1712 580 1737 certa
605 1704 766 1747 quadam,
790 1703 842 1738 sed
866 1704 1111 1746 inexplicabili,
1130 1706 1307 1739 mutatione
1320 1707 1368 1738 in·

364 1748 483 1789 deusta,
506 1759 576 1793 quae
601 1758 658 1790 pro
681 1748 742 1783 alia
766 1748 799 1781 in
824 1748 896 1780 aliis
918 1746 1146 1790 dispositione,
1168 1748 1291 1792 major,
1312 1758 1365 1784 aut

364 1793 491 1829 minor,
514 1790 699 1834 magisque,
723 1800 775 1825 aut
800 1793 904 1825 minus
927 1790 1111 1831 diffusafit,
1134 1790 1292 1834 nihiljam
1307 1791 1367 1833 hy-

362 1834 540 1877 drophobis
564 1834 683 1868 accidet
706 1833 794 1878 quod
820 1834 892 1869 inde
914 1834 1108 1877 potiifimum
1131 1845 1193 1867 non
1212 1835 1304 1870 liceat
1315 1835 1368 1871 de-

365 1880 498 1914 ducere.
524 1877 714 1918 Quosdam5
737 1889 775 1914 nt
798 1879 831 1913 in
853 1879 1034 1920 congenitis
1058 1877 1249 1920 antipathiis
1283 1880 1363 1912 alios

365 1925 426 1957 alia
441 1946 453 1963 ,
476 1922 528 1957 sed
549 1921 610 1957 hos
634 1923 754 1963 magis,
777 1921 851 1955 illos
883 1924 987 1956 minus
1021 1920 1152 1955 aversari
1176 1922 1330 1956 videmus
1355 1933 1365 1960 3

365 1977 454 2009 aquae
475 1967 580 2007 capiet
604 1965 757 1999 aversatio
779 1974 867 1997 tanta
883 1991 891 2005 ,
914 1974 950 1999 nt
972 1964 1037 2008 ejus
1059 1965 1106 1998 vel
1133 1975 1247 1998 nomen
1270 1990 1278 2005 ‚
1303 1977 1366 2000 non

364 2007 464 2046 modo
487 2009 646 2052 aspectum
664 2033 675 2049 ‚
698 2007 737 2043 de
761 2008 937 2051 improviso
960 2007 1089 2042 horrere
1102 2008 1284 2049 incipiant5
1309 2010 1365 2041 alii

365 2064 431 2089 non
456 2050 514 2087 nifi
539 2052 684 2096 periculo
707 2051 818 2091 fatto,
843 2053 876 2084 &
898 2049 962 2097 ejus
993 2051 1206 2094 deglutiendae
1236 2051 1371 2087 difficul-

364 2107 431 2134 tate
456 2105 623 2138 percepta,
647 2096 736 2130 illam
760 2094 865 2130 bibere
888 2095 917 2127 se
941 2092 1045 2137 posse,
1078 2095 1237 2136 negabunt
1263 2119 1270 2127 .
1303 2097 1371 2129 De-

365 2139 507 2175 lii-abunt
531 2140 610 2177 alii3
633 2138 767 2182 quidam
805 2137 926 2180 sapient
949 2162 956 2170 .
993 2139 1066 2171 Hos
1099 2138 1368 2172 inflammationes

367 2183 548 2224 corripient
568 2193 715 2224 magnae3
739 2181 814 2216 istos
837 2180 952 2214 nullae.
978 2180 1037 2215 Sed
1061 2190 1096 2215 ut
1121 2180 1171 2214 his
1196 2183 1228 2214 in
1252 2180 1369 2222 rebus,

367 2230 401 2261 in
425 2225 557 2268 aliisque
589 2227 711 2260 varient
745 2226 831 2259 inter
864 2223 923 2265 [ες
956 2233 1059 2257 tamen
1091 2223 1254 2259 convulsio
1286 2226 1370 2258 inte-

368 2272 459 2309 rior,
483 2270 660 2301 exteriorve
684 2269 776 2301 s'acile
799 2268 860 2309 erit
883 2269 916 2301 in
939 2266 1113 2308 omnibus,
1137 2271 1169 2303 δί
1193 2279 1252 2311 pro
1276 2267 1370 2313 hujus

367 2311 588 2359 potiffirnum,
611 2314 643 2347 δε
666 2310 884 2353 dispositionis
907 2311 1081 2350 varietate,
1105 2321 1193 2344 tanta
1229 2311 1286 2344 illa
1317 2312 1371 2343 va-

367 2359 461 2392 rietas
484 2357 517 2388 in
541 2354 744 2393 viventibus,
768 2354 964 2396 mortuisque
988 2353 1278 2389 animadvertetur.
1317 2356 1371 2387 In-

367 2401 515 2440 telligis,
540 2398 632 2432 nobis
655 2408 764 2430 eorum
787 2395 1005 2438 conjecturam
1030 2397 1096 2429 veri
1118 2396 1304 2431 similiorem
1320 2399 1385 2431 vi-‘

368 2436 465 2482 deri]
487 2442 544 2485 qui
567 2453 639 2475 cum
660 2441 878 2480 Democrito,
901 2442 933 2475 &
967 2439 1056 2482 Gajo
1074 2462 1087 2480 ,
1120 2439 1295 2482 Herophili
1324 2439 1373 2472 se-

371 2489 492 2522 &carot-e
517 2488 605 2526 (t),
629 2494 741 2518 nervos
765 2508 772 2521 ‚
810 2485 841 2517 δέ
874 2481 1031 2518 cerebrum
1067 2484 1244 2528 principem
1277 2482 1372 2528 hujus

371 2529 476 2565 morbi
503 2527 605 2563 sedem
630 2526 706 2567 esic,
729 2527 902 2564 rebantur,
927 2537 942 2557 a
963 2537 1101 2567 quorum
1113 2527 1266 2569 opinione
1289 2526 1375 2561 haud

369 2571 502 2607 abfuisse
526 2573 703 2614 praecipuos
729 2570 821 2612 hujus
846 2570 903 2602 aevi
928 2567 1097 2608 Medicos,
1118 2570 1218 2603 nosti.
1244 2571 1289 2603 Et
1314 2569 1376 2604 huc

367 2627 495 2661 quoque
518 2614 600 2648 illud
635 2614 772 2656 speetare
793 2637 804 2653 ,
837 2613 900 2647 Vir
933 2613 1038 2653 gravis
1073 2612 1216 2647 censebat
1241 2637 1253 2653 ,
1286 2613 1374 2657 quod

370 2659 515 2694 narrabat
542 2656 624 2692 mihi
650 2655 863 2696 adolescenti,
886 2666 959 2689 cum
985 2656 1137 2690 Eononiae
1160 2655 1273 2691 studiis
1305 2658 1375 2690 Me-

372 2705 487 2738 dicinae
511 2712 640 2745 operam
665 2699 792 2738 darem,
811 2699 853 2732 >de
877 2698 1015 2732 Alberto
1037 2700 1154 2734 Fabbri
1174 2723 1187 2740 ,
1224 2698 1374 2734 Medico—

372 2759 445 2782 rum
470 2748 502 2780 in
527 2757 561 2779 ea
584 2744 762 2781 doc‘tiffima
785 2743 929 2777 Civitate
952 2741 1047 2784 paulo
1073 2753 1143 2777 ante
1179 2755 1278 2776 meam
1312 2755 1376 2776 me-

370 2792 508 2826 moriam
531 2788 625 2823 facile
649 2788 812 2830 principe.
837 2787 904 2820 Hic
941 2786 1026 2818 enim
1058 2798 1130 2821 cum
1164 2784 1375 2831 hydrophobi

371 2837 520 2868 arteriam
544 2840 710 2876 tangeret,
737 2832 775 2864 ab
800 2841 837 2863 eo
860 2840 955 2862 manu
977 2830 1075 2864 altera
1099 2839 1239 2871 arreptus
1255 2852 1264 2866 ‚
1281 2834 1310 2863 ἃ
1326 2842 1379 2863 va„

373 2877 438 2914 lide
463 2885 600 2909 retentus
626 2898 639 2914 ,
672 2885 748 2907 mox
778 2875 811 2906 in
835 2871 1000 2906 tristitiam
1032 2873 1187 2907 inciderat
1218 2883 1342 2906 tantam
1367 2896 1379 2913 ,

376 2929 413 2955 ut
438 2919 483 2955 sui
508 2917 572 2962 jam
595 2928 670 2960 pene
693 2918 855 2960 impotem
879 2924 1014 2949 mentem
1039 2917 1199 2952 interdum
1224 2917 1251 2950 se
1274 2916 1380 2959 ipsum

379 2961 591 2998 interficiendi
616 2960 730 2994 subiret
754 2961 935 3001 cogitatio.
961 2961 1047 2993 Cum
1072 2970 1236 3004 propterea
1262 2959 1380 3002 septem

382 3006 446 3051 jam
469 3006 536 3040 dies
561 3005 776 3047 frequentiam
798 3002 943 3045 fugeret3
969 3002 1083 3038 accidit
1107 3014 1142 3039 ut
1166 3005 1199 3037 in
1224 3002 1274 3038 sua
1310 3015 1381 3045 per-

378 3061 471 3094 petua
495 3048 647 3084 mcestitia
671 3046 816 3086 defixus,
839 3046 982 3079 maximo
1004 3057 1091 3081 antea
1123 3047 1223 3081 imbre
1257 3045 1385 3089 perfun-

375 3094 525 3133 deretur,
546 3103 641 3135 quam
664 3091 854 3129 imminere,
878 3089 1027 3123 sentiret.
1052 3093 1157 3126 Locus
1181 3099 1248 3124 erat
1273 3089 1380 3130 solus,

375 3140 408 3172 &
432 3149 448 3170 a
472 3137 563 3171 teffis
586 3136 682 3176 longe
705 3142 867 3173 remotus,
893 3141 927 3166 ut
951 3131 990 3167 ad
1012 3134 1079 3169 haec
1102 3145 1166 3168 non
1198 3132 1256 3166 nist
1291 3142 1379 3168 totus

377 3191 454 3222 aqua
478 3178 623 3212 madidus
646 3178 805 3220 pervenire
827 3176 969 3219 potuerit
991 3203 998 3210 .
1038 3177 1094 3211 Sed
1127 3178 1216 3211 omni
1252 3176 1378 3218 prorsus

375 3224 508 3259 tristitia
532 3221 683 3260 abstersa,
707 3221 869 3262 pervenit.
895 3218 986 3265 Οψά
1009 3220 1074 3263 ipse
1097 3219 1291 3261 crediderit,
1325 3231 1377 3263 ne-

377 3266 461 3301 scio.
488 3266 595 3299 Plures
618 3263 747 3308 quidem
771 3264 902 3297 initium
926 3262 1104 3298 suiffeillud
1117 3262 1378 3307 hydrophobiae,

379 3321 443 3352 quo
465 3308 626 3343 cerebrum
651 3308 790 3349 primum
813 3315 1011 3346 tentaretur,
1033 3308 1284 3342 arbitrabantur.
1312 3308 1378 3341 Ve-

384 3355 410 3386 ri
435 3363 540 3386 autem
564 3350 700 3385 similius
722 3350 786 3390 est,
810 3350 940 3383 doctum
971 3351 1136 3385 Medicum
1161 3375 1174 3391 ,
1206 3361 1378 3384 memorem

379 3394 506 3431 fortasse
529 3406 641 3429 eorum
662 3406 731 3437 quae
754 3395 787 3427 in
809 3392 1004 3428 Dioscoride
1039 3398 1088 3434 (u
1110 3399 1125 3437 >
1157 3393 1278 3437 legisset
1297 3416 1310 3434 ,
1342 3405 1378 3426 ne

380 3439 466 3473 idem
489 3438 545 3474 sibi
577 3437 663 3481 quod
700 3437 928 3479 Themisoni,
958 3439 1094 3473 amicum
1126 3436 1377 3482 hydrophobum

498 3567 508 3598 )
525 3569 606 3598 supra,
623 3578 646 3594 n.
665 3578 704 3600 ²7·
767 3570 773 3600 (
791 3579 803 3595 r
819 3570 832 3599 )
849 3572 921 3595 Acut.
937 3571 1024 3595 Morb.
1040 3571 1057 3594 l.
1076 3579 1096 3601 3.
1114 3579 1138 3595 c.
1157 3578 1194 3600 14.

500 3600 513 3627 )
530 3600 608 3624 Schol.
627 3600 669 3634 cit.
687 3600 771 3630 supra,
790 3602 820 3625 ad
836 3609 909 3628 n.29.
968 3602 982 3629 (
996 3609 1013 3630 y
1033 3602 1042 3631 )
1058 3609 1082 3625 n.
1102 3603 1176 3635 ¹⁹2&
1193 3609 1232 3625 20.

496 3632 505 3660 J
521 3631 633 3663 Teutam.
650 3636 691 3655 cit.
709 3631 776 3656 sunta
791 3632 822 3658 ad
838 3640 861 3656 n.
882 3630 919 3660 ξῨ,
982 3631 996 3660 (
1012 3639 1023 3655 c
1038 3631 1052 3660 )
1070 3634 1095 3655 P.
1103 3639 1124 3655 2.
1142 3631 1200 3656 ibid.
1218 3631 1258 3656 cit.

499 3660 594 3690 )Ep¹st.
615 3669 635 3686 1.
652 3668 676 3685 n.
693 3662 714 3684 8,
732 3660 754 3684 8(
772 3669 792 3690 9.
857 3663 899 3693 (g
916 3661 930 3690 2
947 3662 970 3686 S.
987 3660 1029 3686 cit.
1047 3663 1071 3687 8.
1086 3661 1146 3687 ΟΜ.
1166 3670 1201 3689 tt,

1255 3569 1319 3599 (s)
1335 3569 1422 3598 supra,
1440 3576 1466 3592 n.
1481 3575 1517 3596 3¹-

1293 3600 1306 3629 (
1325 3608 1343 3628 z
1357 3600 1371 3627 )
1389 3599 1442 3623 vid.
1458 3597 1513 3623 Ast.
1531 3597 1594 3627 Lips.
1604 3598 1646 3621 cit.
1656 3597 1725 3626 supra
1737 3598 1782 3625 ,ad
1793 3606 1816 3622 n.
1827 3604 1865 3623 26.

1319 3628 1361 3659 (d
1377 3630 1390 3657 )
1407 3632 1424 3654 1.
1441 3637 1464 3653 1.
1482 3630 1504 3653 S.
1527 3631 1548 3652 8.
1566 3629 1591 3652 in
1608 3627 1690 3652 Addit.
1707 3627 1766 3653 Obs.
1776 3636 1796 3658 3.

1263 3662 1278 3691 (
1295 3660 1309 3685 h
1326 3660 1339 3689 )
1355 3660 1419 3690 Disp.
1435 3660 1476 3685 cit.
1496 3661 1547 3684 ΡΛ.
1563 3658 1653 3689 partic.
1667 3665 1688 3685 ι,

1421 71 1624 127 Morbis
1656 70 1879 141 Capitis

1437 151 1583 191 curanti,
1607 149 1782 190 accideret,
1806 160 1868 183 non
1891 144 2326 189 mediocriterpertimuiffe,
2352 154 2432 187 prae-

1436 193 1543 227 sertim
1566 194 1591 227 fi
1615 204 1724 227 eorum
1747 195 1869 226 veniret
1906 193 1939 224 in
1972 200 2110 224 mentem
2141 201 2213 232 quae
2243 189 2283 223 de
2317 187 2431 238 morbo

1435 235 1519 273 hoc,
1541 237 1590 269 vel
1612 235 1675 268 sine
1694 235 1849 270 morsibus
1870 234 2063 273 coutraOEtO,
2085 243 2151 265 non
2175 234 2267 274 pauci
2291 231 2432 265 tradide-

1435 288 1509 313 runt
1533 280 1729 321 Scriptores,
1753 288 1846 321 atque
1860 300 1869 316 ,
1895 287 1931 311 ut
1943 277 2042 310 solent
2057 275 2154 308 multiv
2173 277 2207 308 in
2230 275 2286 310 sino
2309 276 2432 317 pericu-

1436 323 1492 362 lo,
1514 324 1624 356 omnia
1647 333 1708 364 pro
1730 324 1810 356 veris
1833 320 1959 355 haberet
1981 318 2340 360 (nam&Stalpartium
2363 317 2432 357 (x)

1437 367 1492 407 qui
1517 365 1600 398 nihil
1624 376 1733 401 eorum
1755 364 1917 404 crederet,
1939 362 2082 397 videmus
2105 371 2211 394 tamen
2229 384 2241 402 ,
2266 360 2432 404 postquam

1435 409 1568 442 illorum
1589 410 1644 450 qui
1667 407 1695 441 se
1718 407 1953 449 hydrophobos
1980 406 2068 444 fore,
2090 403 2350 445 suspicabantur,
2384 412 2433 435 ar-

1433 452 1528 486 terias
1551 453 1722 493 tetigerat,
1746 450 1853 484 lavisse
1875 449 2006 492 manus)
2029 448 2073 482 ob
2094 447 2363 495 vehementiorem
2375 456 2432 478 au-

1433 506 1497 528 tem
1528 503 1649 528 metum
1679 495 1713 526 in
1747 493 2014 529 melancholicum
2071 493 2133 525 uasi
2166 490 2315 524 delirium
2347 489 2432 522 inci-

1433 536 1530 578 disse,
1552 536 1639 580 quod
1663 538 1824 580 repentina
1846 548 1933 578 aquae
1956 535 2046 579 perfu
2060 547 2094 568 10
2107 536 2260 582 ,quippe
2285 530 2431 580 recentis-

1433 581 1570 621 simum,
1593 589 1684 613 tanto
1706 579 1835 616 facilius
1858 579 2036 619 sustulerit,
2058 578 2081 611 si
2105 589 2171 621 ejus
2195 578 2316 619 generis
2339 584 2431 616 auxi-

1432 625 1468 657 lii
1493 624 1633 660 adversus
1655 622 1917 666 hydrophobiam
1939 621 2114 655 recordatio
2137 621 2399 662 imaginationem
2420 638 2431 653 2

1430 680 1501 711 quae
1526 667 1674 703 morbum
1698 665 1838 706 fecerat,
1861 665 1900 699 ad
1922 665 2101 702 tollendum
2125 662 2339 707 adjuvit.Sed
2361 661 2429 695 haec

1431 721 1467 745 ut
1490 711 1655 750 volueris,
1678 711 1724 743 ita
1749 710 1883 750 accipies
1898 734 1907 750 .
1973 746 1976 749 ,
2043 707 2144 750 Qod
2155 719 2230 753 vero
2241 706 2281 740 de
2295 705 2430 754 convul-

1429 753 1515 787 sione
1537 753 1606 786 dixi
1630 752 1725 788 facile
1759 755 1793 787 in
1817 750 2040 794 hydrophob'is
2074 751 2227 785 omnibus
2256 750 2430 793 conjicien-

1427 797 1489 834 da,
1514 797 1562 830 vel
1587 808 1647 838 una
1671 807 1760 838 aquae
1782 794 1995 841 deglu'tiendae
2019 794 2191 829 difficultas
2204 794 2332 828 videtur
2354 790 2429 825 satis

1428 840 1641 883 probabiliter
1663 840 1822 874 indicare.
1848 840 1920 871 Sive
1946 840 2029 872 enim
2062 838 2104 871 est
2123 837 2223 871 'nulla
2239 835 2395 870 'faucium
2418 855 2430 871 ι

1451 884 1549 917 ulaeve
1571 883 1809 923 inflammati0;
1829 880 1893 924 jam
1917 881 2006 925 supra
2026 885 2090 923 (y)
2114 877 2245 921 vidisti,
2268 889 2303 914 ut
2326 879 2365 912 ad
2388 878 2430 911 il-

1443 938 1492 960 am
1504 927 1721 970 explicandam
1735 925 1958 961 difficultatem
1973 923 2168 968 Caesalpinus
2177 925 2257 969 olim
2267 946 2279 962 ,
2303 924 2336 955 &
2347 923 2430 955 Aro-

1428 972 1579 1005 matarius
1602 982 1708 1005 earum
1730 971 1868 1012 partium
1892 967 2127 1010 convulsionem
2150 963 2430 1013 posuerint‚Rid-

1428 1014 1502 1055 leyo
1526 1018 1596 1057 (z)
1619 1018 1712 1059 atque
1735 1014 1806 1048 aliis
1830 1014 1912 1045 inter
1935 1012 2122 1055 recentiores
2147 1009 2430 1053 sequentibus.81-

1426 1067 1463 1089 ve
1486 1067 1529 1090 eae
1552 1066 1653 1098 partes
1676 1056 1747 1090 sunt
1770 1056 1998 1093 inflammatae3
2022 1053 2130 1098 videre
2151 1056 2242 1095 potes
2262 1078 2270 1092 ‚
2293 1060 2329 1086 ut
2354 1050 2426 1084 Cel.

1428 1101 1614 1134 Swietenius
1637 1103 1700 1140 (a)
1726 1099 1807 1140 hanc
1830 1097 2118 1140 inflammationem
2143 1096 2279 1139 acrebra
2293 1094 2428 1128 conv‘ul-

1425 1141 1532 1182 sione,
1556 1152 1591 1176 ut
1614 1142 1762 1184 effe&um
1777 1143 1915 1180 nausa,
1940 1139 2095 1177 deducat,
2120 1139 2254 1183 indeque
2266 1140 2362 1173 etiam
2375 1149 2428 1171 ve·-

1424 1186 1451 1219 ri
1475 1185 1610 1220 similem
1634 1187 1791 1220 rationem
1813 1187 1943 1224 eliciat,
1968 1196 2025 1219 cur
2047 1185 2143 1218 citius
2163 1182 2206 1216 'ab
2229 1180 2429 1225 hydropho-

1423 1229 1475 1266 bia
1498 1229 1764 1272 confeetuspuer
1786 1228 1848 1263 sine
1871 1230 1928 1262 illa
1950 1228 2049 1263 fuerit
2073 1227 2348 1265 inflammatione,
2381 1224 2428 1274 se-

1422 1273 1487 1307 rius
1512 1283 1617 1307 autem
1640 1281 1786 1307 mortuus
1808 1272 1931 1315 juvenis
1954 1270 2017 1305 sine
2040 1271 2096 1303 illa
2120 1280 2185 1304 non
2209 1267 2306 1304 fuerit
2331 1292 2339 1300 .
2374 1269 2427 1317 Sic

1422 1316 1493 1349 aliae
1515 1318 1614 1350 etiam
1638 1325 1739 1357 partes
1753 1342 1762 1356 ‚
1786 1319 1824 1358 &v
1842 1316 1960 1353 viscera
1982 1325 2038 1349 cur
2061 1315 2095 1346 in
2119 1314 2189 1346 aliis
2200 1310 2428 1355 hydrophobis.

1421 1358 1511 1392 valde
1533 1360 1753 1399 inflammata,
1776 1361 1811 1393 in
1835 1359 1904 1392 aliis
1929 1360 2062 1393 minime
2086 1357 2307 1400 reperiantur,
2330 1365 2428 1388 ama-

1420 1403 1470 1444 gis
1493 1415 1643 1449 quoque,
1666 1402 1808 1437 minusve
1830 1403 1961 1441 crebra,
1986 1411 2043 1435 aut
2068 1401 2209 1448 violenta
2233 1409 2343 1434 eorum
2357 1408 2428 1431 ner-

1422 1457 1537 1480 vorum
1557 1445 1612 1489 qni
1628 1446 1664 1479 ad
1677 1446 1733 1479 illa
1744 1447 1925 1488 pertinent,
1949 1446 2152 1479 convulhone
2164 1443 2296 1478 deduces
2310 1466 2317 1473 .
2331 1442 2425 1479 Quin

1421 1489 1517 1523 etiam
1540 1491 1671 1524 nimiam
1694 1489 1783 1522 illam
1810 1489 1973 1530 tenfionem
1997 1486 2429 1529 &fictitatemnervosarum

1420 1531 1688 1573 membranarum,
1711 1545 1749 1566 ex
1771 1544 1831 1575 qua
1855 1532 2001 1567 Meadius
2024 1530 2088 1571 (b)
2113 1530 2191 1564 scite
2204 1529 2296 1564 'illud
2308 1538 2429 1571 repete-

1419 1575 1493 1615 bat,
1517 1585 1553 1610 ut
1577 1577 1702 1610 acutius
1724 1586 1816 1618 quam
1838 1582 1951 1609 natura
1964 1575 2048 1617 sua,
2074 1576 2107 1607 in
2120 1571 2431 1617 hydrophobissen-

1420 1619 1525 1660 tiant,
1548 1617 1650 1663 sicque
1667 1619 1770 1663 solitae
1791 1618 1979 1657 objectorum
2002 1617 2207 1662 impreffiones
2228 1624 2287 1650 non'
2296 1619 2428 1661 gratum

1420 1661 1556 1703 amplius
1571 1662 1695 1706 finsum
1707 1684 1719 1701 ,
1736 1661 1792 1704 sed
1814 1661 1946 1694 dolorem
1972 1662 2014 1694 Θ*
2036 1660 2203 1705 molestiam
2221 1658 2369 1704 faciant,
2384 1659 2429 1692 il-

1420 1706 1508 1744 lam,
1531 1706 1660 1747 inquam
1676 1730 1683 1743 ‚
1707 1702 1907 1745 tenfionem;
1927 1702 1949 1737 fi
1975 1716 1991 1737 a
2013 1703 2156 1736 siccitate
2179 1712 2249 1737 tota
2273 1713 2336 1736 non
2360 1701 2428 1741 est,

1418 1757 1455 1782 ut
1479 1749 1593 1790 primis
1615 1748 1725 1781 diebus
1748 1748 1853 1780 morbi
1877 1745 1935 1781 esse
1957 1759 2017 1780 non
2043 1745 2187 1787 videtur,·
2210 1758 2226 1780 a
2248 1744 2429 1779 convulsio-

1419 1791 1512 1826 nibus
1536 1791 1689 1829 deducas,
1715 1802 1850 1835 quarum
1874 1790 1928 1824 hic
1950 1789 2102 1828 effectus,
2127 1788 2149 1823 si
2173 1801 2238 1823 non
2262 1791 2295 1823 in
2319 1790 2430 1823 omni-

1418 1834 1497 1875 bus,
1520 1836 1552 1868 in
1578 1836 1721 1878 pluribus
1744 1843 1828 1867 certe
1850 1834 2055 1869 cadaveribus
2079 1832 2228 1877 superstes
2251 1832 2351 1875 reipsa
2384 1832 2428 1866 est

1419 1878 1457 1911 ab
1481 1878 1687 1913 Solertiffimo
1712 1879 1877 1920 Brogiano
1899 1881 1964 1918 (c)
1985 1876 2215 1919 deprehensus.
2243 1877 2352 1911 Mitto
2363 1887 2428 1909 cae-

1417 1931 1482 1955 tera
1504 1933 1574 1963 quae
1598 1933 1614 1954 a
1637 1922 1781 1964 pluribus
1806 1921 1876 1955 sunt
1899 1924 1934 1954 iu
1959 1921 2102 1956 medium
2125 1920 2285 1959 adducta,
2310 1931 2344 1954 ut
2369 1920 2431 1961 hy·

1415 1964 1630 2007 drophobiam
1652 1962 1872 2000 convulsivum
1896 1963 1953 1999 esse
1977 1963 2147 2004 affectum,
2173 1967 2366 2006 probarent.
2390 1963 2425 1996 Si

1421 2009 1523 2050 igitur
1547 2008 1607 2042 hoc
1630 2010 1663 2041 in
1687 2007 1802 2042 morbo
1814 2017 1942 2044 tantum
1955 2007 1997 2042 est
2008 2007 2270 2043 convulfionibus
2283 2008 2432 2041 tribuen-

1420 2051 1520 2090 dum,
1546 2062 1646 2096 neque
1667 2062 1773 2085 earum
1782 2051 1873 2085 causa
1885 2074 1894 2090 ‚
1917 2053 2036 2095 quippe
2050 2050 2221 2084 invisibilis
2235 2053 2268 2084 in
2280 2052 2430 2091 cerebro,

1421 2093 1591 2137 nervisquev
1610 2095 1776 2134 mutatio,
1799 2094 1851 2128 sed
1875 2106 1980 2129 earum
1992 2096 2160 2130 dumtaxat
2173 2093 2304 2129 effeetus
2318 2096 2431 2137 ,iique

1420 2137 1486 2181 pro'
1503 2140 1588 2170 varia
1611 2137 1754 2180 ipsorum
1775 2135 1998 2178 vehementia,
2024 2140 2177 2181 varioque
2200 2147 2345 2180 tempore
2377 2137 2448 2170 'di-'

1420 2181 1624 2222 screpantes‚
1649 2182 1683 2215 in
1707 2181 1890 2217 demortuis
1910 2181 1966 2215 sub
1990 2180 2110 2215 sensum
2122 2180 2266 2221 cadunt3
2306 2180 2432 2214 raeclare

1421 2224 1600 2265 intelligis,
1624 2223 1663 2257 ad
1687 2223 1755 2257 haec
1777 2225 1843 2266 ipsa
1856 2236 1924 2267 quae
1937 2225 2078 2259 diximus
2090 2249 2102 2266 ,
2126 2227 2158 2258 δε
2175 2236 2258 2258 nunc
2269 2192 2408 2259 dicimus
2419 2246 2433 2264 ,

1421 2276 1476 2301 aut
1489 2266 1728 2310 comprobanda
1742 2292 1751 2307 ,
1775 2277 1828 2301 aut
1840 2267 2028 2303 infirmanda
2039 2291 2053 2308 ,
2078 2270 2244 2311 pauciores
2255 2266 2362 2302 adhuc
2374 2265 2434 2301 effe

1423 2310 1548 2343 habitas
1572 2307 1791 2346 dissectiones.
1818 2313 1928 2345 Paucae
1952 2314 2037 2345 enim
2061 2312 2197 2346 intanto
2211 2322 2344 2347 numero
2359 2310 2433 2344 sune

1423 2364 1501 2396 quas
1524 2352 1654 2387 historia
1678 2352 1833 2396 praecedat
1858 2353 1932 2387 satis
1956 2363 2098 2395 accurata
2110 2366 2173 2387 non
2187 2357 2291 2390 aetatis
2302 2355 2430 2393 solum,

1425 2400 1456 2430 ὅ(
1479 2396 1719 2430 constitutionis
1743 2397 1830 2432 illius
1854 2396 1998 2431 hominis
2013 2420 2025 2437 ‚
2049 2396 2100 2431 sed
2124 2400 2156 2430 ἃ
2179 2398 2433 2438 modi,&tem-

1448 2440 1512 2472 oris
1533 2448 1605 2474 tum
1628 2450 1694 2481 quo
1715 2440 1825 2480 virus,
1848 2443 1881 2474 ὃ(
1897 2439 1999 2480 unde,
2013 2441 2214 2474 conti-aetum
2226 2439 2324 2475 fuerit
2337 2450 2433 2480 ,tum

1423 2451 1488 2523 guo
1512 2481 1706 2524 perstiterit,
1731 2485 1764 2517 &
1787 2494 1849 2530 qua
1861 2482 2114 2527 symptomatum
2126 2485 2294 2522 omnium,
2320 2488 2349 2516 ὃ(
2365 2496 2433 2526 quo

1428 2524 1479 2558 die
1503 2527 1739 2568 ingruentium,
1766 2528 1904 2569 majori,
1928 2528 2087 2560 minorive
2110 2526 2309 2567 assiduitate,
2333 2527 2433 2562 &sae-

1428 2570 1529 2608 vitia,
1555 2578 1623 2602 tum
1646 2568 1758 2602 deinde
1781 2570 1926 2604 omnium
1941 2594 1950 2610 ,
1974 2582 2039 2614 quo
2063 2569 2101 2603 ad
2127 2568 2192 2603 fieri
2210 2569 2335 2612 potest,
2360 2582 2433 2614 quse

1428 2613 1461 2644 in
1485 2611 1654 2652 universis,
1677 2615 1709 2646 &
1733 2611 1864 2655 singulis
1886 2613 2044 2647 cadaveris
2054 2611 2193 2656 ejusdem
2206 2613 2346 2647 hominis
2360 2625 2434 2655 par-

1425 2655 1512 2689 tibus
1538 2665 1650 2697 praeter
1672 2665 1815 2691 naturam
1839 2666 1959 2699 reperta
1982 2655 2064 2691 fint:
2087 2667 2125 2690 ne
2147 2656 2231 2700 siqua
2255 2658 2340 2692 forte
2355 2669 2434 2701 prae.

1427 2701 1646 2737 termittatur3
1670 2708 1752 2732 certa
1776 2700 1922 2743 quaedam
1946 2700 2007 2732 alia
2019 2711 2084 2733 non
2096 2709 2162 2733 tam
2173 2700 2433 2746 abfuisl'e,quam

1427 2754 1492 2777 non
1517 2743 1591 2776 satis
1615 2740 1743 2784 quaesita
1768 2741 1858 2776 fuiss‘e
1885 2742 2125 2778 existimentur.

1471 2797 1523 2829 33.
1551 2788 1588 2819 In
1611 2785 1661 2819 his
1685 2794 1787 2820 tamen
1811 2797 1849 2820 nc
1871 2785 1965 2819 facile
1990 2796 2079 2829 putes
2095 2810 2103 2824 ‚
2128 2798 2246 2821 vermes
2258 2786 2349 2823 fuisse
2360 2788 2435 2831 qui-

1429 2829 1488 2864 bus
1509 2830 1673 2864 cerebrum
1696 2829 1847 2867 scateret5
1871 2828 1992 2864 tametsi
2016 2831 2050 2863 in
2071 2830 2279 2874 Sepulchreto
2300 2833 2366 2874 (d)
2389 2832 2435 2865 le-

1429 2884 1500 2915 ges,
1523 2872 1709 2914 conspe&os
1731 2872 1788 2907 esse
1811 2874 1843 2906 in
1868 2873 1978 2907 rabiosi
2002 2874 2088 2908 canis
2109 2875 2260 2915 cerebro,
2287 2878 2320 2909 &
2344 2877 2434 2910 Aro-

1431 2918 1584 2950 matarius
1606 2919 1646 2956 <e
1657 2919 1671 2956 )
1683 2916 1838 2959 scripserit
1849 2939 1861 2956 ‚
1872 2915 2067 2960 observatum
2075 2915 2170 2968 fuisse
2181 2920 2326 2962 generari
2336 2929 2434 2963 quan-

1431 2961 1526 3001 doque
1546 2969 1682 2994 vermem
1707 2960 1740 2993 in
1761 2959 1913 2994 anteriore
1933 2967 2023 3001 parte
2045 2961 2160 3002 capitis
2173 2984 2183 3000 ,
2207 2969 2272 2995 tam
2296 2963 2328 2995 in
2358 2972 2433 2996 cane

1434 3002 1539 3036 rabado
1550 3026 1562 3042 ‚
1584 3013 1675 3045 quam
1692 3003 1729 3037 ¹in
1738 3001 1858 3036 homine
1870 3026 1877 3034 .
1902 3003 1976 3036 Hoc
1988 3004 2072 3037 enim
2085 3005 2303 3049 accipiendum
2317 3004 2412 3038 credo
2421 3029 2434 3047 ‚

1435 3056 1498 3078 non
1520 3045 1559 3079 de
1580 3047 1680 3079 cranii
1704 3056 1816 3086 cavea,
1840 3044 1890 3078 sed
1912 3046 1949 3079 de
1973 3047 2058 3087 nasi,
2080 3059 2134 3082 aut
2160 3050 2252 3084 Sinus
2278 3047 2435 3092 alicujus,
2468 3073 2472 3077 -

1435 3100 1508 3122 curn
1530 3089 1595 3123 hoc
1615 3090 1901 3127 communicantis,
1925 3090 2106 3128 receffibus,
2128 3101 2166 3127 ut
2189 3092 2263 3125 alias
2286 3091 2345 3136 (f)
2370 3093 2434 3127 tibi

1429 3130 1626 3175 fignificavi.
1651 3133 1765 3174 Neque
1789 3133 1848 3164 alia
1871 3134 1992 3166 ratione
2015 3135 2168 3178 intelligo
2189 3147 2260 3179 quae
2272 3138 2371 3179 paulo
2384 3136 2434 3170 su-

1428 3177 1534 3218 perius
1557 3177 1590 3209 in
1615 3174 1820 3217 Sepulchreto
1844 3179 1854 3215 (
1874 3187 1897 3218 g
1917 3180 1931 3217 )
1953 3189 1991 3211 ex
2013 3178 2189 3220 Epistolis5,
2212 3190 2277 3213 non
2303 3191 2340 3213 ex
2371 3180 2434 3215 Ob..

1422 3218 1532 3263 [επις
1556 3218 1740 3254 Bartholini
1771 3217 1991 3260 producuntur
2021 3221 2059 3255 de
2089 3221 2247 3257 vermibus
2282 3235 2363 3266 quos
2399 3225 2434 3257 in

1429 3263 1513 3305 equis
1536 3286 1548 3303 ,
1580 3261 1674 3309 bobuf
1693 3286 1706 3305 ,
1738 3262 1781 3295 (¹7⁴
1803 3261 1913 3297 ovibus
1935 3264 2035 3307 capiti
2056 3264 2168 3311 ineffit,
2190 3265 2296 3299 rustici
2320 3266 2434 3300 dicun-

1429 3314 1481 3340 tur
1502 3305 1695 3345 observasse,
1728 3306 1761 3337 in
1789 3304 1967 3346 phrenicide
1996 3317 2102 3343 tamen
2123 3332 2135 3348 ,
2170 3311 2211 3343 &
2244 3312 2434 3355 vertigine,-

1429 3361 1495 3382 non
1516 3350 1551 3382 in
1574 3360 1628 3385 ea,
1651 3360 1714 3391 qua
1737 3348 1775 3382 de
1796 3349 1902 3390 agitur
1933 3350 2029 3390 Rabie
2049 3364 2059 3384 .-
2092 3363 2159 3394 quo
2192 3362 2266 3386 uno¹
2293 3356 2436 3389 vocabu-n

1430 3393 1464 3425 lo
1508 3403 1603 3435 quam
1648 3394 1744 3425 variae
1789 3391 1970 3427 affectiones
2014 3392 2215 3437 designentur
2237 3417 2246 3432 ‚
2291 3396 2434 3433 laudatus

1431 3435 1526 3469 docet
1571 3435 1794 3469 Aromatarius
1825 3438 1839 3476 (
1860 3434 1881 3468 h
1902 3440 1916 3478 )
1940 3461 1948 3469 .
1985 3439 2043 3472 Per
2085 3437 2154 3473 haec
2196 3438 2262 3474 illis
2306 3452 2435 3484 quoque

1588 3497 1591 3498 ⁷
2282 3494 2391 3517 occur-

2037 3569 2074 3598 (υ
2082 3568 2144 3597 >De
2151 3569 2218 3593 Med.
2231 3555 2322 3594 Mat-1·
2331 3573 2355 3594 6.
2367 3578 2389 3595 c.
2399 3574 2436 3600 36.

1931 3600 1946 3628 (
1954 3603 1969 3623 ti
1981 3597 2097 3628 )comm.
2105 3597 2129 3632 in
2140 3601 2227 3624 Boerh.
2237 3600 2326 3629 Aptior.
2338 3600 2436 3631 §⁴14⁰-

1857 3627 1867 3659 ί
1882 3629 1922 3659 e)
1938 3629 2003 3658 Disp.
2019 3629 2049 3654 de
2065 3629 2141 3655 Rabie
2158 3630 2186 3654 P.
2202 3637 2227 3661 θ.
2244 3630 2331 3660 partic.
2348 3639 2373 3663 7.

1579 3569 1594 3596 (
1610 3574 1620 3591 t
1637 3566 1651 3594 )
1666 3567 1729 3595 apud
1745 3568 1849 3593 Caelium
1865 3567 1955 3593 ibidem
1972 3587 1978 3592 .
