2498 4075
349 189 428 225 adeo
452 192 556 227 morbi
583 188 726 225 secreto?
750 198 788 222 an
810 188 900 232 prius
922 184 1136 233 coacervato:>
1160 187 1230 229 Qi
1253 188 1286 220 in
1325 198 1363 220 eo

350 250 431 272 cavo
454 246 521 270 erat
546 236 656 280 pulmo
677 255 685 269 ‚
719 240 788 265 ater
807 257 816 273 ,
851 235 884 265 δε
907 227 1057 273 plilogosi
1079 229 1212 264 astechs
1229 254 1242 271 ,
1264 231 1361 265 durus

350 290 502 325 praeterea
526 304 538 320 ‚
560 282 591 312 &
615 277 705 311 valde
728 276 933 318 compassus,
957 272 1137 306 membrana
1150 281 1256 307 autem
1279 276 1362 308 exti-

351 340 402 361 ma
435 325 590 360 facillime
613 319 778 363 separabili
808 331 818 357 5
851 329 906 361 per
929 315 1159 350 membranulas
1178 340 1191 357 ,
1222 318 1362 360 scapulas

350 369 477 409 versus,
502 367 616 411 pleurae
641 363 818 397 adhaerebat
847 387 854 394 .
896 361 1010 394 Pulmo
1032 358 1150 392 sinister
1182 362 1237 394 vix
1260 361 1362 394 labem

348 420 558 455 conceperat.
584 411 621 442 In
645 406 751 441 cordis
775 404 955 438 ventriculo
965 402 1097 436 dextero
1119 404 1289 439 mediocris
1302 415 1362 446 po-

348 457 459 501 lvposa
481 455 670 489 concretio,
694 449 810 492 majori
834 460 872 481 ex
896 457 983 489 parte
1007 447 1045 480 ad
1071 448 1245 481 auriculam
1263 450 1362 490 perti-

347 494 446 539 nen53
471 498 622 537 gracilior
648 496 743 528 altera
766 494 800 524 in
824 490 946 524 sinistro
978 504 986 523 :
1017 491 1072 523 illa
1095 491 1129 522 in
1163 502 1275 524 venam
1297 493 1361 524 Ca-

348 556 443 583 vam,
466 537 498 578 86
523 542 748 575 Pulmonarem
773 536 921 568 arteriam
944 549 954 572 ς
986 533 1053 567 haec
1076 534 1109 566 in
1134 534 1361 568 Pulmonarern

345 598 459 622 venam
482 585 520 620 ad
541 585 668 617 brevem
693 606 702 622 ,
734 581 769 613 in
794 580 941 612 arteriam
977 578 1130 623 Magnam
1154 577 1192 610 ad
1226 577 1359 620 longum

346 633 489 666 nauum
522 627 677 672 producta
708 638 718 657 :
755 623 856 656 ambae
895 631 1046 655 concreto
1078 621 1227 663 sanguine
1263 620 1360 665 stipa-

349 676 485 711 bantur.
1092 708 1097 714 -

360 728 363 729 ’
391 730 443 763 34.
467 714 568 752 Quod
593 715 625 746 in
650 712 815 746 hoc'Sene
838 709 987 742 Valsalva
1022 706 1189 753 dubitabat
1215 733 1224 747 ,
1256 719 1295 742 an
1321 707 1363 741 se.

347 773 418 796 rum
441 768 510 794 ante
536 757 699 801 pulmonis
723 754 1013 787 inflammationem
1037 749 1170 785 effusum
1192 750 1256 795 jam
1289 750 1361 785 esset

346 807 380 839 in
406 805 561 841 thorace,
585 799 715 833 facilius
739 797 771 837 id
793 794 868 842 esset
891 795 1036 831 creditu,
1065 794 1086 827 si
1111 794 1178 837 ejus
1200 793 1362 830 effusionis

345 847 505 882 indicium
530 842 661 886 aliquod
685 839 876 884 praeceffislet
899 863 911 879 ,
943 839 1031 871 velut
1057 840 1091 872 in
1115 839 1254 882 Virgine
1282 865 1292 881 ‚
1328 842 1362 873 &

345 892 477 925 Clerico
499 899 561 922 non
585 897 685 920 unum
708 882 907 927 praegressum
941 882 1223 917 animadvertimus
1253 907 1259 914 .
1292 884 1359 916 Ca..

345 934 484 968 chestici
520 932 608 974 prius
631 937 718 963 erant
754 937 887 970 uterque
918 950 930 967 ‚
963 927 1076 960 &illa
1109 925 1238 968 quidem
1260 927 1358 969 usque

343 978 424 1012 adeo
443 999 451 1015 ‚
472 985 508 1012 ut
532 974 627 1015 cystis
648 972 773 1006 nullum
796 970 875 1004 bilis
899 969 1067 1012 vestigium
1092 969 1251 1009 servaret3
1277 969 1358 1004 unde

344 1022 461 1065 aliquis
485 1018 585 1062 posset
610 1018 660 1051 cui
687 1015 772 1049 forte
796 1014 852 1047 illa
873 1013 991 1049 Drakii
1015 1017 1029 1053 (
1052 1025 1072 1047 u
1095 1017 1108 1053 )
1131 1013 1357 1057 improbabilis

343 1066 489 1108 alioquin
515 1062 668 1096 sententia
693 1059 831 1102 placeret
856 1058 895 1091 de
919 1057 993 1091 felle
1016 1057 1248 1091 menstruorum
1281 1068 1357 1091 cau-

341 1109 371 1143 sa
386 1133 394 1148 ,
419 1115 641 1142 aiv-iumentum
663 1103 797 1142 ducere,
820 1101 879 1135 hac
904 1101 1054 1134 diuturna
1078 1099 1284 1143 supprcffione
1306 1112 1361 1133 eo-

341 1163 414 1186 rum
447 1136 584 1194 ffoecftata
607 1173 617 1190 ,
664 1146 700 1180 ad
746 1144 873 1179 eandem
918 1144 1103 1177 sententiam
1138 1143 1359 1186 quadantenus

340 1193 593 1229 confirmandam
619 1217 626 1224 .
660 1191 806 1224 Clericus
850 1199 924 1222 vero
968 1188 1076 1221 urinas
1121 1186 1230 1222 rubras
1248 1211 1260 1227 ,
1302 1198 1359 1220 no-

338 1239 489 1272 &turnum
513 1245 619 1270 autem
654 1235 800 1267 somnum
845 1231 981 1266 habebat
1026 1230 1219 1264 turbatum.
1255 1231 1358 1265 Deni-

340 1294 421 1324 que3
448 1290 482 1315 ut
506 1289 619 1313 caetera
644 1278 798 1310 omittam
820 1287 830 1315 ς
864 1276 1009 1309 neutrius
1033 1273 1135 1307 fuerat
1159 1274 1287 1316 prorsus
1310 1276 1359 1307 in-

340 1335 427 1365 tegra
453 1324 621 1366 respiratio
641 1346 648 1356 .
675 1319 776 1362 Q-od
801 1317 856 1351 etfi
880 1320 913 1351 in
938 1318 1089 1351 cachexia
1113 1316 1171 1351 esse
1184 1318 1286 1357 solet3
1309 1326 1360 1351 ta-

339 1364 411 1403 niEn
436 1372 468 1402 &
492 1367 621 1408 sanguis
645 1366 679 1397 in
703 1377 736 1398 ea
761 1363 842 1396 solet
867 1363 1010 1405 plurimo
1034 1361 1102 1395 sero
1118 1361 1300 1402 abundare,
1324 1364 1357 1395 &

338 1413 403 1448 hoc
430 1411 524 1446 facile
548 1410 603 1444 hic
627 1409 699 1442 illic
724 1407 899 1450 deponere.
923 1407 1034 1448 Itaque
1058 1404 1079 1438 fi
1105 1406 1138 1437 in
1163 1403 1215 1438 his
1227 1404 1355 1439 duobus

339 1456 522 1491 existimes,
547 1454 605 1489 seri
617 1462 739 1495 partem
765 1453 797 1483 in
811 1449 943 1483 thorace
967 1459 1056 1482 antea
1069 1447 1237 1490 stagnaffe,
1260 1460 1356 1492 quarn

340 1500 471 1534 morbus
496 1496 680 1531 novissimus
705 1495 861 1537 reliquam
889 1493 1041 1530 adderet3
1065 1491 1159 1525 facile
1183 1490 1325 1525 assentiar
1346 1517 1353 1524 .

338 1545 412 1580 Nec
445 1544 478 1575 in
504 1543 580 1575 Sene
604 1549 709 1573 tamen
745 1538 830 1571 idem
857 1537 1064 1579 pertinaciter
1089 1535 1211 1579 negabo
1236 1559 1248 1575 ,
1280 1547 1357 1570 cum

338 1585 501 1634 praegressa
529 1585 694 1628 potuerint
718 1583 761 1615 ob
784 1581 816 1614 id
840 1592 967 1623 quoque
992 1578 1150 1613 Valsalvae
1183 1579 1241 1612 esse
1265 1581 1356 1612 inco-

337 1627 454 1675 gnita,
479 1629 567 1673 quod
591 1627 746 1667 decrepiti
772 1625 824 1658 sua
848 1624 996 1667 pleraque
1020 1621 1230 1657 incommoda
1266 1624 1355 1656 aerati

337 1676 448 1723 potius
469 1683 568 1716 quarn
592 1670 706 1704 morbo
721 1696 729 1706 ,
755 1667 930 1701 adscribere
954 1666 1076 1700 soleant
1095 1690 1107 1707 ,
1130 1677 1229 1709 eoque
1254 1667 1355 1708 negli-

336 1730 431 1764 gere.-
457 1719 575 1751 mirum
605 1723 712 1747 autem
737 1711 918 1751 videatur,
954 1718 1077 1743 tantam
1104 1721 1193 1752 aquae
1225 1712 1355 1752 copiam

337 1763 436 1798 tridui
472 1760 577 1803 spatio
613 1759 646 1790 in
682 1755 813 1789 thorace
851 1755 986 1787 acervari
1020 1764 1149 1787 omnem
1183 1754 1320 1796 potuisse
1344 1756 1352 1786 .’

470 1807 634 1838 Caeterum
658 1811 731 1835 cave
752 1797 859 1832 credas
881 1796 968 1841 quod
992 1798 1026 1830 in
1051 1797 1155 1831 tribus
1178 1796 1263 1830 hisce
1286 1808 1352 1830 non

335 1849 500 1889 diffiteor,
523 1850 555 1881 in
581 1846 713 1887 reliquis
734 1841 1027 1886 peripneumonicis
1039 1841 1154 1884 quibus
1178 1841 1212 1873 in
1236 1839 1353 1875 thora..

336 1906 370 1931 ce
395 1893 495 1927 serum
515 1890 553 1925 sit
577 1887 731 1925 effusum,
759 1888 868 1920 locum
893 1884 1004 1918 habere
1025 1908 1032 1914 .
1067 1884 1156 1917 Nam
1182 1886 1213 1917 &
1237 1885 1353 1917 Coite-

337 1950 411 1972 rus.
433 1949 465 1970 ui
494 1936 570 1968 alias
594 1936 608 1973 (
630 1943 651 1967 x
672 1936 686 1972 )
709 1930 747 1964 ad
773 1938 804 1962 te
829 1927 934 1971 scripsi
958 1951 971 1969 ,
1003 1928 1089 1960 inter
1113 1927 1243 1961 morbos
1275 1938 1352 1969 quos

331 1980 469 2026 perior-fs
492 1979 627 2018 hydrops
650 1976 845 2011 comitatur,
871 1971 929 2006 esse
944 1994 957 2012 ,
981 1970 1211 2005 animadvertit
1233 1994 1245 2011 ,
1265 1971 1351 2013 peri-

331 2018 559 2069 pneumonicis,
585 2022 616 2053 &
640 2020 673 2051 in
699 2017 812 2050 nostris
833 2027 963 2059 quoque
985 2038 995 2053 ,
1032 2017 1063 2048 &
1086 2012 1245 2048 Valsalvae
1279 2013 1351 2046 Ob-

336 2066 566 2105 servationibus
603 2071 653 2096 tot
677 2062 832 2104 reperies,
856 2061 890 2093 in
920 2059 1039 2102 quibus
1063 2066 1194 2101 uterque
1220 2058 1351 2091 morbus

336 2110 526 2154 conjunffitus
549 2106 591 2141 est
606 2130 614 2145 ‚
636 2114 672 2140 ut
696 2106 760 2138 veri
786 2103 885 2137 simile
909 2113 974 2135 non
998 2101 1059 2139 sit,
1084 2113 1137 2135 eos
1159 2112 1269 2134 omnes
1295 2110 1351 2132 an-

337 2165 387 2189 tea
411 2153 575 2188 thoracis,
599 2151 631 2182 &
656 2147 826 2191 pericardi'i
853 2145 998 2188 hydrope
1022 2149 1118 2185 (nam
1143 2143 1197 2177 hic
1221 2155 1351 2188 quoque

337 2199 417 2240 saepe
440 2195 630 2238 adjungitur
653 2197 667 2233 >
690 2190 862 2226 laborasse.
888 2190 981 2226 Quin
1007 2188 1173 2232 plerosque
1198 2199 1313 2222 eorum
1336 2211 1349 2229 ,

336 2255 409 2276 cum
433 2241 596 2284 pulmonis
621 2234 878 2271 inflammatione
901 2234 1043 2276 correpti
1057 2233 1128 2267 sunt
1143 2255 1152 2270 ‚
1178 2231 1350 2267 sanissimos

338 2286 430 2321 suisse
444 2308 452 2322 ‚
474 2282 619 2318 constat:
644 2291 680 2314 ut
704 2291 778 2313 curn
801 2278 930 2321 egregio
954 2277 1071 2319 aliquis
1094 2275 1208 2310 habitu
1231 2287 1248 2309 a
1264 2274 1351 2309 labo-

340 2342 372 2363 re
394 2330 519 2367 calens,
544 2327 604 2359 aeri
630 2324 660 2358 se
686 2322 876 2366 praefrigido
899 2321 1047 2363 exposuit
1069 2345 1076 2352 .
1102 2319 1203 2357 Quod
1226 2318 1249 2352 fi
1274 2319 1350 2353 huic

339 2373 416 2407 inde
441 2375 473 2406 &
498 2370 663 2408 sanguinis
697 2378 750 2410 per
776 2366 968 2408 pulmonum
1001 2363 1125 2397 vascula
1160 2362 1352 2397 circumitio

337 2415 536 2452 retardetur,
555 2409 591 2446 ’δι’
616 2411 760 2444 humoris
783 2420 821 2441 ex
843 2408 957 2439 intima
979 2406 1108 2448 Asperae
1134 2407 1275 2444 arteriae,
1298 2417 1353 2438 ex-

339 2463 483 2503 timaque
507 2452 611 2491 totius
635 2455 780 2495 corporis
805 2449 971 2492 superficie
994 2448 1169 2483 invisibiles
1192 2447 1347 2492 quidem,

339 2505 390 2540 sed
415 2506 586 2537 innumerae
623 2497 741 2541 jugiter
766 2494 954 2539 prodeuntes
989 2492 1153 2535 particulae
1176 2492 1350 2526 cohibean-

339 2559 393 2582 tur
417 2560 426 2586 5
460 2546 508 2579 hae
533 2555 589 2587 per
614 2543 675 2576 alia
702 2541 840 2574 aliarum
864 2538 1118 2570 membranarum
1153 2535 1349 2569 foraminula

340 2601 463 2626 exitum
489 2588 664 2622 molientur
686 2609 698 2625 ,
731 2592 901 2625 earumque
937 2579 1112 2624 praesertim
1132 2603 1146 2621 ,
1175 2591 1246 2622 quae
1281 2589 1349 2611 ma-

339 2638 388 2680 gis
413 2645 487 2667 tunc
511 2632 666 2667 calentes,
695 2629 796 2671 magis
817 2623 1095 2672 quoquepatulos
1105 2622 1266 2673 habebunt
1291 2634 1350 2664 po-

340 2691 393 2714 ros
408 2702 416 2717 ,
441 2676 501 2710 hoc
525 2675 567 2708 est
592 2673 758 2707 thoracem
780 2672 868 2703 intus
889 2691 898 2706 ‚
931 2670 1057 2710 ejusque
1080 2666 1198 2700 Viscera
1230 2677 1348 2699 conve-

339 2723 523 2756 strennum.-
548 2718 637 2760 isque
656 2717 716 2749 erit
741 2716 845 2748 exitus
858 2721 950 2745 tanto
974 2709 1127 2758 facilior,
1149 2707 1348 2753 quautodif.

339 2766 460 2800 sicilior
494 2762 655 2804 sanguinis
688 2770 744 2801 per
779 2758 944 2800 pulmones
967 2754 1116 2787 transitus
1136 2776 1149 2794 ,
1181 2756 1213 2787 ὅ(
1248 2764 1348 2785 morae

340 2810 498 2853 propior,
520 2813 706 2848 quantoque
728 2801 929 2840 crebriores,
953 2802 983 2832 ὃ(
1007 2796 1178 2846 validiores
1202 2796 1238 2830 acl
1264 2794 1350 2829 hunc

340 2850 572 2895 expediendum
606 2847 749 2880 thoracis
781 2853 917 2878 conatus
950 2841 1012 2875 sive
1043 2839 1225 2883 respirando
1245 2837 1350 2889 [five

341 2892 518 2929 tussiendo.
546 2893 598 2924 Sic
622 2891 706 2923 enim
731 2887 822 2921 simul
857 2900 894 2921 ex
929 2884 1180 2918 membranarum
1206 2894 1352 2929 porisu-

342 2939 448 2972 berius
473 2936 590 2969 humor
613 2933 833 2973 exprimetur:
858 2931 913 2974 qui
938 2941 1012 2962 cum
1033 2928 1124 2961 semel
1150 2928 1249 2960 laxati
1282 2926 1352 2976 sue-

342 2984 430 3018 rint,
456 2982 488 3013 &
511 2978 660 3012 dilatati,
687 2975 733 3007 vel
759 2985 812 3017 per
837 2973 864 3007 se
889 2981 1017 3016 pergent
1044 2974 1167 3005 exitum
1181 2970 1353 3021 serosaci-

342 3028 460 3061 liorem
485 3022 639 3065 praebere.
664 3019 744 3051 Haec
770 3026 873 3051 autem
897 3017 1005 3049 omnia
1019 3018 1052 3049 in
1075 3017 1115 3049 iis
1138 3025 1239 3057 magis
1252 3015 1353 3053 sient,

341 3078 481 3114 quorum
505 3075 575 3099 turn
598 3076 640 3097 eae
665 3061 855 3095 membranae
879 3062 979 3103 magis
1001 3069 1093 3093 erunt
1118 3058 1156 3092 ad
1179 3058 1212 3091 id
1237 3066 1352 3100 paratae

343 3123 437 3155 atque
459 3107 619 3151 dispositae
634 3138 641 3146 ,
666 3115 736 3140 tum
762 3104 888 3147 sanguis
912 3103 1013 3146 magis
1037 3103 1137 3137 foetus
1153 3102 1260 3145 aqueis
1283 3111 1354 3133 cor.-

344 3155 506 3200 purculis.
531 3151 632 3195 Qod
657 3148 679 3183 fi
704 3159 873 3190 utrumque
897 3146 1013 3193 horum
1037 3171 1048 3187 ,
1081 3149 1110 3179 δε
1137 3157 1249 3179 eorum
1280 3155 1351 3186 quae

343 3199 442 3234 modo
467 3197 553 3230 dicia
579 3196 650 3230 sunt
675 3193 780 3236 aliqua
803 3200 916 3225 contra
941 3192 968 3222 se
993 3190 1181 3228 habebunt5
1206 3198 1283 3222 tunc
1296 3196 1350 3220 aut

344 3245 469 3280 levior,
496 3251 549 3273 aut
574 3239 662 3273 nulla
695 3236 753 3270 seri
779 3237 812 3268 in
836 3235 1001 3268 thoracem
1023 3257 1032 3272 ‚
1068 3237 1100 3266 ὅ(
1137 3232 1351 3276 pericardium

345 3290 403 3320 erit
429 3282 557 3318 effusio.
580 3284 669 3316 Nam
694 3279 740 3312 vel
765 3282 797 3312 in
823 3278 975 3312 haeremus
1000 3275 1172 3320 propositis
1188 3274 1349 3309 Observa-

344 3329 511 3367 tionibus,
535 3337 571 3360 ut
596 3326 716 3369 partim
741 3322 811 3357 sunt
836 3324 868 3354 in
891 3322 1007 3363 quibus
1033 3332 1112 3363 aqua
1136 3321 1169 3352 in
1193 3318 1350 3367 thorace,

347 3378 379 3407 δε
403 3370 582 3415 pericardio
605 3370 733 3401 inventa
756 3366 945 3400 describitur
967 3388 976 3403 ,
1013 3363 1052 3398 fic
1077 3365 1196 3406 partim
1221 3362 1291 3395 sunt
1315 3373 1348 3394 in

346 3420 378 3450 in
404 3415 518 3450 ouibus
542 3424 606 3447 non
633 3419 849 3447 memoratur,
875 3409 978 3450 aliqua
1003 3410 1100 3441 etiam
1136 3409 1170 3440 in
1195 3416 1255 3449 qua
1278 3408 1350 3445 (y)

348 3451 461 3492 discite
486 3457 657 3491 adnotatur
681 3482 690 3497 ‚
719 3453 811 3487 -nihil
835 3464 922 3496 aquae
957 3453 990 3484 in
1015 3451 1192 3494 pericardio
1225 3448 1316 3482 fuisse
1341 3474 1350 3482 .

935 106 1095 160 Liber
1127 106 1194 161 ΙΙ.
1228 106 1313 161 De
1350 105 1558 161 Morbis
1591 106 1857 162 Thoracis

1543 189 1666 221 Verum
1690 185 1744 220 hic
1765 184 1846 220 duos
1872 185 1905 217 in
1928 185 2045 228 quibus
2069 187 2208 229 plurima
2231 186 2295 221 fuit
2322 214 2331 230 ‚
2357 189 2423 265 jIu-

1411 240 1503 264 venes
1527 240 1742 273 proponemus
1766 253 1777 269 ,
1811 239 1953 272 quorum
1978 227 2126 264 historias
2160 241 2218 266 nos
2240 230 2302 264 tibi
2338 243 2354 265 a
2374 233 2420 265 ias

1414 278 1425 314 (
1449 286 1474 317 z
1494 277 1508 313 >
1531 274 1699 316 pollicitos
1720 272 1800 313 esse,
1826 273 2050 307 meminimus.

1457 327 1510 360 35.
1530 317 1736 360 JUVENIS
1760 325 1917 349 annorum
1941 316 2176 359 propemodum
2197 318 2317 359 viginti
2340 329 2420 360 qua-

1415 370 1491 394 tuor
1516 369 1674 402 pungente
1695 359 1876 402 corripitur
1898 358 2011 392 dolore
2033 361 2067 393 in
2091 361 2170 394 laeva
2193 359 2337 394 thoracis
2348 372 2419 403 par-

1414 414 1470 444 te,
1492 402 1625 437 difficile
1648 402 1805 445 respirat,
1827 402 1966 436 multum
1988 401 2080 444 sitit,
2102 403 2188 438 tuffit
2209 417 2221 444 5
2258 403 2309 437 sed
2332 403 2420 439 nihil

1414 447 1540 488 exspuit
1555 471 1562 477 .
1589 448 1628 479 In
1652 445 1797 480 affedhm
1808 444 1975 479 dumtaxat
2001 457 2125 490 partem
2152 447 2316 481 decumbit
2331 470 2343 488 ,
2365 447 2421 481 de-

1411 490 1566 533 missoque
1589 492 1694 533 capite
1718 490 1824 522 minus
1849 489 2054 524 incommode
2078 492 2146 532 agit
2169 515 2177 523 .
2213 491 2361 526 Tandem
2386 492 2420 524 in

1412 535 1479 568 dies
1501 535 1646 575 graviore
1679 532 1763 566 facta
1787 532 2007 575 respirationis
2040 532 2228 568 difficultate
2249 557 2263 575 ,
2293 534 2420 568 decimo

1414 579 1503 612 sexto
1526 577 1578 611 die
1601 578 1758 611 moritur.
1892 577 2063 611 PULMO
2073 576 2191 611 sinister
2213 577 2354 620 undique
2366 589 2420 610 ne-

1414 620 1558 655 c'tebatur
1590 621 1693 655 valide
1715 630 1790 653 cum
1815 620 1972 661 proximis
2006 621 2149 662 partibus
2168 644 2183 662 ‚
2217 629 2347 663 eratque
2370 622 2421 654 in-

1415 665 1626 702 flammatus3
1658 664 1737 706 quin
1761 661 1845 696 circa
1880 663 2072 697 claviculam
2094 663 2159 707 jam
2193 663 2383 706 suppuratus
2408 690 2419 699 .

1415 708 1632 742 Pericardium
1663 708 1787 749 ingenti
1811 714 1877 738 erat
1909 705 2055 741 humoris
2084 709 2179 750 copia
2213 707 2384 742 dilatatum
2405 720 2419 748 3

1412 760 1448 785 ut
1472 750 1527 785 hic
1551 752 1669 784 merito
1690 749 1755 793 ejus
1779 748 1923 795 hydrops
1946 753 2052 784 vocari
2076 750 2179 794 posset
2207 774 2215 783 .
2243 751 2418 785 Parietibus

1414 803 1480 828 erat
1504 794 1593 827 valde
1616 793 1718 828 crassis
1733 817 1746 833 ‚
1768 792 1881 835 hisque
1904 793 2059 833 interius,
2083 802 2119 827 ut
2141 793 2232 829 cordi
2258 796 2418 833 exterius,

1412 840 1631 873 concretiones
1663 835 1811 881 quaedam
1833 835 1946 870 albidae
1980 836 2163 872 substantiae
2186 838 2349 872 nonnullis
2383 839 2418 872 in

1409 884 1489 916 locis
1523 881 1725 916 adhaerebant
1748 906 1755 912 .
1790 881 1858 913 Cor
1888 891 2018 923 quoque
2052 881 2139 915 mole
2164 882 2293 915 autff‘cum
2325 890 2416 916 erat:

1409 925 1497 970 quod
1521 925 1599 959 dum
1622 926 1776 959 secaretur
1797 948 1805 963 ,
1842 922 1961 957 fluidus
1986 936 2024 957 ex
2046 924 2111 966 eius
2134 925 2320 960 ventriculis
2343 925 2415 965 san-

1409 981 1480 1014 guis
1503 970 1678 1002 emanavit.
1705 969 1743 1001 In
1768 966 1882 1015 iisdem
1904 975 2010 1000 tamen
2034 967 2158 1001 inerant
2182 971 2214 1001 δι
2248 967 2415 1011 polyposae
2464 1002 2466 1007 ,

1408 1013 1630 1047 concretiones
1660 1036 1674 1054 ,
1714 1022 1816 1054 major
1850 1011 1885 1044 in
1919 1010 2051 1045 dextero
2081 1033 2092 1050 ‚
2136 1011 2243 1045 minor
2274 1013 2307 1045 in
2340 1010 2418 1046 sini-

1408 1057 1490 1091 stro.

1453 1101 1506 1144 36.
1530 1100 1696 1134 ALTER
1712 1124 1721 1136 ‚
1743 1099 1799 1141 qui
1822 1097 1945 1132 duobus
1969 1098 2101 1132 circiter
2111 1100 2202 1133 annis
2225 1099 2335 1132 minor
2349 1108 2417 1134 erat

1409 1143 1470 1177 illo
1493 1141 1531 1176 de
1554 1154 1620 1186 quo
1643 1141 1740 1176 modo
1763 1141 1889 1175 diffisum
1912 1141 1954 1175 est
1977 1167 1985 1181 ,
2019 1144 2161 1185 primum
2185 1142 2224 1176 de
2246 1142 2359 1176 dolore
2382 1145 2417 1177 in

1410 1196 1521 1221 ventre
1544 1186 1730 1228 conquestus
1753 1208 1765 1224 ‚
1789 1186 1850 1218 hoc
1874 1185 2031 1218 desinente
2057 1210 2068 1226 ‚
2088 1186 2210 1220 >dolore
2234 1187 2417 1230 corripitur

1411 1232 1445 1264 in
1470 1229 1601 1264 thorace
1615 1240 1687 1263 cum
1708 1227 2076 1271 difficilires'piratione,
2101 1230 2170 1264 tuffi
2187 1253 2197 1268 ‚
2223 1226 2319 1263 &fit‘i
2341 1241 2418 1264 mo-

1410 1274 1483 1309 lesta
1499 1299 1506 1306 .
1534 1276 1658 1306 Pronus
1683 1271 1795 1307 affidue
1818 1271 1912 1305 cubat
1937 1271 1978 1305 fic
2002 1281 2108 1306 tamen
2132 1282 2168 1306 ut
2191 1275 2226 1306 in
2249 1271 2417 1308 dexterum

1408 1329 1519 1361 vergat
1543 1318 1643 1350 latus:
1667 1325 1763 1359 caput
1790 1324 1895 1349 autem
1919 1314 2103 1349 submissum
2128 1325 2237 1356 tenet,
2261 1325 2297 1350 ut
2315 1317 2419 1360 pleri-

1407 1373 1468 1405 que
1492 1372 1602 1396 eorum
1638 1360 1739 1393 solent
1772 1359 1889 1403 quibus
1922 1359 2137 1402 pericardium
2171 1361 2294 1402 ingenti
2328 1372 2416 1403 aquae

1407 1406 1502 1448 copia
1525 1413 1632 1447 turget
1658 1430 1665 1436 .
1700 1405 1850 1446 Denique
1873 1402 2163 1445 ingravescentibus
2186 1402 2418 1445 symptomati-

1408 1449 1486 1488 bus,
1510 1449 1596 1482 circa
1620 1447 1705 1481 diem
1738 1447 1826 1480 obiit
1849 1446 1983 1480 eundem
2005 1459 2071 1490 quo
2127 1448 2192 1480 rior
2212 1470 2224 1487 ,
2255 1446 2416 1482 decimum

1407 1493 1549 1527 sextum.
1684 1491 1737 1524 IN
1763 1491 2009 1524 THORACIS
2034 1489 2105 1524 sinis
2123 1502 2153 1523 ra
2186 1500 2276 1524 cavea
2303 1492 2417 1534 limpi-

1406 1536 1446 1570 da
1469 1535 1630 1578 stagnabat
1654 1546 1754 1578 aqua,
1778 1535 1812 1567 in
1835 1545 1897 1576 qua
1920 1533 2010 1569 sanus
2029 1557 2038 1572 ,
2073 1538 2103 1568 δι
2130 1533 2417 1579 solutussundique

1407 1591 1473 1613 erat
1496 1580 1630 1622 pulmo.
1654 1578 1827 1612 Induratus
1850 1588 1925 1610 vero
1947 1600 1960 1617 ‚
1993 1578 2214 1620 proximisque
2238 1578 2382 1621 partibus
2403 1601 2417 1617 ,

1408 1627 1441 1657 &
1464 1622 1641 1666 praesertim
1666 1621 1770 1654 versus
1793 1620 1950 1662 scapulam
1974 1620 2079 1654 valide
2101 1630 2240 1654 annexus
2264 1644 2274 1660 ,
2298 1623 2355 1665 qui
2380 1624 2416 1655 in

1407 1666 1559 1701 dextera.-
1584 1666 1639 1699 ubi
1665 1664 1783 1698 humor
1806 1673 1871 1696 erat
1895 1665 2018 1697 vaccini
2044 1663 2103 1697 seri
2126 1663 2239 1698 similis
2260 1686 2269 1702 ,
2303 1667 2339 1698 in
2361 1676 2417 1698 eo-

1406 1722 1468 1753 que
1491 1709 1714 1751 concretiones
1735 1707 1881 1751 quaedam
1902 1732 1910 1745 ,
1936 1706 2104 1741 referentes
2126 1707 2274 1741 albumen
2300 1709 2335 1741 in
2365 1719 2418 1742 ca.

1405 1753 1471 1787 lida
1492 1752 1675 1787 densatum.
1701 1752 1739 1785 In
1765 1750 1943 1793 pericardio
1966 1751 2101 1784 omnino
2124 1749 2239 1785 similis
2263 1751 2382 1786 humor
2404 1776 2415 1792 ,

1405 1796 1625 1840 similibusque
1648 1806 1722 1829 cum
1735 1794 2014 1831 concretionibus,
2039 1794 2190 1827 interiori
2205 1794 2272 1838 ejus
2294 1793 2416 1837 faciei,

1404 1840 1512 1875 cordis
1536 1849 1642 1874 autem
1665 1838 1818 1873 exteriori
1843 1838 1970 1872 annexis
1994 1849 2027 1871 ea
2038 1838 2130 1880 copia
2154 1838 2280 1879 inerat,
2301 1848 2337 1874 ut
2363 1850 2418 1881 pe-

1404 1884 1578 1918 ricardium
1615 1883 1692 1917 hinc
1724 1881 1896 1915 distentum
1929 1903 1942 1921 ‚
1985 1882 2099 1923 ingens
2132 1892 2303 1924 occuparet
2336 1881 2415 1916 tho-

1402 1929 1482 1962 racis
1518 1927 1658 1971 spatium
1684 1953 1691 1959 .
1724 1925 1842 1960 Cordis
1875 1925 2047 1959 ventriculi
2081 1926 2300 1960 concretiones
2322 1927 2419 1969 poly-

1403 1972 1493 2015 posas
1527 1972 1639 2005 dexter
1671 1968 1827 2013 majorem
1859 1991 1869 2007 ,
1910 1966 2028 2004 finister
2061 1968 2222 2002 minorem
2268 1971 2418 2004 contine..

1403 2017 1500 2049 bant.

1444 2070 1498 2102 37.
1523 2058 1607 2095 Quae
1644 2055 1684 2090 ad
1706 2055 1875 2101 pericardii
1913 2054 2093 2099 hydropem
2128 2056 2266 2090 attinent
2293 2082 2302 2094 ‚
2335 2057 2416 2091 alibi

1399 2106 1415 2142 (
1439 2113 1457 2135 a
1478 2105 1494 2142 )
1517 2112 1556 2135 ex
1580 2100 1701 2134 duabus
1733 2098 1819 2132 hisce
1842 2099 2134 2134 Observationibus
2170 2099 2308 2143 excerpsi
2334 2124 2347 2141 ‚
2381 2112 2417 2135 ac

1402 2143 1578 2189 perpendi.
1713 2144 1763 2177 De
1784 2143 2046 2176 concretionibus
2069 2153 2177 2177 autem
2213 2144 2349 2178 interius
2373 2145 2417 2178 il-

1402 2191 1452 2229 li,
1476 2192 1508 2222 &
1533 2187 1623 2222 cordi
1648 2187 1788 2221 exterius
1810 2185 2045 2221 adhaerentibus
2065 2210 2078 2227 ,
2110 2197 2164 2221 aut
2190 2188 2223 2220 in
2258 2185 2357 2221 effuso
2380 2189 2417 2221 in

1401 2232 1567 2267 thoracem
1589 2231 1658 2265 sero
1682 2230 1903 2264 innatantibus
1924 2254 1936 2271 ‚
1959 2229 2172 2274 duratumque
2196 2231 2343 2265 albumen
2369 2243 2417 2264 re-

1402 2275 1578 2310 ferentibus
1598 2298 1611 2315 ,
1643 2285 1707 2307 nori
1733 2274 1818 2308 secus
1841 2273 2025 2308 habendum
2061 2273 2103 2306 est
2124 2296 2137 2314 ,
2171 2286 2204 2308 ac
2228 2275 2267 2308 de
2288 2278 2417 2309 caeteris

1402 2330 1473 2363 quae
1497 2327 1550 2352 aut
1573 2318 1608 2351 in
1627 2317 1774 2359 gelatinae
1794 2340 1806 2357 ,
1840 2327 1894 2350 aut
1919 2320 1952 2350 in
1984 2318 2246 2353 membranarum
2280 2318 2417 2354 modum

1404 2364 1481 2396 alias
1504 2363 1677 2400 innatant,
1701 2369 1756 2394 aut
1780 2359 1875 2393 instar
1898 2362 2080 2393 reticularis
2102 2364 2250 2404 corporis
2265 2387 2272 2399 .
2297 2372 2351 2396 aut
2365 2372 2418 2398 tu-

1404 2408 1484 2440 nicae
1508 2403 1668 2447 alicujus,
1692 2413 1944 2438 memoratarum
1967 2406 2110 2445 partium
2125 2404 2333 2445 superficiei,
2360 2406 2418 2439 sae-

1403 2460 1441 2492 pe
1464 2450 1562 2481 etiam
1586 2448 1779 2491 pulmonum
1799 2470 1810 2485 ‚
1846 2450 1879 2481 δε
1905 2448 2020 2489 pleurae
2053 2445 2213 2489 impositae
2248 2450 2417 2491 reperiun-

1400 2502 1475 2530 tur,
1499 2489 1770 2535 quemadmodum
1792 2492 1827 2524 in
1850 2491 1908 2524 hac
1931 2488 2076 2531 Epistola
2099 2492 2114 2530 (
2134 2488 2154 2523 b
2182 2494 2197 2531 )
2218 2514 2232 2532 ,
2263 2493 2297 2525 in
2325 2492 2416 2526 aliis-

1399 2547 1460 2579 que
1483 2537 1497 2575 (
1519 2546 1535 2568 c
1557 2539 1571 2575 )
1594 2533 1812 2577 descripfimus
1834 2556 1843 2572 ,
1868 2537 1899 2567 Sc
1913 2532 2129 2567 describemus
2143 2557 2151 2565 .
2179 2535 2308 2569 Scilicet
2326 2534 2416 2579 quod

1400 2591 1460 2621 ego
1484 2577 1563 2611 alibi
1587 2602 1600 2619 ,
1635 2578 1787 2612 Valsalva
1810 2586 1916 2611 autern
1940 2577 2037 2610 etiam
2075 2578 2164 2618 supra
2188 2580 2202 2616 (
2223 2580 2242 2611 d
2264 2582 2279 2619 )
2300 2579 2416 2613 diserte

1399 2623 1510 2663 dixit,
1534 2633 1572 2655 ex
1595 2631 1744 2655 concreta
1767 2621 1849 2656 fiunt
1873 2621 2023 2663 portione
2046 2618 2134 2653 effusi
2159 2619 2237 2654 seri.
2263 2623 2417 2666 Namque

1400 2676 1436 2702 ut
1460 2665 1713 2700 membranarum
1737 2667 1808 2708 pori
1832 2664 1957 2707 magis,
1981 2672 2035 2698 aut
2060 2664 2165 2697 minus
2189 2664 2233 2698 ob
2268 2677 2316 2700 eas
2338 2678 2416 2701 cau-

1401 2710 1447 2743 sas
1470 2721 1542 2753 quae
1565 2710 1662 2751 paulo
1685 2718 1756 2742 ante
1779 2711 1792 2748 (
1815 2719 1830 2743 e
1851 2711 1865 2748 )
1887 2706 2038 2741 indicatae
2060 2707 2132 2741 sunt
2154 2730 2166 2747 ‚
2195 2706 2376 2744 dilatantur
2399 2733 2414 2751 ,

1400 2755 1446 2787 ita
1470 2765 1543 2787 cum
1567 2753 1634 2787 sero
1658 2753 1782 2796 plures,
1807 2750 2011 2795 paucioresve
2031 2774 2043 2791 ,
2066 2750 2225 2785 crassiores
2244 2775 2257 2792 ,
2290 2764 2344 2787 aut
2369 2763 2417 2787 te-

1401 2799 1531 2831 nuiores
1543 2820 1555 2837 ,
1579 2808 1649 2840 quae
1675 2795 1876 2830 concrescere
1899 2794 2033 2837 possint,
2056 2796 2223 2838 particulae
2246 2794 2416 2831 effundun-

1402 2850 1480 2881 tur,
1502 2851 1602 2883 eoque
1624 2841 1726 2873 varias
1749 2839 1821 2874 istas
1844 2839 2064 2872 concretiones
2096 2847 2174 2872 tunc
2201 2839 2377 2881 praesertim
2400 2864 2412 2881 ‚

1402 2894 1440 2919 ut
1462 2884 1581 2926 opinor
1596 2906 1604 2921 ‚
1629 2884 1771 2918 efficiunt
1793 2909 1801 2923 ‚
1835 2893 1910 2916 cum
1933 2881 2120 2925 languidior
2144 2881 2248 2917 faetus
2270 2885 2379 2919 cordis
2401 2909 2415 2927 ‚

1404 2931 1436 2961 &
1461 2927 1648 2969 pulmonum
1673 2950 1683 2965 ,
1720 2931 1752 2961 δε
1774 2927 1890 2960 caloris
1921 2924 2019 2967 ipfius
2043 2936 2152 2959 motus
2173 2949 2183 2964 ‚
2215 2929 2247 2960 &
2278 2927 2415 2973 denique

1405 2970 1474 3013 post
1496 2981 1635 3004 mortem
1658 2972 1793 3004 omnino
1815 2969 1930 3004 cessans
1945 2992 1957 3009 ,
1981 2968 2082 3003 serum
2104 2969 2169 3013 jam
2195 2972 2300 3005 minus
2324 2994 2334 3010 ,
2360 2982 2415 3007 aut

1405 3014 1488 3048 nihil
1515 3015 1640 3056 agitat,
1665 3014 1776 3057 easque
1801 3014 1885 3047 inter
1909 3012 1938 3045 se
1961 3014 2147 3056 implicari,
2170 3019 2334 3048 autetiam
2359 3015 2415 3050 de-

1406 3060 1483 3100 poni
1517 3059 1690 3099 particulas
1723 3057 1798 3092 sinit
1820 3081 1827 3088 .
1959 3057 2070 3101 Atque
2103 3057 2170 3090 haec
2195 3057 2378 3100 scripseram
2400 3084 2415 3102 ,

1406 3112 1480 3136 cum
1504 3101 1590 3135 forte
1613 3100 1715 3135 incidi
1740 3102 1773 3134 in
1798 3098 2001 3142 Opusculum
2026 3101 2101 3134 Viri
2126 3101 2254 3142 Doeti,
2278 3104 2332 3145 qui
2352 3104 2416 3137 cir-

1403 3155 1439 3178 ca
1465 3144 1622 3189 ejusmodi
1644 3144 1863 3178 concretiones
1887 3145 1975 3186 plura
1999 3145 2161 3186 experiens
2182 3169 2190 3183 ,
2215 3144 2356 3187 ejusdem
2378 3158 2415 3181 ac

1402 3189 1577 3230 Valsalva,
1600 3191 1633 3222 δε
1655 3200 1737 3231 ego,
1759 3196 1877 3220 naturae
1901 3186 2061 3222 existimat
2082 3200 2093 3227 ,-
2129 3187 2181 3222 sed
2204 3189 2236 3221 in
2271 3191 2415 3231 explica..

1402 3232 1493 3265 tione
1514 3242 1551 3266 ut
1573 3231 1720 3275 quaedam
1746 3229 1841 3264 habet
1865 3232 1897 3263 in
1922 3232 2039 3274 quibus
2061 3232 2267 3266 convenimus
2282 3257 2293 3273 ,
2317 3234 2358 3266 sic
2381 3238 2415 3268 δε

1405 3275 1469 3308 alia
1493 3276 1627 3309 viciffim
1652 3278 1685 3308 in
1707 3274 1827 3317 quibus
1851 3273 2089 3317 discrepamus.-
2111 3274 2289 3317 cujusmodi
2305 3287 2414 3311 tamen

1401 3318 1439 3352 de
1464 3320 1554 3354 rebus
1587 3330 1647 3363 ego
1670 3318 1804 3361 quidem
1836 3316 1971 3352 libenter
1995 3331 2059 3352 nou
2095 3318 2181 3351 soleo
2217 3318 2378 3363 disputare
2403 3345 2413 3353 0

1402 3362 1487 3396 Illud
1511 3364 1621 3407 potius
1642 3361 1748 3395 dicam
1770 3385 1782 3402 ‚
1812 3360 1897 3394 nihil
1921 3361 2061 3396 crebrius
2094 3371 2206 3395 contra
2230 3372 2325 3408 atque
2348 3364 2413 3406 ipse

1406 3405 1537 3441 videtur
1558 3406 1685 3439 credere
1700 3432 1707 3444 ,
1732 3416 1828 3448 quam
1851 3404 2036 3440 istiusmodi
2059 3408 2279 3440 concretiones
2300 3419 2413 3440 occurro

1406 3460 1495 3490 rere,
1517 3461 1591 3484 cum
1616 3448 1718 3483 serum
1740 3450 1775 3482 in
1798 3447 1930 3483 thorace
1954 3472 1964 3489 ‚
1988 3457 2041 3483 aut
2066 3449 2247 3492 pericardio
2259 3452 2412 3527 c§nultum

2283 3505 2368 3536 epre-

346 3584 2416 3604 *ww—*⁸⁸⁹*

501 3665 643 3695 Anthropol.
661 3666 729 3690 book
746 3673 768 3689 1.
785 3663 822 3689 cla.
842 3671 881 3694 ²3·

503 3697 563 3720 lbid.
626 3698 639 3726 (
656 3696 696 3725 b)
720 3704 743 3720 n.
760 3703 800 3725 3²-
818 3702 854 3724 30.
873 3701 909 3719 ιο.
972 3693 987 3721 (

492 3735 516 3751 n.
535 3734 571 3756 34.

410 3666 482 3698 (α)
942 3661 1107 3693 (x)1‹:pist.
1129 3665 1166 3687 16.
1186 3668 1262 3689 n.33.

408 3698 479 3758 223
1002 3693 1042 3722 ε)

1327 3659 1370 3691 (y
1386 3660 1399 3688 )
1415 3659 1501 3689 supra,
1518 3667 1542 3693 ri.
1559 3668 1598 3688 24.
1711 3689 1725 3693 μ

1067 3693 1138 3723 Epist.
1158 3696 1194 3717 16.
1220 3699 1244 3715 n.
1263 3698 1298 3720 17.
1323 3698 1359 3721 30.
1379 3692 1416 3720 38.
1441 3693 1463 3715 δε
1481 3690 1552 3719 Epist.
1574 3692 1618 3720 seq.
1637 3691 1659 3714 8ι
1683 3692 1759 3716 aliis.

1661 3660 1708 3688 (t
1723 3659 1737 3687 )
1754 3658 1832 3689 Epist.
1851 3662 1887 3683 16.
1906 3667 1929 3683 n.
1945 3663 1983 3688 45'.

1855 3690 1899 3718 d)
1923 3698 1945 3714 n.
1965 3697 2007 3721 3⁰·
