<?xml version="1.0" encoding="UTF-8"?>
<!DOCTYPE html PUBLIC "-//W3C//DTD XHTML 1.0 Transitional//EN"
    "http://www.w3.org/TR/xhtml1/DTD/xhtml1-transitional.dtd">
<html xmlns="http://www.w3.org/1999/xhtml" xml:lang="en" lang="en">
 <head>
  <title>
</title>
<meta http-equiv="Content-Type" content="text/html;charset=utf-8" />
  <meta name='ocr-system' content='tesseract 3.04.00' />
  <meta name='ocr-capabilities' content='ocr_page ocr_carea ocr_par ocr_line ocrx_word'/>
</head>
<body>
  <div class='ocr_page' id='page_1' title='image "./desedibusetcausi00morg_0315.png"; bbox 0 0 2498 4075; ppageno 0'>
   <div class='ocr_carea' id='block_1_1' title="bbox 482 190 1745 257">
    <p class='ocr_par' dir='ltr' id='par_1_1' title="bbox 482 190 1745 257">
     <span class='ocr_line' id='line_1_1' title="bbox 482 190 1745 257; baseline -0.004 -12"><span class='ocrx_word' id='word_1_1' title='bbox 482 190 633 257; x_wconf 85' lang='lat' dir='ltr'>Epist·</span> <span class='ocrx_word' id='word_1_2' title='bbox 673 194 834 245; x_wconf 83' lang='lat' dir='ltr'>Anat.</span> <span class='ocrx_word' id='word_1_3' title='bbox 872 190 1082 245; x_wconf 83' lang='lat' dir='ltr'>Medica</span> <span class='ocrx_word' id='word_1_4' title='bbox 1119 190 1272 243; x_wconf 78' lang='lat' dir='ltr'><strong>XXI.</strong></span> <span class='ocrx_word' id='word_1_5' title='bbox 1306 190 1425 241; x_wconf 88' lang='lat' dir='ltr'>Art.</span> <span class='ocrx_word' id='word_1_6' title='bbox 1462 192 1538 257; x_wconf 82' lang='lat'>36·</span> <span class='ocrx_word' id='word_1_7' title='bbox 1574 191 1630 242; x_wconf 71' lang='lat' dir='ltr'>o&amp;</span> <span class='ocrx_word' id='word_1_8' title='bbox 1664 205 1745 257; x_wconf 86' lang='lat'>37.</span> 
     </span>
    </p>
   </div>
   <div class='ocr_carea' id='block_1_2' title="bbox 90 270 1115 2788">
    <p class='ocr_par' dir='ltr' id='par_1_2' title="bbox 99 270 1115 1097">
     <span class='ocr_line' id='line_1_2' title="bbox 103 270 1115 309; baseline -0.001 -3"><span class='ocrx_word' id='word_1_9' title='bbox 103 273 199 306; x_wconf 85' lang='lat' dir='ltr'>latere</span> <span class='ocrx_word' id='word_1_10' title='bbox 222 271 343 305; x_wconf 83' lang='lat' dir='ltr'>sinistro</span> <span class='ocrx_word' id='word_1_11' title='bbox 364 271 508 309; x_wconf 79' lang='lat' dir='ltr'>craffior,</span> <span class='ocrx_word' id='word_1_12' title='bbox 535 272 567 304; x_wconf 65' lang='grc' dir='ltr'>ἀ</span> <span class='ocrx_word' id='word_1_13' title='bbox 589 271 697 304; x_wconf 89' lang='lat' dir='ltr'>colore</span> <span class='ocrx_word' id='word_1_14' title='bbox 722 282 787 304; x_wconf 91' lang='lat' dir='ltr'>non</span> <span class='ocrx_word' id='word_1_15' title='bbox 811 271 973 305; x_wconf 86' lang='lat' dir='ltr'>naturali.</span> <span class='ocrx_word' id='word_1_16' title='bbox 999 270 1057 305; x_wconf 88' lang='lat' dir='ltr'>Sed</span> <span class='ocrx_word' id='word_1_17' title='bbox 1081 274 1115 304; x_wconf 75' lang='grc' dir='ltr'>δε</span> 
     </span>
     <span class='ocr_line' id='line_1_3' title="bbox 105 314 1111 359; baseline -0.003 -10"><span class='ocrx_word' id='word_1_18' title='bbox 105 315 340 358; x_wconf 72' lang='lat' dir='ltr'>diaphragma,</span> <span class='ocrx_word' id='word_1_19' title='bbox 362 315 478 359; x_wconf 84' lang='lat' dir='ltr'>quibus</span> <span class='ocrx_word' id='word_1_20' title='bbox 503 314 568 357; x_wconf 80' lang='lat' dir='ltr'>ejus</span> <span class='ocrx_word' id='word_1_21' title='bbox 593 314 738 355; x_wconf 84' lang='lat' dir='ltr'>partibus</span> <span class='ocrx_word' id='word_1_22' title='bbox 761 324 830 348; x_wconf 89' lang='lat' dir='ltr'>tum</span> <span class='ocrx_word' id='word_1_23' title='bbox 854 316 976 348; x_wconf 88' lang='lat' dir='ltr'>carneis</span> <span class='ocrx_word' id='word_1_24' title='bbox 1004 338 1016 355; x_wconf 88' lang='lat'><strong><em>,</em></strong></span> <span class='ocrx_word' id='word_1_25' title='bbox 1040 325 1111 348; x_wconf 87' lang='lat' dir='ltr'>turn</span> 
     </span>
     <span class='ocr_line' id='line_1_4' title="bbox 105 357 1114 401; baseline -0.002 -10"><span class='ocrx_word' id='word_1_26' title='bbox 105 360 201 392; x_wconf 84' lang='lat' dir='ltr'>etiam</span> <span class='ocrx_word' id='word_1_27' title='bbox 228 358 384 393; x_wconf 87' lang='lat' dir='ltr'>tendineis</span> <span class='ocrx_word' id='word_1_28' title='bbox 406 360 518 392; x_wconf 81' lang='lat' dir='ltr'>&#39;annexi</span> <span class='ocrx_word' id='word_1_29' title='bbox 544 358 709 399; x_wconf 80' lang='lat' dir='ltr'>pulmones</span> <span class='ocrx_word' id='word_1_30' title='bbox 733 357 858 391; x_wconf 83' lang='lat' dir='ltr'>fuerant</span> <span class='ocrx_word' id='word_1_31' title='bbox 881 380 890 395; x_wconf 88' lang='lat'><em>‚</em></span> <span class='ocrx_word' id='word_1_32' title='bbox 921 359 962 390; x_wconf 88' lang='lat' dir='ltr'>iis</span> <span class='ocrx_word' id='word_1_33' title='bbox 985 361 1018 391; x_wconf 91' lang='lat' dir='ltr'>in</span> <span class='ocrx_word' id='word_1_34' title='bbox 1043 369 1114 401; x_wconf 89' lang='lat' dir='ltr'>par-</span> 
     </span>
     <span class='ocr_line' id='line_1_5' title="bbox 105 400 1113 444; baseline -0.001 -9"><span class='ocrx_word' id='word_1_35' title='bbox 105 402 192 435; x_wconf 86' lang='lat' dir='ltr'>tibus</span> <span class='ocrx_word' id='word_1_36' title='bbox 215 414 254 435; x_wconf 87' lang='lat' dir='ltr'>ex</span> <span class='ocrx_word' id='word_1_37' title='bbox 277 401 366 436; x_wconf 88' lang='lat' dir='ltr'>fusco</span> <span class='ocrx_word' id='word_1_38' title='bbox 390 412 455 435; x_wconf 79' lang='lat' dir='ltr'>erat</span> <span class='ocrx_word' id='word_1_39' title='bbox 479 400 706 439; x_wconf 72' lang='lat' dir='ltr'>rubicundius,</span> <span class='ocrx_word' id='word_1_40' title='bbox 729 403 761 434; x_wconf 84' lang='lat'>&amp;</span> <span class='ocrx_word' id='word_1_41' title='bbox 786 400 962 444; x_wconf 78' lang='lat' dir='ltr'>{anguifera</span> <span class='ocrx_word' id='word_1_42' title='bbox 977 401 1113 435; x_wconf 82' lang='lat' dir='ltr'>habebat</span> 
     </span>
     <span class='ocr_line' id='line_1_6' title="bbox 106 444 1110 488; baseline -0.005 -10"><span class='ocrx_word' id='word_1_43' title='bbox 106 445 230 479; x_wconf 86' lang='lat' dir='ltr'>vascula</span> <span class='ocrx_word' id='word_1_44' title='bbox 254 447 357 488; x_wconf 83' lang='lat' dir='ltr'>magis</span> <span class='ocrx_word' id='word_1_45' title='bbox 380 456 475 488; x_wconf 85' lang='lat' dir='ltr'>quam</span> <span class='ocrx_word' id='word_1_46' title='bbox 498 444 638 484; x_wconf 85' lang='lat' dir='ltr'>soleant,</span> <span class='ocrx_word' id='word_1_47' title='bbox 662 444 841 477; x_wconf 85' lang='lat' dir='ltr'>evidentia.</span> <span class='ocrx_word' id='word_1_48' title='bbox 867 447 1016 479; x_wconf 62' lang='lat' dir='ltr'>Extra&amp;</span> <span class='ocrx_word' id='word_1_49' title='bbox 1040 445 1110 488; x_wconf 79' lang='lat' dir='ltr'>pul-</span> 
     </span>
     <span class='ocr_line' id='line_1_7' title="bbox 104 487 1111 532; baseline -0.001 -10"><span class='ocrx_word' id='word_1_50' title='bbox 104 500 215 522; x_wconf 88' lang='lat' dir='ltr'>mones</span> <span class='ocrx_word' id='word_1_51' title='bbox 239 500 414 532; x_wconf 76' lang='lat' dir='ltr'>praegraves</span> <span class='ocrx_word' id='word_1_52' title='bbox 437 498 524 521; x_wconf 85' lang='lat' dir='ltr'>erant</span> <span class='ocrx_word' id='word_1_53' title='bbox 547 510 560 528; x_wconf 85' lang='lat'>,</span> <span class='ocrx_word' id='word_1_54' title='bbox 594 496 725 530; x_wconf 85' lang='lat' dir='ltr'>totaque</span> <span class='ocrx_word' id='word_1_55' title='bbox 747 487 918 530; x_wconf 87' lang='lat' dir='ltr'>posteriore</span> <span class='ocrx_word' id='word_1_56' title='bbox 942 513 950 527; x_wconf 82' lang='lat'><strong>‚</strong></span> <span class='ocrx_word' id='word_1_57' title='bbox 985 492 1016 521; x_wconf 68' lang='grc' dir='ltr'>δε</span> <span class='ocrx_word' id='word_1_58' title='bbox 1047 490 1111 522; x_wconf 88' lang='lat' dir='ltr'>ima</span> 
     </span>
     <span class='ocr_line' id='line_1_8' title="bbox 104 530 1110 574; baseline -0.001 -9"><span class='ocrx_word' id='word_1_59' title='bbox 104 531 186 565; x_wconf 85' lang='lat' dir='ltr'>facie</span> <span class='ocrx_word' id='word_1_60' title='bbox 210 534 295 574; x_wconf 77' lang='lat' dir='ltr'>nigri</span> <span class='ocrx_word' id='word_1_61' title='bbox 318 557 331 573; x_wconf 82' lang='lat'><em>,</em></span> <span class='ocrx_word' id='word_1_62' title='bbox 363 530 531 571; x_wconf 72' lang='lat' dir='ltr'>nigredine</span> <span class='ocrx_word' id='word_1_63' title='bbox 556 532 618 563; x_wconf 89' lang='lat' dir='ltr'>alte</span> <span class='ocrx_word' id='word_1_64' title='bbox 643 531 793 565; x_wconf 83' lang='lat' dir='ltr'>subeunte</span> <span class='ocrx_word' id='word_1_65' title='bbox 827 543 883 573; x_wconf 90' lang='lat' dir='ltr'>per</span> <span class='ocrx_word' id='word_1_66' title='bbox 907 531 1076 566; x_wconf 89' lang='lat' dir='ltr'>subduram</span> <span class='ocrx_word' id='word_1_67' title='bbox 1099 554 1110 570; x_wconf 90' lang='lat'><em>‚</em></span> 
     </span>
     <span class='ocr_line' id='line_1_9' title="bbox 103 574 1113 619; baseline 0.001 -11"><span class='ocrx_word' id='word_1_68' title='bbox 103 577 370 619; x_wconf 65' lang='lat' dir='ltr'>compastamque</span> <span class='ocrx_word' id='word_1_69' title='bbox 392 574 595 608; x_wconf 86' lang='lat' dir='ltr'>substantiam</span> <span class='ocrx_word' id='word_1_70' title='bbox 618 598 632 614; x_wconf 83' lang='lat'><em>,</em></span> <span class='ocrx_word' id='word_1_71' title='bbox 663 588 734 618; x_wconf 85' lang='lat' dir='ltr'>quae</span> <span class='ocrx_word' id='word_1_72' title='bbox 768 574 881 609; x_wconf 89' lang='lat' dir='ltr'>durior</span> <span class='ocrx_word' id='word_1_73' title='bbox 906 601 915 615; x_wconf 85' lang='lat'><strong><em>‚</em></strong></span> <span class='ocrx_word' id='word_1_74' title='bbox 949 575 1113 618; x_wconf 76' lang='lat' dir='ltr'>magisque</span> 
     </span>
     <span class='ocr_line' id='line_1_10' title="bbox 102 617 1112 661; baseline -0.001 -9"><span class='ocrx_word' id='word_1_75' title='bbox 102 620 270 660; x_wconf 66' lang='lat' dir='ltr'>compacta</span> <span class='ocrx_word' id='word_1_76' title='bbox 296 643 306 658; x_wconf 91' lang='lat'>,</span> <span class='ocrx_word' id='word_1_77' title='bbox 339 621 370 651; x_wconf 84' lang='lat'>&amp;</span> <span class='ocrx_word' id='word_1_78' title='bbox 403 617 495 650; x_wconf 80' lang='lat' dir='ltr'>densa</span> <span class='ocrx_word' id='word_1_79' title='bbox 528 621 655 652; x_wconf 83' lang='lat' dir='ltr'>inventa</span> <span class='ocrx_word' id='word_1_80' title='bbox 695 619 738 652; x_wconf 82' lang='lat' dir='ltr'>est</span> <span class='ocrx_word' id='word_1_81' title='bbox 772 631 786 651; x_wconf 86' lang='lat' dir='ltr'>a</span> <span class='ocrx_word' id='word_1_82' title='bbox 812 629 899 661; x_wconf 88' lang='lat' dir='ltr'>parte</span> <span class='ocrx_word' id='word_1_83' title='bbox 930 618 1047 652; x_wconf 70' lang='lat' dir='ltr'>sinislra</span> <span class='ocrx_word' id='word_1_84' title='bbox 1074 617 1112 651; x_wconf 90' lang='lat' dir='ltr'>acl</span> 
     </span>
     <span class='ocr_line' id='line_1_11' title="bbox 103 661 1112 705; baseline -0.001 -9"><span class='ocrx_word' id='word_1_85' title='bbox 103 674 254 705; x_wconf 81' lang='lat' dir='ltr'>magnum</span> <span class='ocrx_word' id='word_1_86' title='bbox 276 664 414 696; x_wconf 66' lang='lat' dir='ltr'>traetum</span> <span class='ocrx_word' id='word_1_87' title='bbox 433 672 446 699; x_wconf 61' lang='lat'>,³</span> <span class='ocrx_word' id='word_1_88' title='bbox 474 673 548 696; x_wconf 86' lang='lat' dir='ltr'>cnm</span> <span class='ocrx_word' id='word_1_89' title='bbox 571 662 611 694; x_wconf 86' lang='lat' dir='ltr'>ab</span> <span class='ocrx_word' id='word_1_90' title='bbox 635 664 790 696; x_wconf 88' lang='lat' dir='ltr'>anteriore</span> <span class='ocrx_word' id='word_1_91' title='bbox 815 672 925 703; x_wconf 82' lang='lat' dir='ltr'>parte,</span> <span class='ocrx_word' id='word_1_92' title='bbox 949 675 964 695; x_wconf 87' lang='lat' dir='ltr'>a</span> <span class='ocrx_word' id='word_1_93' title='bbox 992 661 1112 695; x_wconf 79' lang='lat' dir='ltr'>dextris</span> 
     </span>
     <span class='ocr_line' id='line_1_12' title="bbox 102 702 1113 749; baseline 0 -11"><span class='ocrx_word' id='word_1_94' title='bbox 102 702 279 749; x_wconf 67' lang='lat' dir='ltr'>praesertim</span> <span class='ocrx_word' id='word_1_95' title='bbox 304 729 316 746; x_wconf 84' lang='lat'><em>‚</em></span> <span class='ocrx_word' id='word_1_96' title='bbox 349 705 458 737; x_wconf 88' lang='lat' dir='ltr'>mollis</span> <span class='ocrx_word' id='word_1_97' title='bbox 480 728 488 741; x_wconf 82' lang='lat'>‚</span> <span class='ocrx_word' id='word_1_98' title='bbox 524 708 555 738; x_wconf 86' lang='lat'>&amp;</span> <span class='ocrx_word' id='word_1_99' title='bbox 581 716 648 739; x_wconf 82' lang='lat' dir='ltr'>rara</span> <span class='ocrx_word' id='word_1_100' title='bbox 672 705 839 740; x_wconf 86' lang='lat' dir='ltr'>substantia</span> <span class='ocrx_word' id='word_1_101' title='bbox 861 732 870 746; x_wconf 88' lang='lat'>,</span> <span class='ocrx_word' id='word_1_102' title='bbox 903 717 1000 749; x_wconf 84' lang='lat' dir='ltr'>eaque</span> <span class='ocrx_word' id='word_1_103' title='bbox 1023 704 1113 738; x_wconf 89' lang='lat' dir='ltr'>roseo</span> 
     </span>
     <span class='ocr_line' id='line_1_13' title="bbox 101 748 1108 793; baseline 0 -11"><span class='ocrx_word' id='word_1_104' title='bbox 101 751 209 783; x_wconf 89' lang='lat' dir='ltr'>colore</span> <span class='ocrx_word' id='word_1_105' title='bbox 233 748 346 781; x_wconf 90' lang='lat' dir='ltr'>secanti</span> <span class='ocrx_word' id='word_1_106' title='bbox 369 759 547 781; x_wconf 87' lang='lat' dir='ltr'>occurreret</span> <span class='ocrx_word' id='word_1_107' title='bbox 571 774 578 779; x_wconf 88' lang='lat'><strong><em>.</em></strong></span> <span class='ocrx_word' id='word_1_108' title='bbox 614 750 652 782; x_wconf 89' lang='lat' dir='ltr'>In</span> <span class='ocrx_word' id='word_1_109' title='bbox 677 749 857 791; x_wconf 86' lang='lat' dir='ltr'>pericardio</span> <span class='ocrx_word' id='word_1_110' title='bbox 891 761 980 793; x_wconf 77' lang='lat' dir='ltr'>aquae</span> <span class='ocrx_word' id='word_1_111' title='bbox 1010 749 1108 791; x_wconf 89' lang='lat' dir='ltr'>paulo</span> 
     </span>
     <span class='ocr_line' id='line_1_14' title="bbox 100 792 1102 837; baseline -0.002 -11"><span class='ocrx_word' id='word_1_112' title='bbox 100 794 174 837; x_wconf 85' lang='lat' dir='ltr'>plus</span> <span class='ocrx_word' id='word_1_113' title='bbox 196 804 291 833; x_wconf 83' lang='lat' dir='ltr'>quam</span> <span class='ocrx_word' id='word_1_114' title='bbox 314 792 412 824; x_wconf 87' lang='lat' dir='ltr'>solet.</span> <span class='ocrx_word' id='word_1_115' title='bbox 435 792 553 825; x_wconf 87' lang='lat' dir='ltr'>Cordis</span> <span class='ocrx_word' id='word_1_116' title='bbox 575 792 644 825; x_wconf 89' lang='lat' dir='ltr'>vasa</span> <span class='ocrx_word' id='word_1_117' title='bbox 669 794 796 835; x_wconf 87' lang='lat' dir='ltr'>propria</span> <span class='ocrx_word' id='word_1_118' title='bbox 819 795 853 826; x_wconf 91' lang='lat' dir='ltr'>in</span> <span class='ocrx_word' id='word_1_119' title='bbox 864 793 953 835; x_wconf 86' lang='lat' dir='ltr'>plana</span> <span class='ocrx_word' id='word_1_120' title='bbox 976 793 1102 835; x_wconf 68' lang='lat' dir='ltr'>praeser-</span> 
     </span>
     <span class='ocr_line' id='line_1_15' title="bbox 103 835 1107 878; baseline 0 -9"><span class='ocrx_word' id='word_1_121' title='bbox 103 838 165 870; x_wconf 86' lang='lat' dir='ltr'>tim</span> <span class='ocrx_word' id='word_1_122' title='bbox 198 835 277 869; x_wconf 83' lang='lat' dir='ltr'>facie</span> <span class='ocrx_word' id='word_1_123' title='bbox 301 861 308 873; x_wconf 91' lang='lat'>‚</span> <span class='ocrx_word' id='word_1_124' title='bbox 343 835 492 876; x_wconf 76' lang='lat' dir='ltr'>sanguine</span> <span class='ocrx_word' id='word_1_125' title='bbox 530 837 660 878; x_wconf 77' lang='lat' dir='ltr'>turgida</span> <span class='ocrx_word' id='word_1_126' title='bbox 682 861 689 867; x_wconf 92' lang='lat'><strong>.</strong></span> <span class='ocrx_word' id='word_1_127' title='bbox 727 837 778 869; x_wconf 87' lang='lat' dir='ltr'>Sic</span> <span class='ocrx_word' id='word_1_128' title='bbox 811 839 844 870; x_wconf 68' lang='grc' dir='ltr'>δε</span> <span class='ocrx_word' id='word_1_129' title='bbox 874 848 949 869; x_wconf 90' lang='lat' dir='ltr'>vena</span> <span class='ocrx_word' id='word_1_130' title='bbox 974 847 1107 878; x_wconf 84' lang='lat' dir='ltr'>utraque</span> 
     </span>
     <span class='ocr_line' id='line_1_16' title="bbox 101 878 1106 922; baseline -0.003 -9"><span class='ocrx_word' id='word_1_131' title='bbox 101 882 189 914; x_wconf 88' lang='lat' dir='ltr'>Cava</span> <span class='ocrx_word' id='word_1_132' title='bbox 208 903 220 920; x_wconf 86' lang='lat'>‚</span> <span class='ocrx_word' id='word_1_133' title='bbox 253 882 285 912; x_wconf 59' lang='grc' dir='ltr'><strong><em>ἃ</em></strong></span> <span class='ocrx_word' id='word_1_134' title='bbox 318 879 456 912; x_wconf 73' lang='lat' dir='ltr'>auricula</span> <span class='ocrx_word' id='word_1_135' title='bbox 491 878 617 912; x_wconf 71' lang='lat' dir='ltr'>dextera</span> <span class='ocrx_word' id='word_1_136' title='bbox 643 878 789 922; x_wconf 80' lang='lat' dir='ltr'>sanguine</span> <span class='ocrx_word' id='word_1_137' title='bbox 820 879 1076 914; x_wconf 87' lang='lat' dir='ltr'>distendebantur</span> <span class='ocrx_word' id='word_1_138' title='bbox 1098 903 1106 909; x_wconf 89' lang='lat'><em>.</em></span> 
     </span>
     <span class='ocr_line' id='line_1_17' title="bbox 101 920 1108 965; baseline -0.002 -9"><span class='ocrx_word' id='word_1_139' title='bbox 101 925 167 957; x_wconf 88' lang='lat' dir='ltr'>Hic</span> <span class='ocrx_word' id='word_1_140' title='bbox 199 932 303 957; x_wconf 87' lang='lat' dir='ltr'>autem</span> <span class='ocrx_word' id='word_1_141' title='bbox 333 931 398 955; x_wconf 91' lang='lat' dir='ltr'>erat</span> <span class='ocrx_word' id='word_1_142' title='bbox 432 925 656 965; x_wconf 81' lang='lat' dir='ltr'>nigerrimus;</span> <span class='ocrx_word' id='word_1_143' title='bbox 689 933 719 956; x_wconf 87' lang='lat' dir='ltr'>at</span> <span class='ocrx_word' id='word_1_144' title='bbox 752 922 814 957; x_wconf 82' lang='lat' dir='ltr'>sine</span> <span class='ocrx_word' id='word_1_145' title='bbox 847 923 922 957; x_wconf 89' lang='lat' dir='ltr'>ullis</span> <span class='ocrx_word' id='word_1_146' title='bbox 947 920 1108 965; x_wconf 80' lang='lat' dir='ltr'>polypofis</span> 
     </span>
     <span class='ocr_line' id='line_1_18' title="bbox 100 966 1110 1010; baseline -0.003 -10"><span class='ocrx_word' id='word_1_147' title='bbox 100 966 386 1000; x_wconf 76' lang='lat' dir='ltr'>concretionibus:</span> <span class='ocrx_word' id='word_1_148' title='bbox 408 977 477 1007; x_wconf 69' lang='lat' dir='ltr'>quae</span> <span class='ocrx_word' id='word_1_149' title='bbox 502 978 600 1010; x_wconf 85' lang='lat' dir='ltr'>neque</span> <span class='ocrx_word' id='word_1_150' title='bbox 623 968 655 1000; x_wconf 90' lang='lat' dir='ltr'>in</span> <span class='ocrx_word' id='word_1_151' title='bbox 679 967 787 1000; x_wconf 86' lang='lat' dir='ltr'>cordis</span> <span class='ocrx_word' id='word_1_152' title='bbox 809 967 995 1000; x_wconf 80' lang='lat' dir='ltr'>ventriculis</span> <span class='ocrx_word' id='word_1_153' title='bbox 1019 989 1031 1005; x_wconf 74' lang='lat'><em>,</em></span> <span class='ocrx_word' id='word_1_154' title='bbox 1055 976 1110 998; x_wconf 88' lang='lat' dir='ltr'>ne-</span> 
     </span>
     <span class='ocr_line' id='line_1_19' title="bbox 99 1007 1110 1054; baseline -0.001 -12"><span class='ocrx_word' id='word_1_155' title='bbox 99 1020 160 1043; x_wconf 77' lang='lat' dir='ltr'>cue</span> <span class='ocrx_word' id='word_1_156' title='bbox 183 1010 257 1044; x_wconf 88' lang='lat' dir='ltr'>ullis</span> <span class='ocrx_word' id='word_1_157' title='bbox 287 1010 321 1041; x_wconf 89' lang='lat' dir='ltr'>in</span> <span class='ocrx_word' id='word_1_158' title='bbox 345 1007 422 1042; x_wconf 85' lang='lat' dir='ltr'>vafis</span> <span class='ocrx_word' id='word_1_159' title='bbox 452 1010 583 1054; x_wconf 85' lang='lat' dir='ltr'>usquam</span> <span class='ocrx_word' id='word_1_160' title='bbox 608 1021 819 1054; x_wconf 82' lang='lat' dir='ltr'>apparuerunt</span> <span class='ocrx_word' id='word_1_161' title='bbox 842 1022 850 1042; x_wconf 93' lang='lat'>:</span> <span class='ocrx_word' id='word_1_162' title='bbox 881 1011 936 1043; x_wconf 83' lang='lat' dir='ltr'>vix</span> <span class='ocrx_word' id='word_1_163' title='bbox 960 1009 1110 1051; x_wconf 81' lang='lat' dir='ltr'>semigru-</span> 
     </span>
     <span class='ocr_line' id='line_1_20' title="bbox 101 1051 1106 1097; baseline -0.002 -11"><span class='ocrx_word' id='word_1_164' title='bbox 101 1051 180 1086; x_wconf 80' lang='lat' dir='ltr'>mosi</span> <span class='ocrx_word' id='word_1_165' title='bbox 203 1052 328 1095; x_wconf 86' lang='lat' dir='ltr'>aliquid</span> <span class='ocrx_word' id='word_1_166' title='bbox 350 1053 384 1085; x_wconf 87' lang='lat' dir='ltr'>in</span> <span class='ocrx_word' id='word_1_167' title='bbox 408 1064 444 1084; x_wconf 82' lang='lat' dir='ltr'>eo</span> <span class='ocrx_word' id='word_1_168' title='bbox 468 1053 616 1096; x_wconf 77' lang='lat' dir='ltr'>sanguine</span> <span class='ocrx_word' id='word_1_169' title='bbox 637 1078 645 1091; x_wconf 92' lang='lat'>‚</span> <span class='ocrx_word' id='word_1_170' title='bbox 679 1053 775 1097; x_wconf 88' lang='lat' dir='ltr'>idque</span> <span class='ocrx_word' id='word_1_171' title='bbox 798 1052 903 1096; x_wconf 86' lang='lat' dir='ltr'>ipsum</span> <span class='ocrx_word' id='word_1_172' title='bbox 939 1064 1073 1094; x_wconf 86' lang='lat' dir='ltr'>paucum</span> <span class='ocrx_word' id='word_1_173' title='bbox 1099 1077 1106 1084; x_wconf 94' lang='lat'><strong><em>.</em></strong></span> 
     </span>
    </p>

    <p class='ocr_par' dir='ltr' id='par_1_3' title="bbox 90 1096 1108 2183">
     <span class='ocr_line' id='line_1_21' title="bbox 232 1096 1108 1136; baseline -0.002 -6"><span class='ocrx_word' id='word_1_174' title='bbox 232 1098 356 1130; x_wconf 83' lang='lat' dir='ltr'>Venter</span> <span class='ocrx_word' id='word_1_175' title='bbox 378 1096 544 1131; x_wconf 80' lang='lat' dir='ltr'>diarrhoeae</span> <span class='ocrx_word' id='word_1_176' title='bbox 568 1100 665 1130; x_wconf 86' lang='lat' dir='ltr'>etiam</span> <span class='ocrx_word' id='word_1_177' title='bbox 698 1097 789 1130; x_wconf 87' lang='lat' dir='ltr'>causa</span> <span class='ocrx_word' id='word_1_178' title='bbox 825 1096 972 1130; x_wconf 64' lang='lat' dir='ltr'>dissectus</span> <span class='ocrx_word' id='word_1_179' title='bbox 998 1120 1009 1136; x_wconf 83' lang='lat'><strong><em>,</em></strong></span> <span class='ocrx_word' id='word_1_180' title='bbox 1042 1097 1108 1130; x_wconf 81' lang='lat' dir='ltr'>Te-</span> 
     </span>
     <span class='ocr_line' id='line_1_22' title="bbox 99 1138 1106 1184; baseline 0 -12"><span class='ocrx_word' id='word_1_181' title='bbox 99 1141 214 1174; x_wconf 88' lang='lat' dir='ltr'>nuium</span> <span class='ocrx_word' id='word_1_182' title='bbox 248 1139 473 1174; x_wconf 85' lang='lat' dir='ltr'>intestinorum</span> <span class='ocrx_word' id='word_1_183' title='bbox 507 1150 610 1183; x_wconf 87' lang='lat' dir='ltr'>partes</span> <span class='ocrx_word' id='word_1_184' title='bbox 640 1142 761 1184; x_wconf 85' lang='lat' dir='ltr'>aliquas</span> <span class='ocrx_word' id='word_1_185' title='bbox 785 1139 923 1174; x_wconf 83' lang='lat' dir='ltr'>ostendit</span> <span class='ocrx_word' id='word_1_186' title='bbox 946 1138 1033 1182; x_wconf 83' lang='lat' dir='ltr'>quasi</span> <span class='ocrx_word' id='word_1_187' title='bbox 1056 1142 1106 1172; x_wconf 91' lang='lat' dir='ltr'>in-</span> 
     </span>
     <span class='ocr_line' id='line_1_23' title="bbox 99 1183 1106 1225; baseline -0.001 -8"><span class='ocrx_word' id='word_1_188' title='bbox 99 1184 277 1217; x_wconf 76' lang='lat' dir='ltr'>flammatas</span> <span class='ocrx_word' id='word_1_189' title='bbox 299 1208 307 1214; x_wconf 90' lang='lat'>.</span> <span class='ocrx_word' id='word_1_190' title='bbox 342 1183 399 1216; x_wconf 86' lang='lat' dir='ltr'>Sed</span> <span class='ocrx_word' id='word_1_191' title='bbox 421 1186 532 1217; x_wconf 87' lang='lat' dir='ltr'>Colon</span> <span class='ocrx_word' id='word_1_192' title='bbox 564 1211 571 1221; x_wconf 86' lang='lat'>,</span> <span class='ocrx_word' id='word_1_193' title='bbox 603 1184 691 1218; x_wconf 82' lang='lat' dir='ltr'>ouod</span> <span class='ocrx_word' id='word_1_194' title='bbox 714 1183 820 1217; x_wconf 87' lang='lat' dir='ltr'>statim</span> <span class='ocrx_word' id='word_1_195' title='bbox 843 1185 875 1216; x_wconf 89' lang='lat' dir='ltr'>in</span> <span class='ocrx_word' id='word_1_196' title='bbox 900 1183 1106 1225; x_wconf 70' lang='lat' dir='ltr'>conspeetum</span> 
     </span>
     <span class='ocr_line' id='line_1_24' title="bbox 97 1225 1104 1270; baseline 0.003 -13"><span class='ocrx_word' id='word_1_197' title='bbox 97 1236 223 1260; x_wconf 83' lang='lat' dir='ltr'>venerat</span> <span class='ocrx_word' id='word_1_198' title='bbox 248 1249 257 1263; x_wconf 89' lang='lat'><em>‚</em></span> <span class='ocrx_word' id='word_1_199' title='bbox 293 1228 412 1269; x_wconf 79' lang='lat' dir='ltr'>quippe</span> <span class='ocrx_word' id='word_1_200' title='bbox 436 1239 523 1265; x_wconf 84' lang='lat' dir='ltr'>aere,</span> <span class='ocrx_word' id='word_1_201' title='bbox 548 1225 692 1270; x_wconf 83' lang='lat' dir='ltr'>quamvis</span> <span class='ocrx_word' id='word_1_202' title='bbox 717 1239 780 1260; x_wconf 89' lang='lat' dir='ltr'>non</span> <span class='ocrx_word' id='word_1_203' title='bbox 806 1227 981 1269; x_wconf 89' lang='lat' dir='ltr'>plurimum</span> <span class='ocrx_word' id='word_1_204' title='bbox 1006 1251 1018 1267; x_wconf 87' lang='lat'><em>‚</em></span> <span class='ocrx_word' id='word_1_205' title='bbox 1052 1237 1104 1260; x_wconf 87' lang='lat' dir='ltr'>tu-</span> 
     </span>
     <span class='ocr_line' id='line_1_25' title="bbox 98 1269 1107 1315; baseline -0.001 -11"><span class='ocrx_word' id='word_1_206' title='bbox 98 1282 208 1311; x_wconf 82' lang='lat' dir='ltr'>mens,</span> <span class='ocrx_word' id='word_1_207' title='bbox 229 1270 312 1303; x_wconf 67' lang='lat' dir='ltr'>recte</span> <span class='ocrx_word' id='word_1_208' title='bbox 336 1269 363 1303; x_wconf 90' lang='lat' dir='ltr'>se</span> <span class='ocrx_word' id='word_1_209' title='bbox 386 1270 521 1304; x_wconf 87' lang='lat' dir='ltr'>habebat</span> <span class='ocrx_word' id='word_1_210' title='bbox 540 1296 550 1311; x_wconf 89' lang='lat'>,</span> <span class='ocrx_word' id='word_1_211' title='bbox 573 1271 630 1305; x_wconf 82' lang='lat' dir='ltr'>nifi</span> <span class='ocrx_word' id='word_1_212' title='bbox 653 1272 739 1315; x_wconf 85' lang='lat' dir='ltr'>quod</span> <span class='ocrx_word' id='word_1_213' title='bbox 766 1276 780 1304; x_wconf 85' lang='lat' dir='ltr'>a</span> <span class='ocrx_word' id='word_1_214' title='bbox 805 1270 912 1304; x_wconf 89' lang='lat' dir='ltr'>medio</span> <span class='ocrx_word' id='word_1_215' title='bbox 936 1271 1024 1304; x_wconf 89' lang='lat' dir='ltr'>illius</span> <span class='ocrx_word' id='word_1_216' title='bbox 1040 1280 1107 1304; x_wconf 90' lang='lat' dir='ltr'>tra-</span> 
     </span>
     <span class='ocr_line' id='line_1_26' title="bbox 97 1314 1104 1355; baseline -0.001 -7"><span class='ocrx_word' id='word_1_217' title='bbox 97 1315 168 1348; x_wconf 64' lang='lat' dir='ltr'>etus</span> <span class='ocrx_word' id='word_1_218' title='bbox 193 1325 248 1355; x_wconf 88' lang='lat' dir='ltr'>per</span> <span class='ocrx_word' id='word_1_219' title='bbox 270 1324 365 1355; x_wconf 86' lang='lat' dir='ltr'>quem</span> <span class='ocrx_word' id='word_1_220' title='bbox 388 1315 421 1346; x_wconf 91' lang='lat' dir='ltr'>in</span> <span class='ocrx_word' id='word_1_221' title='bbox 446 1315 655 1348; x_wconf 84' lang='lat' dir='ltr'>transversum</span> <span class='ocrx_word' id='word_1_222' title='bbox 678 1314 755 1348; x_wconf 83' lang='lat' dir='ltr'>ferri</span> <span class='ocrx_word' id='word_1_223' title='bbox 780 1315 882 1351; x_wconf 88' lang='lat' dir='ltr'>solet,</span> <span class='ocrx_word' id='word_1_224' title='bbox 907 1314 945 1348; x_wconf 88' lang='lat' dir='ltr'>ad</span> <span class='ocrx_word' id='word_1_225' title='bbox 969 1315 1104 1347; x_wconf 88' lang='lat' dir='ltr'>umbili-</span> 
     </span>
     <span class='ocr_line' id='line_1_27' title="bbox 96 1356 1104 1401; baseline -0.001 -10"><span class='ocrx_word' id='word_1_226' title='bbox 96 1369 171 1391; x_wconf 81' lang='lat' dir='ltr'>cum</span> <span class='ocrx_word' id='word_1_227' title='bbox 194 1356 223 1390; x_wconf 87' lang='lat' dir='ltr'>se</span> <span class='ocrx_word' id='word_1_228' title='bbox 254 1356 439 1391; x_wconf 68' lang='lat' dir='ltr'>infleetebat</span> <span class='ocrx_word' id='word_1_229' title='bbox 462 1382 474 1398; x_wconf 89' lang='lat'><em>‚</em></span> <span class='ocrx_word' id='word_1_230' title='bbox 510 1359 591 1392; x_wconf 86' lang='lat' dir='ltr'>unde</span> <span class='ocrx_word' id='word_1_231' title='bbox 616 1359 736 1392; x_wconf 87' lang='lat' dir='ltr'>sursum</span> <span class='ocrx_word' id='word_1_232' title='bbox 765 1358 896 1401; x_wconf 85' lang='lat' dir='ltr'>quidem</span> <span class='ocrx_word' id='word_1_233' title='bbox 921 1382 931 1397; x_wconf 92' lang='lat'>‚</span> <span class='ocrx_word' id='word_1_234' title='bbox 963 1357 1014 1391; x_wconf 89' lang='lat' dir='ltr'>sed</span> <span class='ocrx_word' id='word_1_235' title='bbox 1038 1369 1104 1390; x_wconf 90' lang='lat' dir='ltr'>non</span> 
     </span>
     <span class='ocr_line' id='line_1_28' title="bbox 97 1399 1104 1448; baseline 0 -15"><span class='ocrx_word' id='word_1_236' title='bbox 97 1402 159 1434; x_wconf 86' lang='lat' dir='ltr'>alte</span> <span class='ocrx_word' id='word_1_237' title='bbox 182 1400 261 1434; x_wconf 83' lang='lat' dir='ltr'>adeo</span> <span class='ocrx_word' id='word_1_238' title='bbox 284 1399 426 1434; x_wconf 79' lang='lat' dir='ltr'>redibat.</span> <span class='ocrx_word' id='word_1_239' title='bbox 446 1403 544 1448; x_wconf 83' lang='lat' dir='ltr'>Jecur</span> <span class='ocrx_word' id='word_1_240' title='bbox 568 1414 641 1435; x_wconf 88' lang='lat' dir='ltr'>vero</span> <span class='ocrx_word' id='word_1_241' title='bbox 663 1401 820 1445; x_wconf 86' lang='lat' dir='ltr'>pallidum</span> <span class='ocrx_word' id='word_1_242' title='bbox 845 1403 932 1435; x_wconf 90' lang='lat' dir='ltr'>intus</span> <span class='ocrx_word' id='word_1_243' title='bbox 951 1424 963 1441; x_wconf 92' lang='lat'><em>‚</em></span> <span class='ocrx_word' id='word_1_244' title='bbox 995 1410 1104 1435; x_wconf 85' lang='lat' dir='ltr'>extra-</span> 
     </span>
     <span class='ocr_line' id='line_1_29' title="bbox 97 1443 1104 1487; baseline 0.001 -10"><span class='ocrx_word' id='word_1_245' title='bbox 97 1456 159 1487; x_wconf 88' lang='lat' dir='ltr'>que</span> <span class='ocrx_word' id='word_1_246' title='bbox 194 1468 206 1484; x_wconf 87' lang='lat'><em>,</em></span> <span class='ocrx_word' id='word_1_247' title='bbox 245 1446 278 1476; x_wconf 89' lang='lat'>&amp;</span> <span class='ocrx_word' id='word_1_248' title='bbox 308 1443 440 1480; x_wconf 81' lang='lat' dir='ltr'>vesicula</span> <span class='ocrx_word' id='word_1_249' title='bbox 473 1447 559 1478; x_wconf 84' lang='lat' dir='ltr'>inani</span> <span class='ocrx_word' id='word_1_250' title='bbox 595 1455 648 1479; x_wconf 86' lang='lat' dir='ltr'>aut</span> <span class='ocrx_word' id='word_1_251' title='bbox 682 1455 765 1478; x_wconf 89' lang='lat' dir='ltr'>certe</span> <span class='ocrx_word' id='word_1_252' title='bbox 797 1445 870 1478; x_wconf 90' lang='lat' dir='ltr'>bilis</span> <span class='ocrx_word' id='word_1_253' title='bbox 906 1454 1015 1487; x_wconf 84' lang='lat' dir='ltr'>guttas</span> <span class='ocrx_word' id='word_1_254' title='bbox 1047 1446 1104 1478; x_wconf 85' lang='lat' dir='ltr'>vix</span> 
     </span>
     <span class='ocr_line' id='line_1_30' title="bbox 96 1488 1104 1531; baseline 0 -11"><span class='ocrx_word' id='word_1_255' title='bbox 96 1499 212 1530; x_wconf 89' lang='lat' dir='ltr'>paucas</span> <span class='ocrx_word' id='word_1_256' title='bbox 236 1488 419 1521; x_wconf 82' lang='lat' dir='ltr'>continente</span> <span class='ocrx_word' id='word_1_257' title='bbox 442 1510 451 1525; x_wconf 92' lang='lat'>,</span> <span class='ocrx_word' id='word_1_258' title='bbox 485 1500 556 1531; x_wconf 73' lang='lat' dir='ltr'>quae</span> <span class='ocrx_word' id='word_1_259' title='bbox 590 1488 708 1522; x_wconf 78' lang='lat' dir='ltr'>chartae</span> <span class='ocrx_word' id='word_1_260' title='bbox 742 1489 825 1521; x_wconf 90' lang='lat' dir='ltr'>illita</span> <span class='ocrx_word' id='word_1_261' title='bbox 849 1512 861 1528; x_wconf 83' lang='lat'>,</span> <span class='ocrx_word' id='word_1_262' title='bbox 892 1489 1000 1521; x_wconf 88' lang='lat' dir='ltr'>colore</span> <span class='ocrx_word' id='word_1_263' title='bbox 1024 1500 1104 1530; x_wconf 88' lang='lat' dir='ltr'>quo-</span> 
     </span>
     <span class='ocr_line' id='line_1_31' title="bbox 93 1530 1103 1575; baseline 0.001 -11"><span class='ocrx_word' id='word_1_264' title='bbox 93 1532 170 1565; x_wconf 78' lang='lat' dir='ltr'>dam</span> <span class='ocrx_word' id='word_1_265' title='bbox 205 1531 285 1564; x_wconf 88' lang='lat' dir='ltr'>hanc</span> <span class='ocrx_word' id='word_1_266' title='bbox 318 1530 432 1564; x_wconf 86' lang='lat' dir='ltr'>infecit</span> <span class='ocrx_word' id='word_1_267' title='bbox 465 1531 549 1564; x_wconf 80' lang='lat' dir='ltr'>flavo</span> <span class='ocrx_word' id='word_1_268' title='bbox 586 1556 597 1571; x_wconf 86' lang='lat'><em>,</em></span> <span class='ocrx_word' id='word_1_269' title='bbox 642 1531 732 1566; x_wconf 90' lang='lat' dir='ltr'>fusco</span> <span class='ocrx_word' id='word_1_270' title='bbox 752 1555 765 1572; x_wconf 92' lang='lat'><em>‚</em></span> <span class='ocrx_word' id='word_1_271' title='bbox 797 1542 892 1575; x_wconf 89' lang='lat' dir='ltr'>atque</span> <span class='ocrx_word' id='word_1_272' title='bbox 923 1532 1070 1565; x_wconf 88' lang='lat' dir='ltr'>obsoleto</span> <span class='ocrx_word' id='word_1_273' title='bbox 1095 1558 1103 1565; x_wconf 91' lang='lat'><strong><em>.</em></strong></span> 
     </span>
     <span class='ocr_line' id='line_1_32' title="bbox 96 1573 1106 1617; baseline -0.001 -10"><span class='ocrx_word' id='word_1_274' title='bbox 96 1576 179 1608; x_wconf 85' lang='lat' dir='ltr'>Lien</span> <span class='ocrx_word' id='word_1_275' title='bbox 201 1585 293 1616; x_wconf 83' lang='lat' dir='ltr'>aequo</span> <span class='ocrx_word' id='word_1_276' title='bbox 319 1578 350 1607; x_wconf 66' lang='grc' dir='ltr'>δι</span> <span class='ocrx_word' id='word_1_277' title='bbox 377 1573 496 1617; x_wconf 79' lang='lat' dir='ltr'>major,</span> <span class='ocrx_word' id='word_1_278' title='bbox 521 1578 554 1608; x_wconf 87' lang='lat'>&amp;</span> <span class='ocrx_word' id='word_1_279' title='bbox 578 1576 703 1608; x_wconf 85' lang='lat' dir='ltr'>laxior.</span> <span class='ocrx_word' id='word_1_280' title='bbox 834 1575 948 1608; x_wconf 80' lang='lat' dir='ltr'>Cranii</span> <span class='ocrx_word' id='word_1_281' title='bbox 974 1574 1071 1608; x_wconf 75' lang='lat' dir='ltr'>seffio</span> <span class='ocrx_word' id='word_1_282' title='bbox 1093 1598 1106 1615; x_wconf 84' lang='lat'><em>‚</em></span> 
     </span>
     <span class='ocr_line' id='line_1_33' title="bbox 93 1617 1106 1661; baseline 0 -11"><span class='ocrx_word' id='word_1_283' title='bbox 93 1627 228 1661; x_wconf 85' lang='lat' dir='ltr'>propter</span> <span class='ocrx_word' id='word_1_284' title='bbox 251 1617 327 1650; x_wconf 88' lang='lat' dir='ltr'>alias</span> <span class='ocrx_word' id='word_1_285' title='bbox 349 1617 531 1659; x_wconf 63' lang='lat' dir='ltr'>interjetfftas</span> <span class='ocrx_word' id='word_1_286' title='bbox 555 1618 811 1657; x_wconf 82' lang='lat' dir='ltr'>observationes,</span> <span class='ocrx_word' id='word_1_287' title='bbox 836 1619 869 1650; x_wconf 90' lang='lat' dir='ltr'>in</span> <span class='ocrx_word' id='word_1_288' title='bbox 903 1617 987 1651; x_wconf 90' lang='lat' dir='ltr'>diem</span> <span class='ocrx_word' id='word_1_289' title='bbox 1010 1619 1106 1661; x_wconf 86' lang='lat' dir='ltr'>quin-</span> 
     </span>
     <span class='ocr_line' id='line_1_34' title="bbox 94 1660 1106 1705; baseline -0.001 -10"><span class='ocrx_word' id='word_1_290' title='bbox 94 1663 183 1695; x_wconf 57' lang='lat' dir='ltr'>etum</span> <span class='ocrx_word' id='word_1_291' title='bbox 206 1660 305 1693; x_wconf 88' lang='lat' dir='ltr'>dilata</span> <span class='ocrx_word' id='word_1_292' title='bbox 330 1660 372 1694; x_wconf 90' lang='lat' dir='ltr'>est</span> <span class='ocrx_word' id='word_1_293' title='bbox 395 1675 405 1696; x_wconf 89' lang='lat'>·,</span> <span class='ocrx_word' id='word_1_294' title='bbox 437 1670 474 1694; x_wconf 85' lang='lat' dir='ltr'>ut</span> <span class='ocrx_word' id='word_1_295' title='bbox 496 1672 566 1693; x_wconf 85' lang='lat' dir='ltr'>eam</span> <span class='ocrx_word' id='word_1_296' title='bbox 588 1673 718 1705; x_wconf 88' lang='lat' dir='ltr'>quoque</span> <span class='ocrx_word' id='word_1_297' title='bbox 751 1660 883 1695; x_wconf 77' lang='lat' dir='ltr'>fortasse</span> <span class='ocrx_word' id='word_1_298' title='bbox 907 1661 952 1694; x_wconf 93' lang='lat' dir='ltr'>ob</span> <span class='ocrx_word' id='word_1_299' title='bbox 981 1661 1106 1695; x_wconf 85' lang='lat' dir='ltr'>causam</span> 
     </span>
     <span class='ocr_line' id='line_1_35' title="bbox 94 1702 1106 1747; baseline -0.001 -10"><span class='ocrx_word' id='word_1_300' title='bbox 94 1705 216 1737; x_wconf 82' lang='lat' dir='ltr'>laxiora</span> <span class='ocrx_word' id='word_1_301' title='bbox 239 1704 348 1736; x_wconf 87' lang='lat' dir='ltr'>omnia</span> <span class='ocrx_word' id='word_1_302' title='bbox 373 1702 635 1746; x_wconf 79' lang='lat' dir='ltr'>deprehenderim</span> <span class='ocrx_word' id='word_1_303' title='bbox 656 1729 664 1734; x_wconf 91' lang='lat'>.</span> <span class='ocrx_word' id='word_1_304' title='bbox 699 1707 737 1738; x_wconf 91' lang='lat' dir='ltr'>In</span> <span class='ocrx_word' id='word_1_305' title='bbox 759 1705 858 1738; x_wconf 84' lang='lat' dir='ltr'>altera</span> <span class='ocrx_word' id='word_1_306' title='bbox 885 1705 1004 1739; x_wconf 82' lang='lat' dir='ltr'>Falcati</span> <span class='ocrx_word' id='word_1_307' title='bbox 1029 1716 1106 1747; x_wconf 87' lang='lat' dir='ltr'>pro-</span> 
     </span>
     <span class='ocr_line' id='line_1_36' title="bbox 94 1744 1106 1791; baseline 0 -10"><span class='ocrx_word' id='word_1_308' title='bbox 94 1747 192 1781; x_wconf 75' lang='lat' dir='ltr'>cessus</span> <span class='ocrx_word' id='word_1_309' title='bbox 225 1744 307 1779; x_wconf 86' lang='lat' dir='ltr'>facie</span> <span class='ocrx_word' id='word_1_310' title='bbox 330 1745 496 1781; x_wconf 83' lang='lat' dir='ltr'>officulum</span> <span class='ocrx_word' id='word_1_311' title='bbox 531 1747 596 1783; x_wconf 81' lang='lat' dir='ltr'>fuit</span> <span class='ocrx_word' id='word_1_312' title='bbox 619 1748 764 1782; x_wconf 82' lang='lat' dir='ltr'>abnormi</span> <span class='ocrx_word' id='word_1_313' title='bbox 799 1747 898 1791; x_wconf 78' lang='lat' dir='ltr'>figura</span> <span class='ocrx_word' id='word_1_314' title='bbox 920 1772 933 1788; x_wconf 83' lang='lat'><em>,</em></span> <span class='ocrx_word' id='word_1_315' title='bbox 965 1748 1015 1782; x_wconf 88' lang='lat' dir='ltr'>sed</span> <span class='ocrx_word' id='word_1_316' title='bbox 1038 1748 1106 1791; x_wconf 86' lang='lat' dir='ltr'>pla-</span> 
     </span>
     <span class='ocr_line' id='line_1_37' title="bbox 95 1790 1104 1832; baseline 0 -8"><span class='ocrx_word' id='word_1_317' title='bbox 95 1802 174 1824; x_wconf 92' lang='lat' dir='ltr'>num</span> <span class='ocrx_word' id='word_1_318' title='bbox 199 1792 334 1832; x_wconf 79' lang='lat' dir='ltr'>potius,</span> <span class='ocrx_word' id='word_1_319' title='bbox 355 1800 452 1831; x_wconf 86' lang='lat' dir='ltr'>quam</span> <span class='ocrx_word' id='word_1_320' title='bbox 476 1790 620 1832; x_wconf 86' lang='lat' dir='ltr'>asperum</span> <span class='ocrx_word' id='word_1_321' title='bbox 642 1815 654 1831; x_wconf 81' lang='grc'>,</span> <span class='ocrx_word' id='word_1_322' title='bbox 679 1803 743 1824; x_wconf 93' lang='lat' dir='ltr'>non</span> <span class='ocrx_word' id='word_1_323' title='bbox 769 1792 1006 1830; x_wconf 83' lang='lat' dir='ltr'>tenuiffimum‚</span> <span class='ocrx_word' id='word_1_324' title='bbox 1037 1803 1104 1824; x_wconf 85' lang='lat' dir='ltr'>ma-</span> 
     </span>
     <span class='ocr_line' id='line_1_38' title="bbox 92 1833 1104 1878; baseline 0.002 -12"><span class='ocrx_word' id='word_1_325' title='bbox 92 1834 263 1878; x_wconf 82' lang='lat' dir='ltr'>gnitudine</span> <span class='ocrx_word' id='word_1_326' title='bbox 287 1833 370 1866; x_wconf 84' lang='lat' dir='ltr'>&#39;naud</span> <span class='ocrx_word' id='word_1_327' title='bbox 403 1838 530 1877; x_wconf 68' lang='lat' dir='ltr'>aequans</span> <span class='ocrx_word' id='word_1_328' title='bbox 553 1846 692 1876; x_wconf 84' lang='lat' dir='ltr'>unguem</span> <span class='ocrx_word' id='word_1_329' title='bbox 720 1835 819 1877; x_wconf 78' lang='lat' dir='ltr'>digiti</span> <span class='ocrx_word' id='word_1_330' title='bbox 845 1836 973 1869; x_wconf 88' lang='lat' dir='ltr'>minimi</span> <span class='ocrx_word' id='word_1_331' title='bbox 994 1861 1002 1868; x_wconf 92' lang='lat'>.</span> <span class='ocrx_word' id='word_1_332' title='bbox 1040 1835 1104 1869; x_wconf 87' lang='lat' dir='ltr'>Sub</span> 
     </span>
     <span class='ocr_line' id='line_1_39' title="bbox 92 1876 1096 1923; baseline 0 -12"><span class='ocrx_word' id='word_1_333' title='bbox 92 1878 240 1920; x_wconf 81' lang='lat' dir='ltr'>meninge</span> <span class='ocrx_word' id='word_1_334' title='bbox 274 1877 382 1909; x_wconf 87' lang='lat' dir='ltr'>Tenui</span> <span class='ocrx_word' id='word_1_335' title='bbox 404 1878 439 1910; x_wconf 90' lang='lat' dir='ltr'>in</span> <span class='ocrx_word' id='word_1_336' title='bbox 472 1876 669 1911; x_wconf 66' lang='lat' dir='ltr'>anfractibus</span> <span class='ocrx_word' id='word_1_337' title='bbox 692 1878 849 1920; x_wconf 85' lang='lat' dir='ltr'>quiddam</span> <span class='ocrx_word' id='word_1_338' title='bbox 879 1879 1024 1923; x_wconf 76' lang='lat' dir='ltr'>gelatinae</span> <span class='ocrx_word' id='word_1_339' title='bbox 1047 1880 1096 1911; x_wconf 92' lang='lat' dir='ltr'>in-</span> 
     </span>
     <span class='ocr_line' id='line_1_40' title="bbox 96 1921 1102 1964; baseline -0.001 -9"><span class='ocrx_word' id='word_1_340' title='bbox 96 1922 156 1955; x_wconf 86' lang='lat' dir='ltr'>star</span> <span class='ocrx_word' id='word_1_341' title='bbox 178 1946 186 1952; x_wconf 93' lang='lat'>.</span> <span class='ocrx_word' id='word_1_342' title='bbox 221 1922 279 1952; x_wconf 86' lang='lat' dir='ltr'>Per</span> <span class='ocrx_word' id='word_1_343' title='bbox 302 1930 370 1952; x_wconf 86' lang='lat' dir='ltr'>eam</span> <span class='ocrx_word' id='word_1_344' title='bbox 394 1921 576 1962; x_wconf 83' lang='lat' dir='ltr'>meningem</span> <span class='ocrx_word' id='word_1_345' title='bbox 613 1921 872 1964; x_wconf 82' lang='lat' dir='ltr'>sanguiferorum</span> <span class='ocrx_word' id='word_1_346' title='bbox 899 1923 1045 1955; x_wconf 85' lang='lat' dir='ltr'>vasorum</span> <span class='ocrx_word' id='word_1_347' title='bbox 1068 1925 1102 1954; x_wconf 72' lang='grc' dir='ltr'>δε</span> 
     </span>
     <span class='ocr_line' id='line_1_41' title="bbox 92 1962 1104 2009; baseline 0 -11"><span class='ocrx_word' id='word_1_348' title='bbox 92 1965 236 2007; x_wconf 87' lang='lat' dir='ltr'>plerique</span> <span class='ocrx_word' id='word_1_349' title='bbox 261 1965 366 1996; x_wconf 91' lang='lat' dir='ltr'>trunci</span> <span class='ocrx_word' id='word_1_350' title='bbox 392 1962 608 2006; x_wconf 84' lang='lat' dir='ltr'>turgidiores‚</span> <span class='ocrx_word' id='word_1_351' title='bbox 632 1966 665 1997; x_wconf 59' lang='grc' dir='ltr'>δέ</span> <span class='ocrx_word' id='word_1_352' title='bbox 690 1967 816 1999; x_wconf 87' lang='lat' dir='ltr'>minimi</span> <span class='ocrx_word' id='word_1_353' title='bbox 840 1965 1010 2000; x_wconf 81' lang='lat' dir='ltr'>ramusculi</span> <span class='ocrx_word' id='word_1_354' title='bbox 1034 1965 1104 2009; x_wconf 91' lang='lat' dir='ltr'>pas-</span> 
     </span>
     <span class='ocr_line' id='line_1_42' title="bbox 91 2004 1103 2052; baseline 0 -11"><span class='ocrx_word' id='word_1_355' title='bbox 91 2007 150 2041; x_wconf 79' lang='lat' dir='ltr'>sim</span> <span class='ocrx_word' id='word_1_356' title='bbox 183 2004 373 2040; x_wconf 88' lang='lat' dir='ltr'>manifesti.</span> <span class='ocrx_word' id='word_1_357' title='bbox 409 2008 566 2049; x_wconf 77' lang='lat' dir='ltr'>Sanguine</span> <span class='ocrx_word' id='word_1_358' title='bbox 598 2020 727 2052; x_wconf 86' lang='lat' dir='ltr'>quoque</span> <span class='ocrx_word' id='word_1_359' title='bbox 760 2009 964 2043; x_wconf 74' lang='lat' dir='ltr'>abundabant</span> <span class='ocrx_word' id='word_1_360' title='bbox 996 2010 1020 2041; x_wconf 90' lang='lat' dir='ltr'>ii</span> <span class='ocrx_word' id='word_1_361' title='bbox 1043 2009 1103 2052; x_wconf 85' lang='lat' dir='ltr'>qui</span> 
     </span>
     <span class='ocr_line' id='line_1_43' title="bbox 90 2049 1101 2096; baseline 0 -11"><span class='ocrx_word' id='word_1_362' title='bbox 90 2051 164 2085; x_wconf 85' lang='lat' dir='ltr'>sunt</span> <span class='ocrx_word' id='word_1_363' title='bbox 187 2052 221 2083; x_wconf 89' lang='lat' dir='ltr'>in</span> <span class='ocrx_word' id='word_1_364' title='bbox 247 2049 395 2083; x_wconf 83' lang='lat' dir='ltr'>Plexibus</span> <span class='ocrx_word' id='word_1_365' title='bbox 417 2049 640 2086; x_wconf 89' lang='lat' dir='ltr'>Choroidibus</span> <span class='ocrx_word' id='word_1_366' title='bbox 662 2076 674 2093; x_wconf 86' lang='lat'>‚</span> <span class='ocrx_word' id='word_1_367' title='bbox 707 2055 740 2086; x_wconf 69' lang='grc' dir='ltr'>δε</span> <span class='ocrx_word' id='word_1_368' title='bbox 761 2054 818 2096; x_wconf 91' lang='lat' dir='ltr'>qui</span> <span class='ocrx_word' id='word_1_369' title='bbox 853 2064 906 2096; x_wconf 90' lang='lat' dir='ltr'>per</span> <span class='ocrx_word' id='word_1_370' title='bbox 929 2053 1101 2094; x_wconf 86' lang='lat' dir='ltr'>Oblonga-</span> 
     </span>
     <span class='ocr_line' id='line_1_44' title="bbox 93 2092 1101 2139; baseline 0 -11"><span class='ocrx_word' id='word_1_371' title='bbox 93 2106 162 2128; x_wconf 85' lang='lat' dir='ltr'>tam</span> <span class='ocrx_word' id='word_1_372' title='bbox 185 2092 357 2127; x_wconf 84' lang='lat' dir='ltr'>medullam</span> <span class='ocrx_word' id='word_1_373' title='bbox 383 2104 496 2137; x_wconf 88' lang='lat' dir='ltr'>repunt</span> <span class='ocrx_word' id='word_1_374' title='bbox 519 2107 527 2127; x_wconf 85' lang='grc'>.-</span> <span class='ocrx_word' id='word_1_375' title='bbox 564 2106 618 2128; x_wconf 90' lang='lat' dir='ltr'>nec</span> <span class='ocrx_word' id='word_1_376' title='bbox 642 2095 749 2130; x_wconf 84' lang='lat' dir='ltr'>crebra</span> <span class='ocrx_word' id='word_1_377' title='bbox 779 2096 906 2130; x_wconf 86' lang='lat' dir='ltr'>deerant</span> <span class='ocrx_word' id='word_1_378' title='bbox 933 2096 1101 2139; x_wconf 83' lang='lat' dir='ltr'>sanguinea</span> 
     </span>
     <span class='ocr_line' id='line_1_45' title="bbox 91 2138 920 2183; baseline -0.002 -9"><span class='ocrx_word' id='word_1_379' title='bbox 91 2138 211 2183; x_wconf 62' lang='lat' dir='ltr'>punssta</span> <span class='ocrx_word' id='word_1_380' title='bbox 235 2138 418 2179; x_wconf 88' lang='lat' dir='ltr'>ubicunque</span> <span class='ocrx_word' id='word_1_381' title='bbox 440 2138 559 2171; x_wconf 84' lang='lat' dir='ltr'>cerebri</span> <span class='ocrx_word' id='word_1_382' title='bbox 585 2139 758 2173; x_wconf 81' lang='lat' dir='ltr'>medullam</span> <span class='ocrx_word' id='word_1_383' title='bbox 781 2140 897 2173; x_wconf 84' lang='lat' dir='ltr'>secares</span> <span class='ocrx_word' id='word_1_384' title='bbox 912 2165 920 2172; x_wconf 93' lang='lat'>.</span> 
     </span>
    </p>

    <p class='ocr_par' dir='ltr' id='par_1_4' title="bbox 90 2181 1100 2788">
     <span class='ocr_line' id='line_1_46' title="bbox 135 2181 1099 2226; baseline 0.002 -13"><span class='ocrx_word' id='word_1_385' title='bbox 135 2185 188 2226; x_wconf 86' lang='lat'>36.</span> <span class='ocrx_word' id='word_1_386' title='bbox 208 2181 418 2225; x_wconf 87' lang='lat' dir='ltr'><strong>JUVENIS</strong></span> <span class='ocrx_word' id='word_1_387' title='bbox 451 2193 549 2214; x_wconf 86' lang='lat' dir='ltr'>annos</span> <span class='ocrx_word' id='word_1_388' title='bbox 572 2190 664 2215; x_wconf 84' lang='lat' dir='ltr'>natus</span> <span class='ocrx_word' id='word_1_389' title='bbox 698 2183 736 2215; x_wconf 86' lang='lat' dir='ltr'>acl</span> <span class='ocrx_word' id='word_1_390' title='bbox 769 2184 886 2225; x_wconf 83' lang='lat' dir='ltr'>viginti</span> <span class='ocrx_word' id='word_1_391' title='bbox 921 2184 1066 2225; x_wconf 88' lang='lat' dir='ltr'>quinque</span> <span class='ocrx_word' id='word_1_392' title='bbox 1090 2206 1099 2220; x_wconf 88' lang='lat'><em>‚</em></span> 
     </span>
     <span class='ocr_line' id='line_1_47' title="bbox 93 2224 1100 2270; baseline -0.002 -11"><span class='ocrx_word' id='word_1_393' title='bbox 93 2224 251 2270; x_wconf 79' lang='lat' dir='ltr'>pallidula</span> <span class='ocrx_word' id='word_1_394' title='bbox 274 2224 379 2263; x_wconf 89' lang='lat' dir='ltr'>facie,</span> <span class='ocrx_word' id='word_1_395' title='bbox 402 2226 434 2256; x_wconf 86' lang='lat'>&amp;</span> <span class='ocrx_word' id='word_1_396' title='bbox 455 2228 510 2268; x_wconf 90' lang='lat' dir='ltr'>qui</span> <span class='ocrx_word' id='word_1_397' title='bbox 526 2224 653 2258; x_wconf 84' lang='lat' dir='ltr'>strumis</span> <span class='ocrx_word' id='word_1_398' title='bbox 677 2234 787 2265; x_wconf 82' lang='lat' dir='ltr'>antea,</span> <span class='ocrx_word' id='word_1_399' title='bbox 811 2237 844 2257; x_wconf 91' lang='lat' dir='ltr'>ac</span> <span class='ocrx_word' id='word_1_400' title='bbox 862 2228 1003 2259; x_wconf 89' lang='lat' dir='ltr'>Venerea</span> <span class='ocrx_word' id='word_1_401' title='bbox 1016 2237 1100 2268; x_wconf 78' lang='lat' dir='ltr'>quo-</span> 
     </span>
     <span class='ocr_line' id='line_1_48' title="bbox 91 2265 1100 2313; baseline 0.001 -13"><span class='ocrx_word' id='word_1_402' title='bbox 91 2282 176 2313; x_wconf 83' lang='lat' dir='ltr'>que,</span> <span class='ocrx_word' id='word_1_403' title='bbox 199 2276 235 2300; x_wconf 91' lang='lat' dir='ltr'>ut</span> <span class='ocrx_word' id='word_1_404' title='bbox 259 2265 382 2309; x_wconf 86' lang='lat' dir='ltr'>ajebant</span> <span class='ocrx_word' id='word_1_405' title='bbox 401 2288 410 2303; x_wconf 89' lang='lat'><strong><em>‚</em></strong></span> <span class='ocrx_word' id='word_1_406' title='bbox 443 2267 493 2300; x_wconf 89' lang='lat' dir='ltr'>lue</span> <span class='ocrx_word' id='word_1_407' title='bbox 517 2268 714 2301; x_wconf 73' lang='lat' dir='ltr'>laboraverat</span> <span class='ocrx_word' id='word_1_408' title='bbox 739 2289 748 2305; x_wconf 88' lang='lat'><em>‚</em></span> <span class='ocrx_word' id='word_1_409' title='bbox 779 2280 852 2301; x_wconf 87' lang='lat' dir='ltr'>cum</span> <span class='ocrx_word' id='word_1_410' title='bbox 875 2281 894 2302; x_wconf 77' lang='lat' dir='ltr'>a</span> <span class='ocrx_word' id='word_1_411' title='bbox 915 2269 1038 2307; x_wconf 89' lang='lat' dir='ltr'>nimio,</span> <span class='ocrx_word' id='word_1_412' title='bbox 1063 2278 1100 2303; x_wconf 89' lang='lat' dir='ltr'>ut</span> 
     </span>
     <span class='ocr_line' id='line_1_49' title="bbox 92 2309 1099 2349; baseline -0.004 -4"><span class='ocrx_word' id='word_1_413' title='bbox 92 2321 160 2346; x_wconf 90' lang='lat' dir='ltr'>erat</span> <span class='ocrx_word' id='word_1_414' title='bbox 185 2310 347 2349; x_wconf 80' lang='lat' dir='ltr'>famulus,</span> <span class='ocrx_word' id='word_1_415' title='bbox 372 2318 463 2343; x_wconf 89' lang='lat' dir='ltr'>motu</span> <span class='ocrx_word' id='word_1_416' title='bbox 475 2309 672 2348; x_wconf 81' lang='lat' dir='ltr'>incaluisset,</span> <span class='ocrx_word' id='word_1_417' title='bbox 698 2311 849 2347; x_wconf 87' lang='lat' dir='ltr'>horrore,</span> <span class='ocrx_word' id='word_1_418' title='bbox 872 2314 905 2345; x_wconf 73' lang='grc' dir='ltr'>δε</span> <span class='ocrx_word' id='word_1_419' title='bbox 929 2311 1014 2346; x_wconf 87' lang='lat' dir='ltr'>febre</span> <span class='ocrx_word' id='word_1_420' title='bbox 1027 2323 1099 2344; x_wconf 75' lang='lat' dir='ltr'>coi·-</span> 
     </span>
     <span class='ocr_line' id='line_1_50' title="bbox 92 2351 1098 2398; baseline 0.003 -13"><span class='ocrx_word' id='word_1_421' title='bbox 92 2364 201 2398; x_wconf 78' lang='lat' dir='ltr'>reptus</span> <span class='ocrx_word' id='word_1_422' title='bbox 235 2352 277 2386; x_wconf 89' lang='lat' dir='ltr'>est</span> <span class='ocrx_word' id='word_1_423' title='bbox 300 2364 375 2385; x_wconf 88' lang='lat' dir='ltr'>cum</span> <span class='ocrx_word' id='word_1_424' title='bbox 409 2351 521 2386; x_wconf 89' lang='lat' dir='ltr'>dolore</span> <span class='ocrx_word' id='word_1_425' title='bbox 546 2364 702 2396; x_wconf 81' lang='lat' dir='ltr'>pungente</span> <span class='ocrx_word' id='word_1_426' title='bbox 721 2377 734 2394; x_wconf 87' lang='lat'>‚</span> <span class='ocrx_word' id='word_1_427' title='bbox 765 2366 860 2396; x_wconf 87' lang='lat' dir='ltr'>quem</span> <span class='ocrx_word' id='word_1_428' title='bbox 884 2365 959 2388; x_wconf 90' lang='lat' dir='ltr'>toto</span> <span class='ocrx_word' id='word_1_429' title='bbox 998 2354 1098 2388; x_wconf 81' lang='lat' dir='ltr'>ferme</span> 
     </span>
     <span class='ocr_line' id='line_1_51' title="bbox 94 2396 1098 2442; baseline -0.001 -11"><span class='ocrx_word' id='word_1_430' title='bbox 94 2400 246 2442; x_wconf 62' lang='lat' dir='ltr'>peftore,</span> <span class='ocrx_word' id='word_1_431' title='bbox 273 2397 400 2438; x_wconf 87' lang='lat' dir='ltr'>proprie</span> <span class='ocrx_word' id='word_1_432' title='bbox 422 2396 532 2433; x_wconf 61' lang='lat' dir='ltr'>dieto,</span> <span class='ocrx_word' id='word_1_433' title='bbox 558 2396 673 2430; x_wconf 82' lang='lat' dir='ltr'>sentire</span> <span class='ocrx_word' id='word_1_434' title='bbox 690 2398 736 2436; x_wconf 89' lang='lat' dir='ltr'>se,</span> <span class='ocrx_word' id='word_1_435' title='bbox 762 2397 913 2438; x_wconf 86' lang='lat' dir='ltr'>dicebat,</span> <span class='ocrx_word' id='word_1_436' title='bbox 935 2400 1036 2440; x_wconf 83' lang='lat' dir='ltr'>magis</span> <span class='ocrx_word' id='word_1_437' title='bbox 1049 2408 1098 2431; x_wconf 92' lang='lat' dir='ltr'>ta-</span> 
     </span>
     <span class='ocr_line' id='line_1_52' title="bbox 94 2438 1098 2481; baseline 0.003 -10"><span class='ocrx_word' id='word_1_438' title='bbox 94 2453 167 2476; x_wconf 79' lang='lat' dir='ltr'>men</span> <span class='ocrx_word' id='word_1_439' title='bbox 189 2440 229 2474; x_wconf 80' lang='lat' dir='ltr'>ad</span> <span class='ocrx_word' id='word_1_440' title='bbox 252 2438 402 2472; x_wconf 82' lang='lat' dir='ltr'>inferiora</span> <span class='ocrx_word' id='word_1_441' title='bbox 417 2464 424 2471; x_wconf 91' lang='lat'>.</span> <span class='ocrx_word' id='word_1_442' title='bbox 450 2440 560 2473; x_wconf 82' lang='lat' dir='ltr'>Dorso</span> <span class='ocrx_word' id='word_1_443' title='bbox 583 2443 680 2473; x_wconf 85' lang='lat' dir='ltr'>etiarn</span> <span class='ocrx_word' id='word_1_444' title='bbox 704 2439 833 2473; x_wconf 85' lang='lat' dir='ltr'>dolebat</span> <span class='ocrx_word' id='word_1_445' title='bbox 854 2465 865 2481; x_wconf 84' lang='lat'>,</span> <span class='ocrx_word' id='word_1_446' title='bbox 888 2443 957 2474; x_wconf 88' lang='lat' dir='ltr'>imo</span> <span class='ocrx_word' id='word_1_447' title='bbox 970 2443 1098 2475; x_wconf 84' lang='lat' dir='ltr'>univer-</span> 
     </span>
     <span class='ocr_line' id='line_1_53' title="bbox 94 2483 1098 2527; baseline -0.002 -8"><span class='ocrx_word' id='word_1_448' title='bbox 94 2486 130 2519; x_wconf 80' lang='lat' dir='ltr'>so</span> <span class='ocrx_word' id='word_1_449' title='bbox 152 2484 301 2526; x_wconf 87' lang='lat' dir='ltr'>corporis</span> <span class='ocrx_word' id='word_1_450' title='bbox 325 2483 470 2522; x_wconf 77' lang='lat' dir='ltr'>ambitu,</span> <span class='ocrx_word' id='word_1_451' title='bbox 493 2494 529 2516; x_wconf 88' lang='lat' dir='ltr'>ut</span> <span class='ocrx_word' id='word_1_452' title='bbox 553 2484 733 2527; x_wconf 87' lang='lat' dir='ltr'>ubicunque</span> <span class='ocrx_word' id='word_1_453' title='bbox 756 2495 918 2527; x_wconf 77' lang='lat' dir='ltr'>tangeres,</span> <span class='ocrx_word' id='word_1_454' title='bbox 943 2485 1098 2518; x_wconf 85' lang='lat' dir='ltr'>ibidolo-</span> 
     </span>
     <span class='ocr_line' id='line_1_54' title="bbox 91 2525 1098 2570; baseline -0.002 -7"><span class='ocrx_word' id='word_1_455' title='bbox 91 2527 239 2570; x_wconf 87' lang='lat' dir='ltr'>remipso</span> <span class='ocrx_word' id='word_1_456' title='bbox 262 2526 384 2558; x_wconf 63' lang='lat' dir='ltr'>attafflffl</span> <span class='ocrx_word' id='word_1_457' title='bbox 399 2527 527 2568; x_wconf 78' lang='lat' dir='ltr'>augeri,</span> <span class='ocrx_word' id='word_1_458' title='bbox 551 2525 689 2559; x_wconf 77' lang='lat' dir='ltr'>diceret.</span> <span class='ocrx_word' id='word_1_459' title='bbox 713 2527 861 2565; x_wconf 83' lang='lat' dir='ltr'>Cubare,</span> <span class='ocrx_word' id='word_1_460' title='bbox 885 2528 942 2561; x_wconf 87' lang='lat' dir='ltr'>nisi</span> <span class='ocrx_word' id='word_1_461' title='bbox 967 2529 1000 2561; x_wconf 90' lang='lat' dir='ltr'>in</span> <span class='ocrx_word' id='word_1_462' title='bbox 1020 2528 1098 2562; x_wconf 90' lang='lat' dir='ltr'>dor-</span> 
     </span>
     <span class='ocr_line' id='line_1_55' title="bbox 92 2569 1095 2615; baseline -0.001 -9"><span class='ocrx_word' id='word_1_463' title='bbox 92 2574 183 2609; x_wconf 84' lang='lat' dir='ltr'>sum,</span> <span class='ocrx_word' id='word_1_464' title='bbox 209 2581 271 2602; x_wconf 89' lang='lat' dir='ltr'>non</span> <span class='ocrx_word' id='word_1_465' title='bbox 297 2577 444 2611; x_wconf 73' lang='lat' dir='ltr'>poterat.</span> <span class='ocrx_word' id='word_1_466' title='bbox 471 2569 582 2603; x_wconf 86' lang='lat' dir='ltr'>Pulsus</span> <span class='ocrx_word' id='word_1_467' title='bbox 606 2580 673 2603; x_wconf 86' lang='lat' dir='ltr'>erat</span> <span class='ocrx_word' id='word_1_468' title='bbox 698 2571 868 2614; x_wconf 81' lang='lat' dir='ltr'>frequens,</span> <span class='ocrx_word' id='word_1_469' title='bbox 891 2574 923 2605; x_wconf 87' lang='lat'>&amp;</span> <span class='ocrx_word' id='word_1_470' title='bbox 949 2583 1061 2615; x_wconf 84' lang='lat' dir='ltr'>parvus</span> <span class='ocrx_word' id='word_1_471' title='bbox 1087 2584 1095 2605; x_wconf 93' lang='lat'>:</span> 
     </span>
     <span class='ocr_line' id='line_1_56' title="bbox 90 2612 1097 2657; baseline 0.001 -9"><span class='ocrx_word' id='word_1_472' title='bbox 90 2616 160 2651; x_wconf 84' lang='lat' dir='ltr'>fitis</span> <span class='ocrx_word' id='word_1_473' title='bbox 184 2613 295 2647; x_wconf 86' lang='lat' dir='ltr'>nulla:</span> <span class='ocrx_word' id='word_1_474' title='bbox 318 2612 408 2645; x_wconf 86' lang='lat' dir='ltr'>calor</span> <span class='ocrx_word' id='word_1_475' title='bbox 431 2614 597 2647; x_wconf 87' lang='lat' dir='ltr'>internus:</span> <span class='ocrx_word' id='word_1_476' title='bbox 624 2614 791 2656; x_wconf 81' lang='lat' dir='ltr'>respiratio</span> <span class='ocrx_word' id='word_1_477' title='bbox 813 2615 979 2649; x_wconf 85' lang='lat' dir='ltr'>difficilis:</span> <span class='ocrx_word' id='word_1_478' title='bbox 1006 2614 1097 2657; x_wconf 89' lang='lat' dir='ltr'>sputa</span> 
     </span>
     <span class='ocr_line' id='line_1_57' title="bbox 92 2654 1098 2701; baseline 0.001 -10"><span class='ocrx_word' id='word_1_479' title='bbox 92 2659 216 2698; x_wconf 74' lang='lat' dir='ltr'>fluida,</span> <span class='ocrx_word' id='word_1_480' title='bbox 240 2659 272 2690; x_wconf 87' lang='lat'>&amp;</span> <span class='ocrx_word' id='word_1_481' title='bbox 296 2654 366 2689; x_wconf 88' lang='lat' dir='ltr'>rufa</span> <span class='ocrx_word' id='word_1_482' title='bbox 384 2683 392 2688; x_wconf 91' lang='lat'>.</span> <span class='ocrx_word' id='word_1_483' title='bbox 430 2657 556 2696; x_wconf 84' lang='lat' dir='ltr'>Qarta</span> <span class='ocrx_word' id='word_1_484' title='bbox 580 2658 687 2691; x_wconf 87' lang='lat' dir='ltr'>morbi</span> <span class='ocrx_word' id='word_1_485' title='bbox 721 2657 773 2691; x_wconf 88' lang='lat' dir='ltr'>die</span> <span class='ocrx_word' id='word_1_486' title='bbox 795 2659 913 2693; x_wconf 75' lang='lat' dir='ltr'>biliosa</span> <span class='ocrx_word' id='word_1_487' title='bbox 947 2657 1063 2701; x_wconf 83' lang='lat' dir='ltr'>dejecit</span> <span class='ocrx_word' id='word_1_488' title='bbox 1088 2684 1098 2692; x_wconf 95' lang='lat'><strong><em>.</em></strong></span> 
     </span>
     <span class='ocr_line' id='line_1_58' title="bbox 92 2701 1098 2746; baseline 0.004 -13"><span class='ocrx_word' id='word_1_489' title='bbox 92 2703 218 2737; x_wconf 60' lang='lat' dir='ltr'>Odiava</span> <span class='ocrx_word' id='word_1_490' title='bbox 243 2709 350 2733; x_wconf 88' lang='lat' dir='ltr'>autem</span> <span class='ocrx_word' id='word_1_491' title='bbox 372 2710 446 2733; x_wconf 88' lang='lat' dir='ltr'>curn</span> <span class='ocrx_word' id='word_1_492' title='bbox 470 2701 613 2735; x_wconf 88' lang='lat' dir='ltr'>multum</span> <span class='ocrx_word' id='word_1_493' title='bbox 636 2701 820 2741; x_wconf 82' lang='lat' dir='ltr'>minxiss&#39;et‚</span> <span class='ocrx_word' id='word_1_494' title='bbox 846 2702 1021 2746; x_wconf 82' lang='lat' dir='ltr'>lethalique</span> <span class='ocrx_word' id='word_1_495' title='bbox 1045 2703 1098 2737; x_wconf 90' lang='lat' dir='ltr'>su-</span> 
     </span>
     <span class='ocr_line' id='line_1_59' title="bbox 91 2742 1099 2788; baseline 0 -9"><span class='ocrx_word' id='word_1_496' title='bbox 91 2747 169 2781; x_wconf 86' lang='lat' dir='ltr'>dore</span> <span class='ocrx_word' id='word_1_497' title='bbox 192 2742 353 2783; x_wconf 81' lang='lat' dir='ltr'>maderet,</span> <span class='ocrx_word' id='word_1_498' title='bbox 374 2743 460 2776; x_wconf 90' lang='lat' dir='ltr'>obiit</span> <span class='ocrx_word' id='word_1_499' title='bbox 482 2745 568 2778; x_wconf 87' lang='lat' dir='ltr'>circa</span> <span class='ocrx_word' id='word_1_500' title='bbox 592 2744 687 2778; x_wconf 87' lang='lat' dir='ltr'>finem</span> <span class='ocrx_word' id='word_1_501' title='bbox 710 2744 851 2788; x_wconf 81' lang='lat' dir='ltr'>ejusdem</span> <span class='ocrx_word' id='word_1_502' title='bbox 882 2746 948 2780; x_wconf 91' lang='lat' dir='ltr'>diei</span> <span class='ocrx_word' id='word_1_503' title='bbox 971 2749 1004 2778; x_wconf 89' lang='lat' dir='ltr'>in</span> <span class='ocrx_word' id='word_1_504' title='bbox 1029 2746 1099 2781; x_wconf 87' lang='lat' dir='ltr'>Bo-</span> 
     </span>
    </p>
   </div>
   <div class='ocr_carea' id='block_1_3' title="bbox 92 2786 1137 2829">
    <p class='ocr_par' dir='ltr' id='par_1_5' title="bbox 92 2786 1137 2829">
     <span class='ocr_line' id='line_1_60' title="bbox 92 2786 1137 2829; baseline -0.002 -5"><span class='ocrx_word' id='word_1_505' title='bbox 92 2787 258 2828; x_wconf 80' lang='lat' dir='ltr'>noniensi,</span> <span class='ocrx_word' id='word_1_506' title='bbox 282 2786 366 2829; x_wconf 89' lang='lat' dir='ltr'>quod</span> <span class='ocrx_word' id='word_1_507' title='bbox 388 2787 503 2829; x_wconf 77' lang='lat' dir='ltr'>saepius</span> <span class='ocrx_word' id='word_1_508' title='bbox 526 2790 772 2823; x_wconf 89' lang='lat' dir='ltr'>memoravimus</span> <span class='ocrx_word' id='word_1_509' title='bbox 791 2813 800 2828; x_wconf 90' lang='lat'><em>,</em></span> <span class='ocrx_word' id='word_1_510' title='bbox 828 2790 1036 2824; x_wconf 88' lang='lat' dir='ltr'>Nosocomio</span> <span class='ocrx_word' id='word_1_511' title='bbox 1059 2789 1137 2823; x_wconf 41' lang='lat' dir='ltr'>ael„</span> 
     </span>
    </p>
   </div>
   <div class='ocr_carea' id='block_1_4' title="bbox 91 2831 1102 3660">
    <p class='ocr_par' dir='ltr' id='par_1_6' title="bbox 91 2831 1102 3660">
     <span class='ocr_line' id='line_1_61' title="bbox 93 2831 1097 2877; baseline 0.001 -11"><span class='ocrx_word' id='word_1_512' title='bbox 93 2833 235 2867; x_wconf 87' lang='lat' dir='ltr'>medium</span> <span class='ocrx_word' id='word_1_513' title='bbox 253 2831 446 2877; x_wconf 89' lang='lat' dir='ltr'>Januariurn</span> <span class='ocrx_word' id='word_1_514' title='bbox 469 2833 511 2864; x_wconf 82' lang='lat' dir='ltr'>A.</span> <span class='ocrx_word' id='word_1_515' title='bbox 539 2835 631 2876; x_wconf 86' lang='lat'><em>1706.</em></span> <span class='ocrx_word' id='word_1_516' title='bbox 769 2834 823 2866; x_wconf 90' lang='lat' dir='ltr'>IN</span> <span class='ocrx_word' id='word_1_517' title='bbox 848 2833 1097 2867; x_wconf 84' lang='lat' dir='ltr'>THORACIS</span> 
     </span>
     <span class='ocr_line' id='line_1_62' title="bbox 92 2874 1099 2913; baseline -0.001 -3"><span class='ocrx_word' id='word_1_518' title='bbox 92 2888 171 2911; x_wconf 89' lang='lat' dir='ltr'>cavo</span> <span class='ocrx_word' id='word_1_519' title='bbox 193 2875 326 2908; x_wconf 86' lang='lat' dir='ltr'>dextero</span> <span class='ocrx_word' id='word_1_520' title='bbox 351 2874 452 2907; x_wconf 89' lang='lat' dir='ltr'>serum</span> <span class='ocrx_word' id='word_1_521' title='bbox 476 2876 663 2913; x_wconf 84' lang='lat' dir='ltr'>turbidum,</span> <span class='ocrx_word' id='word_1_522' title='bbox 687 2878 721 2909; x_wconf 90' lang='lat'>&amp;</span> <span class='ocrx_word' id='word_1_523' title='bbox 743 2876 921 2910; x_wconf 90' lang='lat' dir='ltr'>saniosum.</span> <span class='ocrx_word' id='word_1_524' title='bbox 948 2879 987 2909; x_wconf 90' lang='lat' dir='ltr'>In</span> <span class='ocrx_word' id='word_1_525' title='bbox 1010 2887 1099 2910; x_wconf 80' lang='lat' dir='ltr'>utro-</span> 
     </span>
     <span class='ocr_line' id='line_1_63' title="bbox 92 2916 1098 2963; baseline -0.001 -9"><span class='ocrx_word' id='word_1_526' title='bbox 92 2932 153 2963; x_wconf 87' lang='lat' dir='ltr'>que</span> <span class='ocrx_word' id='word_1_527' title='bbox 175 2919 341 2962; x_wconf 88' lang='lat' dir='ltr'>pulmones</span> <span class='ocrx_word' id='word_1_528' title='bbox 363 2916 462 2951; x_wconf 83' lang='lat' dir='ltr'>ferme</span> <span class='ocrx_word' id='word_1_529' title='bbox 486 2919 628 2963; x_wconf 87' lang='lat' dir='ltr'>undique</span> <span class='ocrx_word' id='word_1_530' title='bbox 663 2919 701 2952; x_wconf 88' lang='lat' dir='ltr'>ad</span> <span class='ocrx_word' id='word_1_531' title='bbox 724 2922 856 2961; x_wconf 87' lang='lat' dir='ltr'>parietes</span> <span class='ocrx_word' id='word_1_532' title='bbox 877 2945 889 2961; x_wconf 81' lang='lat'>‚</span> <span class='ocrx_word' id='word_1_533' title='bbox 923 2932 976 2954; x_wconf 88' lang='lat' dir='ltr'>eos</span> <span class='ocrx_word' id='word_1_534' title='bbox 999 2922 1098 2953; x_wconf 87' lang='lat' dir='ltr'>etiam</span> 
     </span>
     <span class='ocr_line' id='line_1_64' title="bbox 92 2960 1097 3007; baseline 0.001 -11"><span class='ocrx_word' id='word_1_535' title='bbox 92 2975 172 3007; x_wconf 89' lang='lat' dir='ltr'>quos</span> <span class='ocrx_word' id='word_1_536' title='bbox 195 2961 404 3004; x_wconf 74' lang='lat' dir='ltr'>diaphragma</span> <span class='ocrx_word' id='word_1_537' title='bbox 427 2960 508 2995; x_wconf 85' lang='lat' dir='ltr'>facit</span> <span class='ocrx_word' id='word_1_538' title='bbox 532 2989 541 3002; x_wconf 91' lang='lat'><strong>,</strong></span> <span class='ocrx_word' id='word_1_539' title='bbox 572 2963 770 2997; x_wconf 75' lang='lat' dir='ltr'>adhaerentes</span> <span class='ocrx_word' id='word_1_540' title='bbox 792 2988 802 3003; x_wconf 91' lang='lat'>,</span> <span class='ocrx_word' id='word_1_541' title='bbox 827 2963 943 2997; x_wconf 76' lang='lat' dir='ltr'>sinister</span> <span class='ocrx_word' id='word_1_542' title='bbox 966 2962 1097 3007; x_wconf 89' lang='lat' dir='ltr'>quidem</span> 
     </span>
     <span class='ocr_line' id='line_1_65' title="bbox 94 3005 1097 3048; baseline 0.001 -8"><span class='ocrx_word' id='word_1_543' title='bbox 94 3007 253 3040; x_wconf 88' lang='lat' dir='ltr'>anteriore</span> <span class='ocrx_word' id='word_1_544' title='bbox 278 3005 358 3038; x_wconf 87' lang='lat' dir='ltr'>facie</span> <span class='ocrx_word' id='word_1_545' title='bbox 381 3017 434 3048; x_wconf 88' lang='lat' dir='ltr'>per</span> <span class='ocrx_word' id='word_1_546' title='bbox 457 3005 617 3041; x_wconf 88' lang='lat' dir='ltr'>filamenta</span> <span class='ocrx_word' id='word_1_547' title='bbox 639 3006 809 3041; x_wconf 84' lang='lat' dir='ltr'>dumtaxat</span> <span class='ocrx_word' id='word_1_548' title='bbox 836 3019 846 3045; x_wconf 88' lang='lat'>;</span> <span class='ocrx_word' id='word_1_549' title='bbox 880 3008 965 3041; x_wconf 89' lang='lat' dir='ltr'>idem</span> <span class='ocrx_word' id='word_1_550' title='bbox 992 3017 1097 3041; x_wconf 88' lang='lat' dir='ltr'>autem</span> 
     </span>
     <span class='ocr_line' id='line_1_66' title="bbox 95 3048 1098 3096; baseline 0.001 -13"><span class='ocrx_word' id='word_1_551' title='bbox 95 3051 232 3093; x_wconf 87' lang='lat' dir='ltr'>pulmo,</span> <span class='ocrx_word' id='word_1_552' title='bbox 255 3052 288 3082; x_wconf 83' lang='lat'>&amp;</span> <span class='ocrx_word' id='word_1_553' title='bbox 312 3048 422 3082; x_wconf 80' lang='lat' dir='ltr'>dexter</span> <span class='ocrx_word' id='word_1_554' title='bbox 443 3061 570 3096; x_wconf 80' lang='lat' dir='ltr'>quoque</span> <span class='ocrx_word' id='word_1_555' title='bbox 597 3074 610 3091; x_wconf 84' lang='lat'><em>,</em></span> <span class='ocrx_word' id='word_1_556' title='bbox 641 3051 767 3092; x_wconf 89' lang='lat' dir='ltr'>reliquo</span> <span class='ocrx_word' id='word_1_557' title='bbox 790 3051 1021 3094; x_wconf 85' lang='lat' dir='ltr'>propemodum</span> <span class='ocrx_word' id='word_1_558' title='bbox 1046 3061 1098 3084; x_wconf 91' lang='lat' dir='ltr'>to-</span> 
     </span>
     <span class='ocr_line' id='line_1_67' title="bbox 94 3093 1098 3137; baseline 0.001 -11"><span class='ocrx_word' id='word_1_559' title='bbox 94 3103 131 3127; x_wconf 90' lang='lat' dir='ltr'>to</span> <span class='ocrx_word' id='word_1_560' title='bbox 163 3093 287 3128; x_wconf 88' lang='lat' dir='ltr'>ambitu</span> <span class='ocrx_word' id='word_1_561' title='bbox 319 3103 372 3135; x_wconf 87' lang='lat' dir='ltr'>per</span> <span class='ocrx_word' id='word_1_562' title='bbox 408 3093 608 3136; x_wconf 62' lang='lat' dir='ltr'>inreqestam</span> <span class='ocrx_word' id='word_1_563' title='bbox 642 3094 770 3128; x_wconf 76' lang='lat' dir='ltr'>crassam</span> <span class='ocrx_word' id='word_1_564' title='bbox 806 3096 965 3137; x_wconf 82' lang='lat' dir='ltr'>quandam</span> <span class='ocrx_word' id='word_1_565' title='bbox 1009 3095 1098 3136; x_wconf 84' lang='lat' dir='ltr'>quasi</span> 
     </span>
     <span class='ocr_line' id='line_1_68' title="bbox 91 3137 1100 3181; baseline 0 -9"><span class='ocrx_word' id='word_1_566' title='bbox 91 3137 308 3172; x_wconf 81' lang='lat' dir='ltr'>membranam</span> <span class='ocrx_word' id='word_1_567' title='bbox 319 3147 382 3169; x_wconf 88' lang='lat' dir='ltr'>non</span> <span class='ocrx_word' id='word_1_568' title='bbox 407 3137 507 3170; x_wconf 90' lang='lat' dir='ltr'>modo</span> <span class='ocrx_word' id='word_1_569' title='bbox 521 3138 685 3172; x_wconf 69' lang='lat' dir='ltr'>arstiffirne</span> <span class='ocrx_word' id='word_1_570' title='bbox 699 3140 834 3171; x_wconf 86' lang='lat' dir='ltr'>connexi</span> <span class='ocrx_word' id='word_1_571' title='bbox 850 3162 860 3177; x_wconf 92' lang='lat'>‚</span> <span class='ocrx_word' id='word_1_572' title='bbox 883 3138 933 3172; x_wconf 86' lang='lat' dir='ltr'>sed</span> <span class='ocrx_word' id='word_1_573' title='bbox 943 3139 1100 3181; x_wconf 87' lang='lat' dir='ltr'>quodam-</span> 
     </span>
     <span class='ocr_line' id='line_1_69' title="bbox 94 3181 1098 3223; baseline 0.003 -8"><span class='ocrx_word' id='word_1_574' title='bbox 94 3181 193 3215; x_wconf 89' lang='lat' dir='ltr'>modo</span> <span class='ocrx_word' id='word_1_575' title='bbox 217 3183 317 3214; x_wconf 88' lang='lat' dir='ltr'>etiam</span> <span class='ocrx_word' id='word_1_576' title='bbox 338 3182 490 3213; x_wconf 89' lang='lat' dir='ltr'>connati.</span> <span class='ocrx_word' id='word_1_577' title='bbox 514 3182 595 3215; x_wconf 74' lang='lat' dir='ltr'>Haec</span> <span class='ocrx_word' id='word_1_578' title='bbox 617 3183 801 3215; x_wconf 86' lang='lat' dir='ltr'>membrana</span> <span class='ocrx_word' id='word_1_579' title='bbox 813 3182 881 3215; x_wconf 88' lang='lat' dir='ltr'>alba</span> <span class='ocrx_word' id='word_1_580' title='bbox 896 3207 903 3221; x_wconf 91' lang='lat'>‚</span> <span class='ocrx_word' id='word_1_581' title='bbox 926 3192 1021 3216; x_wconf 85' lang='lat' dir='ltr'>tenax</span> <span class='ocrx_word' id='word_1_582' title='bbox 1036 3208 1044 3223; x_wconf 83' lang='lat'><strong><em>‚</em></strong></span> <span class='ocrx_word' id='word_1_583' title='bbox 1065 3188 1098 3218; x_wconf 70' lang='grc' dir='ltr'>δί</span> 
     </span>
     <span class='ocr_line' id='line_1_70' title="bbox 95 3223 1098 3269; baseline 0.002 -11"><span class='ocrx_word' id='word_1_584' title='bbox 95 3225 214 3259; x_wconf 88' lang='lat' dir='ltr'>alicubi</span> <span class='ocrx_word' id='word_1_585' title='bbox 236 3225 292 3257; x_wconf 88' lang='lat' dir='ltr'>vix</span> <span class='ocrx_word' id='word_1_586' title='bbox 314 3223 454 3257; x_wconf 89' lang='lat' dir='ltr'>dimidio</span> <span class='ocrx_word' id='word_1_587' title='bbox 477 3225 582 3260; x_wconf 89' lang='lat' dir='ltr'>minus</span> <span class='ocrx_word' id='word_1_588' title='bbox 605 3224 723 3266; x_wconf 83' lang='lat' dir='ltr'>crassa,</span> <span class='ocrx_word' id='word_1_589' title='bbox 745 3237 847 3269; x_wconf 80' lang='lat' dir='ltr'>quam</span> <span class='ocrx_word' id='word_1_590' title='bbox 865 3227 989 3268; x_wconf 81' lang='lat' dir='ltr'>digitus</span> <span class='ocrx_word' id='word_1_591' title='bbox 1013 3229 1098 3260; x_wconf 84' lang='lat' dir='ltr'>auri-</span> 
     </span>
     <span class='ocr_line' id='line_1_71' title="bbox 93 3268 1097 3310; baseline 0.004 -9"><span class='ocrx_word' id='word_1_592' title='bbox 93 3269 211 3302; x_wconf 88' lang='lat' dir='ltr'>cularis</span> <span class='ocrx_word' id='word_1_593' title='bbox 233 3280 248 3301; x_wconf 89' lang='lat' dir='ltr'>a</span> <span class='ocrx_word' id='word_1_594' title='bbox 272 3268 395 3301; x_wconf 82' lang='lat' dir='ltr'>dextris</span> <span class='ocrx_word' id='word_1_595' title='bbox 418 3268 569 3310; x_wconf 60' lang='lat' dir='ltr'>quidun,-</span> <span class='ocrx_word' id='word_1_596' title='bbox 591 3281 662 3303; x_wconf 89' lang='lat' dir='ltr'>nam</span> <span class='ocrx_word' id='word_1_597' title='bbox 687 3282 702 3302; x_wconf 89' lang='lat' dir='ltr'>a</span> <span class='ocrx_word' id='word_1_598' title='bbox 725 3268 853 3303; x_wconf 82' lang='lat' dir='ltr'>sinistris</span> <span class='ocrx_word' id='word_1_599' title='bbox 866 3270 969 3304; x_wconf 89' lang='lat' dir='ltr'>multo</span> <span class='ocrx_word' id='word_1_600' title='bbox 991 3273 1097 3305; x_wconf 85' lang='lat' dir='ltr'>minus</span> 
     </span>
     <span class='ocr_line' id='line_1_72' title="bbox 94 3311 1096 3356; baseline 0.002 -11"><span class='ocrx_word' id='word_1_601' title='bbox 94 3322 165 3347; x_wconf 90' lang='lat' dir='ltr'>tum</span> <span class='ocrx_word' id='word_1_602' title='bbox 190 3312 282 3350; x_wconf 84' lang='lat' dir='ltr'>alba,</span> <span class='ocrx_word' id='word_1_603' title='bbox 307 3320 380 3345; x_wconf 86' lang='lat' dir='ltr'>turn</span> <span class='ocrx_word' id='word_1_604' title='bbox 401 3311 494 3345; x_wconf 82' lang='lat' dir='ltr'>crassa</span> <span class='ocrx_word' id='word_1_605' title='bbox 517 3322 604 3354; x_wconf 82' lang='lat' dir='ltr'>erat;</span> <span class='ocrx_word' id='word_1_606' title='bbox 629 3314 798 3356; x_wconf 86' lang='lat' dir='ltr'>pulmones</span> <span class='ocrx_word' id='word_1_607' title='bbox 821 3325 902 3356; x_wconf 91' lang='lat' dir='ltr'>quos</span> <span class='ocrx_word' id='word_1_608' title='bbox 925 3316 957 3346; x_wconf 92' lang='lat' dir='ltr'>vi</span> <span class='ocrx_word' id='word_1_609' title='bbox 982 3314 1096 3348; x_wconf 82' lang='lat' dir='ltr'>necesse</span> 
     </span>
     <span class='ocr_line' id='line_1_73' title="bbox 95 3354 1102 3399; baseline -0.001 -10"><span class='ocrx_word' id='word_1_610' title='bbox 95 3366 162 3390; x_wconf 81' lang='lat' dir='ltr'>erat</span> <span class='ocrx_word' id='word_1_611' title='bbox 184 3355 329 3392; x_wconf 85' lang='lat' dir='ltr'>avellere,</span> <span class='ocrx_word' id='word_1_612' title='bbox 359 3354 565 3397; x_wconf 87' lang='lat' dir='ltr'>sequebatur.</span> <span class='ocrx_word' id='word_1_613' title='bbox 589 3357 734 3390; x_wconf 86' lang='lat' dir='ltr'>Eandem</span> <span class='ocrx_word' id='word_1_614' title='bbox 757 3367 863 3390; x_wconf 86' lang='lat' dir='ltr'>tamen</span> <span class='ocrx_word' id='word_1_615' title='bbox 887 3357 908 3390; x_wconf 84' lang='lat' dir='ltr'>si</span> <span class='ocrx_word' id='word_1_616' title='bbox 934 3369 949 3389; x_wconf 89' lang='lat' dir='ltr'>a</span> <span class='ocrx_word' id='word_1_617' title='bbox 973 3358 1102 3399; x_wconf 75' lang='lat' dir='ltr'>pulmo-</span> 
     </span>
     <span class='ocr_line' id='line_1_74' title="bbox 94 3398 1100 3444; baseline 0.002 -12"><span class='ocrx_word' id='word_1_618' title='bbox 94 3400 211 3439; x_wconf 86' lang='lat' dir='ltr'>nibus,</span> <span class='ocrx_word' id='word_1_619' title='bbox 233 3399 323 3442; x_wconf 88' lang='lat' dir='ltr'>quod</span> <span class='ocrx_word' id='word_1_620' title='bbox 346 3398 439 3432; x_wconf 87' lang='lat' dir='ltr'>facile</span> <span class='ocrx_word' id='word_1_621' title='bbox 450 3409 539 3440; x_wconf 81' lang='lat' dir='ltr'>erat,</span> <span class='ocrx_word' id='word_1_622' title='bbox 561 3399 716 3444; x_wconf 85' lang='lat' dir='ltr'>separares</span> <span class='ocrx_word' id='word_1_623' title='bbox 730 3423 740 3438; x_wconf 92' lang='lat'><strong><em>‚</em></strong></span> <span class='ocrx_word' id='word_1_624' title='bbox 764 3412 873 3434; x_wconf 91' lang='lat' dir='ltr'>eorum</span> <span class='ocrx_word' id='word_1_625' title='bbox 885 3401 1100 3436; x_wconf 80' lang='lat' dir='ltr'>membranam</span> 
     </span>
     <span class='ocr_line' id='line_1_75' title="bbox 96 3442 1099 3489; baseline 0.002 -11"><span class='ocrx_word' id='word_1_626' title='bbox 96 3442 207 3478; x_wconf 84' lang='lat' dir='ltr'>subesse</span> <span class='ocrx_word' id='word_1_627' title='bbox 231 3442 363 3476; x_wconf 82' lang='lat' dir='ltr'>illaesam</span> <span class='ocrx_word' id='word_1_628' title='bbox 385 3464 395 3480; x_wconf 93' lang='lat'>‚</span> <span class='ocrx_word' id='word_1_629' title='bbox 428 3445 462 3475; x_wconf 88' lang='lat'>&amp;</span> <span class='ocrx_word' id='word_1_630' title='bbox 482 3444 640 3486; x_wconf 84' lang='lat' dir='ltr'>integram</span> <span class='ocrx_word' id='word_1_631' title='bbox 659 3468 672 3486; x_wconf 82' lang='lat'><em>,</em></span> <span class='ocrx_word' id='word_1_632' title='bbox 705 3444 918 3488; x_wconf 87' lang='lat' dir='ltr'>perspiciebas</span> <span class='ocrx_word' id='word_1_633' title='bbox 940 3470 946 3477; x_wconf 93' lang='lat'><em>.</em></span> <span class='ocrx_word' id='word_1_634' title='bbox 985 3447 1099 3489; x_wconf 89' lang='lat' dir='ltr'>Itaque</span> 
     </span>
     <span class='ocr_line' id='line_1_76' title="bbox 95 3484 1100 3531; baseline 0.003 -12"><span class='ocrx_word' id='word_1_635' title='bbox 95 3489 238 3531; x_wconf 82' lang='lat' dir='ltr'>pleuram</span> <span class='ocrx_word' id='word_1_636' title='bbox 259 3484 341 3527; x_wconf 82' lang='lat' dir='ltr'>effe,</span> <span class='ocrx_word' id='word_1_637' title='bbox 361 3485 488 3521; x_wconf 77' lang='lat' dir='ltr'>dixisses</span> <span class='ocrx_word' id='word_1_638' title='bbox 506 3510 519 3527; x_wconf 82' lang='grc'>,</span> <span class='ocrx_word' id='word_1_639' title='bbox 549 3487 606 3520; x_wconf 83' lang='lat' dir='ltr'>nisi</span> <span class='ocrx_word' id='word_1_640' title='bbox 631 3500 646 3521; x_wconf 89' lang='lat' dir='ltr'>a</span> <span class='ocrx_word' id='word_1_641' title='bbox 668 3488 798 3522; x_wconf 86' lang='lat' dir='ltr'>sinistris</span> <span class='ocrx_word' id='word_1_642' title='bbox 830 3488 934 3522; x_wconf 89' lang='lat' dir='ltr'>sanam</span> <span class='ocrx_word' id='word_1_643' title='bbox 957 3490 989 3521; x_wconf 70' lang='grc' dir='ltr'>δε</span> <span class='ocrx_word' id='word_1_644' title='bbox 1013 3491 1100 3522; x_wconf 88' lang='lat' dir='ltr'>inre-</span> 
     </span>
     <span class='ocr_line' id='line_1_77' title="bbox 94 3529 1099 3575; baseline 0.004 -12"><span class='ocrx_word' id='word_1_645' title='bbox 94 3542 182 3574; x_wconf 81' lang='lat' dir='ltr'>gram</span> <span class='ocrx_word' id='word_1_646' title='bbox 207 3532 349 3574; x_wconf 88' lang='lat' dir='ltr'>pleuram</span> <span class='ocrx_word' id='word_1_647' title='bbox 372 3530 425 3564; x_wconf 88' lang='lat' dir='ltr'>sua</span> <span class='ocrx_word' id='word_1_648' title='bbox 448 3531 481 3563; x_wconf 87' lang='lat' dir='ltr'>in</span> <span class='ocrx_word' id='word_1_649' title='bbox 504 3529 573 3563; x_wconf 86' lang='lat' dir='ltr'>sede</span> <span class='ocrx_word' id='word_1_650' title='bbox 595 3531 737 3566; x_wconf 85' lang='lat' dir='ltr'>restitisse</span> <span class='ocrx_word' id='word_1_651' title='bbox 755 3556 768 3573; x_wconf 87' lang='lat'><em>‚</em></span> <span class='ocrx_word' id='word_1_652' title='bbox 801 3532 1065 3567; x_wconf 84' lang='lat' dir='ltr'>animadverteres</span> <span class='ocrx_word' id='word_1_653' title='bbox 1089 3560 1099 3575; x_wconf 94' lang='lat'><em>‚</em></span> 
     </span>
     <span class='ocr_line' id='line_1_78' title="bbox 94 3573 1100 3617; baseline 0.006 -10"><span class='ocrx_word' id='word_1_654' title='bbox 94 3585 149 3617; x_wconf 88' lang='lat' dir='ltr'>per</span> <span class='ocrx_word' id='word_1_655' title='bbox 182 3585 277 3616; x_wconf 84' lang='lat' dir='ltr'>quam</span> <span class='ocrx_word' id='word_1_656' title='bbox 302 3575 444 3615; x_wconf 82' lang='lat' dir='ltr'>proximi</span> <span class='ocrx_word' id='word_1_657' title='bbox 477 3573 764 3615; x_wconf 79' lang='lat' dir='ltr'>transpiciebantur</span> <span class='ocrx_word' id='word_1_658' title='bbox 787 3576 1006 3610; x_wconf 85' lang='lat' dir='ltr'>Intercostales</span> <span class='ocrx_word' id='word_1_659' title='bbox 1028 3589 1100 3612; x_wconf 87' lang='lat' dir='ltr'>mu—</span> 
     </span>
     <span class='ocr_line' id='line_1_79' title="bbox 182 3616 905 3660; baseline 0.006 -10"><span class='ocrx_word' id='word_1_660' title='bbox 182 3619 350 3660; x_wconf 74' lang='lat' dir='ltr'>Morgagni</span> <span class='ocrx_word' id='word_1_661' title='bbox 360 3618 395 3651; x_wconf 81' lang='lat' dir='ltr'>de</span> <span class='ocrx_word' id='word_1_662' title='bbox 406 3619 473 3651; x_wconf 76' lang='lat' dir='ltr'>sed.</span> <span class='ocrx_word' id='word_1_663' title='bbox 490 3616 629 3660; x_wconf 77' lang='lat' dir='ltr'>&amp;Caufi</span> <span class='ocrx_word' id='word_1_664' title='bbox 644 3619 746 3652; x_wconf 87' lang='lat' dir='ltr'>Morb.</span> <span class='ocrx_word' id='word_1_665' title='bbox 760 3621 861 3653; x_wconf 88' lang='lat' dir='ltr'>Tom.</span> <span class='ocrx_word' id='word_1_666' title='bbox 877 3623 905 3654; x_wconf 91' lang='lat' dir='ltr'>I.</span> 
     </span>
    </p>
   </div>
   <div class='ocr_carea' id='block_1_5' title="bbox 158 3803 786 3835">
    <p class='ocr_par' dir='ltr' id='par_1_7' title="bbox 158 3803 786 3835">
     <span class='ocr_line' id='line_1_80' title="bbox 158 3803 786 3835; baseline 0.002 -6"><span class='ocrx_word' id='word_1_667' title='bbox 158 3803 167 3833; x_wconf 83' lang='lat' dir='ltr'>s</span> <span class='ocrx_word' id='word_1_668' title='bbox 184 3813 195 3829; x_wconf 83' lang='lat' dir='ltr'><em>c</em></span> <span class='ocrx_word' id='word_1_669' title='bbox 210 3805 224 3834; x_wconf 81' lang='grc'>&gt;</span> <span class='ocrx_word' id='word_1_670' title='bbox 239 3807 312 3831; x_wconf 73' lang='lat' dir='ltr'>Acut.</span> <span class='ocrx_word' id='word_1_671' title='bbox 330 3805 387 3831; x_wconf 73' lang='lat' dir='ltr'>Pais.</span> <span class='ocrx_word' id='word_1_672' title='bbox 405 3805 422 3830; x_wconf 86' lang='lat' dir='ltr'>l.</span> <span class='ocrx_word' id='word_1_673' title='bbox 439 3812 462 3828; x_wconf 85' lang='lat'>2.</span> <span class='ocrx_word' id='word_1_674' title='bbox 479 3811 500 3828; x_wconf 83' lang='lat' dir='ltr'>e.</span> <span class='ocrx_word' id='word_1_675' title='bbox 518 3808 556 3830; x_wconf 86' lang='lat'>16.</span> <span class='ocrx_word' id='word_1_676' title='bbox 617 3806 631 3835; x_wconf 85' lang='lat'>(</span> <span class='ocrx_word' id='word_1_677' title='bbox 646 3805 663 3829; x_wconf 79' lang='lat' dir='ltr'>d</span> <span class='ocrx_word' id='word_1_678' title='bbox 678 3805 691 3834; x_wconf 86' lang='grc'>)</span> <span class='ocrx_word' id='word_1_679' title='bbox 708 3813 731 3830; x_wconf 84' lang='lat' dir='ltr'>n.</span> <span class='ocrx_word' id='word_1_680' title='bbox 748 3814 786 3834; x_wconf 82' lang='lat'>24·</span> 
     </span>
    </p>
   </div>
   <div class='ocr_carea' id='block_1_6' title="bbox 2004 205 2101 252">
    <p class='ocr_par' dir='ltr' id='par_1_8' title="bbox 2004 205 2101 252">
     <span class='ocr_line' id='line_1_81' title="bbox 2004 205 2101 252; baseline 0 -12"><span class='ocrx_word' id='word_1_681' title='bbox 2004 205 2101 252; x_wconf 81' lang='lat'>217</span> 
     </span>
    </p>
   </div>
   <div class='ocr_carea' id='block_1_7' title="bbox 1147 267 2175 3666">
    <p class='ocr_par' dir='ltr' id='par_1_9' title="bbox 1150 267 2175 2439">
     <span class='ocr_line' id='line_1_82' title="bbox 1164 267 2170 313; baseline -0.002 -9"><span class='ocrx_word' id='word_1_682' title='bbox 1164 269 1265 308; x_wconf 86' lang='lat' dir='ltr'>sculi,</span> <span class='ocrx_word' id='word_1_683' title='bbox 1287 270 1372 313; x_wconf 86' lang='lat' dir='ltr'>iique</span> <span class='ocrx_word' id='word_1_684' title='bbox 1397 269 1505 312; x_wconf 82' lang='lat' dir='ltr'>potius</span> <span class='ocrx_word' id='word_1_685' title='bbox 1530 267 1675 301; x_wconf 87' lang='lat' dir='ltr'>rubentes</span> <span class='ocrx_word' id='word_1_686' title='bbox 1694 294 1703 301; x_wconf 90' lang='lat'><strong>.</strong></span> <span class='ocrx_word' id='word_1_687' title='bbox 1725 270 1756 302; x_wconf 78' lang='lat' dir='ltr'>A</span> <span class='ocrx_word' id='word_1_688' title='bbox 1779 267 1900 301; x_wconf 81' lang='lat' dir='ltr'>dextris</span> <span class='ocrx_word' id='word_1_689' title='bbox 1923 275 2029 299; x_wconf 76' lang='lat' dir='ltr'>tamen</span> <span class='ocrx_word' id='word_1_690' title='bbox 2045 293 2053 306; x_wconf 96' lang='lat'>‚</span> <span class='ocrx_word' id='word_1_691' title='bbox 2079 268 2170 309; x_wconf 83' lang='lat' dir='ltr'>pleu-</span> 
     </span>
     <span class='ocr_line' id='line_1_83' title="bbox 1164 309 2167 353; baseline -0.003 -7"><span class='ocrx_word' id='word_1_692' title='bbox 1164 325 1205 346; x_wconf 79' lang='lat' dir='ltr'>rae</span> <span class='ocrx_word' id='word_1_693' title='bbox 1229 313 1304 345; x_wconf 91' lang='lat' dir='ltr'>loco</span> <span class='ocrx_word' id='word_1_694' title='bbox 1324 336 1335 352; x_wconf 86' lang='lat'><em>,</em></span> <span class='ocrx_word' id='word_1_695' title='bbox 1369 313 1550 346; x_wconf 85' lang='lat' dir='ltr'>membrana</span> <span class='ocrx_word' id='word_1_696' title='bbox 1573 310 1668 343; x_wconf 89' lang='lat' dir='ltr'>altera</span> <span class='ocrx_word' id='word_1_697' title='bbox 1697 311 1864 353; x_wconf 73' lang='lat' dir='ltr'>apparebat</span> <span class='ocrx_word' id='word_1_698' title='bbox 1898 310 1986 343; x_wconf 90' lang='lat' dir='ltr'>illius</span> <span class='ocrx_word' id='word_1_699' title='bbox 2023 309 2134 343; x_wconf 80' lang='lat' dir='ltr'>similis</span> <span class='ocrx_word' id='word_1_700' title='bbox 2158 332 2167 343; x_wconf 81' lang='lat'><em>‚</em></span> 
     </span>
     <span class='ocr_line' id='line_1_84' title="bbox 1164 352 2166 398; baseline -0.003 -10"><span class='ocrx_word' id='word_1_701' title='bbox 1164 354 1222 388; x_wconf 78' lang='lat' dir='ltr'>nisi</span> <span class='ocrx_word' id='word_1_702' title='bbox 1255 356 1341 398; x_wconf 88' lang='lat' dir='ltr'>quod</span> <span class='ocrx_word' id='word_1_703' title='bbox 1366 357 1460 398; x_wconf 84' lang='lat' dir='ltr'>paulo</span> <span class='ocrx_word' id='word_1_704' title='bbox 1494 356 1598 387; x_wconf 86' lang='lat' dir='ltr'>minus</span> <span class='ocrx_word' id='word_1_705' title='bbox 1620 364 1686 386; x_wconf 85' lang='lat' dir='ltr'>erat</span> <span class='ocrx_word' id='word_1_706' title='bbox 1709 353 1834 394; x_wconf 84' lang='lat' dir='ltr'>crassa,</span> <span class='ocrx_word' id='word_1_707' title='bbox 1865 365 1934 395; x_wconf 76' lang='lat' dir='ltr'>quae</span> <span class='ocrx_word' id='word_1_708' title='bbox 1968 352 2041 386; x_wconf 86' lang='lat' dir='ltr'>inde</span> <span class='ocrx_word' id='word_1_709' title='bbox 2074 352 2166 386; x_wconf 79' lang='lat' dir='ltr'>simul</span> 
     </span>
     <span class='ocr_line' id='line_1_85' title="bbox 1164 395 2167 441; baseline -0.003 -9"><span class='ocrx_word' id='word_1_710' title='bbox 1164 410 1238 433; x_wconf 89' lang='lat' dir='ltr'>cum</span> <span class='ocrx_word' id='word_1_711' title='bbox 1262 400 1412 441; x_wconf 89' lang='lat' dir='ltr'>pulmone</span> <span class='ocrx_word' id='word_1_712' title='bbox 1437 398 1542 433; x_wconf 86' lang='lat' dir='ltr'>avulsa</span> <span class='ocrx_word' id='word_1_713' title='bbox 1565 395 1630 439; x_wconf 75' lang='lat' dir='ltr'>jam</span> <span class='ocrx_word' id='word_1_714' title='bbox 1653 396 1780 436; x_wconf 81' lang='lat' dir='ltr'>fuerat3</span> <span class='ocrx_word' id='word_1_715' title='bbox 1803 409 1900 440; x_wconf 89' lang='lat' dir='ltr'>quam</span> <span class='ocrx_word' id='word_1_716' title='bbox 1924 395 2055 429; x_wconf 87' lang='lat' dir='ltr'>alteram</span> <span class='ocrx_word' id='word_1_717' title='bbox 2069 408 2167 429; x_wconf 89' lang='lat' dir='ltr'>mem-</span> 
     </span>
     <span class='ocr_line' id='line_1_86' title="bbox 1163 439 2167 480; baseline -0.004 -5"><span class='ocrx_word' id='word_1_718' title='bbox 1163 443 1293 475; x_wconf 86' lang='lat' dir='ltr'>branam</span> <span class='ocrx_word' id='word_1_719' title='bbox 1326 441 1348 475; x_wconf 84' lang='lat' dir='ltr'>si</span> <span class='ocrx_word' id='word_1_720' title='bbox 1379 442 1590 480; x_wconf 84' lang='lat' dir='ltr'>detraheres;</span> <span class='ocrx_word' id='word_1_721' title='bbox 1630 440 1755 473; x_wconf 84' lang='lat' dir='ltr'>albidos</span> <span class='ocrx_word' id='word_1_722' title='bbox 1802 439 1916 474; x_wconf 84' lang='lat' dir='ltr'>subesse</span> <span class='ocrx_word' id='word_1_723' title='bbox 1951 440 2167 473; x_wconf 84' lang='lat' dir='ltr'>Intercostales</span> 
     </span>
     <span class='ocr_line' id='line_1_87' title="bbox 1164 482 2166 528; baseline -0.005 -9"><span class='ocrx_word' id='word_1_724' title='bbox 1164 485 1342 523; x_wconf 88' lang='lat' dir='ltr'>musculos,</span> <span class='ocrx_word' id='word_1_725' title='bbox 1367 486 1586 528; x_wconf 85' lang='lat' dir='ltr'>conspiciebas</span> <span class='ocrx_word' id='word_1_726' title='bbox 1610 498 1618 521; x_wconf 81' lang='lat'><em>3</em></span> <span class='ocrx_word' id='word_1_727' title='bbox 1644 494 1679 517; x_wconf 90' lang='lat' dir='ltr'>ut</span> <span class='ocrx_word' id='word_1_728' title='bbox 1704 484 1758 517; x_wconf 88' lang='lat' dir='ltr'>hic</span> <span class='ocrx_word' id='word_1_729' title='bbox 1780 482 1909 526; x_wconf 88' lang='lat' dir='ltr'>quidem</span> <span class='ocrx_word' id='word_1_730' title='bbox 1933 482 2038 525; x_wconf 83' lang='lat' dir='ltr'>pleura</span> <span class='ocrx_word' id='word_1_731' title='bbox 2062 483 2166 515; x_wconf 85' lang='lat' dir='ltr'>morbi</span> 
     </span>
     <span class='ocr_line' id='line_1_88' title="bbox 1164 525 2167 568; baseline -0.003 -7"><span class='ocrx_word' id='word_1_732' title='bbox 1164 530 1194 562; x_wconf 89' lang='lat' dir='ltr'>vi</span> <span class='ocrx_word' id='word_1_733' title='bbox 1229 529 1355 562; x_wconf 82' lang='lat' dir='ltr'>craffior</span> <span class='ocrx_word' id='word_1_734' title='bbox 1379 529 1463 563; x_wconf 64' lang='lat' dir='ltr'>faeta</span> <span class='ocrx_word' id='word_1_735' title='bbox 1498 527 1599 561; x_wconf 89' lang='lat' dir='ltr'>videri</span> <span class='ocrx_word' id='word_1_736' title='bbox 1625 525 1745 568; x_wconf 79' lang='lat' dir='ltr'>posset.</span> <span class='ocrx_word' id='word_1_737' title='bbox 1880 527 1926 558; x_wconf 88' lang='lat' dir='ltr'>At</span> <span class='ocrx_word' id='word_1_738' title='bbox 1952 527 2059 568; x_wconf 86' lang='lat' dir='ltr'>pleura</span> <span class='ocrx_word' id='word_1_739' title='bbox 2080 535 2167 559; x_wconf 88' lang='lat' dir='ltr'>certe</span> 
     </span>
     <span class='ocr_line' id='line_1_89' title="bbox 1164 569 2168 614; baseline -0.004 -9"><span class='ocrx_word' id='word_1_740' title='bbox 1164 584 1223 613; x_wconf 83' lang='lat' dir='ltr'>qua</span> <span class='ocrx_word' id='word_1_741' title='bbox 1250 573 1389 614; x_wconf 61' lang='lat' dir='ltr'>pmiioris</span> <span class='ocrx_word' id='word_1_742' title='bbox 1414 572 1590 606; x_wconf 87' lang='lat' dir='ltr'>musculum</span> <span class='ocrx_word' id='word_1_743' title='bbox 1617 569 1868 612; x_wconf 79' lang='lat' dir='ltr'>Triangularem</span> <span class='ocrx_word' id='word_1_744' title='bbox 1902 570 2067 603; x_wconf 86' lang='lat' dir='ltr'>dexterum</span> <span class='ocrx_word' id='word_1_745' title='bbox 2090 581 2168 610; x_wconf 85' lang='lat' dir='ltr'>ope-</span> 
     </span>
     <span class='ocr_line' id='line_1_90' title="bbox 1165 608 2168 656; baseline -0.001 -9"><span class='ocrx_word' id='word_1_746' title='bbox 1165 615 1287 652; x_wconf 82' lang='lat' dir='ltr'>riebat,</span> <span class='ocrx_word' id='word_1_747' title='bbox 1314 615 1543 656; x_wconf 82' lang='lat' dir='ltr'>semicorrupta</span> <span class='ocrx_word' id='word_1_748' title='bbox 1565 624 1632 647; x_wconf 86' lang='lat' dir='ltr'>erat</span> <span class='ocrx_word' id='word_1_749' title='bbox 1652 636 1665 654; x_wconf 85' lang='lat'>‚</span> <span class='ocrx_word' id='word_1_750' title='bbox 1698 617 1731 647; x_wconf 74' lang='grc' dir='ltr'>δε</span> <span class='ocrx_word' id='word_1_751' title='bbox 1753 614 1815 646; x_wconf 91' lang='lat' dir='ltr'>levi</span> <span class='ocrx_word' id='word_1_752' title='bbox 1838 612 2017 656; x_wconf 77' lang='lat' dir='ltr'>digitorum</span> <span class='ocrx_word' id='word_1_753' title='bbox 2042 608 2168 646; x_wconf 64' lang='lat' dir='ltr'>affrkstu</span> 
     </span>
     <span class='ocr_line' id='line_1_91' title="bbox 1164 655 2169 693; baseline -0.003 -1"><span class='ocrx_word' id='word_1_754' title='bbox 1164 660 1363 693; x_wconf 85' lang='lat' dir='ltr'>lacerabatur</span> <span class='ocrx_word' id='word_1_755' title='bbox 1388 680 1407 691; x_wconf 66' lang='grc'>.»</span> <span class='ocrx_word' id='word_1_756' title='bbox 1432 661 1463 691; x_wconf 93' lang='lat' dir='ltr'>Is</span> <span class='ocrx_word' id='word_1_757' title='bbox 1487 658 1709 692; x_wconf 84' lang='lat' dir='ltr'>inflammatus</span> <span class='ocrx_word' id='word_1_758' title='bbox 1745 666 1810 690; x_wconf 89' lang='lat' dir='ltr'>erat</span> <span class='ocrx_word' id='word_1_759' title='bbox 1835 656 1994 690; x_wconf 88' lang='lat' dir='ltr'>musculus</span> <span class='ocrx_word' id='word_1_760' title='bbox 2017 668 2024 688; x_wconf 91' lang='grc'>.·</span> <span class='ocrx_word' id='word_1_761' title='bbox 2062 655 2113 689; x_wconf 90' lang='lat' dir='ltr'>sed</span> <span class='ocrx_word' id='word_1_762' title='bbox 2135 658 2169 689; x_wconf 89' lang='lat'>&amp;</span> 
     </span>
     <span class='ocr_line' id='line_1_92' title="bbox 1163 698 2170 744; baseline -0.005 -9"><span class='ocrx_word' id='word_1_763' title='bbox 1163 714 1273 736; x_wconf 89' lang='lat' dir='ltr'>carnea</span> <span class='ocrx_word' id='word_1_764' title='bbox 1298 714 1366 744; x_wconf 85' lang='lat' dir='ltr'>pars</span> <span class='ocrx_word' id='word_1_765' title='bbox 1400 701 1653 744; x_wconf 79' lang='lat' dir='ltr'>diaphragmatis</span> <span class='ocrx_word' id='word_1_766' title='bbox 1674 725 1685 741; x_wconf 84' lang='lat'>,</span> <span class='ocrx_word' id='word_1_767' title='bbox 1707 712 1777 741; x_wconf 79' lang='lat' dir='ltr'>quae</span> <span class='ocrx_word' id='word_1_768' title='bbox 1804 702 1956 742; x_wconf 87' lang='lat' dir='ltr'>utrinque</span> <span class='ocrx_word' id='word_1_769' title='bbox 1978 698 2073 741; x_wconf 83' lang='lat' dir='ltr'>hujus</span> <span class='ocrx_word' id='word_1_770' title='bbox 2095 710 2170 731; x_wconf 90' lang='lat' dir='ltr'>cen-</span> 
     </span>
     <span class='ocr_line' id='line_1_93' title="bbox 1162 742 2171 787; baseline -0.004 -9"><span class='ocrx_word' id='word_1_771' title='bbox 1162 755 1215 778; x_wconf 87' lang='lat' dir='ltr'>tro</span> <span class='ocrx_word' id='word_1_772' title='bbox 1239 746 1371 787; x_wconf 86' lang='lat' dir='ltr'>propior</span> <span class='ocrx_word' id='word_1_773' title='bbox 1393 755 1482 785; x_wconf 88' lang='lat' dir='ltr'>erat,</span> <span class='ocrx_word' id='word_1_774' title='bbox 1507 757 1568 787; x_wconf 90' lang='lat' dir='ltr'>qua</span> <span class='ocrx_word' id='word_1_775' title='bbox 1593 744 1759 787; x_wconf 88' lang='lat' dir='ltr'>pulmones</span> <span class='ocrx_word' id='word_1_776' title='bbox 1784 743 1975 778; x_wconf 67' lang='lat' dir='ltr'>adhaeserant</span> <span class='ocrx_word' id='word_1_777' title='bbox 1995 766 2007 782; x_wconf 88' lang='lat'><em>,</em></span> <span class='ocrx_word' id='word_1_778' title='bbox 2041 742 2171 775; x_wconf 73' lang='lat' dir='ltr'>inflam-</span> 
     </span>
     <span class='ocr_line' id='line_1_94' title="bbox 1159 784 2172 823; baseline -0.005 -1"><span class='ocrx_word' id='word_1_779' title='bbox 1159 800 1254 822; x_wconf 77' lang='lat' dir='ltr'>matae</span> <span class='ocrx_word' id='word_1_780' title='bbox 1287 788 1400 823; x_wconf 84' lang='lat' dir='ltr'>similis</span> <span class='ocrx_word' id='word_1_781' title='bbox 1423 789 1541 822; x_wconf 84' lang='lat' dir='ltr'>alicubi</span> <span class='ocrx_word' id='word_1_782' title='bbox 1574 787 1766 820; x_wconf 90' lang='lat' dir='ltr'>videbatur.</span> <span class='ocrx_word' id='word_1_783' title='bbox 1800 787 1968 820; x_wconf 88' lang='lat' dir='ltr'>Pulmones</span> <span class='ocrx_word' id='word_1_784' title='bbox 1993 795 2096 819; x_wconf 88' lang='lat' dir='ltr'>autem</span> <span class='ocrx_word' id='word_1_785' title='bbox 2130 784 2172 818; x_wconf 88' lang='lat' dir='ltr'>ad</span> 
     </span>
     <span class='ocr_line' id='line_1_95' title="bbox 1158 828 2170 866; baseline -0.005 0"><span class='ocrx_word' id='word_1_786' title='bbox 1158 832 1244 866; x_wconf 87' lang='lat' dir='ltr'>hunc</span> <span class='ocrx_word' id='word_1_787' title='bbox 1271 833 1403 866; x_wconf 89' lang='lat' dir='ltr'>modum</span> <span class='ocrx_word' id='word_1_788' title='bbox 1428 832 1456 866; x_wconf 91' lang='lat' dir='ltr'>se</span> <span class='ocrx_word' id='word_1_789' title='bbox 1488 831 1644 866; x_wconf 79' lang='lat' dir='ltr'>habebant</span> <span class='ocrx_word' id='word_1_790' title='bbox 1672 855 1679 862; x_wconf 96' lang='lat'>.</span> <span class='ocrx_word' id='word_1_791' title='bbox 1716 829 1847 863; x_wconf 82' lang='lat' dir='ltr'>Sinister</span> <span class='ocrx_word' id='word_1_792' title='bbox 1872 841 1936 864; x_wconf 89' lang='lat' dir='ltr'>uno</span> <span class='ocrx_word' id='word_1_793' title='bbox 1969 829 2003 862; x_wconf 87' lang='lat' dir='ltr'>in</span> <span class='ocrx_word' id='word_1_794' title='bbox 2027 829 2100 862; x_wconf 92' lang='lat' dir='ltr'>loco</span> <span class='ocrx_word' id='word_1_795' title='bbox 2124 828 2170 861; x_wconf 88' lang='lat' dir='ltr'>al-</span> 
     </span>
     <span class='ocr_line' id='line_1_96' title="bbox 1158 871 2170 917; baseline -0.003 -9"><span class='ocrx_word' id='word_1_796' title='bbox 1158 877 1230 909; x_wconf 86' lang='lat' dir='ltr'>bam</span> <span class='ocrx_word' id='word_1_797' title='bbox 1250 900 1262 916; x_wconf 89' lang='lat'><strong><em>,</em></strong></span> <span class='ocrx_word' id='word_1_798' title='bbox 1296 880 1328 910; x_wconf 73' lang='grc' dir='ltr'>δε</span> <span class='ocrx_word' id='word_1_799' title='bbox 1352 877 1438 910; x_wconf 86' lang='lat' dir='ltr'>velut</span> <span class='ocrx_word' id='word_1_800' title='bbox 1470 888 1508 908; x_wconf 83' lang='lat' dir='ltr'>ex</span> <span class='ocrx_word' id='word_1_801' title='bbox 1532 876 1639 917; x_wconf 77' lang='lat' dir='ltr'>granis</span> <span class='ocrx_word' id='word_1_802' title='bbox 1676 872 1763 916; x_wconf 81' lang='lat' dir='ltr'>quasi</span> <span class='ocrx_word' id='word_1_803' title='bbox 1796 873 2002 917; x_wconf 54' lang='lat' dir='ltr'>tartarizein}</span> <span class='ocrx_word' id='word_1_804' title='bbox 2026 871 2170 906; x_wconf 84' lang='lat' dir='ltr'>substan-</span> 
     </span>
     <span class='ocr_line' id='line_1_97' title="bbox 1159 915 2172 957; baseline -0.004 -5"><span class='ocrx_word' id='word_1_805' title='bbox 1159 921 1238 953; x_wconf 79' lang='lat' dir='ltr'>tiam</span> <span class='ocrx_word' id='word_1_806' title='bbox 1261 919 1429 957; x_wconf 85' lang='lat' dir='ltr'>ostendit,</span> <span class='ocrx_word' id='word_1_807' title='bbox 1452 921 1576 952; x_wconf 67' lang='lat' dir='ltr'>caeteris</span> <span class='ocrx_word' id='word_1_808' title='bbox 1611 920 1643 950; x_wconf 87' lang='lat' dir='ltr'>in</span> <span class='ocrx_word' id='word_1_809' title='bbox 1676 918 1755 951; x_wconf 90' lang='lat' dir='ltr'>locis</span> <span class='ocrx_word' id='word_1_810' title='bbox 1790 916 1888 950; x_wconf 88' lang='lat' dir='ltr'>ferme</span> <span class='ocrx_word' id='word_1_811' title='bbox 1924 915 2075 949; x_wconf 80' lang='lat' dir='ltr'>omnibus</span> <span class='ocrx_word' id='word_1_812' title='bbox 2108 915 2172 948; x_wconf 88' lang='lat' dir='ltr'>du-</span> 
     </span>
     <span class='ocr_line' id='line_1_98' title="bbox 1162 960 2174 1010; baseline -0.002 -15"><span class='ocrx_word' id='word_1_813' title='bbox 1162 970 1232 1010; x_wconf 54' lang='lat' dir='ltr'>rani</span> <span class='ocrx_word' id='word_1_814' title='bbox 1267 973 1393 997; x_wconf 84' lang='lat' dir='ltr'>tanturn</span> <span class='ocrx_word' id='word_1_815' title='bbox 1418 986 1429 1003; x_wconf 84' lang='lat'>‚</span> <span class='ocrx_word' id='word_1_816' title='bbox 1461 967 1493 996; x_wconf 83' lang='lat'><strong>&amp;</strong></span> <span class='ocrx_word' id='word_1_817' title='bbox 1526 961 1652 995; x_wconf 87' lang='lat' dir='ltr'>densam</span> <span class='ocrx_word' id='word_1_818' title='bbox 1676 985 1688 1002; x_wconf 83' lang='grc'>,</span> <span class='ocrx_word' id='word_1_819' title='bbox 1721 965 1754 994; x_wconf 83' lang='lat'>&amp;</span> <span class='ocrx_word' id='word_1_820' title='bbox 1789 970 1915 1002; x_wconf 77' lang='lat' dir='ltr'>gravem</span> <span class='ocrx_word' id='word_1_821' title='bbox 1941 972 1950 998; x_wconf 77' lang='lat'><em>3</em></span> <span class='ocrx_word' id='word_1_822' title='bbox 1986 960 2090 994; x_wconf 80' lang='lat' dir='ltr'>minus</span> <span class='ocrx_word' id='word_1_823' title='bbox 2122 968 2174 990; x_wconf 87' lang='lat' dir='ltr'>ta-</span> 
     </span>
     <span class='ocr_line' id='line_1_99' title="bbox 1161 1002 2169 1050; baseline -0.003 -12"><span class='ocrx_word' id='word_1_824' title='bbox 1161 1012 1231 1050; x_wconf 78' lang='lat' dir='ltr'>men&#39;</span> <span class='ocrx_word' id='word_1_825' title='bbox 1266 1008 1406 1042; x_wconf 88' lang='lat' dir='ltr'>anterius</span> <span class='ocrx_word' id='word_1_826' title='bbox 1431 1031 1438 1039; x_wconf 83' lang='lat'>.</span> <span class='ocrx_word' id='word_1_827' title='bbox 1475 1009 1600 1040; x_wconf 83' lang='lat' dir='ltr'>Dexter</span> <span class='ocrx_word' id='word_1_828' title='bbox 1623 1016 1698 1037; x_wconf 87' lang='lat' dir='ltr'>vero</span> <span class='ocrx_word' id='word_1_829' title='bbox 1732 1004 1781 1037; x_wconf 91' lang='lat' dir='ltr'>vel</span> <span class='ocrx_word' id='word_1_830' title='bbox 1806 1006 1908 1045; x_wconf 81' lang='lat' dir='ltr'>magis</span> <span class='ocrx_word' id='word_1_831' title='bbox 1941 1002 2007 1037; x_wconf 86' lang='lat' dir='ltr'>fuit</span> <span class='ocrx_word' id='word_1_832' title='bbox 2031 1027 2043 1043; x_wconf 81' lang='grc'>,</span> <span class='ocrx_word' id='word_1_833' title='bbox 2073 1013 2169 1046; x_wconf 88' lang='lat' dir='ltr'>quam</span> 
     </span>
     <span class='ocr_line' id='line_1_100' title="bbox 1159 1047 2172 1089; baseline -0.005 -6"><span class='ocrx_word' id='word_1_834' title='bbox 1159 1049 1277 1083; x_wconf 78' lang='lat' dir='ltr'>sinister</span> <span class='ocrx_word' id='word_1_835' title='bbox 1303 1073 1313 1088; x_wconf 82' lang='lat'>,</span> <span class='ocrx_word' id='word_1_836' title='bbox 1346 1054 1378 1083; x_wconf 65' lang='grc' dir='ltr'>δε</span> <span class='ocrx_word' id='word_1_837' title='bbox 1410 1049 1506 1085; x_wconf 84' lang='lat' dir='ltr'>durus</span> <span class='ocrx_word' id='word_1_838' title='bbox 1532 1074 1540 1087; x_wconf 84' lang='lat'>,</span> <span class='ocrx_word' id='word_1_839' title='bbox 1565 1051 1598 1081; x_wconf 85' lang='lat'>&amp;</span> <span class='ocrx_word' id='word_1_840' title='bbox 1623 1048 1733 1082; x_wconf 84' lang='lat' dir='ltr'>densus</span> <span class='ocrx_word' id='word_1_841' title='bbox 1756 1071 1768 1088; x_wconf 85' lang='lat'><em>‚</em></span> <span class='ocrx_word' id='word_1_842' title='bbox 1800 1049 1832 1080; x_wconf 73' lang='grc' dir='ltr'>δε</span> <span class='ocrx_word' id='word_1_843' title='bbox 1855 1047 1960 1089; x_wconf 79' lang='lat' dir='ltr'>gravis</span> <span class='ocrx_word' id='word_1_844' title='bbox 1986 1071 1994 1078; x_wconf 84' lang='lat'><strong>.</strong></span> <span class='ocrx_word' id='word_1_845' title='bbox 2132 1047 2172 1079; x_wconf 84' lang='lat' dir='ltr'>In</span> 
     </span>
     <span class='ocr_line' id='line_1_101' title="bbox 1159 1089 2172 1136; baseline -0.003 -11"><span class='ocrx_word' id='word_1_846' title='bbox 1159 1092 1341 1134; x_wconf 87' lang='lat' dir='ltr'>pericarclio</span> <span class='ocrx_word' id='word_1_847' title='bbox 1376 1105 1454 1136; x_wconf 81' lang='lat' dir='ltr'>aqua</span> <span class='ocrx_word' id='word_1_848' title='bbox 1500 1102 1566 1126; x_wconf 89' lang='lat' dir='ltr'>erat</span> <span class='ocrx_word' id='word_1_849' title='bbox 1600 1092 1699 1133; x_wconf 86' lang='lat' dir='ltr'>paulo</span> <span class='ocrx_word' id='word_1_850' title='bbox 1741 1089 1857 1133; x_wconf 83' lang='lat' dir='ltr'>majori</span> <span class='ocrx_word' id='word_1_851' title='bbox 1889 1091 1984 1132; x_wconf 87' lang='lat' dir='ltr'>copia</span> <span class='ocrx_word' id='word_1_852' title='bbox 2016 1112 2029 1129; x_wconf 83' lang='lat'>,</span> <span class='ocrx_word' id='word_1_853' title='bbox 2075 1100 2172 1135; x_wconf 85' lang='lat' dir='ltr'>eaque</span> 
     </span>
     <span class='ocr_line' id='line_1_102' title="bbox 1158 1131 2172 1178; baseline -0.006 -9"><span class='ocrx_word' id='word_1_854' title='bbox 1158 1135 1286 1170; x_wconf 86' lang='lat' dir='ltr'>turbida</span> <span class='ocrx_word' id='word_1_855' title='bbox 1321 1161 1328 1167; x_wconf 88' lang='lat'>.</span> <span class='ocrx_word' id='word_1_856' title='bbox 1374 1136 1531 1178; x_wconf 79' lang='lat' dir='ltr'>Polyposa</span> <span class='ocrx_word' id='word_1_857' title='bbox 1564 1135 1734 1168; x_wconf 87' lang='lat' dir='ltr'>concretio</span> <span class='ocrx_word' id='word_1_858' title='bbox 1765 1145 1804 1167; x_wconf 88' lang='lat' dir='ltr'>ex</span> <span class='ocrx_word' id='word_1_859' title='bbox 1839 1134 1911 1166; x_wconf 86' lang='lat' dir='ltr'>albo</span> <span class='ocrx_word' id='word_1_860' title='bbox 1942 1131 2030 1166; x_wconf 86' lang='lat' dir='ltr'>flava</span> <span class='ocrx_word' id='word_1_861' title='bbox 2063 1156 2075 1173; x_wconf 82' lang='grc'>,</span> <span class='ocrx_word' id='word_1_862' title='bbox 2120 1131 2172 1164; x_wconf 84' lang='lat' dir='ltr'>sed</span> 
     </span>
     <span class='ocr_line' id='line_1_103' title="bbox 1158 1176 2171 1220; baseline -0.004 -7"><span class='ocrx_word' id='word_1_863' title='bbox 1158 1181 1262 1213; x_wconf 82' lang='lat' dir='ltr'>laxior</span> <span class='ocrx_word' id='word_1_864' title='bbox 1283 1203 1295 1220; x_wconf 83' lang='lat'><em>‚</em></span> <span class='ocrx_word' id='word_1_865' title='bbox 1330 1191 1369 1212; x_wconf 87' lang='lat' dir='ltr'>ex</span> <span class='ocrx_word' id='word_1_866' title='bbox 1402 1178 1509 1212; x_wconf 90' lang='lat' dir='ltr'>cordis</span> <span class='ocrx_word' id='word_1_867' title='bbox 1542 1178 1722 1212; x_wconf 86' lang='lat' dir='ltr'>ventriculo</span> <span class='ocrx_word' id='word_1_868' title='bbox 1752 1176 1886 1210; x_wconf 85' lang='lat' dir='ltr'>dextero</span> <span class='ocrx_word' id='word_1_869' title='bbox 1922 1187 1976 1217; x_wconf 89' lang='lat' dir='ltr'>per</span> <span class='ocrx_word' id='word_1_870' title='bbox 2000 1186 2171 1217; x_wconf 78' lang='lat' dir='ltr'>utrumque</span> 
     </span>
     <span class='ocr_line' id='line_1_104' title="bbox 1156 1219 2168 1266; baseline -0.007 -9"><span class='ocrx_word' id='word_1_871' title='bbox 1156 1223 1252 1266; x_wconf 83' lang='lat' dir='ltr'>hujus</span> <span class='ocrx_word' id='word_1_872' title='bbox 1287 1220 1460 1256; x_wconf 78' lang='lat' dir='ltr'>orificium&#39;</span> <span class='ocrx_word' id='word_1_873' title='bbox 1484 1222 1513 1256; x_wconf 83' lang='lat' dir='ltr'>se</span> <span class='ocrx_word' id='word_1_874' title='bbox 1548 1221 1743 1265; x_wconf 80' lang='lat' dir='ltr'>producebat</span> <span class='ocrx_word' id='word_1_875' title='bbox 1769 1245 1775 1251; x_wconf 83' lang='lat'><em>.</em></span> <span class='ocrx_word' id='word_1_876' title='bbox 1812 1221 1883 1253; x_wconf 87' lang='lat' dir='ltr'>Nec</span> <span class='ocrx_word' id='word_1_877' title='bbox 1906 1219 2067 1253; x_wconf 82' lang='lat' dir='ltr'>diffimiles</span> <span class='ocrx_word' id='word_1_878' title='bbox 2090 1230 2168 1252; x_wconf 88' lang='lat' dir='ltr'>con-</span> 
     </span>
     <span class='ocr_line' id='line_1_105' title="bbox 1155 1262 2173 1308; baseline -0.006 -8"><span class='ocrx_word' id='word_1_879' title='bbox 1155 1264 1314 1300; x_wconf 83' lang='lat' dir='ltr'>cretiones</span> <span class='ocrx_word' id='word_1_880' title='bbox 1348 1275 1436 1298; x_wconf 83' lang='lat' dir='ltr'>erant</span> <span class='ocrx_word' id='word_1_881' title='bbox 1460 1278 1530 1308; x_wconf 76' lang='lat' dir='ltr'>quae</span> <span class='ocrx_word' id='word_1_882' title='bbox 1560 1276 1617 1308; x_wconf 91' lang='lat' dir='ltr'>per</span> <span class='ocrx_word' id='word_1_883' title='bbox 1642 1265 1738 1298; x_wconf 88' lang='lat' dir='ltr'>ambo</span> <span class='ocrx_word' id='word_1_884' title='bbox 1761 1262 1879 1296; x_wconf 72' lang='lat' dir='ltr'>finisti-i</span> <span class='ocrx_word' id='word_1_885' title='bbox 1912 1262 2036 1296; x_wconf 74' lang='lat' dir='ltr'>orificia</span> <span class='ocrx_word' id='word_1_886' title='bbox 2062 1273 2173 1304; x_wconf 85' lang='lat' dir='ltr'>perge-</span> 
     </span>
     <span class='ocr_line' id='line_1_106' title="bbox 1155 1306 2172 1352; baseline -0.007 -8"><span class='ocrx_word' id='word_1_887' title='bbox 1155 1311 1251 1344; x_wconf 88' lang='lat' dir='ltr'>bant.</span> <span class='ocrx_word' id='word_1_888' title='bbox 1278 1311 1362 1352; x_wconf 81' lang='lat' dir='ltr'>Qae</span> <span class='ocrx_word' id='word_1_889' title='bbox 1386 1309 1483 1345; x_wconf 82' lang='lat' dir='ltr'>hinc.</span> <span class='ocrx_word' id='word_1_890' title='bbox 1508 1310 1541 1342; x_wconf 90' lang='lat' dir='ltr'>in</span> <span class='ocrx_word' id='word_1_891' title='bbox 1566 1320 1707 1347; x_wconf 82' lang='lat' dir='ltr'>venam3</span> <span class='ocrx_word' id='word_1_892' title='bbox 1743 1307 1781 1340; x_wconf 89' lang='lat' dir='ltr'>ab</span> <span class='ocrx_word' id='word_1_893' title='bbox 1804 1306 1936 1341; x_wconf 82' lang='lat' dir='ltr'>dextero</span> <span class='ocrx_word' id='word_1_894' title='bbox 1969 1315 2074 1340; x_wconf 84' lang='lat' dir='ltr'>autem</span> <span class='ocrx_word' id='word_1_895' title='bbox 2098 1317 2172 1338; x_wconf 85' lang='lat' dir='ltr'>ven-</span> 
     </span>
     <span class='ocr_line' id='line_1_107' title="bbox 1156 1348 2174 1393; baseline -0.006 -5"><span class='ocrx_word' id='word_1_896' title='bbox 1156 1355 1276 1389; x_wconf 85' lang='lat' dir='ltr'>triculo</span> <span class='ocrx_word' id='word_1_897' title='bbox 1300 1355 1334 1387; x_wconf 89' lang='lat' dir='ltr'>in</span> <span class='ocrx_word' id='word_1_898' title='bbox 1362 1354 1508 1386; x_wconf 85' lang='lat' dir='ltr'>arteriam</span> <span class='ocrx_word' id='word_1_899' title='bbox 1544 1353 1773 1386; x_wconf 84' lang='lat' dir='ltr'>Pulmonarem</span> <span class='ocrx_word' id='word_1_900' title='bbox 1807 1352 1981 1393; x_wconf 79' lang='lat' dir='ltr'>pergebant</span> <span class='ocrx_word' id='word_1_901' title='bbox 2006 1364 2014 1382; x_wconf 81' lang='lat'>.-</span> <span class='ocrx_word' id='word_1_902' title='bbox 2052 1361 2094 1383; x_wconf 85' lang='lat' dir='ltr'>eae</span> <span class='ocrx_word' id='word_1_903' title='bbox 2121 1348 2174 1383; x_wconf 88' lang='lat' dir='ltr'>di-</span> 
     </span>
     <span class='ocr_line' id='line_1_108' title="bbox 1155 1393 2174 1437; baseline -0.006 -6"><span class='ocrx_word' id='word_1_904' title='bbox 1155 1397 1230 1431; x_wconf 69' lang='lat' dir='ltr'>visse</span> <span class='ocrx_word' id='word_1_905' title='bbox 1255 1400 1287 1430; x_wconf 90' lang='lat' dir='ltr'>in</span> <span class='ocrx_word' id='word_1_906' title='bbox 1312 1408 1416 1431; x_wconf 88' lang='lat' dir='ltr'>ramos</span> <span class='ocrx_word' id='word_1_907' title='bbox 1439 1420 1451 1437; x_wconf 87' lang='lat'>,</span> <span class='ocrx_word' id='word_1_908' title='bbox 1485 1397 1676 1437; x_wconf 77' lang='lat' dir='ltr'>partitiones</span> <span class='ocrx_word' id='word_1_909' title='bbox 1715 1396 1931 1429; x_wconf 83' lang='lat' dir='ltr'>imitabantur</span> <span class='ocrx_word' id='word_1_910' title='bbox 1967 1393 2084 1428; x_wconf 88' lang='lat' dir='ltr'>horum</span> <span class='ocrx_word' id='word_1_911' title='bbox 2118 1403 2174 1425; x_wconf 87' lang='lat' dir='ltr'>va-</span> 
     </span>
     <span class='ocr_line' id='line_1_109' title="bbox 1158 1437 2174 1482; baseline -0.006 -8"><span class='ocrx_word' id='word_1_912' title='bbox 1158 1442 1263 1475; x_wconf 86' lang='lat' dir='ltr'>sorum</span> <span class='ocrx_word' id='word_1_913' title='bbox 1290 1466 1298 1474; x_wconf 88' lang='lat'><strong>.</strong></span> <span class='ocrx_word' id='word_1_914' title='bbox 1434 1442 1557 1474; x_wconf 82' lang='lat' dir='ltr'>ventre</span> <span class='ocrx_word' id='word_1_915' title='bbox 1594 1450 1706 1482; x_wconf 86' lang='lat' dir='ltr'>aperto</span> <span class='ocrx_word' id='word_1_916' title='bbox 1748 1439 1944 1472; x_wconf 86' lang='lat' dir='ltr'>ventriculus</span> <span class='ocrx_word' id='word_1_917' title='bbox 1971 1461 1978 1472; x_wconf 70' lang='grc'>,</span> <span class='ocrx_word' id='word_1_918' title='bbox 2024 1440 2056 1471; x_wconf 86' lang='lat'>&amp;</span> <span class='ocrx_word' id='word_1_919' title='bbox 2090 1437 2174 1469; x_wconf 88' lang='lat' dir='ltr'>inte-</span> 
     </span>
     <span class='ocr_line' id='line_1_110' title="bbox 1156 1481 2175 1526; baseline -0.007 -7"><span class='ocrx_word' id='word_1_920' title='bbox 1156 1485 1234 1519; x_wconf 85' lang='lat' dir='ltr'>stina</span> <span class='ocrx_word' id='word_1_921' title='bbox 1263 1509 1270 1523; x_wconf 89' lang='lat'>,</span> <span class='ocrx_word' id='word_1_922' title='bbox 1300 1485 1410 1517; x_wconf 89' lang='lat' dir='ltr'>Colon</span> <span class='ocrx_word' id='word_1_923' title='bbox 1447 1483 1621 1526; x_wconf 81' lang='lat' dir='ltr'>praesertim</span> <span class='ocrx_word' id='word_1_924' title='bbox 1643 1510 1651 1522; x_wconf 88' lang='lat'>,</span> <span class='ocrx_word' id='word_1_925' title='bbox 1691 1493 1760 1515; x_wconf 80' lang='lat' dir='ltr'>aere</span> <span class='ocrx_word' id='word_1_926' title='bbox 1785 1482 1926 1515; x_wconf 88' lang='lat' dir='ltr'>multum</span> <span class='ocrx_word' id='word_1_927' title='bbox 1950 1481 2082 1515; x_wconf 86' lang='lat' dir='ltr'>distenta</span> <span class='ocrx_word' id='word_1_928' title='bbox 2117 1492 2175 1513; x_wconf 93' lang='lat' dir='ltr'>oc-</span> 
     </span>
     <span class='ocr_line' id='line_1_111' title="bbox 1156 1523 2174 1568; baseline -0.006 -6"><span class='ocrx_word' id='word_1_929' title='bbox 1156 1537 1322 1563; x_wconf 85' lang='lat' dir='ltr'>currerunt</span> <span class='ocrx_word' id='word_1_930' title='bbox 1346 1553 1353 1559; x_wconf 93' lang='lat'>.</span> <span class='ocrx_word' id='word_1_931' title='bbox 1390 1528 1501 1561; x_wconf 89' lang='lat' dir='ltr'>Lienis</span> <span class='ocrx_word' id='word_1_932' title='bbox 1537 1525 1672 1560; x_wconf 91' lang='lat' dir='ltr'>inferior</span> <span class='ocrx_word' id='word_1_933' title='bbox 1704 1536 1774 1568; x_wconf 85' lang='lat' dir='ltr'>pars</span> <span class='ocrx_word' id='word_1_934' title='bbox 1818 1525 1984 1568; x_wconf 79' lang='lat' dir='ltr'>nigredine</span> <span class='ocrx_word' id='word_1_935' title='bbox 2019 1523 2174 1568; x_wconf 84' lang='lat' dir='ltr'>peculiari</span> 
     </span>
     <span class='ocr_line' id='line_1_112' title="bbox 1157 1568 2174 1611; baseline -0.005 -6"><span class='ocrx_word' id='word_1_936' title='bbox 1157 1571 1281 1605; x_wconf 70' lang='lat' dir='ltr'>infefta</span> <span class='ocrx_word' id='word_1_937' title='bbox 1306 1581 1372 1604; x_wconf 90' lang='lat' dir='ltr'>erat</span> <span class='ocrx_word' id='word_1_938' title='bbox 1396 1581 1459 1604; x_wconf 91' lang='lat' dir='ltr'>non</span> <span class='ocrx_word' id='word_1_939' title='bbox 1485 1569 1568 1603; x_wconf 89' lang='lat' dir='ltr'>secus</span> <span class='ocrx_word' id='word_1_940' title='bbox 1593 1583 1627 1602; x_wconf 87' lang='lat' dir='ltr'>ac</span> <span class='ocrx_word' id='word_1_941' title='bbox 1652 1569 1673 1603; x_wconf 82' lang='lat' dir='ltr'>si</span> <span class='ocrx_word' id='word_1_942' title='bbox 1697 1568 1997 1602; x_wconf 86' lang='lat' dir='ltr'>inflammationem</span> <span class='ocrx_word' id='word_1_943' title='bbox 2028 1579 2174 1611; x_wconf 60' lang='lat' dir='ltr'>gangrae-</span> 
     </span>
     <span class='ocr_line' id='line_1_113' title="bbox 1157 1611 2175 1656; baseline -0.004 -8"><span class='ocrx_word' id='word_1_944' title='bbox 1157 1627 1196 1648; x_wconf 83' lang='lat' dir='ltr'>na</span> <span class='ocrx_word' id='word_1_945' title='bbox 1230 1612 1429 1656; x_wconf 80' lang='lat' dir='ltr'>excepisset3</span> <span class='ocrx_word' id='word_1_946' title='bbox 1462 1625 1498 1646; x_wconf 87' lang='lat' dir='ltr'>ea</span> <span class='ocrx_word' id='word_1_947' title='bbox 1532 1614 1667 1654; x_wconf 80' lang='lat' dir='ltr'>nigredo</span> <span class='ocrx_word' id='word_1_948' title='bbox 1699 1612 1737 1645; x_wconf 88' lang='lat' dir='ltr'>ad</span> <span class='ocrx_word' id='word_1_949' title='bbox 1771 1611 2019 1655; x_wconf 81' lang='lat' dir='ltr'>sesquidigitum</span> <span class='ocrx_word' id='word_1_950' title='bbox 2053 1614 2175 1645; x_wconf 82' lang='lat' dir='ltr'>intror-</span> 
     </span>
     <span class='ocr_line' id='line_1_114' title="bbox 1158 1655 2175 1701; baseline -0.004 -9"><span class='ocrx_word' id='word_1_951' title='bbox 1158 1659 1227 1693; x_wconf 88' lang='lat' dir='ltr'>sum</span> <span class='ocrx_word' id='word_1_952' title='bbox 1261 1658 1412 1701; x_wconf 77' lang='lat' dir='ltr'>pergebat</span> <span class='ocrx_word' id='word_1_953' title='bbox 1449 1681 1456 1688; x_wconf 92' lang='lat'>.</span> <span class='ocrx_word' id='word_1_954' title='bbox 1500 1658 1627 1690; x_wconf 82' lang='lat' dir='ltr'>Contra</span> <span class='ocrx_word' id='word_1_955' title='bbox 1661 1656 1759 1699; x_wconf 87' lang='lat' dir='ltr'>hepar</span> <span class='ocrx_word' id='word_1_956' title='bbox 1795 1656 1938 1690; x_wconf 86' lang='lat' dir='ltr'>albidum</span> <span class='ocrx_word' id='word_1_957' title='bbox 1964 1679 1974 1694; x_wconf 90' lang='lat'>,</span> <span class='ocrx_word' id='word_1_958' title='bbox 2023 1655 2175 1697; x_wconf 80' lang='lat' dir='ltr'>idemque</span> 
     </span>
     <span class='ocr_line' id='line_1_115' title="bbox 1157 1699 2175 1742; baseline -0.005 -6"><span class='ocrx_word' id='word_1_959' title='bbox 1157 1703 1333 1736; x_wconf 85' lang='lat' dir='ltr'>maximum</span> <span class='ocrx_word' id='word_1_960' title='bbox 1369 1713 1378 1733; x_wconf 91' lang='lat'><em>:</em></span> <span class='ocrx_word' id='word_1_961' title='bbox 1423 1701 1456 1733; x_wconf 90' lang='lat' dir='ltr'>in</span> <span class='ocrx_word' id='word_1_962' title='bbox 1488 1699 1579 1742; x_wconf 81' lang='lat' dir='ltr'>cujus</span> <span class='ocrx_word' id='word_1_963' title='bbox 1614 1700 1749 1733; x_wconf 81' lang='lat' dir='ltr'>vesicula</span> <span class='ocrx_word' id='word_1_964' title='bbox 1791 1711 1866 1734; x_wconf 91' lang='lat' dir='ltr'>cum</span> <span class='ocrx_word' id='word_1_965' title='bbox 1902 1711 2000 1742; x_wconf 85' lang='lat' dir='ltr'>pauca</span> <span class='ocrx_word' id='word_1_966' title='bbox 2034 1699 2097 1732; x_wconf 88' lang='lat' dir='ltr'>bile</span> <span class='ocrx_word' id='word_1_967' title='bbox 2135 1710 2175 1732; x_wconf 77' lang='lat' dir='ltr'>ex</span> 
     </span>
     <span class='ocr_line' id='line_1_116' title="bbox 1156 1744 2173 1786; baseline -0.004 -7"><span class='ocrx_word' id='word_1_968' title='bbox 1156 1747 1229 1780; x_wconf 87' lang='lat' dir='ltr'>albo</span> <span class='ocrx_word' id='word_1_969' title='bbox 1269 1744 1453 1778; x_wconf 84' lang='lat' dir='ltr'>flavescenti</span> <span class='ocrx_word' id='word_1_970' title='bbox 1494 1744 1633 1777; x_wconf 90' lang='lat' dir='ltr'>calculos</span> <span class='ocrx_word' id='word_1_971' title='bbox 1676 1744 1782 1776; x_wconf 88' lang='lat' dir='ltr'>inveni</span> <span class='ocrx_word' id='word_1_972' title='bbox 1826 1744 1896 1785; x_wconf 90' lang='lat' dir='ltr'>plus</span> <span class='ocrx_word' id='word_1_973' title='bbox 1938 1744 2136 1786; x_wconf 83' lang='lat' dir='ltr'>septuaginta</span> <span class='ocrx_word' id='word_1_974' title='bbox 2162 1766 2173 1780; x_wconf 75' lang='lat'>‚</span> 
     </span>
     <span class='ocr_line' id='line_1_117' title="bbox 1155 1786 2174 1833; baseline -0.003 -11"><span class='ocrx_word' id='word_1_975' title='bbox 1155 1801 1296 1833; x_wconf 87' lang='lat' dir='ltr'>quorum</span> <span class='ocrx_word' id='word_1_976' title='bbox 1319 1789 1486 1824; x_wconf 79' lang='lat' dir='ltr'>maximi,</span> <span class='ocrx_word' id='word_1_977' title='bbox 1526 1789 1580 1829; x_wconf 89' lang='lat' dir='ltr'>qui</span> <span class='ocrx_word' id='word_1_978' title='bbox 1618 1787 1768 1830; x_wconf 80' lang='lat' dir='ltr'>perpauci</span> <span class='ocrx_word' id='word_1_979' title='bbox 1804 1795 1892 1820; x_wconf 88' lang='lat' dir='ltr'>erant</span> <span class='ocrx_word' id='word_1_980' title='bbox 1917 1810 1929 1826; x_wconf 89' lang='lat'><em>‚</em></span> <span class='ocrx_word' id='word_1_981' title='bbox 1964 1786 2069 1820; x_wconf 86' lang='lat' dir='ltr'>fabam</span> <span class='ocrx_word' id='word_1_982' title='bbox 2106 1797 2174 1819; x_wconf 83' lang='lat' dir='ltr'>non</span> 
     </span>
     <span class='ocr_line' id='line_1_118' title="bbox 1156 1829 2174 1875; baseline -0.004 -9"><span class='ocrx_word' id='word_1_983' title='bbox 1156 1833 1344 1875; x_wconf 88' lang='lat' dir='ltr'>superabant</span> <span class='ocrx_word' id='word_1_984' title='bbox 1367 1857 1375 1870; x_wconf 97' lang='lat'>,</span> <span class='ocrx_word' id='word_1_985' title='bbox 1409 1832 1537 1864; x_wconf 86' lang='lat' dir='ltr'>minimi</span> <span class='ocrx_word' id='word_1_986' title='bbox 1573 1842 1672 1872; x_wconf 81' lang='lat' dir='ltr'>grano</span> <span class='ocrx_word' id='word_1_987' title='bbox 1706 1831 1824 1872; x_wconf 88' lang='lat' dir='ltr'>piperis</span> <span class='ocrx_word' id='word_1_988' title='bbox 1857 1831 1996 1864; x_wconf 87' lang='lat' dir='ltr'>minores</span> <span class='ocrx_word' id='word_1_989' title='bbox 2032 1829 2118 1864; x_wconf 87' lang='lat' dir='ltr'>haud</span> <span class='ocrx_word' id='word_1_990' title='bbox 2142 1841 2174 1862; x_wconf 87' lang='lat' dir='ltr'>e-</span> 
     </span>
     <span class='ocr_line' id='line_1_119' title="bbox 1155 1874 2173 1916; baseline -0.003 -6"><span class='ocrx_word' id='word_1_991' title='bbox 1155 1887 1224 1911; x_wconf 88' lang='lat' dir='ltr'>rant</span> <span class='ocrx_word' id='word_1_992' title='bbox 1250 1890 1259 1909; x_wconf 89' lang='grc'>.·</span> <span class='ocrx_word' id='word_1_993' title='bbox 1290 1876 1340 1908; x_wconf 89' lang='lat' dir='ltr'>illi</span> <span class='ocrx_word' id='word_1_994' title='bbox 1383 1874 1424 1909; x_wconf 82' lang='lat' dir='ltr'>ad</span> <span class='ocrx_word' id='word_1_995' title='bbox 1455 1874 1591 1916; x_wconf 83' lang='lat' dir='ltr'>figuram</span> <span class='ocrx_word' id='word_1_996' title='bbox 1634 1875 1762 1907; x_wconf 84' lang='lat' dir='ltr'>ovalem</span> <span class='ocrx_word' id='word_1_997' title='bbox 1794 1896 1802 1910; x_wconf 89' lang='lat'>‚</span> <span class='ocrx_word' id='word_1_998' title='bbox 1846 1874 1895 1907; x_wconf 88' lang='lat' dir='ltr'>sed</span> <span class='ocrx_word' id='word_1_999' title='bbox 1932 1885 1996 1906; x_wconf 89' lang='lat' dir='ltr'>non</span> <span class='ocrx_word' id='word_1_1000' title='bbox 2040 1885 2098 1908; x_wconf 90' lang='lat' dir='ltr'>una</span> <span class='ocrx_word' id='word_1_1001' title='bbox 2133 1885 2173 1907; x_wconf 71' lang='lat' dir='ltr'>cx</span> 
     </span>
     <span class='ocr_line' id='line_1_120' title="bbox 1155 1916 2171 1963; baseline -0.003 -11"><span class='ocrx_word' id='word_1_1002' title='bbox 1155 1929 1243 1963; x_wconf 86' lang='lat' dir='ltr'>parte</span> <span class='ocrx_word' id='word_1_1003' title='bbox 1276 1917 1483 1961; x_wconf 78' lang='lat' dir='ltr'>depressain3</span> <span class='ocrx_word' id='word_1_1004' title='bbox 1519 1917 1635 1960; x_wconf 88' lang='lat' dir='ltr'>reliqui</span> <span class='ocrx_word' id='word_1_1005' title='bbox 1670 1916 1708 1950; x_wconf 88' lang='lat' dir='ltr'>ad</span> <span class='ocrx_word' id='word_1_1006' title='bbox 1743 1916 1915 1952; x_wconf 90' lang='lat' dir='ltr'>cuboidem</span> <span class='ocrx_word' id='word_1_1007' title='bbox 1950 1916 2171 1961; x_wconf 87' lang='lat' dir='ltr'>quadantenus</span> 
     </span>
     <span class='ocr_line' id='line_1_121' title="bbox 1156 1960 2172 2004; baseline -0.003 -7"><span class='ocrx_word' id='word_1_1008' title='bbox 1156 1963 1344 1997; x_wconf 84' lang='lat' dir='ltr'>accedebant</span> <span class='ocrx_word' id='word_1_1009' title='bbox 1369 1987 1376 1995; x_wconf 89' lang='lat'>.</span> <span class='ocrx_word' id='word_1_1010' title='bbox 1412 1964 1505 1995; x_wconf 84' lang='lat' dir='ltr'>Intus</span> <span class='ocrx_word' id='word_1_1011' title='bbox 1539 1960 1709 1993; x_wconf 89' lang='lat' dir='ltr'>madebant</span> <span class='ocrx_word' id='word_1_1012' title='bbox 1732 1961 1796 1993; x_wconf 87' lang='lat' dir='ltr'>bile</span> <span class='ocrx_word' id='word_1_1013' title='bbox 1818 1985 1832 2002; x_wconf 85' lang='lat'>‚</span> <span class='ocrx_word' id='word_1_1014' title='bbox 1865 1964 1896 1995; x_wconf 84' lang='lat'>&amp;</span> <span class='ocrx_word' id='word_1_1015' title='bbox 1921 1972 1959 1994; x_wconf 87' lang='lat' dir='ltr'>ex</span> <span class='ocrx_word' id='word_1_1016' title='bbox 1982 1960 2172 2004; x_wconf 83' lang='lat' dir='ltr'>quibusdam</span> 
     </span>
     <span class='ocr_line' id='line_1_122' title="bbox 1155 2003 2171 2049; baseline -0.002 -10"><span class='ocrx_word' id='word_1_1017' title='bbox 1155 2006 1243 2049; x_wconf 76' lang='lat' dir='ltr'>quasi</span> <span class='ocrx_word' id='word_1_1018' title='bbox 1276 2005 1419 2048; x_wconf 79' lang='lat' dir='ltr'>granulis</span> <span class='ocrx_word' id='word_1_1019' title='bbox 1453 2003 1629 2038; x_wconf 66' lang='lat' dir='ltr'>constructi</span> <span class='ocrx_word' id='word_1_1020' title='bbox 1667 2004 1856 2038; x_wconf 88' lang='lat' dir='ltr'>videbantur</span> <span class='ocrx_word' id='word_1_1021' title='bbox 1879 2027 1889 2036; x_wconf 89' lang='lat'><strong>.</strong></span> <span class='ocrx_word' id='word_1_1022' title='bbox 1919 2006 2001 2040; x_wconf 78' lang='lat' dir='ltr'>Haec</span> <span class='ocrx_word' id='word_1_1023' title='bbox 2036 2005 2136 2039; x_wconf 78' lang='lat' dir='ltr'>crusta</span> <span class='ocrx_word' id='word_1_1024' title='bbox 2161 2028 2171 2041; x_wconf 88' lang='lat'><strong><em>‚</em></strong></span> 
     </span>
     <span class='ocr_line' id='line_1_123' title="bbox 1157 2048 2168 2093; baseline -0.003 -9"><span class='ocrx_word' id='word_1_1025' title='bbox 1157 2051 1275 2093; x_wconf 84' lang='lat' dir='ltr'>duplex</span> <span class='ocrx_word' id='word_1_1026' title='bbox 1299 2049 1410 2082; x_wconf 85' lang='lat' dir='ltr'>saltem</span> <span class='ocrx_word' id='word_1_1027' title='bbox 1437 2073 1446 2086; x_wconf 90' lang='lat'><em>‚</em></span> <span class='ocrx_word' id='word_1_1028' title='bbox 1483 2048 1624 2091; x_wconf 88' lang='lat' dir='ltr'>undique</span> <span class='ocrx_word' id='word_1_1029' title='bbox 1657 2048 1867 2081; x_wconf 88' lang='lat' dir='ltr'>concludebat</span> <span class='ocrx_word' id='word_1_1030' title='bbox 1891 2072 1900 2088; x_wconf 93' lang='lat'>,</span> <span class='ocrx_word' id='word_1_1031' title='bbox 1935 2048 2109 2082; x_wconf 83' lang='lat' dir='ltr'>subviridis</span> <span class='ocrx_word' id='word_1_1032' title='bbox 2133 2049 2168 2081; x_wconf 86' lang='lat' dir='ltr'>in</span> 
     </span>
     <span class='ocr_line' id='line_1_124' title="bbox 1156 2092 2172 2136; baseline 0 -10"><span class='ocrx_word' id='word_1_1033' title='bbox 1156 2093 1338 2136; x_wconf 84' lang='lat' dir='ltr'>plerisque,</span> <span class='ocrx_word' id='word_1_1034' title='bbox 1361 2093 1394 2125; x_wconf 90' lang='lat' dir='ltr'>in</span> <span class='ocrx_word' id='word_1_1035' title='bbox 1421 2092 1586 2125; x_wconf 88' lang='lat' dir='ltr'>nonnullis</span> <span class='ocrx_word' id='word_1_1036' title='bbox 1609 2103 1647 2124; x_wconf 86' lang='lat' dir='ltr'>ex</span> <span class='ocrx_word' id='word_1_1037' title='bbox 1671 2101 1760 2133; x_wconf 90' lang='lat' dir='ltr'>parte</span> <span class='ocrx_word' id='word_1_1038' title='bbox 1784 2092 1855 2124; x_wconf 84' lang='lat' dir='ltr'>alba</span> <span class='ocrx_word' id='word_1_1039' title='bbox 1878 2115 1888 2124; x_wconf 93' lang='lat'><strong>.</strong></span> <span class='ocrx_word' id='word_1_1040' title='bbox 1922 2093 2045 2126; x_wconf 89' lang='lat' dir='ltr'>Omnes</span> <span class='ocrx_word' id='word_1_1041' title='bbox 2069 2092 2172 2126; x_wconf 75' lang='lat' dir='ltr'>flam-</span> 
     </span>
     <span class='ocr_line' id='line_1_125' title="bbox 1153 2134 2170 2177; baseline 0 -7"><span class='ocrx_word' id='word_1_1042' title='bbox 1153 2148 1240 2170; x_wconf 84' lang='lat' dir='ltr'>mam</span> <span class='ocrx_word' id='word_1_1043' title='bbox 1260 2135 1358 2168; x_wconf 74' lang='lat' dir='ltr'>vsemel</span> <span class='ocrx_word' id='word_1_1044' title='bbox 1381 2145 1570 2177; x_wconf 85' lang='lat' dir='ltr'>conceptam</span> <span class='ocrx_word' id='word_1_1045' title='bbox 1594 2134 1718 2168; x_wconf 87' lang='lat' dir='ltr'>alebant</span> <span class='ocrx_word' id='word_1_1046' title='bbox 1740 2159 1753 2175; x_wconf 84' lang='grc'>,</span> <span class='ocrx_word' id='word_1_1047' title='bbox 1794 2138 1826 2168; x_wconf 65' lang='grc'>8(</span> <span class='ocrx_word' id='word_1_1048' title='bbox 1849 2143 1926 2169; x_wconf 90' lang='lat' dir='ltr'>tunc</span> <span class='ocrx_word' id='word_1_1049' title='bbox 1950 2135 2081 2170; x_wconf 85' lang='lat' dir='ltr'>subinde</span> <span class='ocrx_word' id='word_1_1050' title='bbox 2106 2136 2170 2170; x_wconf 82' lang='lat' dir='ltr'>levi</span> 
     </span>
     <span class='ocr_line' id='line_1_126' title="bbox 1153 2177 2171 2222; baseline -0.001 -9"><span class='ocrx_word' id='word_1_1051' title='bbox 1153 2191 1228 2213; x_wconf 85' lang='lat' dir='ltr'>curn</span> <span class='ocrx_word' id='word_1_1052' title='bbox 1260 2180 1386 2222; x_wconf 86' lang='lat' dir='ltr'>crepitu</span> <span class='ocrx_word' id='word_1_1053' title='bbox 1411 2177 1630 2211; x_wconf 84' lang='lat' dir='ltr'>scintillabant</span> <span class='ocrx_word' id='word_1_1054' title='bbox 1653 2202 1660 2208; x_wconf 92' lang='lat'>.</span> <span class='ocrx_word' id='word_1_1055' title='bbox 1694 2179 1765 2212; x_wconf 86' lang='lat' dir='ltr'>Ren</span> <span class='ocrx_word' id='word_1_1056' title='bbox 1797 2178 1911 2212; x_wconf 86' lang='lat' dir='ltr'>dexter</span> <span class='ocrx_word' id='word_1_1057' title='bbox 1933 2179 2023 2213; x_wconf 89' lang='lat' dir='ltr'>valde</span> <span class='ocrx_word' id='word_1_1058' title='bbox 2055 2180 2171 2214; x_wconf 63' lang='lat' dir='ltr'>laxus·⁷</span> 
     </span>
     <span class='ocr_line' id='line_1_127' title="bbox 1154 2222 2167 2262; baseline -0.004 -7"><span class='ocrx_word' id='word_1_1059' title='bbox 1154 2224 1292 2256; x_wconf 80' lang='lat' dir='ltr'>Arteriae</span> <span class='ocrx_word' id='word_1_1060' title='bbox 1327 2223 1438 2256; x_wconf 82' lang='lat' dir='ltr'>Aortae</span> <span class='ocrx_word' id='word_1_1061' title='bbox 1481 2231 1612 2256; x_wconf 90' lang='lat' dir='ltr'>truncus</span> <span class='ocrx_word' id='word_1_1062' title='bbox 1646 2230 1715 2254; x_wconf 89' lang='lat' dir='ltr'>tum</span> <span class='ocrx_word' id='word_1_1063' title='bbox 1748 2222 1781 2254; x_wconf 88' lang='lat' dir='ltr'>in</span> <span class='ocrx_word' id='word_1_1064' title='bbox 1815 2231 1923 2254; x_wconf 90' lang='lat' dir='ltr'>ventre</span> <span class='ocrx_word' id='word_1_1065' title='bbox 1946 2246 1958 2262; x_wconf 88' lang='lat'><em>‚</em></span> <span class='ocrx_word' id='word_1_1066' title='bbox 1999 2233 2071 2257; x_wconf 88' lang='lat' dir='ltr'>tum</span> <span class='ocrx_word' id='word_1_1067' title='bbox 2115 2225 2167 2255; x_wconf 87' lang='lat' dir='ltr'>in-</span> 
     </span>
     <span class='ocr_line' id='line_1_128' title="bbox 1151 2264 2168 2309; baseline 0.001 -11"><span class='ocrx_word' id='word_1_1068' title='bbox 1151 2265 1191 2300; x_wconf 86' lang='lat' dir='ltr'>de</span> <span class='ocrx_word' id='word_1_1069' title='bbox 1232 2278 1286 2309; x_wconf 86' lang='lat' dir='ltr'>per</span> <span class='ocrx_word' id='word_1_1070' title='bbox 1330 2265 1495 2299; x_wconf 88' lang='lat' dir='ltr'>thoracem</span> <span class='ocrx_word' id='word_1_1071' title='bbox 1539 2264 1586 2303; x_wconf 80' lang='lat' dir='ltr'>ad¹</span> <span class='ocrx_word' id='word_1_1072' title='bbox 1622 2273 1825 2299; x_wconf 86' lang='lat' dir='ltr'>curvaturam</span> <span class='ocrx_word' id='word_1_1073' title='bbox 1865 2265 1961 2308; x_wconf 88' lang='lat' dir='ltr'>usque</span> <span class='ocrx_word' id='word_1_1074' title='bbox 2005 2265 2168 2309; x_wconf 84' lang='lat' dir='ltr'>angustior</span> 
     </span>
     <span class='ocr_line' id='line_1_129' title="bbox 1151 2307 2168 2353; baseline -0.002 -12"><span class='ocrx_word' id='word_1_1075' title='bbox 1151 2309 1236 2343; x_wconf 88' lang='lat' dir='ltr'>visus</span> <span class='ocrx_word' id='word_1_1076' title='bbox 1270 2320 1329 2352; x_wconf 86' lang='lat' dir='ltr'>pro</span> <span class='ocrx_word' id='word_1_1077' title='bbox 1359 2309 1505 2350; x_wconf 88' lang='lat' dir='ltr'>corporis</span> <span class='ocrx_word' id='word_1_1078' title='bbox 1543 2330 1553 2346; x_wconf 91' lang='lat'>‚</span> <span class='ocrx_word' id='word_1_1079' title='bbox 1598 2307 1720 2350; x_wconf 89' lang='lat' dir='ltr'>alioqui</span> <span class='ocrx_word' id='word_1_1080' title='bbox 1753 2318 1817 2340; x_wconf 90' lang='lat' dir='ltr'>non</span> <span class='ocrx_word' id='word_1_1081' title='bbox 1853 2310 1945 2352; x_wconf 87' lang='lat' dir='ltr'>parvi</span> <span class='ocrx_word' id='word_1_1082' title='bbox 1984 2334 1993 2348; x_wconf 94' lang='lat'>,</span> <span class='ocrx_word' id='word_1_1083' title='bbox 2033 2314 2064 2344; x_wconf 66' lang='grc' dir='ltr'>ὅ(</span> <span class='ocrx_word' id='word_1_1084' title='bbox 2097 2311 2168 2353; x_wconf 62' lang='lat' dir='ltr'>ple„</span> 
     </span>
     <span class='ocr_line' id='line_1_130' title="bbox 1151 2351 2167 2399; baseline 0.004 -14"><span class='ocrx_word' id='word_1_1085' title='bbox 1151 2364 1324 2396; x_wconf 82' lang='lat' dir='ltr'>roi-umque</span> <span class='ocrx_word' id='word_1_1086' title='bbox 1369 2351 1524 2386; x_wconf 86' lang='lat' dir='ltr'>viscerum</span> <span class='ocrx_word' id='word_1_1087' title='bbox 1569 2351 1824 2394; x_wconf 83' lang='lat' dir='ltr'>magnitudine.</span> <span class='ocrx_word' id='word_1_1088' title='bbox 1958 2354 2068 2399; x_wconf 76' lang='lat' dir='ltr'>Caput</span> <span class='ocrx_word' id='word_1_1089' title='bbox 2100 2365 2167 2388; x_wconf 88' lang='lat' dir='ltr'>non</span> 
     </span>
     <span class='ocr_line' id='line_1_131' title="bbox 1150 2397 1341 2439; baseline -0.005 -10"><span class='ocrx_word' id='word_1_1090' title='bbox 1150 2397 1341 2439; x_wconf 78' lang='lat' dir='ltr'>attigimus.</span> 
     </span>
    </p>

    <p class='ocr_par' dir='ltr' id='par_1_10' title="bbox 1147 2440 2166 3620">
     <span class='ocr_line' id='line_1_132' title="bbox 1194 2440 2166 2488; baseline 0.009 -16"><span class='ocrx_word' id='word_1_1091' title='bbox 1194 2451 1246 2483; x_wconf 83' lang='lat'>37.</span> <span class='ocrx_word' id='word_1_1092' title='bbox 1274 2440 1394 2475; x_wconf 81' lang='lat' dir='ltr'>Pleurae</span> <span class='ocrx_word' id='word_1_1093' title='bbox 1425 2441 1578 2486; x_wconf 75' lang='lat' dir='ltr'>majorem</span> <span class='ocrx_word' id='word_1_1094' title='bbox 1603 2442 1762 2477; x_wconf 78' lang='lat' dir='ltr'>laefionem</span> <span class='ocrx_word' id='word_1_1095' title='bbox 1795 2454 1890 2488; x_wconf 88' lang='lat' dir='ltr'>quam</span> <span class='ocrx_word' id='word_1_1096' title='bbox 1914 2443 1948 2478; x_wconf 90' lang='lat' dir='ltr'>in</span> <span class='ocrx_word' id='word_1_1097' title='bbox 1979 2444 2037 2479; x_wconf 81' lang='lat' dir='ltr'>hac</span> <span class='ocrx_word' id='word_1_1098' title='bbox 2063 2444 2166 2481; x_wconf 76' lang='lat' dir='ltr'>hislo-</span> 
     </span>
     <span class='ocr_line' id='line_1_133' title="bbox 1150 2483 2164 2533; baseline 0.002 -12"><span class='ocrx_word' id='word_1_1099' title='bbox 1150 2483 1220 2522; x_wconf 64' lang='grc' dir='ltr'>Υῗέὶ,</span> <span class='ocrx_word' id='word_1_1100' title='bbox 1245 2485 1396 2517; x_wconf 86' lang='lat' dir='ltr'>consulto</span> <span class='ocrx_word' id='word_1_1101' title='bbox 1419 2486 1452 2518; x_wconf 87' lang='lat' dir='ltr'>in</span> <span class='ocrx_word' id='word_1_1102' title='bbox 1479 2486 1671 2528; x_wconf 85' lang='lat' dir='ltr'>postremum</span> <span class='ocrx_word' id='word_1_1103' title='bbox 1696 2488 1802 2521; x_wconf 91' lang='lat' dir='ltr'>locum</span> <span class='ocrx_word' id='word_1_1104' title='bbox 1816 2488 1957 2529; x_wconf 74' lang='lat' dir='ltr'>servata,</span> <span class='ocrx_word' id='word_1_1105' title='bbox 1980 2490 2063 2523; x_wconf 88' lang='lat' dir='ltr'>mih-i</span> <span class='ocrx_word' id='word_1_1106' title='bbox 2089 2492 2164 2533; x_wconf 78' lang='lat' dir='ltr'>qui-=</span> 
     </span>
     <span class='ocr_line' id='line_1_134' title="bbox 1149 2526 2163 2568; baseline 0.009 -9"><span class='ocrx_word' id='word_1_1107' title='bbox 1149 2526 1222 2560; x_wconf 86' lang='lat' dir='ltr'>dem</span> <span class='ocrx_word' id='word_1_1108' title='bbox 1256 2529 1288 2560; x_wconf 87' lang='lat' dir='ltr'>in</span> <span class='ocrx_word' id='word_1_1109' title='bbox 1314 2527 1455 2561; x_wconf 85' lang='lat' dir='ltr'>thoracis</span> <span class='ocrx_word' id='word_1_1110' title='bbox 1489 2529 1803 2564; x_wconf 82' lang='lat' dir='ltr'>inflammationibus</span> <span class='ocrx_word' id='word_1_1111' title='bbox 1838 2532 1943 2565; x_wconf 86' lang='lat' dir='ltr'>videre</span> <span class='ocrx_word' id='word_1_1112' title='bbox 1966 2544 2029 2567; x_wconf 90' lang='lat' dir='ltr'>non</span> <span class='ocrx_word' id='word_1_1113' title='bbox 2057 2536 2163 2568; x_wconf 76' lang='lat' dir='ltr'>conti-²</span> 
     </span>
     <span class='ocr_line' id='line_1_135' title="bbox 1149 2571 2162 2619; baseline 0.008 -16"><span class='ocrx_word' id='word_1_1114' title='bbox 1149 2571 1217 2612; x_wconf 85' lang='lat' dir='ltr'>git.</span> <span class='ocrx_word' id='word_1_1115' title='bbox 1244 2571 1463 2604; x_wconf 83' lang='lat' dir='ltr'>Veruntamen</span> <span class='ocrx_word' id='word_1_1116' title='bbox 1486 2572 1628 2606; x_wconf 86' lang='lat' dir='ltr'>credisne</span> <span class='ocrx_word' id='word_1_1117' title='bbox 1649 2596 1658 2610; x_wconf 90' lang='lat'>‚</span> <span class='ocrx_word' id='word_1_1118' title='bbox 1694 2573 1777 2608; x_wconf 87' lang='lat' dir='ltr'>hunc</span> <span class='ocrx_word' id='word_1_1119' title='bbox 1801 2574 1908 2617; x_wconf 84' lang='lat' dir='ltr'>ipsum</span> <span class='ocrx_word' id='word_1_1120' title='bbox 1935 2577 2082 2619; x_wconf 77' lang='lat' dir='ltr'>Iuvenem</span> <span class='ocrx_word' id='word_1_1121' title='bbox 2116 2579 2162 2611; x_wconf 90' lang='lat' dir='ltr'>ob</span> 
     </span>
     <span class='ocr_line' id='line_1_136' title="bbox 1149 2614 2161 2661; baseline 0.009 -15"><span class='ocrx_word' id='word_1_1122' title='bbox 1149 2615 1240 2647; x_wconf 90' lang='lat' dir='ltr'>illam</span> <span class='ocrx_word' id='word_1_1123' title='bbox 1265 2637 1273 2651; x_wconf 95' lang='lat'><em>,</em></span> <span class='ocrx_word' id='word_1_1124' title='bbox 1309 2625 1347 2647; x_wconf 83' lang='lat' dir='ltr'>an</span> <span class='ocrx_word' id='word_1_1125' title='bbox 1382 2614 1426 2646; x_wconf 92' lang='lat' dir='ltr'>ob</span> <span class='ocrx_word' id='word_1_1126' title='bbox 1460 2616 1673 2659; x_wconf 62' lang='lat' dir='ltr'>conjunctum</span> <span class='ocrx_word' id='word_1_1127' title='bbox 1708 2619 1898 2661; x_wconf 85' lang='lat' dir='ltr'>pulmo-num</span> <span class='ocrx_word' id='word_1_1128' title='bbox 1927 2616 2083 2654; x_wconf 49' lang='lat' dir='ltr'>*morbum</span> <span class='ocrx_word' id='word_1_1129' title='bbox 2109 2623 2161 2655; x_wconf 86' lang='lat' dir='ltr'>in-</span> 
     </span>
     <span class='ocr_line' id='line_1_137' title="bbox 1149 2656 2160 2702; baseline 0.009 -12"><span class='ocrx_word' id='word_1_1130' title='bbox 1149 2658 1269 2691; x_wconf 79' lang='lat' dir='ltr'>teriisse</span> <span class='ocrx_word' id='word_1_1131' title='bbox 1293 2656 1306 2690; x_wconf 86' lang='lat'>?</span> <span class='ocrx_word' id='word_1_1132' title='bbox 1330 2658 1429 2691; x_wconf 89' lang='lat' dir='ltr'>Nunc</span> <span class='ocrx_word' id='word_1_1133' title='bbox 1452 2659 1474 2692; x_wconf 85' lang='lat' dir='ltr'>si</span> <span class='ocrx_word' id='word_1_1134' title='bbox 1498 2659 1617 2693; x_wconf 83' lang='lat' dir='ltr'>nostras</span> <span class='ocrx_word' id='word_1_1135' title='bbox 1640 2671 1774 2702; x_wconf 88' lang='lat' dir='ltr'>omnes,</span> <span class='ocrx_word' id='word_1_1136' title='bbox 1798 2665 1830 2695; x_wconf 84' lang='lat'>&amp;</span> <span class='ocrx_word' id='word_1_1137' title='bbox 1855 2663 2013 2698; x_wconf 79' lang='lat' dir='ltr'>Valsalvae</span> <span class='ocrx_word' id='word_1_1138' title='bbox 2037 2665 2160 2699; x_wconf 89' lang='lat' dir='ltr'>Obser-</span> 
     </span>
     <span class='ocr_line' id='line_1_138' title="bbox 1147 2703 2162 2751; baseline 0.009 -17"><span class='ocrx_word' id='word_1_1139' title='bbox 1147 2703 1292 2736; x_wconf 86' lang='lat' dir='ltr'>vationes</span> <span class='ocrx_word' id='word_1_1140' title='bbox 1315 2703 1462 2745; x_wconf 80' lang='lat' dir='ltr'>relegeris</span> <span class='ocrx_word' id='word_1_1141' title='bbox 1487 2726 1497 2742; x_wconf 93' lang='lat'><strong><em>‚</em></strong></span> <span class='ocrx_word' id='word_1_1142' title='bbox 1531 2706 1564 2736; x_wconf 74' lang='grc' dir='ltr'>δε</span> <span class='ocrx_word' id='word_1_1143' title='bbox 1595 2715 1669 2737; x_wconf 91' lang='lat' dir='ltr'>cum</span> <span class='ocrx_word' id='word_1_1144' title='bbox 1694 2707 1766 2739; x_wconf 87' lang='lat' dir='ltr'>aliis</span> <span class='ocrx_word' id='word_1_1145' title='bbox 1791 2706 1929 2740; x_wconf 85' lang='lat' dir='ltr'>aliorum</span> <span class='ocrx_word' id='word_1_1146' title='bbox 1955 2732 1963 2747; x_wconf 89' lang='lat'>,</span> <span class='ocrx_word' id='word_1_1147' title='bbox 1995 2720 2075 2751; x_wconf 83' lang='lat' dir='ltr'>quos</span> <span class='ocrx_word' id='word_1_1148' title='bbox 2109 2711 2162 2743; x_wconf 83' lang='lat' dir='ltr'>in-</span> 
     </span>
     <span class='ocr_line' id='line_1_139' title="bbox 1149 2745 2160 2788; baseline 0.009 -10"><span class='ocrx_word' id='word_1_1149' title='bbox 1149 2745 1200 2779; x_wconf 87' lang='lat' dir='ltr'>fra</span> <span class='ocrx_word' id='word_1_1150' title='bbox 1235 2745 1474 2780; x_wconf 81' lang='lat' dir='ltr'>nominabimus</span> <span class='ocrx_word' id='word_1_1151' title='bbox 1496 2770 1507 2787; x_wconf 72' lang='lat'>³</span> <span class='ocrx_word' id='word_1_1152' title='bbox 1540 2757 1610 2781; x_wconf 92' lang='lat' dir='ltr'>tum</span> <span class='ocrx_word' id='word_1_1153' title='bbox 1655 2759 1798 2784; x_wconf 86' lang='lat' dir='ltr'>veterum</span> <span class='ocrx_word' id='word_1_1154' title='bbox 1821 2774 1830 2788; x_wconf 95' lang='lat'>,</span> <span class='ocrx_word' id='word_1_1155' title='bbox 1872 2759 1942 2783; x_wconf 89' lang='lat' dir='ltr'>tum</span> <span class='ocrx_word' id='word_1_1156' title='bbox 1984 2754 2160 2787; x_wconf 82' lang='lat' dir='ltr'>recentium</span> 
     </span>
     <span class='ocr_line' id='line_1_140' title="bbox 1149 2787 2162 2838; baseline 0.006 -15"><span class='ocrx_word' id='word_1_1157' title='bbox 1149 2787 1355 2823; x_wconf 72' lang='lat' dir='ltr'>Medicorum</span> <span class='ocrx_word' id='word_1_1158' title='bbox 1380 2791 1554 2824; x_wconf 84' lang='lat' dir='ltr'>contuleris</span> <span class='ocrx_word' id='word_1_1159' title='bbox 1576 2802 1590 2831; x_wconf 90' lang='lat'>,·</span> <span class='ocrx_word' id='word_1_1160' title='bbox 1621 2791 1714 2825; x_wconf 86' lang='lat' dir='ltr'>facile</span> <span class='ocrx_word' id='word_1_1161' title='bbox 1736 2793 1898 2834; x_wconf 84' lang='lat' dir='ltr'>intelliges</span> <span class='ocrx_word' id='word_1_1162' title='bbox 1921 2818 1933 2834; x_wconf 86' lang='lat'><em>‚</em></span> <span class='ocrx_word' id='word_1_1163' title='bbox 1967 2793 2059 2836; x_wconf 85' lang='lat' dir='ltr'>longe</span> <span class='ocrx_word' id='word_1_1164' title='bbox 2085 2807 2162 2838; x_wconf 87' lang='lat' dir='ltr'>pro-</span> 
     </span>
     <span class='ocr_line' id='line_1_141' title="bbox 1149 2833 2159 2881; baseline 0.007 -15"><span class='ocrx_word' id='word_1_1165' title='bbox 1149 2833 1264 2866; x_wconf 89' lang='lat' dir='ltr'>clivius</span> <span class='ocrx_word' id='word_1_1166' title='bbox 1288 2833 1381 2866; x_wconf 81' lang='lat' dir='ltr'>nobis</span> <span class='ocrx_word' id='word_1_1167' title='bbox 1404 2834 1462 2866; x_wconf 78' lang='lat' dir='ltr'>esse</span> <span class='ocrx_word' id='word_1_1168' title='bbox 1484 2837 1498 2873; x_wconf 75' lang='grc' dir='ltr'>ζ</span> <span class='ocrx_word' id='word_1_1169' title='bbox 1520 2833 1542 2866; x_wconf 81' lang='lat' dir='ltr'>si</span> <span class='ocrx_word' id='word_1_1170' title='bbox 1567 2835 1758 2869; x_wconf 84' lang='lat' dir='ltr'>alterutrum</span> <span class='ocrx_word' id='word_1_1171' title='bbox 1780 2838 1918 2869; x_wconf 91' lang='lat' dir='ltr'>omnino</span> <span class='ocrx_word' id='word_1_1172' title='bbox 1941 2837 2029 2881; x_wconf 86' lang='lat' dir='ltr'>sequi</span> <span class='ocrx_word' id='word_1_1173' title='bbox 2054 2839 2159 2873; x_wconf 88' lang='lat' dir='ltr'>neces-</span> 
     </span>
     <span class='ocr_line' id='line_1_142' title="bbox 1149 2875 2160 2924; baseline 0.008 -15"><span class='ocrx_word' id='word_1_1174' title='bbox 1149 2876 1181 2910; x_wconf 87' lang='lat' dir='ltr'>se</span> <span class='ocrx_word' id='word_1_1175' title='bbox 1203 2875 1315 2916; x_wconf 88' lang='lat' dir='ltr'>foret)</span> <span class='ocrx_word' id='word_1_1176' title='bbox 1337 2889 1450 2910; x_wconf 89' lang='lat' dir='ltr'>eorum</span> <span class='ocrx_word' id='word_1_1177' title='bbox 1474 2877 1636 2923; x_wconf 67' lang='lat' dir='ltr'>sententiae</span> <span class='ocrx_word' id='word_1_1178' title='bbox 1661 2878 1844 2922; x_wconf 86' lang='lat' dir='ltr'>adstipulari</span> <span class='ocrx_word' id='word_1_1179' title='bbox 1867 2904 1881 2921; x_wconf 87' lang='lat'><em>,</em></span> <span class='ocrx_word' id='word_1_1180' title='bbox 1917 2882 1973 2924; x_wconf 85' lang='lat' dir='ltr'>qni</span> <span class='ocrx_word' id='word_1_1181' title='bbox 2008 2882 2160 2918; x_wconf 87' lang='lat' dir='ltr'>lethalem</span> 
     </span>
     <span class='ocr_line' id='line_1_143' title="bbox 1150 2919 2159 2969; baseline 0.008 -17"><span class='ocrx_word' id='word_1_1182' title='bbox 1150 2919 1355 2963; x_wconf 88' lang='lat' dir='ltr'>pleuritidem</span> <span class='ocrx_word' id='word_1_1183' title='bbox 1389 2920 1506 2953; x_wconf 86' lang='lat' dir='ltr'>docent</span> <span class='ocrx_word' id='word_1_1184' title='bbox 1531 2922 1565 2953; x_wconf 86' lang='lat' dir='ltr'>in</span> <span class='ocrx_word' id='word_1_1185' title='bbox 1589 2922 1654 2954; x_wconf 81' lang='lat' dir='ltr'>sola</span> <span class='ocrx_word' id='word_1_1186' title='bbox 1677 2924 1839 2965; x_wconf 90' lang='lat' dir='ltr'>pulmonis</span> <span class='ocrx_word' id='word_1_1187' title='bbox 1860 2946 1869 2961; x_wconf 91' lang='lat'><em>,</em></span> <span class='ocrx_word' id='word_1_1188' title='bbox 1902 2924 1936 2957; x_wconf 87' lang='lat' dir='ltr'>id</span> <span class='ocrx_word' id='word_1_1189' title='bbox 1959 2926 2046 2966; x_wconf 91' lang='lat' dir='ltr'>quod</span> <span class='ocrx_word' id='word_1_1190' title='bbox 2079 2926 2159 2969; x_wconf 74' lang='lat' dir='ltr'>saepe</span> 
     </span>
     <span class='ocr_line' id='line_1_144' title="bbox 1149 2963 2160 3010; baseline 0.01 -15"><span class='ocrx_word' id='word_1_1191' title='bbox 1149 2963 1293 2997; x_wconf 87' lang='lat' dir='ltr'>vidimus</span> <span class='ocrx_word' id='word_1_1192' title='bbox 1309 2989 1317 3004; x_wconf 84' lang='lat'>‚</span> <span class='ocrx_word' id='word_1_1193' title='bbox 1339 2974 1437 3007; x_wconf 86' lang='lat' dir='ltr'>quam</span> <span class='ocrx_word' id='word_1_1194' title='bbox 1461 2975 1572 2998; x_wconf 86' lang='lat' dir='ltr'>eorum</span> <span class='ocrx_word' id='word_1_1195' title='bbox 1596 2967 1652 3008; x_wconf 89' lang='lat' dir='ltr'>qui</span> <span class='ocrx_word' id='word_1_1196' title='bbox 1677 2965 1765 3009; x_wconf 84' lang='lat' dir='ltr'>ajunt</span> <span class='ocrx_word' id='word_1_1197' title='bbox 1797 2970 1830 3000; x_wconf 90' lang='lat' dir='ltr'>in</span> <span class='ocrx_word' id='word_1_1198' title='bbox 1859 2967 1923 3000; x_wconf 84' lang='lat' dir='ltr'>sola</span> <span class='ocrx_word' id='word_1_1199' title='bbox 1948 2968 2062 3010; x_wconf 82' lang='lat' dir='ltr'>pleurae</span> <span class='ocrx_word' id='word_1_1200' title='bbox 2082 2992 2092 3009; x_wconf 90' lang='lat'>,</span> <span class='ocrx_word' id='word_1_1201' title='bbox 2125 2970 2160 3005; x_wconf 89' lang='lat' dir='ltr'>id</span> 
     </span>
     <span class='ocr_line' id='line_1_145' title="bbox 1149 3007 2161 3051; baseline 0.001 -10"><span class='ocrx_word' id='word_1_1202' title='bbox 1149 3007 1238 3050; x_wconf 89' lang='lat' dir='ltr'>quod</span> <span class='ocrx_word' id='word_1_1203' title='bbox 1261 3019 1423 3049; x_wconf 81' lang='lat' dir='ltr'>nunquam</span> <span class='ocrx_word' id='word_1_1204' title='bbox 1446 3007 1713 3051; x_wconf 86' lang='lat' dir='ltr'>deprehendimus</span> <span class='ocrx_word' id='word_1_1205' title='bbox 1734 3034 1746 3051; x_wconf 88' lang='lat'>‚</span> <span class='ocrx_word' id='word_1_1206' title='bbox 1768 3010 2032 3047; x_wconf 85' lang='lat' dir='ltr'>inflammatione</span> <span class='ocrx_word' id='word_1_1207' title='bbox 2055 3014 2161 3048; x_wconf 84' lang='lat' dir='ltr'>consi.</span> 
     </span>
     <span class='ocr_line' id='line_1_146' title="bbox 1149 3051 2158 3100; baseline 0.002 -15"><span class='ocrx_word' id='word_1_1208' title='bbox 1149 3052 1224 3085; x_wconf 83' lang='lat' dir='ltr'>stete</span> <span class='ocrx_word' id='word_1_1209' title='bbox 1246 3076 1253 3082; x_wconf 96' lang='lat'>.</span> <span class='ocrx_word' id='word_1_1210' title='bbox 1290 3053 1335 3083; x_wconf 82' lang='lat' dir='ltr'>Et</span> <span class='ocrx_word' id='word_1_1211' title='bbox 1358 3051 1473 3084; x_wconf 81' lang='lat' dir='ltr'>diserte</span> <span class='ocrx_word' id='word_1_1212' title='bbox 1496 3052 1625 3094; x_wconf 85' lang='lat' dir='ltr'>quidem</span> <span class='ocrx_word' id='word_1_1213' title='bbox 1648 3054 1869 3096; x_wconf 82' lang='lat' dir='ltr'>Hippocrates</span> <span class='ocrx_word' id='word_1_1214' title='bbox 1892 3068 1902 3094; x_wconf 71' lang='grc' dir='ltr'><strong><em>ς</em></strong></span> <span class='ocrx_word' id='word_1_1215' title='bbox 1937 3066 1972 3089; x_wconf 86' lang='lat' dir='ltr'>ut</span> <span class='ocrx_word' id='word_1_1216' title='bbox 1999 3059 2158 3100; x_wconf 78' lang='lat' dir='ltr'>Praxago-</span> 
     </span>
     <span class='ocr_line' id='line_1_147' title="bbox 1148 3093 2158 3143; baseline 0.006 -14"><span class='ocrx_word' id='word_1_1217' title='bbox 1148 3107 1239 3133; x_wconf 81' lang='lat' dir='ltr'>ram,</span> <span class='ocrx_word' id='word_1_1218' title='bbox 1264 3093 1507 3143; x_wconf 84' lang='lat' dir='ltr'>Herophilum,</span> <span class='ocrx_word' id='word_1_1219' title='bbox 1531 3099 1562 3128; x_wconf 71' lang='grc' dir='ltr'>δε</span> <span class='ocrx_word' id='word_1_1220' title='bbox 1586 3099 1806 3140; x_wconf 81' lang='lat' dir='ltr'>antiquiorem</span> <span class='ocrx_word' id='word_1_1221' title='bbox 1831 3098 1939 3132; x_wconf 89' lang='lat' dir='ltr'>forsan</span> <span class='ocrx_word' id='word_1_1222' title='bbox 1953 3101 2158 3143; x_wconf 86' lang='lat' dir='ltr'>Hippocrate</span> 
     </span>
     <span class='ocr_line' id='line_1_148' title="bbox 1150 3138 2158 3188; baseline 0.003 -16"><span class='ocrx_word' id='word_1_1223' title='bbox 1150 3138 1392 3180; x_wconf 78' lang='lat' dir='ltr'>Euriphontem</span> <span class='ocrx_word' id='word_1_1224' title='bbox 1415 3138 1601 3179; x_wconf 77' lang='lat' dir='ltr'>Cnidium,</span> <span class='ocrx_word' id='word_1_1225' title='bbox 1624 3150 1719 3184; x_wconf 87' lang='lat' dir='ltr'>atque</span> <span class='ocrx_word' id='word_1_1226' title='bbox 1741 3143 1820 3175; x_wconf 87' lang='lat' dir='ltr'>alios</span> <span class='ocrx_word' id='word_1_1227' title='bbox 1846 3152 2052 3184; x_wconf 72' lang='lat' dir='ltr'>praeteream,</span> <span class='ocrx_word' id='word_1_1228' title='bbox 2075 3157 2158 3188; x_wconf 80' lang='lat' dir='ltr'>quos</span> 
     </span>
     <span class='ocr_line' id='line_1_149' title="bbox 1148 3182 2157 3230; baseline 0.002 -16"><span class='ocrx_word' id='word_1_1229' title='bbox 1148 3182 1271 3216; x_wconf 82' lang='lat' dir='ltr'>Caelius</span> <span class='ocrx_word' id='word_1_1230' title='bbox 1295 3182 1491 3216; x_wconf 84' lang='lat' dir='ltr'>Aurelianus</span> <span class='ocrx_word' id='word_1_1231' title='bbox 1515 3185 1597 3221; x_wconf 81' lang='lat' dir='ltr'>(c),</span> <span class='ocrx_word' id='word_1_1232' title='bbox 1626 3196 1739 3219; x_wconf 88' lang='lat' dir='ltr'>eorum</span> <span class='ocrx_word' id='word_1_1233' title='bbox 1760 3197 1889 3229; x_wconf 85' lang='lat' dir='ltr'>quoque</span> <span class='ocrx_word' id='word_1_1234' title='bbox 1914 3188 2053 3220; x_wconf 78' lang='lat' dir='ltr'>rationes</span> <span class='ocrx_word' id='word_1_1235' title='bbox 2077 3199 2157 3230; x_wconf 75' lang='lat' dir='ltr'>pro-</span> 
     </span>
     <span class='ocr_line' id='line_1_150' title="bbox 1149 3225 2156 3271; baseline 0.005 -12"><span class='ocrx_word' id='word_1_1236' title='bbox 1149 3225 1276 3265; x_wconf 74' lang='lat' dir='ltr'>ferens,</span> <span class='ocrx_word' id='word_1_1237' title='bbox 1301 3225 1451 3263; x_wconf 81' lang='lat' dir='ltr'>testatur,</span> <span class='ocrx_word' id='word_1_1238' title='bbox 1476 3227 1509 3260; x_wconf 84' lang='lat' dir='ltr'>in</span> <span class='ocrx_word' id='word_1_1239' title='bbox 1520 3226 1699 3271; x_wconf 67' lang='lat' dir='ltr'>pleuriticis</span> <span class='ocrx_word' id='word_1_1240' title='bbox 1720 3228 1822 3262; x_wconf 83' lang='lat' dir='ltr'>locum</span> <span class='ocrx_word' id='word_1_1241' title='bbox 1831 3230 2003 3270; x_wconf 76' lang='lat' dir='ltr'>patientem</span> <span class='ocrx_word' id='word_1_1242' title='bbox 2027 3229 2083 3264; x_wconf 80' lang='lat' dir='ltr'>esse</span> <span class='ocrx_word' id='word_1_1243' title='bbox 2095 3231 2156 3265; x_wconf 90' lang='lat' dir='ltr'>do-</span> 
     </span>
     <span class='ocr_line' id='line_1_151' title="bbox 1151 3268 2158 3315; baseline 0.007 -14"><span class='ocrx_word' id='word_1_1244' title='bbox 1151 3268 1247 3303; x_wconf 79' lang='lat' dir='ltr'>cuisse</span> <span class='ocrx_word' id='word_1_1245' title='bbox 1265 3269 1466 3310; x_wconf 80' lang='lat' dir='ltr'>pulmonem3</span> <span class='ocrx_word' id='word_1_1246' title='bbox 1488 3268 1623 3307; x_wconf 80' lang='lat' dir='ltr'>diserte,</span> <span class='ocrx_word' id='word_1_1247' title='bbox 1647 3273 1804 3314; x_wconf 87' lang='lat' dir='ltr'>inquam,</span> <span class='ocrx_word' id='word_1_1248' title='bbox 1828 3273 2090 3315; x_wconf 86' lang='lat' dir='ltr'>Hippocratesin</span> <span class='ocrx_word' id='word_1_1249' title='bbox 2115 3276 2158 3308; x_wconf 92' lang='lat' dir='ltr'>li-</span> 
     </span>
     <span class='ocr_line' id='line_1_152' title="bbox 1152 3312 2159 3357; baseline 0.006 -11"><span class='ocrx_word' id='word_1_1250' title='bbox 1152 3314 1211 3346; x_wconf 90' lang='lat' dir='ltr'>bro</span> <span class='ocrx_word' id='word_1_1251' title='bbox 1233 3313 1268 3346; x_wconf 80' lang='lat' dir='ltr'>de</span> <span class='ocrx_word' id='word_1_1252' title='bbox 1289 3312 1369 3345; x_wconf 83' lang='lat' dir='ltr'>locis</span> <span class='ocrx_word' id='word_1_1253' title='bbox 1392 3314 1424 3345; x_wconf 79' lang='lat' dir='ltr'>in</span> <span class='ocrx_word' id='word_1_1254' title='bbox 1448 3312 1569 3346; x_wconf 78' lang='lat' dir='ltr'>homine</span> <span class='ocrx_word' id='word_1_1255' title='bbox 1591 3317 1606 3353; x_wconf 89' lang='lat'>(</span> <span class='ocrx_word' id='word_1_1256' title='bbox 1627 3315 1647 3347; x_wconf 85' lang='lat' dir='ltr'>d</span> <span class='ocrx_word' id='word_1_1257' title='bbox 1667 3319 1681 3355; x_wconf 87' lang='lat'><em>)</em></span> <span class='ocrx_word' id='word_1_1258' title='bbox 1711 3327 1775 3348; x_wconf 91' lang='lat' dir='ltr'>non</span> <span class='ocrx_word' id='word_1_1259' title='bbox 1798 3317 2064 3357; x_wconf 81' lang='lat' dir='ltr'>peripneumonia:</span> <span class='ocrx_word' id='word_1_1260' title='bbox 2088 3328 2159 3352; x_wconf 90' lang='lat' dir='ltr'>tan-</span> 
     </span>
     <span class='ocr_line' id='line_1_153' title="bbox 1152 3355 2159 3401; baseline 0.006 -12"><span class='ocrx_word' id='word_1_1261' title='bbox 1152 3367 1222 3390; x_wconf 90' lang='lat' dir='ltr'>tum</span> <span class='ocrx_word' id='word_1_1262' title='bbox 1244 3380 1252 3394; x_wconf 91' lang='lat'>,</span> <span class='ocrx_word' id='word_1_1263' title='bbox 1287 3355 1336 3388; x_wconf 88' lang='lat' dir='ltr'>sed</span> <span class='ocrx_word' id='word_1_1264' title='bbox 1361 3359 1393 3387; x_wconf 70' lang='lat' dir='ltr'>Sc</span> <span class='ocrx_word' id='word_1_1265' title='bbox 1418 3356 1600 3397; x_wconf 85' lang='lat' dir='ltr'>pleuritidis</span> <span class='ocrx_word' id='word_1_1266' title='bbox 1622 3357 1724 3391; x_wconf 86' lang='lat' dir='ltr'>sedem</span> <span class='ocrx_word' id='word_1_1267' title='bbox 1748 3361 1780 3391; x_wconf 91' lang='lat' dir='ltr'>in</span> <span class='ocrx_word' id='word_1_1268' title='bbox 1805 3359 1954 3401; x_wconf 86' lang='lat' dir='ltr'>pulmone</span> <span class='ocrx_word' id='word_1_1269' title='bbox 1976 3362 2159 3395; x_wconf 87' lang='lat' dir='ltr'>collocave-</span> 
     </span>
     <span class='ocr_line' id='line_1_154' title="bbox 1153 3398 2156 3449; baseline 0.007 -18"><span class='ocrx_word' id='word_1_1270' title='bbox 1153 3412 1200 3434; x_wconf 84' lang='lat' dir='ltr'>rat</span> <span class='ocrx_word' id='word_1_1271' title='bbox 1223 3425 1235 3441; x_wconf 79' lang='grc'>,</span> <span class='ocrx_word' id='word_1_1272' title='bbox 1270 3398 1398 3441; x_wconf 79' lang='lat' dir='ltr'>hujus,</span> <span class='ocrx_word' id='word_1_1273' title='bbox 1431 3410 1505 3432; x_wconf 88' lang='lat' dir='ltr'>cum</span> <span class='ocrx_word' id='word_1_1274' title='bbox 1536 3401 1631 3434; x_wconf 84' lang='lat' dir='ltr'>altera</span> <span class='ocrx_word' id='word_1_1275' title='bbox 1657 3413 1667 3439; x_wconf 85' lang='lat'>3</span> <span class='ocrx_word' id='word_1_1276' title='bbox 1704 3402 1792 3436; x_wconf 86' lang='lat' dir='ltr'>illius</span> <span class='ocrx_word' id='word_1_1277' title='bbox 1814 3425 1827 3442; x_wconf 82' lang='lat'><strong><em>,</em></strong></span> <span class='ocrx_word' id='word_1_1278' title='bbox 1858 3413 1933 3436; x_wconf 86' lang='lat' dir='ltr'>cum</span> <span class='ocrx_word' id='word_1_1279' title='bbox 1966 3405 2066 3438; x_wconf 81' lang='lat' dir='ltr'>ambae</span> <span class='ocrx_word' id='word_1_1280' title='bbox 2089 3404 2156 3449; x_wconf 78' lang='lat' dir='ltr'>ejus</span> 
     </span>
     <span class='ocr_line' id='line_1_155' title="bbox 1150 3441 2159 3487; baseline 0.006 -10"><span class='ocrx_word' id='word_1_1281' title='bbox 1150 3444 1279 3478; x_wconf 84' lang='lat' dir='ltr'>visceris</span> <span class='ocrx_word' id='word_1_1282' title='bbox 1310 3452 1412 3485; x_wconf 85' lang='lat' dir='ltr'>partes</span> <span class='ocrx_word' id='word_1_1283' title='bbox 1434 3441 1554 3476; x_wconf 52' lang='lat' dir='ltr'>suntza</span> <span class='ocrx_word' id='word_1_1284' title='bbox 1577 3446 1671 3487; x_wconf 87' lang='lat' dir='ltr'>copia</span> <span class='ocrx_word' id='word_1_1285' title='bbox 1703 3444 1874 3483; x_wconf 87' lang='lat' dir='ltr'>influentis</span> <span class='ocrx_word' id='word_1_1286' title='bbox 1907 3447 2004 3480; x_wconf 90' lang='lat' dir='ltr'>calidi</span> <span class='ocrx_word' id='word_1_1287' title='bbox 2038 3447 2159 3483; x_wconf 89' lang='lat' dir='ltr'>humo-</span> 
     </span>
     <span class='ocr_line' id='line_1_156' title="bbox 1151 3485 2160 3530; baseline 0.004 -10"><span class='ocrx_word' id='word_1_1288' title='bbox 1151 3487 1194 3522; x_wconf 88' lang='lat' dir='ltr'>ris</span> <span class='ocrx_word' id='word_1_1289' title='bbox 1226 3485 1404 3522; x_wconf 64' lang='lat' dir='ltr'>tumefaetae</span> <span class='ocrx_word' id='word_1_1290' title='bbox 1430 3497 1438 3517; x_wconf 93' lang='grc'>.·</span> <span class='ocrx_word' id='word_1_1291' title='bbox 1471 3487 1557 3530; x_wconf 91' lang='lat' dir='ltr'>quod</span> <span class='ocrx_word' id='word_1_1292' title='bbox 1581 3499 1641 3530; x_wconf 86' lang='lat' dir='ltr'>ego</span> <span class='ocrx_word' id='word_1_1293' title='bbox 1673 3487 1845 3523; x_wconf 87' lang='lat' dir='ltr'>discrimen</span> <span class='ocrx_word' id='word_1_1294' title='bbox 1869 3491 2079 3525; x_wconf 85' lang='lat' dir='ltr'>revocandum</span> <span class='ocrx_word' id='word_1_1295' title='bbox 2111 3494 2160 3526; x_wconf 90' lang='lat' dir='ltr'>es..</span> 
     </span>
     <span class='ocr_line' id='line_1_157' title="bbox 1152 3529 2161 3579; baseline 0.002 -15"><span class='ocrx_word' id='word_1_1296' title='bbox 1152 3531 1180 3565; x_wconf 86' lang='lat' dir='ltr'>se</span> <span class='ocrx_word' id='word_1_1297' title='bbox 1203 3533 1237 3565; x_wconf 91' lang='lat' dir='ltr'>in</span> <span class='ocrx_word' id='word_1_1298' title='bbox 1263 3529 1352 3564; x_wconf 88' lang='lat' dir='ltr'>usum</span> <span class='ocrx_word' id='word_1_1299' title='bbox 1376 3555 1385 3570; x_wconf 88' lang='lat'><em>,</em></span> <span class='ocrx_word' id='word_1_1300' title='bbox 1415 3540 1480 3563; x_wconf 89' lang='lat' dir='ltr'>non</span> <span class='ocrx_word' id='word_1_1301' title='bbox 1504 3532 1668 3565; x_wconf 86' lang='lat' dir='ltr'>contendo</span> <span class='ocrx_word' id='word_1_1302' title='bbox 1687 3544 1701 3572; x_wconf 89' lang='lat'>‚·</span> <span class='ocrx_word' id='word_1_1303' title='bbox 1731 3530 1795 3566; x_wconf 90' lang='lat' dir='ltr'>hoc</span> <span class='ocrx_word' id='word_1_1304' title='bbox 1817 3541 1943 3567; x_wconf 88' lang='lat' dir='ltr'>tantum</span> <span class='ocrx_word' id='word_1_1305' title='bbox 1965 3532 2019 3578; x_wconf 85' lang='lat' dir='ltr'>ajo</span> <span class='ocrx_word' id='word_1_1306' title='bbox 2042 3559 2053 3575; x_wconf 91' lang='lat'><strong>,</strong></span> <span class='ocrx_word' id='word_1_1307' title='bbox 2076 3547 2161 3579; x_wconf 87' lang='lat' dir='ltr'>prae..</span> 
     </span>
     <span class='ocr_line' id='line_1_158' title="bbox 1152 3572 2161 3620; baseline 0 -11"><span class='ocrx_word' id='word_1_1308' title='bbox 1152 3574 1264 3609; x_wconf 83' lang='lat' dir='ltr'>stitisse</span> <span class='ocrx_word' id='word_1_1309' title='bbox 1295 3573 1365 3613; x_wconf 83' lang='lat' dir='ltr'>&lt;id</span> <span class='ocrx_word' id='word_1_1310' title='bbox 1398 3572 1486 3616; x_wconf 89' lang='lat' dir='ltr'>quod</span> <span class='ocrx_word' id='word_1_1311' title='bbox 1516 3577 1705 3610; x_wconf 87' lang='lat' dir='ltr'>Demetrius</span> <span class='ocrx_word' id='word_1_1312' title='bbox 1749 3576 1952 3620; x_wconf 88' lang='lat' dir='ltr'>Herophilus</span> <span class='ocrx_word' id='word_1_1313' title='bbox 1986 3582 1996 3618; x_wconf 97' lang='lat'>(</span> <span class='ocrx_word' id='word_1_1314' title='bbox 2021 3583 2072 3620; x_wconf 84' lang='lat' dir='ltr'>e)</span> <span class='ocrx_word' id='word_1_1315' title='bbox 2113 3580 2161 3615; x_wconf 74' lang='lat' dir='ltr'>fe-</span> 
     </span>
    </p>

    <p class='ocr_par' dir='ltr' id='par_1_11' title="bbox 1676 3621 2168 3666">
     <span class='ocr_line' id='line_1_159' title="bbox 1676 3621 2168 3666; baseline -0.002 -9"><span class='ocrx_word' id='word_1_1316' title='bbox 1676 3621 1705 3653; x_wconf 86' lang='lat' dir='ltr'>E</span> <span class='ocrx_word' id='word_1_1317' title='bbox 1730 3630 1746 3652; x_wconf 80' lang='lat' dir='ltr'>e</span> <span class='ocrx_word' id='word_1_1318' title='bbox 2009 3629 2118 3666; x_wconf 83' lang='lat' dir='ltr'>cerat)</span> <span class='ocrx_word' id='word_1_1319' title='bbox 2165 3631 2168 3635; x_wconf 87' lang='grc'><em>’</em></span> 
     </span>
    </p>
   </div>
   <div class='ocr_carea' id='block_1_8' title="bbox 847 3804 1402 3837">
    <p class='ocr_par' dir='ltr' id='par_1_12' title="bbox 847 3804 1402 3837">
     <span class='ocr_line' id='line_1_160' title="bbox 847 3804 1402 3837; baseline -0.004 -5"><span class='ocrx_word' id='word_1_1320' title='bbox 847 3807 862 3837; x_wconf 76' lang='grc' dir='ltr'>ζ</span> <span class='ocrx_word' id='word_1_1321' title='bbox 876 3815 889 3832; x_wconf 83' lang='grc' dir='ltr'><strong><em>ε</em></strong></span> <span class='ocrx_word' id='word_1_1322' title='bbox 904 3807 918 3836; x_wconf 90' lang='grc'>)</span> <span class='ocrx_word' id='word_1_1323' title='bbox 935 3808 998 3837; x_wconf 72' lang='lat' dir='ltr'>:pud</span> <span class='ocrx_word' id='word_1_1324' title='bbox 1015 3805 1086 3832; x_wconf 77' lang='lat' dir='ltr'>eund.</span> <span class='ocrx_word' id='word_1_1325' title='bbox 1104 3804 1208 3831; x_wconf 84' lang='lat' dir='ltr'>Caelium</span> <span class='ocrx_word' id='word_1_1326' title='bbox 1227 3808 1244 3831; x_wconf 86' lang='grc'>1,</span> <span class='ocrx_word' id='word_1_1327' title='bbox 1264 3806 1299 3832; x_wconf 83' lang='lat' dir='ltr'>cit</span> <span class='ocrx_word' id='word_1_1328' title='bbox 1326 3814 1339 3831; x_wconf 80' lang='lat' dir='ltr'>c</span> <span class='ocrx_word' id='word_1_1329' title='bbox 1366 3814 1402 3836; x_wconf 75' lang='grc' dir='ltr'>ις,</span> 
     </span>
    </p>
   </div>
  </div>
 </body>
</html>
