2498 4075
1976 175 2070 222 125

807 322 1215 434 Clarzffimo
1276 314 1445 403 Viro
1490 326 1494 348 ⁵

120 505 1067 615 GUILIELMO
1157 490 2109 595 BROMFEILD

392 680 810 760 Londinenfi
858 684 1204 766 Chirurgo
1252 675 1855 763 Experientiffimo

562 827 778 925 Joannes
812 852 1046 916 Baptista
1081 848 1408 914 Morgagnus
1442 848 1488 901 S.
1522 846 1576 897 P.
1612 842 1681 893 D.

141 1100 257 1120 ἑ
349 1067 635 1115 -JNNUS
664 1066 752 1120 est,
781 1067 825 1108 ἃ(
853 1061 972 1121 quod
1001 1058 1227 1108 excurrit,
1256 1056 1341 1100 Vir
1374 1057 1648 1109 Clariffime,
1689 1069 1747 1098 ex
1777 1067 1866 1110 quo
1889 1051 2057 1094 litteras
2084 1051 2144 1093 ad

187 1129 210 1151 ³
232 1171 254 1202 δε
296 1141 411 1149 ”
487 1155 556 1183 me
584 1138 738 1182 dedisti
771 1121 880 1192 quae>
898 1132 1011 1175 Tuae
1041 1130 1179 1183 magis
1211 1127 1521 1181 Humanitati,
1552 1141 1688 1185 quam
1718 1125 1824 1166 meis
1856 1121 2102 1179 promeritis
2132 1151 2150 1173 ,

213 1259 220 1268 ,
323 1218 453 1250 *⁴⁶*
485 1206 795 1257 convenirent.
830 1204 967 1262 Qod
995 1203 1111 1246 enim
1143 1198 1462 1250 Guilielmum,
1493 1198 1654 1241 Filium
1687 1196 1837 1239 Tuum
1862 1224 1874 1247 ‚
1918 1192 2045 1234 Patre
2084 1191 2151 1234 di-

381 1268 457 1337 ΞᾸ
487 1297 647 1338 gnum,
678 1283 720 1323 &
748 1279 934 1322 comiter·
953 1272 1238 1328 accepissem,
1274 1263 1594 1327 &perlibenter
1611 1266 1819 1311 Doctoris
1835 1261 2153 1318 Philosophiae,

490 1357 532 1397 &
564 1351 802 1395 Medicinae
831 1345 1072 1403 lnfignlbus
1104 1343 1207 1385 meis
1239 1340 1325 1399 ipse
1355 1341 1558 1384 manibus
1571 1338 1817 1389 ornalsem,
1846 1335 2007 1389 gratias
2039 1335 2151 1376 mihi

485 1416 639 1480 agebas
671 1421 766 1464 illas
795 1432 903 1476 quas
933 1417 1177 1470 magislego
1208 1412 1344 1456 Vobis
1373 1412 1610 1465 deberem,
1641 1421 1838 1467 quorum
1869 1404 2012 1448 altero
2053 1406 2152 1448 mit-

120 1503 241 1538 tente
264 1524 277 1547 ,
318 1493 428 1539 alter
457 1496 513 1538 ad
543 1509 611 1538 me
651 1484 958 1541 audiendum,
1000 1483 1268 1530 Anatomen'
1290 1483 1518 1526 docentem
1543 1513 1556 1535 ‚
1600 1482 1736 1539 usque
1776 1478 1865 1519 huc
1905 1476 2028 1517 venit
2053 1505 2066 1527 ,
2109 1478 2154 1518 &

117 1566 303 1610 affiduus
340 1566 538 1624 ,quotidie
561 1595 575 1617 ‚
618 1560 902 1618 attentusque
944 1550 1115 1601 audivit
1140 1586 1153 1609 ‚
1193 1554 1450 1610 nullamque,
1490 1553 1623 1596 officii
1658 1562 1762 1605 erga
1788 1560 1858 1588 me
1882 1576 1895 1599 ,
1937 1548 1980 1588 &
2022 1544 2155 1587 bene-

117 1634 322 1679 volentiae
374 1635 740 1690 significationem
791 1629 936 1674 omisit
961 1658 974 1681 ‚
1026 1631 1069 1671 δε
1093 1657 1107 1680 ,
1158 1627 1275 1682 quod
1315 1638 1405 1682 prae
1444 1625 1613 1667 caeteris
1650 1630 1830 1677 gratum
1871 1614 1958 1660 fuit
1983 1646 1996 1670 ‚
2041 1629 2157 1673 quae-

118 1708 220 1750 dam
253 1720 427 1750 mecum
455 1736 469 1759 ,
509 1706 671 1764 quibus
710 1717 787 1762 pro
817 1702 919 1745 Tua
949 1698 1155 1754 fingulari
1186 1697 1372 1741 Solertia
1402 1698 1518 1740 Rem
1547 1693 1864 1747 Chirurgicam
1893 1701 2055 1743 augere
2087 1701 2157 1730 co-.

117 1769 285 1832 gitabas
314 1786 328 1831 ’,
366 1776 507 1820 amice
553 1772 901 1820 communicavit
928 1803 957 1833 ,ι
1116 1768 1252 1825 Qod
1280 1782 1386 1811 vero
1410 1776 1570 1823 praeter
1606 1765 1769 1819 gratias
1800 1791 1814 1815 ,
1854 1759 2045 1802 addebas
2087 1758 2158 1801 iis-

120 1847 226 1890 dem
268 1849 422 1892 litteris
454 1879 468 1903 ‚
509 1849 540 1892 fi
580 1847 689 1905 quid
733 1846 825 1889 istic
854 1839 946 1901 'pro
986 1856 1058 1886 me
1098 1839 1212 1883 forte
1251 1837 1499 1882 curandum
1540 1837 1675 1890 esset,
1705 1835 1774 1879 Te
1810 1831 1969 1875 libenti
2012 1831 2161 1872 animo

118 1918 202 1961 effe
241 1917 466 1964 faeturum
495 1935 508 1972 ;
550 1917 663 1961 nihil
701 1915 896 1975 optatiuS
941 1914 1051 1957 mihi
1092 1910 1269 1969 potuiffe
1298 1911 1522 1963 obtingere
1550 1938 1566 1961 ,
1619 1922 1678 1950 ex
1716 1907 1799 1948 hac
1844 1901 2026 1960 epistola
2071 1900 2162 1956 jam

118 1990 348 2045 cognosces
378 2023 388 2032 .
557 1989 803 2034 REGIAE
837 1994 955 2031 enim
976 1985 1044 2027 isti
1072 1981 1392 2027 Celeberrimae
1440 1975 1855 2023 SOCIETATI
1897 2004 1911 2028 ‚
1951 1986 2050 2030 quae
2090 1986 2165 2014 me

120 2062 233 2103 inter
276 2061 374 2104 suos
414 2071 517 2106 ante
556 2074 724 2104 annum
769 2069 889 2114 17243
931 2058 1119 2111 benigne
1158 2053 1326 2108 accepit
1358 2081 1372 2103 ,
1414 2051 1494 2093 hos
1534 2049 1688 2093 offerri
1730 2046 1865 2091 llbros
1894 2046 2057 2102 cupio,
2100 2042 2163 2086 le-

118 2144 174 2174 ve
214 2131 395 2189 quidem
424 2162 438 2186 ‚
479 2133 510 2176 fi
555 2131 674 2189 quod
716 2144 773 2174 ex
812 2143 885 2172 me
925 2128 1089 2171 habent
1118 2154 1131 2177 ‚
1172 2122 1389 2180 speaetur
1416 2151 1430 2175 ,
1468 2122 1625 2176 grati,
1667 2124 1710 2164 δε
1753 2115 1995 2174 obsequiofi
2026 2117 2163 2159 animi

118 2200 289 2257 signum
321 2218 333 2247 :
372 2212 418 2247 at
459 2203 491 2246 fi
533 2203 652 2259 quod
690 2214 751 2243 ex
791 2199 897 2257 aliis*
927 2200 1159 2241 continent
1188 2212 1205 2247 ,-
1244 2194 1463 2237 tributum
1502 2192 1625 2249 spero
1666 2191 1811 2234 visum
1851 2190 1907 2231 iri
1935 2202 2023 2232 non
2051 2189 2164 2231 indi-

120 2286 257 2327 gnum
296 2274 416 2328 quod
456 2273 533 2330 ipsi
573 2272 789 2315 offeratur
819 2302 829 2311 .
872 2269 1043 2314 Eodem
1081 2267 1200 2311 enim
1241 2260 1323 2307 ἰΙΙειΧ
1357 2264 1578 2321 pertinent
1603 2276 1692 2320 quo
1723 2260 1945 2304 Societatis
1989 2259 2163 2303 institu-

121 2350 219 2384 tum
249 2376 264 2397 ,
304 2353 354 2386 ut
396 2358 475 2400 per
516 2342 853 2387 Observationes
893 2347 1240 2395 promoveatur,
1268 2335 1597 2391 illustreturque
1627 2333 1814 2376 Naturae
1856 2330 2060 2385 historia,
2089 2345 2164 2375 cu-

122 2411 193 2469 jus
232 2414 403 2456 utinam
439 2413 581 2456 multo
622 2414 839 2456 minorem
880 2419 1052 2468 partem
1101 2407 1297 2452 facerent
1336 2406 1478 2449 morbi
1521 2436 1534 2459 ,
1588 2407 1634 2447 in
1675 2402 1931 2460 corporibus
1974 2412 2071 2446 tum
2109 2416 2162 2445 ae-

122 2482 210 2537 gris
239 2510 254 2534 ‚
291 2492 388 2525 tum
429 2484 616 2527 mortuis
659 2484 930 2527 examinati.

180 2552 323 2608 Qod
362 2548 551 2596 examen
590 2569 726 2612 quam
765 2554 872 2598 utile
909 2554 962 2597 fit
990 2583 1005 2606 ‚
1045 2551 1122 2595 etfi
1163 2553 1281 2593 ratio
1309 2580 1323 2604 ,
1366 2553 1409 2593 &
1448 2550 1719 2607 experientia
1762 2564 1849 2593 non
1881 2549 1980 2594 satis
2021 2552 2162 2597 osten-

124 2623 319 2675 derent3
364 2624 467 2669 satis
510 2636 660 2683 autem
688 2656 703 2681 ,
741 2625 957 2685 superque
995 2624 1251 2673 ostendunt;
1283 2633 1435 2665 tamen
1481 2622 1552 2665 vel
1595 2621 1684 2665 sola
1727 2621 2018 2666 Medicorum
2058 2638 2161 2678 gra-

123 2695 394 2739 viffimorum
432 2697 672 2741 auctoritas
700 2728 715 2751 ‚
755 2710 999 2754 eorumque
1037 2694 1285 2750 exemplum
1314 2693 1646 2737 luculentiffime
1675 2694 2016 2749 comprobarent
2034 2727 2045 2738 .
2076 2695 2160 2739 Ve-

126 2766 356 2810 tustissimis
396 2770 514 2812 enim
555 2769 826 2826 temporibus
868 2783 972 2811 cum
1013 2768 1247 2811 hominum
1285 2766 1502 2809 cadavera
1551 2765 1699 2808 secare
1738 2778 1825 2808 non
1866 2764 2019 2809 liceret
2048 2797 2062 2820 ‚
2114 2768 2161 2810 in

124 2837 361 2882 bestiarum
390 2840 503 2883 extis
546 2841 665 2884 sedes
697 2870 710 2893 ‚
752 2843 796 2883 &
837 2840 988 2883 causas
1030 2839 1286 2883 morborum
1326 2837 1384 2880 ab
1414 2837 1688 2894 Hippocrate
1710 2864 1724 2888 ‚
1766 2848 1844 2879 aut
1886 2837 1941 2880 ab
1988 2839 2040 2882 iis
2080 2841 2159 2895 qui

126 2911 326 2969 proxime
366 2909 429 2954 illi
470 2912 765 2956 successerunt
795 2941 809 2965 ‚
850 2912 975 2956 fuisse
1015 2910 1212 2969 quaesitas
1243 2940 1257 2963 ‚
1308 2923 1367 2951 ex
1404 2908 1706 2965 antiquissimis
1749 2906 1873 2952 libris
1915 2919 2035 2967 patet
2078 2912 2157 2967 qui

124 2992 206 3025 aut
249 2981 341 3037 ejus
378 2982 478 3027 sunt
506 3013 521 3036 ‚
560 2994 637 3027 aut
668 2996 745 3041 pro
784 2983 1259 3041 Hippocraticisvinter
1301 2979 1394 3033 ejus
1424 2982 1588 3037 Scripta
1616 2978 1848 3034 leguntur.
1883 2981 2034 3038 Qem
2063 2996 2157 3026 mo—

125 3067 221 3097 rem
261 3063 358 3096 tum
402 3054 596 3099 Galenus
625 3085 640 3109 ,
677 3066 778 3099 tum
816 3055 892 3099 alii
931 3066 1032 3101 ante
1072 3054 1212 3112 ipsum
1241 3084 1255 3107 ,
1294 3057 1336 3097 &
1360 3053 1452 3108 post
1481 3053 1621 3110 ipsum
1652 3051 1822 3096 Medici
1864 3052 2001 3095 secuti
2031 3053 2160 3107 sunt,

126 3138 208 3167 nec
247 3137 349 3168 raro
391 3125 460 3189 vel
501 3128 735 3172 noviffimis
773 3128 1083 3185 temporibus;
1128 3127 1281 3184 hisque
1332 3125 1467 3167 etiam
1508 3124 1661 3168 nostris
1698 3154 1712 3177 ‚
1763 3125 1866 3168 data
1904 3126 2158 3180 occasione,

125 3215 215 3246 non
254 3199 474 3242 illibenter
513 3201 755 3259 sequuntur
796 3230 811 3254 ,
860 3199 1233 3258 quemadmodum
1275 3208 1455 3254 apparet
1483 3210 1542 3240 ex
1580 3195 1780 3252 pluribus
1822 3198 1936 3241 inter
1975 3208 2155 3242 caeteras

126 3271 518 3319 Observationibus
560 3287 587 3317 a
626 3274 793 3317 Boneto
824 3305 838 3327 ,
880 3276 922 3316 δε
979 3272 1191 3326 Mangeto
1233 3271 1279 3311 in
1331 3266 1666 3326 Sepulchretum
1710 3269 2059 3322 Anatomicum,
2098 3283 2155 3312 ex

125 3344 292 3404 Confilio
334 3357 511 3401 quoque
550 3345 737 3388 Thomae
778 3344 1027 3389 Bartholini
1070 3373 1083 3396 ‚
1136 3341 1281 3385 relatis
1311 3372 1320 3382 .
1493 3340 1599 3399 Qio
1639 3341 1865 3383 studiofius
1908 3339 1981 3383 vel
2010 3352 2111 3384 ante
2139 3372 2155 3395 ,

126 3418 196 3461 vel
234 3417 326 3476 post
367 3415 586 3459 Galenum
625 3417 763 3460 donec
801 3417 982 3460 tandem
1026 3415 1256 3458 hominum
1297 3411 1513 3457 cadavera
1552 3413 1744 3455 incidere
1783 3411 1848 3455 fas
1889 3411 2003 3464 fuit,
2031 3410 2155 3456 obla-

124 3502 171 3535 ta
210 3492 304 3534 haec
349 3487 569 3532 incidendi
599 3518 613 3541 ,
664 3489 874 3532 rariffima
924 3487 1119 3543 alioquin
1159 3496 1237 3529 aut
1277 3484 1375 3527 loco
1404 3513 1417 3536 ‚
1457 3495 1531 3528 aut
1572 3494 1768 3539 tempore
1798 3512 1812 3537 ,
1854 3482 2040 3527 facultas
2082 3497 2158 3526 ac-

124 3576 251 3625 cepta
290 3561 352 3607 est
382 3594 391 3603 .
433 3561 645 3618 Namque
687 3561 855 3618 aliquot
897 3571 998 3603 ante
1028 3556 1245 3601 Galenum
1276 3554 1442 3598 fieculis
1483 3557 1527 3598 in
1553 3554 1747 3610 [Egypto
1774 3556 1952 3612 quidem
1981 3553 2053 3653 abb
2070 3554 2160 3598 Re-

1981 3624 2022 3665 gi
2057 3624 2106 3653 us
