2498 4075
557 256 707 322 Epist.
743 256 904 309 Anat.
937 254 1151 310 Medica
1186 253 1331 309 LIX.
1352 255 1474 308 Art.
1495 274 1568 317 30·
1590 254 1645 308 &
1666 269 1738 313 31·

114 333 191 369 dum
215 342 267 369 tot
291 335 352 370 alia
398 334 557 370 adversus*
587 344 759 369 venenatos
803 333 988 369 animalium
1031 337 1114 370 setus

112 378 195 411 olim
218 378 441 413 commendata
468 376 614 419 praesidia
638 378 771 412 inutilia
795 377 877 418 effe,
898 378 1063 420 ostendit,
1083 382 1115 413 &

111 421 283 457 oblivione
307 430 399 455 tanta
423 421 531 455 obruit
548 447 556 459 ,
581 432 615 455 ut
631 443 643 461 ‚
678 421 817 463 exempli
850 424 943 455 causa
970 449 978 462 ‚
1021 422 1111 465 quod

116 465 281 508 Abbatius
301 468 316 505 (
330 463 359 508 f
366 466 385 508 )
409 472 568 506 expertum
591 464 661 508 effe.
689 463 833 506 scripsit,
855 466 1016 500 admodum
1035 476 1112 509 pro-

114 505 214 552 deffe,
239 509 283 542 (φ’
303 509 436 542 ‘Patavii
458 508 590 550 quidem
612 515 796 549 expertum,
820 519 879 550 ego
902 510 989 543 intra
1013 520 1111 544 annos

105 551 350 594 'propemodum
373 553 610 594 quinquaginta
635 563 673 585 ex
696 562 763 593 quo
785 553 840 586 hic
865 553 995 591 versor,
1028 565 1111 587 nun-.-

110 605 208 636 quam
232 597 403 629 memorari
429 606 444 628 a
468 604 656 637 quoquam,
682 595 801 627 nedum
825 593 992 634 adhiberi,
1017 597 1110 631 audi-

112 640 235 672 verim.
264 639 377 681 ltaque
401 639 474 671 anni
498 640 552 670 vix
577 638 668 680 pauci
695 639 915 678 praeterierant
930 661 941 678 ‚
964 651 1037 673 cum
1049 641 1114 674 Re-

109 683 172 723 giae
196 682 414 717 scientiarum
438 680 623 715 Academiae
666 680 839 714 Parisienfis
870 683 1115 717 Commentaria

111 723 206 764 illa(
225 735 246 767 g
267 727 281 763 )
305 725 516 766 prodierunt:
543 735 581 757 ex
603 725 724 767 quibus
748 735 802 765 per
825 727 1044 767 experimenta
1059 725 1113 759 Cl.

109 766 272 801 Virorum
295 766 494 809 Geoffroyi,
516 769 547 803 δι
569 768 756 801 Hunauldii
780 766 1035 803 demonstratum
1073 769 1119 803 es-

111 808 164 851 se,
185 811 423 850 intelleximus,
447 822 544 853 quam
567 811 674 849 leves,
698 813 728 844 &
751 810 858 845 dubiae
904 813 1034 847 istarum
1081 824 1119 847 ex

110 854 184 887 oleo
207 855 433 888 inunfflonum
458 853 519 887 sint
545 855 651 887 vires:
674 853 800 896 hocque
824 854 984 896 judicium
998 856 1115 891 retium

106 895 190 936 esse,
216 898 265 931 vel
287 898 469 940 Anglorum
493 896 643 931 Medicus
664 897 863 931 doffislimus
908 899 1115 933 confirmavit

106 940 259 974 Meadius
283 940 338 984 (h
359 944 393 980 >.
417 940 490 984 Qui
514 940 639 975 tametsi
665 941 818 982 viperinae
844 943 992 985 axungiae
1038 954 1113 985 pro·

106 983 303 1017 habiliorem
327 983 456 1018 laudem
480 985 585 1017 tribui
614 982 720 1026 posse,
746 984 896 1023 addidit5
920 995 1026 1020 tamen
1063 998 1112 1020 ne.

105 1038 169 1069 que
192 1026 273 1062 hanc
297 1029 498 1061 curationem
514 1027 614 1071 fidam
638 1027 719 1068 esle,
742 1030 878 1069 ingenue
901 1027 995 1063 fassus
1028 1030 1071 1063 est
1100 1053 1112 1070 ‚

108 1073 139 1103 δι
164 1080 199 1104 tu
224 1082 265 1109 ex
288 1071 389 1104 altero
413 1071 501 1114 quod
546 1073 579 1105 in
624 1074 810 1104 memoratis
854 1073 1112 1107 Commentariis

106 1111 202 1148 morsi
226 1113 371 1148 hominis
395 1115 579 1156 profertur,
602 1113 753 1153 exemplo
787 1114 884 1148 facile
928 1116 1077 1157 agnosces
1101 1141 1109 1148 .

107 1157 180 1199 Ipse
202 1168 278 1191 vero
303 1169 366 1201 prae
391 1160 513 1192 caeteris
536 1158 666 1192 auxiliis
689 1157 809 1198 facile,
841 1161 872 1191 δι
919 1170 1105 1201 promptum

105 1200 188 1234 illud
211 1201 438 1239 commendat,
462 1201 550 1244 quod
574 1200 755 1243 significare
778 1200 869 1244 supra
896 1204 1008 1239 volui,
1030 1216 1105 1237 cum

104 1244 283 1278 remedium
306 1244 366 1279 esse
391 1246 584 1282 inventurn,
607 1246 741 1286 negavi,
765 1246 819 1278 cui
843 1245 943 1280 fidere
967 1245 1104 1281 audeant

102 1286 272 1326 homines,
294 1288 446 1322 videlicet
472 1299 543 1331 quae
565 1299 624 1322 ore
646 1288 753 1321 statim
778 1288 837 1322 fiat
852 1314 861 1328 ‚
897 1290 1009 1323 veneni
1055 1290 1106 1324 su-

104 1332 269 1365 fiionern.
296 1331 387 1365 Nam
410 1330 469 1365 etsi
494 1330 607 1364 Celsus
638 1334 651 1370 (
674 1331 686 1364 ι’
709 1335 721 1370 )
766 1331 912 1367 adversus
956 1334 1106 1368 omnium

102 1373 299 1417 serpentium
324 1375 446 1409 morsus
468 1373 550 1408 hanc
575 1373 710 1408 fidenter
746 1374 824 1409 adeo
859 1377 1107 1411 commendave-

101 1419 148 1452 rit
163 1443 172 1458 ‚
196 1428 232 1453 ut
257 1418 464 1455 asseveraret,
486 1417 526 1451 sic
550 1420 580 1451 &
604 1417 770 1460 sugentem
794 1426 900 1453 tutum
917 1418 989 1464 fore
1012 1442 1020 1457 ‚
1067 1423 1110 1455 Θ

105 1468 212 1495 tutum
235 1461 387 1496 hominem
410 1461 464 1505 effe
482 1460 716 1503 praestiturum,
739 1472 838 1503 eaque
863 1463 904 1496 ab
938 1463 1110 1497 Dioscori-

101 1504 141 1538 de
165 1506 263 1539 etiam
288 1506 414 1539 laudata
439 1508 453 1543 (
475 1505 494 1545 s<
517 1508 552 1543 ),
578 1515 642 1537 non
665 1505 787 1538 Galeni
810 1505 890 1548 (l)
914 1506 1012 1540 modo
1023 1518 1108 1541 tem-

97 1549 258 1591 poribus,
282 1549 331 1582 sed
356 1551 385 1582 δι
412 1549 504 1582 Aetii
531 1551 631 1588 (m),
658 1549 750 1582 Pauli
774 1553 787 1587 (
810 1559 829 1580 n
851 1553 891 1590 >a
913 1552 1107 1584 &Actuarii

99 1592 120 1635 (
136 1604 152 1625 o
177 1595 211 1631 ),
237 1605 252 1626 a
276 1593 394 1634 quibus
417 1593 619 1633 imperatum
644 1602 678 1625 ut
704 1590 851 1625 Rhazem
874 1595 930 1635 (p
953 1596 988 1633 ),
1013 1595 1106 1627 alios-

97 1647 161 1678 que
183 1638 358 1674 omittam3
384 1637 417 1668 in
443 1634 499 1669 usu
522 1633 645 1672 fuerit3
669 1636 750 1678 quin
775 1645 811 1668 ut
854 1636 892 1669 ad
939 1641 1107 1678 propiores

97 1679 193 1713 nobis
215 1678 425 1715 descendam3
449 1691 465 1711 a
489 1678 668 1718 Tagaultio
691 1689 822 1720 quoque
845 1679 865 1720 (
881 1690 899 1721 q
924 1682 956 1719 ),
978 1681 1110 1714 Vesalio

96 1724 149 1765 (r
170 1725 208 1763 ),
231 1723 379 1756 Abbatio
401 1720 507 1764 (s),
532 1721 685 1754 severino
707 1723 721 1759 (
744 1730 759 1755 t
782 1725 818 1759 ),
844 1722 952 1756 Redio
991 1723 1104 1766 (u),

96 1764 254 1800 Charafio
299 1768 313 1804 (
335 1775 358 1799 x
380 1766 393 1802 )
417 1787 427 1802 ‚
472 1763 606 1806 aliisque
629 1764 682 1806 (y
707 1767 718 1802 )
744 1766 929 1805 probetur.-
951 1767 1029 1806 etsi,
1053 1769 1105 1801 in-

80 1820 219 1851 quam,
243 1816 318 1848 tot,
343 1807 507 1850 tantisque
530 1807 781 1841 auetoritatibus
805 1812 954 1848 nitatur;
977 1820 1041 1843 non
1064 1811 1106 1845 est

96 1861 206 1885 tamen
231 1850 329 1886 facile
354 1851 569 1894 sperandum,
594 1850 753 1892 populum
777 1862 815 1885 eo
850 1851 936 1894 posse
968 1853 1105 1891 adduci,

98 1904 137 1929 ut
161 1894 260 1930 Celso
282 1898 296 1935 (
319 1906 344 1938 z
367 1898 399 1933 ),
422 1904 475 1928 aut
497 1895 648 1935 cuiquam
677 1894 783 1927 credat
809 1917 820 1933 ‚
854 1906 1011 1930 venenum
1044 1896 1107 1931 hoc

96 1948 156 1971 non
176 1937 285 1981 gustu,
303 1938 362 1981 sed
383 1938 416 1970 in
439 1937 564 1970 vulnere
587 1946 713 1970 nocere.-
737 1948 836 1980 quam
861 1939 963 1978 velit,
988 1941 1107 1975 clamet

97 1982 268 2016 Severinus
292 1986 303 2022 (
325 1993 344 2013 a
365 1984 400 2021 )‚
423 1980 553 2024 exsugat
575 1979 672 2019 noflra
688 1978 753 2022 fide
774 1982 936 2025 quzjqui53
951 2008 958 2015 .
972 2008 998 2017 ..
1014 2007 1021 2014 .
1047 1985 1105 2017 im„

97 2025 201 2059 munis
223 2036 241 2058 a
263 2036 322 2066 qua
345 2034 381 2058 ue
405 2023 493 2062 labe,
516 2021 556 2055 ab
578 2033 756 2065 unoquoque
795 2025 980 2060 detrimento
1002 2049 1013 2065 ,
1058 2038 1106 2062 me

94 2066 292 2111 fidejuffore‚
308 2035 446 2111 yguturus
468 2066 507 2106 est
528 2065 686 2108 eafublor.

93 2122 97 2126 ’
139 2122 191 2154 30.
217 2111 414 2154 Quanquam
441 2110 597 2151 populum
622 2111 654 2141 in
677 2121 717 2143 eo
753 2110 857 2153 sapere
880 2135 891 2150 ,
937 2115 1102 2147 existima-

90 2160 190 2195 rem,
214 2154 236 2187 si
260 2154 336 2188 huic
360 2153 537 2195 fidejussori
562 2154 697 2186 minime
719 2157 888 2196 crederet,
934 2158 1025 2191 nullo
1069 2159 1103 2190 in

94 2197 240 2241 'periculo
264 2198 468 2240 exsugentem
492 2196 560 2230 fore
584 2194 677 2236 (b),
701 2197 828 2231 tametsi
853 2199 1005 2242 exsugens
1029 2201 1105 2234 Cel-

93 2240 123 2274 ‘fi
151 2246 161 2281 (
187 2254 203 2274 c
226 2245 236 2281 )
260 2243 449 2279 monitum,
472 2252 488 2274 a
514 2239 673 2282 plerisque
697 2251 810 2274 eorum
835 2253 917 2284 quos
941 2244 1068 2278 laudavi
1093 2268 1103 2283 ‚

96 2284 214 2318 diserte
238 2284 465 2318 confirmatum
480 2308 488 2322 ‚
512 2294 576 2316 non
601 2283 797 2322 attenderet,
821 2295 857 2318 rie
881 2288 959 2328 quod
981 2288 1013 2320 in
1034 2289 1106 2330 gin-

92 2328 202 2371 givis,
221 2328 369 2370 palatove
382 2352 394 2368 ‚
416 2328 524 2373 aliave.
537 2335 629 2368 parte
652 2328 714 2360 oris
737 2328 824 2361 ulcus
845 2328 977 2364 babeat.
1002 2332 1104 2367 Quod

98 2372 224 2405 Redius
248 2372 434 2409 monitum,
460 2373 490 2404 δι
514 2380 583 2411 iure
606 2371 759 2412 quidem,
783 2374 988 2416 meritoque,
1019 2376 1104 2408 tanti

95 2414 262 2453 faciebat,
287 2425 321 2448 ut
345 2415 432 2457 quod
458 2415 497 2447 ab
521 2414 631 2455 aliquo
666 2414 796 2449 illorum
841 2417 899 2458 qui
944 2429 1019 2451 cum
1063 2429 1103 2452 eo

98 2468 179 2493 tunc
204 2460 358 2498 aderant,
382 2456 536 2493 audivisse
557 2457 660 2497 olim,
685 2460 841 2496 memini,
876 2472 949 2494 cum
984 2473 1022 2494 ex
1061 2463 1101 2495 iis

96 2503 154 2544 qui
180 2502 358 2545 expressum
383 2515 398 2535 a
424 2502 544 2543 viperis
568 2511 725 2535 venenum
750 2504 929 2544 potabant,
955 2516 1034 2538 unus
1066 2506 1099 2538 in

93 2546 179 2579 illud
205 2545 384 2579 identidem
410 2546 499 2588 panis
522 2544 660 2578 crustam
682 2546 884 2589 intingeret,
908 2548 1099 2589 ederetque,

91 2591 294 2633 increpuerit
318 2592 478 2623 continuo
504 2588 645 2625 Rectius,
670 2601 708 2623 ne
732 2589 819 2623 forte
845 2592 946 2624 crusta
990 2594 1099 2634 gingi-

94 2645 188 2670 vam,
215 2643 250 2667 ut
274 2634 438 2666 interdum
472 2630 530 2671 fit,
553 2632 760 2671 vulnerante,
796 2633 854 2666 fibi
899 2631 999 2669 homo
1044 2647 1099 2677 per

95 2675 206 2719 jocum
232 2676 365 2718 praesens
388 2676 566 2719 periculum
592 2685 732 2709 crearet.
759 2677 828 2713 Qui
873 2680 967 2712 etiam
1012 2679 1099 2712 inter

91 2730 225 2754 'caeteras
248 2720 354 2753 causas
377 2742 385 2756 ,
416 2719 628 2762 quamobrem
661 2720 836 2753 circulator
880 2724 1100 2755 commorsum

91 2762 156 2796 fibi
181 2764 220 2797 ab
243 2762 350 2804 aspide
372 2762 539 2796 brachxurn
555 2788 563 2801 ‚
588 2764 656 2795 imo
679 2763 824 2797 homines
847 2763 914 2797 duo
938 2766 1036 2798 ietum
1062 2765 1100 2798 fi-

97 2807 132 2840 bi
156 2818 172 2839 a
197 2807 302 2848 vipera
325 2806 466 2847 digitum
490 2816 565 2839 curn
590 2806 759 2844 suxissent,
784 2807 1100 2842 nihilominusmor-

98 2851 149 2884 tui
172 2849 316 2889 sint‚,ut
340 2851 484 2882 AElianus
509 2849 563 2891 (d
584 2852 598 2888 )
618 2874 626 2889 ,
657 2851 854 2885 Matthiolus
898 2856 912 2891 (
934 2863 949 2885 c
972 2855 981 2889 )
1006 2872 1018 2891 ,
1065 2855 1097 2885 δέ

97 2895 238 2927 Amatus
262 2891 432 2925 Lusitanus
451 2889 538 2933 (f)
561 2892 776 2935 scripserunt,
800 2894 881 2929 hanc
915 2894 1095 2936 ponendam

97 2937 180 2974 esse,
203 2935 342 2977 conjecit
365 2938 417 2978 (g
438 2939 452 2975 )
470 2962 478 2975 ‚
501 2936 589 2977 quod
612 2947 648 2968 os
670 2937 718 2969 illi
765 2933 918 2971 haberent
964 2937 1095 2972 fortasse

98 2979 264 3013 ulcusculo
286 2980 440 3021 quopiam
463 2980 590 3013 laesum.
614 2980 661 3012 Hi
685 2990 814 3019 tamen,
841 2983 961 3025 aliique
1008 2984 1093 3015 insta

98 3027 110 3063 (
134 3023 154 3057 h
175 3027 189 3063 )
209 3022 485 3056 commemorandi
510 3033 642 3056 eventus
667 3023 812 3057 homines
836 3034 955 3059 terrent
974 3047 986 3064 ,
1017 3026 1095 3060 dum

97 3078 164 3108 quo
188 3067 308 3104 alicui,
329 3076 529 3108 quaecunque
552 3066 651 3101 fuerit
674 3066 788 3104 causa,
812 3069 931 3102 accidit
956 3094 964 3109 ‚
1008 3070 1095 3104 idem

96 3110 156 3145 fibi
180 3120 310 3151 quoque
333 3109 473 3142 accidere
497 3108 602 3151 posse,
626 3111 763 3148 timent,
787 3112 809 3143 ii
835 3111 1010 3153 praesertim
1023 3116 1096 3155 qui-

97 3154 156 3188 bus
180 3153 222 3187 est
245 3153 451 3195 gingivarum
475 3152 589 3186 laxitas
612 3163 666 3188 aut
690 3153 873 3188 scorbutica
900 3178 909 3193 ,
957 3165 1012 3189 aut
1056 3158 1093 3191 ad

94 3196 197 3240 ipsam
223 3199 390 3232 accedens,
416 3196 546 3238 quando
570 3196 768 3231 Mattbiolus
792 3199 849 3237 (i)
872 3199 921 3232 vel
948 3198 1010 3232 sine
1034 3200 1094 3234 hac

97 3239 355 3279 animadvertit,
378 3238 585 3281 sanguinem,
607 3252 623 3273 a
640 3238 726 3283 forti
748 3241 812 3283 ipsa
829 3241 970 3284 subiione
994 3240 1094 3285 facile

96 3293 112 3317 ε
130 3284 274 3326 gingivis
297 3293 421 3316 manare
436 3306 444 3314 .
467 3283 605 3316 Terrent
628 3285 723 3317 etiarn
761 3288 883 3318 monita
929 3287 985 3319 illa
1030 3287 1095 3320 alia

94 3338 167 3368 quae
193 3327 336 3369 ple‘rique
359 3336 467 3359 eorum
489 3337 570 3368 quos
593 3328 725 3368 probare
747 3327 889 3362 'diximus
902 3328 1096 3370 factionem,

98 3369 289 3412 astipulante
310 3380 440 3412 quoque
461 3370 627 3403 Avicenna
649 3374 663 3410 (
685 3372 703 3410 l<
725 3375 761 3412 )‚
786 3373 991 3406 inculcarunt
1014 3397 1021 3411 ‚
1057 3386 1095 3408 ne

96 3409 208 3456 suge-ns
232 3411 270 3445 sit
293 3412 440 3454 jejunus,
463 3422 563 3454 utque
586 3413 619 3445 in
642 3425 697 3447 ore
740 3416 864 3449 colluto
897 3417 1004 3450 oleum
1047 3427 1094 3450 te-

185 3456 349 3498 Morgagm'
360 3457 394 3488 de
406 3456 471 3488 Sed.
484 3456 526 3488 (φ
536 3455 622 3497 Caus.
636 3457 736 3490 Morb.
751 3461 849 3492 Tom.
862 3460 908 3491 II.

1166 344 1259 373 neat,
1284 338 1314 369 δε
1336 333 1424 376 quod
1446 334 1595 371 exsuxit,
1618 336 1779 369 continuo
1800 330 1931 373 exspuat
1945 356 1953 364 .
1977 331 2061 370 Quae
2095 343 2169 366 mo-

1165 379 1234 411 nita
1259 390 1296 411 eo
1321 379 1422 421 magis
1445 386 1569 410 terrent
1584 402 1592 416 ‚
1615 378 1703 420 quod
1729 375 1947 412 Dositissimus
1970 374 2038 424 ipse
2074 375 2169 409 Mea-

1164 421 1235 455 dius
1259 425 1270 462 (
1294 420 1306 454 l
1326 425 1341 462 )
1363 422 1471 455 eadem
1493 420 1592 454 ferme
1614 421 1841 459 commendat,
1864 418 1987 468 tametsi
2010 416 2044 450 id
2068 429 2105 450 eo
2116 418 2169 453 di-

1160 474 1237 503 cat,
1258 475 1295 498 ne
1316 465 1424 500 veneni
1444 464 1549 498 acredo
1573 462 1743 506 inflammet
1764 462 1847 499 labia
1859 485 1871 503 ‚
1893 460 2090 510 linguamque
2111 472 2170 495 ex-

1163 507 1306 549 sugentis
1322 530 1334 548 ‚
1360 520 1416 542 nec
1440 509 1633 547 immerito,
1655 507 1786 551 quando
1808 517 1883 541 cum
1929 505 2000 538 aliis
2045 514 2166 545 vipeiae

1163 561 1320 584 venenum
1344 552 1494 594 gustans,
1543 562 1667 585 uamvis
1690 562 1765 585 cum
1788 561 1867 594 aqua
1893 549 2047 588 mistum,
2073 545 2168 596 sapo-

1162 605 1194 627 re
1216 594 1271 639 effe
1293 596 1359 627 acri
1380 595 1430 627 &is
1446 562 1559 637 igned,
1583 596 1752 636 percepit,
1774 593 1854 639 utfi
1900 592 2003 636 lingua
2039 587 2169 633 fervido

1164 636 1269 679 aliquo
1292 641 1333 672 Θ
1357 645 1464 671 urente
1486 646 1607 679 corpore
1627 636 1753 679 pertusa
1776 635 1871 680 effer,
1893 636 1954 670 hoc
1979 634 2068 668 sensu
2090 634 2169 668 duas

1165 680 1266 714 tresve
1289 679 1386 714 horas
1409 682 1566 718 durante3
1589 682 1670 723 quin
1695 680 1797 715 socius
1821 680 1877 721 qui
1914 690 1979 713 non
2022 677 2168 712 dilutum

1169 725 1294 766 gustare
1317 725 1448 765 voluit,
1471 725 1545 757 inde
1568 724 1682 757 retulit
1707 735 1781 757 curn
1805 723 1926 764 linguae
1961 722 2069 764 aliqua
2116 724 2169 754 in·

1170 766 1398 801 flammatione
1421 770 1453 801 &
1478 776 1606 801 tumore
1628 767 1826 800 ulcusculum
1842 789 1851 805 ,
1874 765 2009 799 biduum
2043 775 2171 806 perma-

1172 821 1269 844 nens.
1294 813 1405 852 Longe
1429 812 1535 843 minus
1559 809 1761 851 terrebantur
1783 808 1948 845 homines,
1993 818 2068 841 cum
2113 817 2170 843 aue

1170 854 1357 888 Severinum
1380 858 1394 893 (
1417 865 1447 887 m
1471 858 1481 892 )
1506 853 1654 896 legebant
1678 855 1871 893 testantem,
1897 852 2006 894 sapore
2028 850 2090 884 hoc
2115 861 2170 884 ve.

1166 908 1285 933 nenum
1310 896 1368 930 esse
1392 897 1476 939 quasi
1495 897 1586 939 sorbi
1609 898 1794 934 immaturi,
1819 905 1854 930 ut
1880 896 2022 937 percepit
2066 894 2170 927 Bran-

1165 940 1282 975 chinus
1297 966 1305 980 ,
1331 940 1595 983 Pharmacopaeus
1618 939 1759 974 Senensis
1773 940 1964 983 praecipuus,
1976 949 2051 971 cum
2064 961 2075 978 ‚
2097 937 2170 980 ipso

1165 985 1318 1023 vidente,
1341 983 1447 1026 lingua
1470 983 1585 1017 libaret
1607 995 1643 1017 ac
1665 984 1854 1027 degustaret,
1882 1008 1909 1017 ..
1924 1007 1931 1014 .
1945 1006 1952 1014 .
1976 980 2058 1015 nibil
2080 981 2170 1015 exin-

1163 1027 1200 1062 de
1231 1038 1315 1061 noxae
1345 1025 1499 1071 perpessus
1521 1050 1531 1065 ,
1578 1035 1632 1060 aut
1676 1025 1866 1061 Charafium
1915 1027 2007 1068 (n)
2051 1024 2168 1057 asseve-

1163 1081 1288 1105 rantem
1303 1093 1311 1108 ,
1332 1070 1512 1112 gustatum,
1535 1073 1577 1106 (φ
1601 1069 1811 1113 deglutitum;
1833 1070 1912 1111 quod
1938 1067 2017 1111 saepe
2051 1067 2167 1109 saepius

1161 1121 1308 1157 expertus
1321 1121 1388 1146 crat
1403 1126 1411 1149 ;
1436 1123 1530 1155 neque
1542 1113 1662 1146 bomini
1673 1137 1685 1154 ‚
1696 1124 1790 1155 neque
1799 1112 1860 1146 ulli
1873 1112 2005 1145 animali
2014 1108 2145 1154 nocuzffe
2157 1122 2170 1148 ;

1159 1169 1196 1193 ut
1215 1158 1303 1200 quod
1324 1156 1463 1198 denique
1480 1156 1566 1189 addit
1583 1182 1591 1195 ‚
1616 1167 1674 1189 non
1689 1156 1910 1189 detreft'averit
1931 1154 2057 1197 ipsemet
2079 1155 2112 1187 in
2134 1165 2170 1186 os

1154 1203 1316 1245 proprium
1327 1203 1462 1241 ingerere
1474 1200 1522 1232 vel
1536 1198 1647 1241 absque
1653 1199 1800 1242 sequente
1814 1225 1822 1238 ,
1838 1207 1894 1232 aut
1904 1198 2090 1241 praecedente
2099 1197 2163 1230 oris

1157 1244 1345 1282 collacione,
1369 1252 1425 1275 aut
1452 1242 1589 1276 Redium
1615 1246 1679 1284 (o)
1702 1245 1735 1275 in
1760 1243 1875 1284 primis
1898 1242 2143 1275 confirmantem
2158 1262 2170 1279 ‚

1150 1287 1188 1331 se
1211 1285 1319 1331 vidisse
1342 1284 1478 1327 infinitis
1502 1285 1626 1319 vicibus
1649 1285 1729 1320 illud
1751 1284 1982 1323 lambentibus,
2010 1282 2171 1326 &deglu-

1159 1329 1313 1365 tientzbus
1335 1329 1421 1362 labra
1444 1339 1502 1362 non
1523 1326 1721 1372 intumuzffe,
1744 1330 2040 1370 describentemque
2070 1327 2171 1371 jaco-

1161 1374 1239 1408 bum
1264 1373 1358 1406 illum
1383 1371 1496 1410 suum,
1523 1382 1596 1406 cum
1619 1374 1651 1406 id
1677 1384 1741 1406 non
1767 1373 1832 1406 sine
1857 1374 2027 1414 voluptate
2049 1372 2169 1405 identi-

1160 1418 1234 1452 dem
1258 1416 1435 1452 lamberet,
1461 1424 1515 1450 aut
1542 1426 1694 1457 potaret,
1718 1417 1803 1451 idem
1839 1416 1989 1458 postridie
2023 1427 2087 1449 non
2120 1414 2186 1448 fa-‘

1161 1462 1316 1497 ἂιπυῐῃ,
1340 1459 1361 1492 si
1385 1461 1472 1500 oris,
1497 1468 1551 1492 aut
1577 1461 1748 1494 ventriculi
1772 1471 1891 1494 noxam
1918 1461 1994 1494 inde
2038 1457 2170 1493 retulis-

1161 1504 1235 1544 set,
1260 1513 1314 1538 aut
1340 1504 1484 1544 saporem
1511 1515 1614 1536 acrem
1641 1527 1652 1542 ,
1684 1506 1715 1537 &
1761 1515 1904 1539 urentem
1952 1500 2137 1546 percepisset
2160 1525 2171 1542 ,

1160 1559 1257 1590 quem
1281 1550 1414 1585 contra,
1441 1545 1550 1579 scribit
1575 1546 1721 1586 Redius,
1744 1547 1863 1581 dulcem
1888 1546 2051 1590 insipidum
2076 1558 2171 1579 vene-

1162 1603 1204 1623 no
1218 1591 1263 1624 illi
1277 1591 1335 1624 esse
1348 1613 1360 1630 ,
1383 1592 1414 1621 &
1431 1588 1630 1631 simillimum
1647 1590 1754 1631 sapori
1775 1590 1835 1623 olei
1857 1590 2089 1632 amygdalarum
2102 1589 2172 1623 dala

1164 1635 1267 1667 cium.
1294 1632 1356 1667 Sed
1379 1633 1420 1666 de
1443 1642 1537 1666 tanto
1560 1634 1644 1665 inter
1670 1635 1828 1667 Auctores
1849 1633 1984 1667 dissensu
2001 1659 2009 1672 ,
2031 1634 2068 1667 de
2102 1645 2170 1666 uno

1165 1677 1340 1719 eodemque
1365 1686 1488 1709 veneno
1511 1678 1700 1718 loquentes,
1723 1687 1800 1710 mox
1824 1678 1884 1710 erit
1909 1680 2027 1710 iterum
2059 1677 2171 1710 dicen-

1164 1720 1198 1754 di
1223 1721 1332 1754 locus.
1357 1720 1457 1753 Nunc
1482 1720 1561 1753 illud
1587 1720 1719 1763 cogita,
1744 1732 1822 1754 num
1846 1732 1885 1754 ex
1910 1721 1965 1753 ista
2000 1719 2066 1763 ipsa
2102 1719 2170 1754 dis-

1161 1763 1303 1798 sensione
1329 1762 1521 1797 huminibus
1542 1763 1616 1796 addi
1641 1762 1734 1805 possit
1758 1766 1905 1803 animus,
1940 1773 1976 1797 ut
2023 1763 2170 1797 suctione

1161 1817 1320 1847 utar—itur,
1345 1805 1525 1847 praesertim'
1542 1817 1617 1840 cum
1643 1805 1809 1848 plerosque
1834 1807 1965 1842 videant
1997 1807 2052 1849 qui
2103 1807 2169 1841 sive

1163 1862 1202 1883 ex
1227 1839 1428 1888 Veteribti‘s,
1453 1847 1515 1883 sive
1537 1861 1575 1882 ex
1612 1850 1865 1885 Recentioribus
1911 1850 2013 1894 ipsam
2058 1850 2173 1885 lauda-

1140 1897 1261 1931 ‘runt,
1285 1905 1350 1927 non
1374 1895 1427 1927 uni
1454 1893 1503 1926 illi
1529 1893 1592 1926 sere
1616 1893 1686 1934 plus
1720 1893 1818 1927 fidere
1846 1917 1857 1931 ‚
1897 1907 1996 1937 quarn
2040 1896 2169 1929 auxilio

1162 1936 1250 1981 qnod
1276 1939 1380 1970 minus
1404 1937 1537 1980 quidem
1553 1962 1561 1976 ,
1583 1948 1683 1979 quam
1705 1939 1772 1971 oris
1795 1939 1903 1971 suffitio
1925 1961 1934 1975 ‚
1980 1940 2087 1972 statim
2136 1941 2172 1971 in

1162 1992 1316 2022 promptu
1341 1981 1406 2020 est,
1434 1991 1498 2013 non
1522 1979 1665 2014 diffimili'
1692 1990 1821 2022 tamen,
1857 1984 1887 2014 &
1933 1992 2021 2016 certe
2065 1984 2171 2017 minus

1161 2023 1396 2065 suspicionibus
1429 2023 1577 2057 obnoxio
1599 2047 1608 2061 ‚
1653 2025 1935 2060 cucurbitularum
1984 2027 2135 2060 videlicet
2158 2040 2170 2064 5

1158 2078 1234 2101 nam
1259 2068 1327 2110 post
1350 2067 1542 2101 utrumlibet
1569 2068 1650 2103 alia,
1677 2077 1773 2110 atque
1799 2070 1859 2101 alia
1891 2070 2033 2103 remedia
2068 2074 2170 2113 impe-

1158 2122 1251 2149 rant,
1278 2111 1401 2144 indicio
1426 2109 1698 2151 manifestiffimo,
1723 2123 1786 2145 non
1810 2111 1869 2146 effe
1894 2115 2170 2156 igiturexsufiio-

1159 2165 1232 2187 netu
1258 2155 1440 2196 praesidium
1464 2155 1545 2200 illud
1569 2164 1645 2197 quo·
1660 2154 1781 2197 semper
1803 2157 1893 2190 credi
1917 2158 2039 2198 liceat,
2074 2169 2169 2192 vene-

1159 2210 1238 2231 num
1263 2210 1278 2231 e
1301 2196 1405 2231 fundo
1429 2200 1527 2241 usque
1551 2198 1732 2240 perangusti
1759 2200 1940 2235 vulnusculi
1957 2226 1966 2241 ,
2011 2203 2080 2236 imo
2126 2213 2167 2239 ex:

1161 2241 1383 2279 arffrmffibus,
1407 2242 1439 2273 in
1464 2253 1545 2283 quos
1568 2242 1641 2274 inde
1664 2241 1850 2285 prorepsifle
1884 2246 2005 2279 interea
2040 2248 2169 2288 potest,

1161 2283 1269 2318 adsitae
1292 2283 1450 2319 cellulosae
1476 2284 1691 2322 membranae‚
1716 2288 1826 2319 aliisve
1860 2287 2013 2323 flexuosis
2045 2289 2168 2323 semitis

1160 2338 1269 2362 totum
1294 2331 1423 2371 penitus
1446 2329 1596 2362 educ-“tum
1620 2327 1732 2362 fuisse.
1759 2329 1860 2369 Quod
1885 2335 1914 2364 ὅ(
1958 2334 1997 2367 de
2039 2335 2166 2368 caeteris

1159 2372 1211 2406 seu
1237 2383 1290 2411 per
1316 2371 1483 2415 fiphones,
1508 2371 1560 2405 seu
1586 2383 1644 2414 per
1665 2372 1857 2414 hirudines,
1901 2375 1955 2409 seu
2000 2388 2056 2420 pet
2101 2377 2165 2415 alia

1156 2415 1337 2459 quaelibet,
1360 2415 1530 2458 exsugendi
1556 2414 1662 2449 modis
1684 2416 1809 2451 diffitum
1823 2427 1956 2460 putato.
2088 2421 2166 2456 Cae-

1157 2470 1262 2492 terum
1289 2460 1374 2501 quod
1399 2459 1437 2492 de
1461 2458 1699 2493 efficacioribus
1722 2459 1929 2503 chirurgicis
1975 2463 2124 2498 remediis
2151 2492 2163 2506 ,

1155 2513 1190 2536 ut
1216 2503 1506 2544 scarificsationibus
1530 2501 1722 2545 profundis,
1746 2504 1905 2538 inustione
1922 2529 1933 2545 ,
1957 2517 2012 2541 aut
2047 2520 2162 2551 ampu-

1156 2549 1281 2580 tatione
1306 2548 1400 2580 verba
1428 2555 1492 2579 non
1518 2547 1675 2587 fecerim,
1710 2549 1792 2581 hanc
1837 2550 1962 2583 causam
2007 2550 2163 2597 habeto,

1155 2590 1243 2631 quod
1268 2589 1334 2623 haec
1358 2591 1502 2632 plerique
1528 2603 1542 2623 a
1569 2590 1676 2631 vipera
1700 2592 1756 2624 iffi
1781 2602 1834 2625 ant
1860 2605 1921 2626 non
1951 2595 2126 2632 admittant
2148 2622 2159 2637 ,

1154 2634 1233 2667 dum
1278 2634 1336 2667 sibi
1383 2636 1517 2667 eundern
1540 2646 1635 2676 quern
1662 2635 1774 2668 multis
1800 2648 1814 2668 a
1839 2639 1965 2671 mitiori
1989 2650 2160 2676 curatione

1156 2675 1269 2717 fuisse,
1293 2676 1500 2716 audiverint,
1524 2677 1651 2711 felicem
1675 2679 1799 2712 exitum
1833 2682 2026 2721 pollicentur
2046 2707 2056 2721 ,
2103 2696 2159 2719 aut

1155 2722 1251 2754 nimis
1276 2719 1344 2754 sero
1368 2720 1495 2755 tandem
1520 2720 1707 2762 postulant;
1731 2733 1894 2763 perrarum
1918 2728 2004 2758 enim
2016 2728 2057 2760 est
2069 2729 2160 2770 quod.

1154 2764 1267 2798 scribit
1293 2765 1467 2798 Kramcrus
1491 2764 1544 2805 (p
1566 2767 1599 2803 ),
1626 2764 1747 2797 novisse
1771 2767 1799 2798 se
1822 2768 1982 2808 quendam
2006 2793 2018 2810 ,
2063 2771 2156 2812 cujus

1153 2808 1285 2850 digito,
1312 2820 1326 2840 a
1353 2810 1457 2849 vipera
1483 2809 1615 2846 mors0‚
1637 2817 1743 2841 totum
1766 2808 1830 2848 jam
1845 2810 2010 2846 brachium
2026 2815 2158 2849 inflam-

1153 2861 1276 2885 matum
1302 2861 1388 2891 crat,
1412 2851 1541 2893 jamque
1564 2849 1683 2898 febris3
1710 2861 1826 2897 crebrae
1852 2855 1950 2888 animi
1996 2856 2155 2892 defectio-

1153 2907 1225 2932 nes,
1249 2894 1384 2934 deliria,
1409 2894 1546 2936 spasmi‚
1570 2894 1628 2927 alia
1653 2895 1808 2935 ejusmodi
1856 2897 2043 2933 accesserant
2069 2922 2078 2938 ,2
2123 2905 2155 2936 &

1153 2938 1238 2972 hunc
1263 2948 1367 2970 tamen
1392 2937 1474 2970 horis
1499 2949 1550 2980 32.
1575 2949 1593 2969 a
1616 2937 1830 2972 vulneratione
1849 2940 1917 2981 jam
1941 2944 2070 2986 elapsis,
2095 2945 2152 2978 ab-

1143 2982 1277 3025 siiffi'one
1300 2982 1393 3022 digiti
1414 2980 1541 3021 demorfi
1563 2989 1703 3013 curatum
1727 2980 1808 3015 esse.
1838 2984 1951 3027 Itaque
1974 2988 2152 3031 intelligis,

1149 3036 1206 3058 cur
1231 3024 1297 3057 haec
1322 3024 1510 3059 omiserim,
1535 3026 1666 3056 mitiora
1691 3025 1839 3068 pleraque
1862 3029 2151 3072 consideraverim,

1148 3079 1290 3111 quorum
1313 3070 1412 3101 etiam
1437 3067 1520 3101 infra
1544 3071 1610 3110 (q)
1635 3068 1704 3102 sum
1728 3070 1876 3112 quaedam
1901 3074 1962 3107 alia
1989 3086 2152 3109 memora-

1150 3121 1264 3145 turus.

1190 3165 1241 3197 3¹·
1266 3156 1313 3187 At
1336 3156 1446 3194 enim,
1469 3155 1597 3197 inquis,
1623 3155 1706 3190 unde
1729 3157 1831 3199 igitur
1855 3168 1940 3192 tanta
1967 3170 2019 3194 aut
2035 3161 2154 3198 suffio-

1147 3199 1202 3238 ni,
1226 3208 1280 3231 aut
1297 3209 1346 3231 tot
1360 3198 1452 3237 aliis,
1476 3199 1573 3231 etiam
1586 3199 1690 3238 olim,
1716 3203 1860 3235 adversus
1872 3205 2051 3244 viperarum
2068 3209 2150 3241 ictus

1148 3243 1283 3276 mitibus
1298 3242 1426 3274 auxiliis
1441 3243 1509 3274 laus
1527 3253 1615 3284 parta
1631 3243 1703 3276 esset
1716 3267 1725 3281 ,
1751 3244 1807 3276 nisi
1824 3245 1952 3279 illorum
1967 3259 2027 3289 ope
2040 3248 2150 3284 hoini-

1148 3297 1203 3318 nes
1237 3285 1386 3318 vidissent
1418 3284 1581 3319 servatos?
1612 3288 1686 3328 Ego
1722 3298 1831 3325 verns
1864 3300 1899 3323 ut
1934 3290 2015 3324 illud
2047 3296 2150 3326 omit-

1151 3339 1238 3364 tam,
1270 3339 1399 3370 perraro
1422 3329 1561 3370 aliquem
1586 3330 1712 3365 evasisse
1735 3332 1790 3371 qui
1817 3333 2052 3374 non·plur1bus
2075 3335 2150 3371 effc‘t

1151 3372 1298 3405 remediis
1323 3371 1412 3409 usus,
1437 3382 1472 3404 ut
1495 3375 1547 3405 cui
1573 3371 1771 3414 potissimum
1805 3373 1936 3408 salutem

1982 3380 2015 3410 d-
2048 3392 2077 3410 c·
2140 3381 2142 3383 ’

1149 3415 1282 3450 difficile
1327 3413 1399 3448 esl‘et
1422 3414 1619 3450 constituere
1643 3430 1652 3453 5
2006 3380 2043 3411 Cb
2067 3391 2112 3413 ¹Ct
2139 3404 2149 3419 ι

1697 3416 1760 3449 hoc
1791 3428 1876 3451 certe
1923 3423 2151 3458 attendendum

1661 3460 1691 3491 C
1713 3471 1730 3494 c
1753 3471 1770 3493 c
1816 3472 1833 3493 2
2008 3467 2111 3498 cense-

94 3529 2151 3553 ΜΨ*-

180 3573 226 3634 fg
239 3577 275 3600 De
290 3574 408 3601 admirab.
425 3575 517 3604 Viperae
532 3579 617 3599 natura
633 3583 655 3601 e.
673 3585 713 3609 3¹·
728 3576 754 3600 in

186 3613 195 3628 1

243 3608 278 3630 De
295 3606 384 3631 Medic.
403 3606 421 3630 1.
440 3614 465 3635 ς.
481 3613 494 3630 e
524 3613 562 3635 ²7·
579 3608 604 3630 S.
622 3614 644 3636 3.
788 3586 801 3605 n
875 3579 889 3607 c
903 3585 922 3608 g
941 3582 952 3607 >
969 3580 995 3602 A*
1017 3586 1081 3609 ¹⁷3⁷·

347 3637 351 3640 ι
708 3607 722 3635 (
739 3607 755 3632 k
773 3608 782 3638 )
798 3611 833 3632 De
849 3609 938 3634 Medic.
956 3610 1018 3634 Mat.
1036 3613 1055 3635 1.
1073 3610 1087 3633 6

184 3643 209 3660 m
223 3636 238 3665 )
256 3636 388 3661 Tetrabrbi.
404 3644 426 3666 4.
444 3638 519 3660 Serm.
539 3644 558 3660 1.
574 3643 597 3661 e.
612 3644 648 3661 ιο.
709 3638 717 3664 (
733 3646 749 3661 η
766 3639 780 3673 2

187 3674 203 3695 q
218 3666 232 3695 )
250 3666 324 3691 Instit.
342 3666 409 3691 Chir.
427 3669 445 3690 1.
463 3675 486 3690 2.
505 3674 524 3690 ε,
544 3674 579 3691 11.
642 3667 658 3698 ζ
674 3676 686 3693 v
700 3668 715 3697 )
732 3668 775 3693 Chi

188 3705 204 3720 α
221 3698 235 3725 )
249 3697 363 3721 Offervaz
387 3698 431 3721 int.
450 3697 498 3721 alle
517 3697 618 3725 νίψει-ε.
680 3700 694 3727 (
711 3707 725 3722 ii
744 3701 750 3727 l
766 3700 823 3724 Vld.

184 3735 200 3757 y
218 3729 227 3756 )
242 3727 295 3751 Vid.
313 3729 344 3760 du
361 3729 449 3751 Hames
468 3729 525 3756 Reg.
540 3729 582 3752 Sc.
601 3729 672 3754 Aead.
691 3729 751 3753 taust.
768 3732 776 3755 l
800 3738 823 3756 4.
839 3738 862 3754 c.
880 3734 894 3754 6
922 3731 946 3754 in
964 3730 996 3754 fin

189 3757 205 3782 d
221 3760 234 3787 )
271 3766 283 3782 e
300 3759 350 3782 Hisi
377 3758 485 3783 Animal.
504 3758 522 3782 1.
541 3765 562 3786 q.
578 3765 598 3783 c.
614 3763 651 3784 62.

187 3789 202 3813 1,
217 3790 230 3816 3
303 3797 324 3818 3·
389 3790 427 3817 (ri
443 3788 500 3822 )·ad
516 3795 538 3812 e.
555 3797 592 3817 40.
608 3790 650 3814 eit.

191 3828 206 3842 n
219 3820 232 3847 )
320 3819 439 3848 Sepulchr.
457 3827 482 3843 in
502 3818 578 3844 Schos.
596 3821 627 3846 ad
643 3819 750 3850 append.
769 3821 810 3846 cit.
827 3821 885 3847 Obs.
904 3825 927 3847 6.

305 3858 324 3879 3.

159 3819 176 3877 ΑΒ
151 3759 173 3814 ΑΛ
159 3700 174 3754 ars
153 3575 173 3695 ΑᾸΑΛ

248 3761 269 3783 D

247 3797 268 3812 n.
288 3797 298 3818 3

249 3819 301 3843 vm.

248 3858 269 3873 n·
287 3858 298 3880 a

795 3641 830 3663 De
848 3641 883 3663 Re
901 3639 966 3663 Med.
983 3642 1001 3665 l,
1019 3649 1040 3670 5.
1055 3648 1076 3665 c.
1090 3617 1133 3664 ἰε’
1151 3619 1189 3640 4ο.

780 3677 840 3699 rurg.
860 3677 898 3694 ma
920 3677 943 3692 n.
963 3671 979 3693 l.
997 3678 1057 3700 3.·c.
1076 3678 1113 3698 14-

842 3702 902 3729 Sepu
915 3700 961 3724 chr.
980 3701 1004 3723 S.
1022 3700 1119 3756 hac(io.
1132 3702 1162 3745 in
1180 3702 1261 3735 Sci-1013
1276 3702 1306 3726 ad
1322 3702 1381 3726 ΟΜ,
1402 3707 1426 3727 6.

715 3761 730 3789 (
745 3768 757 3784 ο
774 3765 784 3785 )
801 3762 941 3785 Comment.
958 3760 983 3785 in
1002 3740 1114 3787 Dioscorf
1124 3752 1140 3786 1.Ι
1157 3735 1281 3793 2123.th

712 3791 727 3820 (
742 3789 759 3814 k
774 3790 790 3819 2
802 3791 895 3815 Canon.
914 3792 931 3815 l.
946 3799 970 3821 4.
986 3793 1014 3816 F.
1032 3795 1046 3816 6
1073 3798 1101 3816 tr.
1120 3800 1142 3821 3⁷
1159 3801 1180 3818 c.
1194 3800 1215 3817 1.

1141 3582 1154 3607 (
1173 3581 1187 3604 h
1204 3581 1213 3612 )
1230 3580 1317 3608 Expos.
1333 3577 1448 3605 Mechan.
1469 3581 1588 3605 Venenor.
1607 3582 1685 3605 Tent.
1706 3587 1734 3606 1.

1254 3611 1288 3639 (l
1312 3621 1314 3625 r
1331 3611 1402 3635 Metti
1430 3612 1537 3636 medenti.
1556 3612 1572 3634 l.
1592 3619 1616 3640 ¹3
1644 3618 1663 3635 t:¹
1680 3614 1705 3635 6.
1721 3610 1749 3634 ad
1766 3611 1808 3636 fin.

1176 3640 1184 3671 (
1203 3649 1216 3664 ο
1234 3640 1242 3669 )
1259 3643 1294 3665 De
1311 3641 1389 3665 Metti
1407 3642 1475 3666 Med.
1494 3644 1513 3666 1.
1529 3645 1552 3665 6.
1571 3649 1593 3665 c.
1616 3649 1652 3665 ιι.
1698 3642 1723 3675 ,ί
1740 3649 1756 3670 Ρ
1772 3643 1785 3671 )
1801 3643 1823 3666 8.
1845 3644 1952 3672 Almans'.
1972 3655 1995 3673 e·
2012 3652 2032 3670 1-

1176 3671 1241 3700 ss)
1257 3671 1272 3696 l.
1292 3671 1334 3695 eit¹
1354 3679 1366 3695 c
1394 3680 1429 3702 3¹·
1448 3672 1471 3697 ὃς
1488 3681 1524 3702 3²·
1585 3672 1599 3700 ζ
1616 3679 1626 3694 t
1643 3673 1657 3700 )
1674 3674 1767 3701 Vipera:
1784 3673 1854 3702 Pyth.
1873 3678 1901 3700 P.
1919 3686 1939 3707 3.
1958 3686 1979 3703 c.
2000 3686 2025 3709 ς,

1345 3736 1350 3759 s
1373 3743 1387 3757 a
1409 3739 1452 3760 ie.
1470 3743 1490 3761 ς.
1508 3733 1549 3756 cit.
1613 3733 1627 3761 (
1644 3731 1658 3756 b
1678 3737 1684 3760 >
1703 3733 1763 3756 thid.
1781 3734 1803 3757 δε
1819 3735 1894 3761 alibi.
1956 3741 1996 3766 (c
2013 3741 2025 3769 j,
2043 3742 2088 3772 5-3-
2103 3743 2144 3770 εἷς,

1334 3764 1348 3793 ζ
1364 3764 1402 3793 f)
1418 3766 1482 3789 Cent
1506 3772 1528 3798 3.
1546 3764 1628 3787 Curat.
1647 3763 1714 3796 Medb.
1735 3771 1767 3790 14-
1831 3766 1839 3790 (
1856 3775 1875 3798 g
1892 3767 1905 3795 3
1921 3770 2013 3795 Osserv.
2033 3773 2073 3797 cit.

1359 3796 1434 3818 Tent.
1457 3803 1473 3818 ι.
1490 3800 1530 3819 eit.
1592 3795 1607 3822 (
1623 3801 1646 3816 m
1666 3799 1673 3821 )
1690 3800 1730 3817 cit.
1753 3796 1776 3818 Ρ.
1788 3803 1810 3819 2.
1828 3803 1881 3827 aq..
1897 3799 1926 3822 ad
1944 3800 1983 3824 fin.
2004 3802 2026 3825 l<
2043 3811 2064 3826 c.
2085 3806 2109 3829 8,

1276 3794 1315 3823 (l

989 3823 1004 3853 (
1018 3831 1032 3846 o
1048 3823 1061 3852 )
1076 3823 1167 3848 osi'erv.
1185 3823 1230 3848 cit.
1294 3824 1308 3853 (
1322 3795 1366 3855 g>
1383 3828 1521 3851 commeta.
1539 3823 1627 3850 Litter.
1645 3827 1675 3849 A·
1694 3832 1759 3855 1735·
1777 3826 1856 3852 Hebd.
1876 3836 1912 3854 ιι.
1931 3838 1952 3855 n.
1973 3839 1994 3861 3.
2012 3833 2037 3857 in
2054 3834 2096 3858 fin,
