2498 4075
447 144 544 198 320

372 211 518 252 'operiret
538 223 548 249 3
573 210 730 243 continuo
754 210 793 243 ad
817 210 952 243 vulneris
988 220 1116 244 examen
1152 210 1345 253 perreximus
1367 232 1376 239 -

381 256 496 288 Culter
521 264 634 285 nonam
660 254 769 290 inter,
792 256 823 286 &
849 253 1004 286 decimam
1026 253 1142 287 costam
1167 256 1268 287 imum
1304 254 1379 286 dex-

379 296 640 333 terae'Thoracis
662 307 761 329 cavere
785 297 865 330 latus
888 296 1043 330 subierat:
1067 307 1144 331 mox
1158 296 1302 339 pertusa,
1324 308 1380 328 co-

380 340 436 376 stis
462 342 526 373 illis
549 341 652 371 vicina
666 361 673 376 ,
687 338 939 381 diaphragmatis
953 350 1041 380 parte
1051 350 1158 371 carnea
1173 364 1183 379 ,
1198 339 1380 382 proximum

379 384 529 429 jecinoris
554 382 654 423 ipsum
678 382 758 415 latu's
783 381 1004 422 transfixerat,
1036 383 1213 424 ingrediens
1246 394 1300 425 per
1332 381 1380 414 fa-

380 429 459 461 ciem
484 436 654 459 convexam
679 425 787 465 aliquo
812 425 850 456 ab
874 424 982 457 infima
1005 425 1164 467 crepidine
1186 425 1378 465 intervallo,

380 470 481 505 fissura
495 468 574 501 duos
584 469 710 501 circiter
722 466 908 501 transversos
918 468 1039 510 digitos
1050 470 1155 511 longa,
1168 470 1262 510 paulo
1275 477 1379 501 autem

380 513 500 546 minori
526 523 579 553 per
602 522 709 543 cavam
734 509 847 543 faciem
870 513 1053 553 egrediens,·
1075 521 1109 545 υτ
1125 521 1191 545 tota
1213 513 1311 546 cultri
1325 523 1379 554 per

380 555 468 599 jecur
502 556 551 586 via
578 565 639 586 non
665 555 794 597 longior
820 553 892 587 esset
917 554 1040 588 duobus
1071 555 1170 588 fei-me
1202 555 1378 588 transversis

379 599 516 640 digitis.
543 596 714 640 Egrediens
737 607 844 632 autem
868 598 1164 631 transverberaverat
1177 610 1282 632 renem
1305 598 1379 631 dex-

381 652 484 675 terum
508 642 616 683 aliquo
640 642 678 673 ab
703 641 823 675 sumi-na
848 651 934 684 parte
958 642 1152 681 intervallo,
1174 653 1189 673 a
1222 641 1302 675 facie
1327 652 1380 673 an-

382 687 497 718 teriore
522 686 559 716 ad
584 683 788 727 posteriorem
812 684 999 719 transeundo
1022 685 1152 728 oblique
1177 686 1318 726 pariter,
1344 692 1379 717 ut

382 731 416 763 in
439 728 598 771 jecinore,
621 728 706 768 quasi
730 727 871 761 dimidio
896 728 1013 761 minori
1036 736 1132 771 quam
1156 728 1188 760 in
1212 726 1273 761 hoc
1295 752 1303 766 ‚
1329 726 1379 760 fis·

383 772 460 806 surae
484 771 687 814 longitudine¹
702 796 709 803 .
735 774 881 814 Denique
903 773 1019 804 iterum
1043 770 1250 812 diaphragma
1273 782 1381 814 perva-

382 815 486 853 serat,
511 817 541 847 δέ
569 825 621 855 per
645 814 737 856 liujus
760 825 884 847 carnem
906 826 977 857 quae
996 815 1037 847 est
1062 826 1141 857 pone
1166 826 1291 854 renem,
1313 813 1385 846 infi-

382 869 473 890 mum
498 857 626 898 prorsus
649 857 795 890 thoracis
816 869 927 891 cavum
953 857 1072 890 adierat
1089 881 1100 897 ‚
1126 857 1334 900 &postquam
1349 856 1387 890 ad

381 902 466 935 latus
488 900 685 933 duodecimae
708 900 790 933 dorsi
804 902 955 934 vertebrae
968 900 1187 934 Intercostalis
1200 903 1286 933 nervi
1300 910 1388 934 trun-

379 951 457 977 'cum
472 966 482 981 ,
506 945 536 975 &
561 954 646 976 venae
670 942 731 976 sine
756 947 825 985 pari
847 944 1003 987 quandam
1027 945 1231 986 propaginem
1244 944 1386 981 laeserat,

382 988 508 1021 subiens
532 986 690 1020 musculos
715 988 882 1029 proximos
904 990 960 1030 qui
988 986 1025 1020 ad
1050 989 1153 1030 Spinae
1177 987 1258 1021 latus
1281 987 1387 1021 ferun-

380 1042 460 1070 tur,
484 1029 598 1072 eosque
623 1030 661 1062 ad
686 1029 849 1064 transversi
876 1031 1005 1072 pollicis
1018 1030 1294 1073 profunditatem,
1320 1030 1389 1071 post

381 1083 436 1112 tot
463 1073 537 1107 alias
560 1075 666 1106 Partes
690 1086 755 1108 uno
778 1074 846 1109 ictu
858 1074 1027 1117 trajectas,
1050 1073 1229 1107 novissimos
1241 1074 1388 1107 omnium

382 1118 663 1151 convulneraverat
679 1141 686 1148 .
716 1121 826 1159 ltaque
849 1116 903 1151 etsi
929 1129 1027 1160 neque
1050 1119 1083 1150 in
1107 1118 1255 1151 musculis
1282 1120 1388 1150 Inter-

383 1160 576 1201 costalibus,
599 1172 697 1203 neque
720 1163 752 1194 in
776 1160 1034 1204 diaphragmate,
1060 1172 1157 1204 neque
1180 1162 1215 1193 in
1225 1160 1387 1203 jecinore,

381 1216 484 1246 neque
506 1205 538 1236 in
564 1215 657 1244 rene,
680 1216 779 1245 neque
801 1206 835 1237 in
859 1206 963 1247 Spinae
988 1205 1082 1237 latere
1102 1226 1114 1243 ,
1147 1214 1246 1246 neque
1278 1205 1311 1236 in
1346 1204 1386 1236 iis

382 1254 466 1290 quos
489 1247 646 1290 postremo
669 1248 831 1287 indicavi,
856 1247 1027 1285 musculis,
1053 1258 1104 1279 vas
1128 1246 1259 1288 aliquod
1283 1246 1386 1288 majus

384 1291 603 1330 sauciaverat;
626 1300 677 1324 tot
703 1300 808 1324 tamen
832 1302 870 1324 ex
894 1291 1072 1323 minoribus
1090 1289 1243 1323 inciderat
1260 1313 1268 1327 ,
1292 1300 1387 1325 utin-

383 1343 433 1367 tra
457 1343 525 1366 tam
545 1333 634 1365 breve
658 1343 782 1374 tempus
803 1346 869 1377 quo
892 1333 1038 1375 superstes
1062 1335 1128 1366 vita
1140 1332 1223 1371 fuit,
1248 1344 1311 1366 non
1328 1335 1388 1366 mi-

383 1388 445 1410 nor
466 1380 558 1418 copi-a
583 1376 746 1417 sanguinis
767 1376 862 1411 effusa
885 1377 1068 1412 videretur,
1091 1388 1184 1419 quarn
1216 1376 1239 1410 si
1276 1377 1386 1410 Emul-

383 1423 493 1463 geritia
516 1419 608 1461 vasa,
632 1429 684 1453 aut
707 1432 783 1453 vena
810 1423 997 1460 Portarum,
1022 1421 1070 1453 vel
1095 1422 1203 1462 potius
1237 1419 1300 1462 ipse
1323 1421 1386 1453 Ca-

384 1475 432 1497 vae
457 1475 605 1501 truncus,
640 1475 710 1506 quae
745 1463 841 1497 illaesa
872 1465 1051 1497 invenimus
1084 1465 1192 1496 omnia
1215 1486 1226 1503 ,
1260 1463 1386 1497 fuissent

383 1508 565 1540 vulnerata.
590 1509 730 1540 Sublatis
753 1509 838 1540 enim
863 1516 956 1540 manu
980 1506 1158 1546 intestinis,
1191 1515 1315 1540 tantum
1339 1508 1387 1538 ni-

382 1554 435 1594 gri
460 1550 622 1593 sanguinis
646 1550 703 1584 sub
723 1549 818 1593 ipsis,
845 1553 875 1583 δι’
901 1551 1004 1583 multo
1027 1551 1128 1592 magis
1153 1551 1237 1583 intra
1270 1550 1387 1592 pelvim

384 1594 592 1635 conspectum
616 1593 678 1632 est,
702 1604 856 1636 quantum
880 1593 1035 1637 plerisque
1056 1605 1165 1626 eorum
1176 1595 1231 1636 qui
1247 1593 1385 1629 aderant,

382 1639 501 1680 viginti
527 1637 636 1670 saltem
662 1637 756 1670 libras
779 1636 1093 1679 aequarevideretur:
1117 1647 1299 1679 quanquam
1313 1648 1385 1670 cum

380 1679 426 1714 fic
452 1680 568 1714 fluidus
591 1681 689 1720 esset,
711 1690 746 1713 ut
772 1681 862 1721 pauci
874 1681 1007 1712 omnino
1031 1682 1135 1722 grumi
1150 1682 1182 1713 in
1206 1692 1245 1712 eo
1266 1680 1386 1721 possent

341 1726 345 1731 ’
384 1723 617 1761 animadverti,
640 1735 738 1766 neque
762 1723 892 1764 usquam
915 1724 948 1754 in
974 1721 1108 1756 universi
1135 1722 1300 1756 cadaveris
1311 1735 1389 1755 con-

380 1766 521 1801 seftione
545 1766 688 1808 polyposi
712 1765 887 1807 quidquam
911 1767 944 1798 in
967 1765 1065 1804 vafis,
1101 1775 1153 1798 aut
1187 1766 1283 1798 corde
1319 1766 1390 1808 ipso

380 1809 590 1852 conspectum
611 1810 672 1848 sit3
697 1810 758 1842 veri
783 1808 882 1842 simile
904 1808 969 1844 est.
993 1808 1061 1850 post
1085 1816 1224 1841 mortem
1261 1821 1390 1851 quoque

380 1866 421 1887 ex
443 1853 548 1887 incisis
574 1852 649 1887 vafis
671 1853 805 1886 defluere
831 1851 994 1894 perrexisse
1009 1875 1019 1890 ,
1043 1854 1074 1885 &
1100 1850 1186 1885 effus}
1212 1861 1282 1884 ante
1306 1864 1390 1885 mor-

379 1907 467 1936 tem,
491 1898 618 1938 copiam
642 1896 776 1929 auxisse.
802 1898 899 1928 Certe
923 1895 1029 1937 elapso
1053 1905 1169 1937 quarto
1186 1895 1225 1927 ab
1249 1897 1384 1929 interitu

379 1941 455 1980 die,
479 1952 517 1974 ex
541 1941 610 1982 ipso
633 1941 770 1973 vulneris
793 1938 853 1972 fine
877 1950 969 1981 quem
993 1938 1029 1971 ad
1055 1940 1158 1981 Spinae
1181 1939 1262 1972 latus
1273 1938 1388 1972 descri-

378 1983 518 2025 pflrnus,
542 1985 722 2026 sanguinem
745 1984 911 2015 etiamtum
938 1981 1064 2024 prodire
1089 2007 1097 2020 ‚
1130 1981 1352 2023 conspeximus
1376 2006 1383 2013 .

378 2028 473 2061 Num
496 2039 601 2061 autem
627 2027 716 2060 illinc
742 2038 795 2068 per
820 2026 1007 2059 transfixum
1030 2023 1235 2067 diaphragma
1259 2027 1293 2058 in
1315 2037 1386 2058 ven-

379 2079 464 2104 trem
488 2070 704 2109 descenderit,
728 2081 765 2102 an
788 2079 900 2102 contra
925 2081 962 2102 ex
984 2077 1092 2101 ventre
1127 2069 1160 2100 in
1196 2068 1297 2109 supini
1331 2079 1385 2101 ca-

380 2113 506 2148 daveris
528 2116 690 2147 thoracem
716 2125 786 2155 pars
820 2113 980 2155 sanguinis
1004 2112 1197 2150 ascenderit,
1229 2112 1385 2145 incertum

380 2157 426 2192 est
445 2182 450 2188 .
478 2158 562 2192 Illud
586 2168 706 2191 cerrum
720 2180 730 2196 ,
752 2168 825 2190 cuni
851 2157 1032 2199 priusquam
1051 2153 1165 2187 thorax
1186 2156 1385 2196 aperiretur,

377 2204 499 2235 ventris
519 2201 691 2235 visceribus
716 2201 856 2237 amotis,
881 2198 1090 2241 exhaustoque
1115 2199 1263 2240 sanguine
1281 2223 1291 2238 ,
1318 2197 1385 2232 dia-

376 2243 531 2287 phragma
553 2244 818 2285 inspeetaremus,
853 2243 1033 2286 sanguinem
1072 2253 1110 2274 ex
1145 2243 1261 2275 ultimo
1293 2240 1386 2284 hujus

376 2288 505 2321 vulnere
528 2287 706 2331 prodiisse,
730 2297 799 2320 tuni
835 2297 927 2319 manu
962 2286 998 2318 acl
1034 2296 1102 2318 eam
1137 2283 1389 2328 diaphragmatis

377 2341 507 2374 partem
532 2332 692 2374 appressa.v
721 2331 872 2365 fluctuare
897 2328 1020 2370 aliquid
1049 2327 1140 2370 supra
1173 2340 1246 2362 eum
1281 2331 1387 2363 locum

375 2385 563 2417 perceptum
587 2374 665 2414 esse,
690 2377 722 2408 δε
745 2385 889 2412 rugitum
914 2371 1263 2416 quendam&sonum‚
1285 2373 1388 2415 qualis

376 2429 397 2450 a
418 2418 575 2456 conclusis
597 2419 681 2451 intra
708 2417 854 2450 intestina
881 2416 1009 2451 flatibus
1034 2415 1134 2453 solet,
1158 2416 1305 2449 auditum
1322 2441 1330 2455 ,
1356 2419 1387 2449 δε

375 2471 488 2504 aperto
510 2461 644 2503 denique
668 2460 797 2493 thorace
822 2461 957 2502 aliquam
984 2470 1016 2491 in
1039 2457 1100 2490 hoc
1125 2467 1279 2500 repertam
1303 2460 1340 2492 ab
1350 2470 1389 2492 eo

380 2505 479 2537 latere
502 2504 663 2546 sanguinis
686 2505 836 2544 copiam,
859 2515 993 2540 eumque
1020 2502 1204 2543 pulmonem
1242 2502 1361 2537 sursum
1377 2528 1386 2541 ,

378 2558 436 2581 nec
462 2549 689 2584 mediocriter,
714 2547 903 2580 retraftum.
931 2548 1011 2580 Erat
1046 2545 1131 2577 enirn
1168 2545 1194 2578 is
1228 2557 1243 2578 a
1281 2546 1389 2588 phura

376 2590 522 2633 undique
546 2591 691 2628 solutus3
714 2601 790 2623 cum
815 2588 931 2623 sinister
953 2590 1115 2624 anterius,
1138 2590 1169 2620 δε
1203 2589 1239 2621 ad
1274 2589 1355 2623 latus
1379 2614 1388 2628 ,

372 2634 552 2678 praesertim
577 2645 649 2666 vero
673 2633 853 2675 posterius,
875 2633 913 2665 ad
929 2632 1019 2665 illam
1034 2631 1270 2665 innecteretur.
1303 2635 1384 2666 Prae-

372 2686 422 2710 ter
446 2676 513 2710 haec
537 2688 635 2720 neque
659 2687 690 2708 iri
717 2675 846 2709 ehorace
862 2702 870 2714 ‚
894 2686 993 2718 neque
1017 2676 1049 2706 in
1072 2684 1180 2708 ventre
1212 2676 1386 2718 quidquam

372 2720 514 2762 dignum
533 2721 598 2754 fuit
621 2719 709 2762 quod
734 2720 787 2752 hic
812 2726 1000 2752 adnotetur.
1030 2717 1155 2764 Frustra
1190 2721 1276 2752 enim
1310 2731 1385 2761 pro-

372 2773 443 2808 pter
465 2764 666 2797 vulneratum
693 2774 796 2798 renem
811 2787 822 2803 ,
841 2766 875 2795 in
899 2761 994 2795 vefica
1018 2761 1189 2802 quaesitum
1211 2762 1254 2796 est
1269 2787 1280 2804 ,
1307 2774 1383 2797 num

373 2808 497 2841 cruenti
524 2807 646 2851 aliquid
672 2805 822 2845 haberet3
845 2817 916 2839 nam
942 2804 1146 2848 pauxillum,
1178 2806 1265 2849 quod
1296 2807 1329 2839 in
1354 2818 1387 2840 ea

375 2850 546 2887 contrarii-ia.
565 2851 723 2893 restabat,
747 2851 822 2885 lotii
844 2852 1048 2887 incruentum
1073 2845 1160 2884 fuit.
1186 2850 1279 2894 Qd
1313 2861 1390 2885 vero

681 132 837 185 Liber
870 128 957 184 tv.
986 129 1075 183 De
1111 129 1316 184 Morbis
1350 127 1703 199 Chirurgicis,
1736 131 1791 185 sc
1829 128 2217 186 Universaiibus

1428 212 1461 243 in
1498 212 1606 243 tunica
1638 208 1769 242 alterius
1798 207 1886 243 testis
1917 206 2094 249 Albuginea
2130 207 2427 248 animadverterim?

1430 252 1508 286 alibi
1530 256 1592 294 (s)
1616 251 1792 286 indicatum
1815 251 1878 285 est.
2012 253 2064 284 Ex
2088 253 2128 284 iis
2161 262 2265 288 autem
2297 264 2367 297 quae
2391 253 2424 284 in

1429 296 1557 337 Capitis
1579 294 1763 330 disi‘e&ione
1784 294 1956 336 conspexi,
1981 292 2047 327 haec
2071 296 2202 328 minime
2225 297 2294 330 sunt
2317 305 2428 339 praete-

1430 337 1543 373 reunda
1558 363 1566 378 ,
1591 338 1812 372 Vertebralem
1826 341 1970 370 arteriam
1981 337 2141 371 dexteram
2152 360 2160 374 ,
2184 340 2268 372 intra
2283 340 2426 373 cranium

1429 383 1559 421 saltem,
1581 381 1760 424 quadruplo
1780 380 1890 418 fuisse,
1914 392 2011 423 quam
2033 380 2174 422 sinistra,
2196 382 2368 416 latiorem:
2395 384 2427 414 ὃ(

1429 428 1463 460 in
1489 425 1596 459 Tenui
1620 427 1765 466 meninge
1788 435 1851 457 non
1874 425 2011 457 exterius
2035 422 2161 463 solum,
2187 424 2349 468 secl&qua
2364 425 2428 457 La-

1430 469 1541 503 terales
1562 469 1682 502 cerebri
1705 469 1895 501 ventriculos
1914 465 2082 506 convestit,
2094 467 2183 502 fuiffe
2195 468 2262 501 vasa
2286 480 2348 502 non
2369 468 2431 499 mi-

1429 513 1499 547 nori
1524 512 1683 555 sanguinis
1704 511 1796 552 copia
1818 509 1970 547 distenta,
1996 522 2093 552 qnam
2116 510 2138 543 fi
2163 511 2261 544 homo
2277 523 2314 545 ex
2337 510 2431 553 phre-

1429 555 1531 589 nitide
1553 554 1679 588 obiisset
1695 581 1702 586 .
1728 555 1776 586 Sic
1799 555 1896 586 etiam
1920 555 1951 585 in
1976 553 2017 586 iis
2052 555 2261 595 ventriculis,
2294 565 2429 597 quorum

1429 598 1543 641 singuli
1568 610 1654 640 aquae
1680 596 1823 640 limpidae
1845 595 2008 629 cochleare
2022 597 2149 630 circiter
2160 595 2318 638 habuere,
2342 596 2435 630 Clio-

1429 641 1533 676 roides
1557 642 1665 683 plexus
1688 653 1727 675 ex
1750 641 1881 674 subatro
1903 639 2071 672 rubebant.
2098 642 2149 673 Sic
2172 646 2355 684 quacunque
2369 650 2435 673 me-

1433 685 1564 719 dullaris
1589 684 1787 718 incidebatur
1809 682 1999 722 substantia,
2021 683 2193 723 sanguineae
2228 684 2333 727 paffim
2367 684 2435 716 exi-

1435 726 1552 762 stebant
1575 728 1732 771 guttulae:
1756 738 1832 771 quas
1855 725 2090 767 fiabstergeres,
2114 727 2335 769 cerebrumque
2344 737 2436 760 com·

1437 773 1609 813 primeres,
1632 773 1787 804 continuo
1809 771 1878 803 aliae
1901 769 2108 816 erumpebant
2135 771 2284 809 latiores3
2315 772 2436 804 mirum

1435 818 1468 848 in
1492 823 1580 847 tanta
1604 814 1762 856 sanguinis
1784 815 1818 846 in
1841 823 1979 845 ventrem
2016 812 2164 846 eflusione
2179 836 2187 849 ,
2221 813 2278 847 nisi
2308 815 2351 847 ob
2383 813 2442 846 lae--

1436 858 1505 892 sum
1529 858 1741 891 Intercostalis
1765 857 1849 890 nervi
1873 866 2023 890 truncum
2057 856 2252 891 convulsivas
2284 856 2436 899 quasdam

1439 902 1674 934 contractiones
1696 903 1849 934 excitatas
1871 899 1948 936 esse,
1974 908 2119 941 putemus
2142 911 2211 942 quae
2235 901 2375 942 sanguini
2398 910 2437 933 ex

1440 945 1550 978 cranio
1572 943 1709 978 reditum
1733 943 1980 976 intercluderent
2004 964 2014 973 s.
2047 942 2174 980 Quibus
2204 944 2437 977 contractioni-

1439 987 1497 1021 bus
1520 989 1679 1021 vomitum
1700 997 1826 1030 quoque
1849 986 1940 1028 poffis
1964 985 2122 1021 tribuere·.
2145 998 2318 1029 quanquam
2333 988 2366 1020 in
2388 998 2439 1020 re-

1439 1042 1499 1069 ne,
1521 1034 1551 1064 &
1576 1030 1665 1072 septo
1687 1030 1880 1064 Transverso
1911 1028 2082 1062 vulneratis
2111 1029 2272 1064 causarum
2307 1029 2439 1065 fortasse

1440 1075 1513 1108 satis
1537 1074 1653 1112 habes,
1677 1074 1758 1106 unde
1780 1074 1940 1106 vomitum
1964 1073 2100 1106 extitisse
2118 1099 2125 1111 ‚
2149 1072 2270 1106 credas.

1480 1127 1532 1159 41.
1560 1117 1619 1150 Sed
1641 1126 1811 1159 utcumque
1834 1116 1900 1148 haec
1924 1114 2041 1149 fuerint
2063 1127 2073 1154 3
2096 1115 2177 1150 illud
2212 1117 2367 1159 praecipue
2398 1128 2440 1152 ex>

1440 1160 1675 1193 Observatione
1697 1159 1882 1203 proposita,
1907 1159 2038 1200 aliisque
2050 1159 2202 1193 similibus
2225 1161 2377 1202 colliges,
2395 1158 2437 1193 fi-

1436 1206 1493 1247 qui
1517 1203 1671 1245 Chirurgi
1697 1205 1877 1236 Anatomen
1901 1201 1983 1235 forte
2007 1214 2110 1236 mnus
2131 1204 2286 1240 calleant,
2314 1205 2345 1235 in
2369 1214 2441 1246 gra-

1438 1247 1577 1280 viffimos
1602 1245 1685 1288 posse
1707 1257 1824 1279 errores
1848 1246 1995 1288 prolabi:
2021 1246 2147 1278 vulnera
2171 1258 2239 1287 quae
2271 1248 2353 1280 inter
2386 1259 2441 1279 co-

1437 1290 1494 1323 stas
1518 1290 1669 1328 subeant,
1691 1290 1729 1323 ad
1754 1289 1916 1323 thoracem
1941 1289 2108 1322 dumtaxat
2133 1292 2309 1331 pertinere,
2331 1290 2440 1324 existi-

1437 1344 1574 1366 mantes.
1600 1334 1770 1366 Nimirum
1795 1331 1946 1365 fornicati
1970 1332 2226 1374 diaphragmatis
2260 1335 2441 1375 ignoratio-

1437 1388 1474 1410 ne
1497 1376 1644 1418 decepti,
1671 1380 1908 1417 supremamque
1932 1385 2095 1417 propterea
2119 1379 2236 1410 ventris
2249 1386 2367 1417 partem
2389 1378 2440 1410 in-

1437 1429 1486 1453 ter
1507 1420 1605 1454 costas
1627 1421 1730 1461 excipi
1758 1443 1769 1458 ‚
1802 1430 1960 1460 nunquam
1994 1418 2278 1452 animadvertentes
2304 1447 2310 1457 ,
2345 1418 2441 1463 hujus

1438 1475 1565 1506 quoque
1590 1464 1702 1496 viscera
1727 1463 1767 1496 iis
1790 1463 1972 1497 vulneribus
1997 1462 2068 1494 laedi
2093 1462 2181 1497 simul
2198 1463 2301 1501 posse,
2325 1474 2363 1496 ne
2392 1468 2439 1497 su-

1440 1508 1604 1548 spicantur
1625 1506 1775 1549 quidem.
1802 1507 1912 1540 Tanto
1936 1514 2038 1539 autem
2051 1507 2151 1548 magis
2173 1505 2211 1539 ici
2232 1516 2362 1547 augetur
2386 1517 2440 1550 pe.

1440 1551 1598 1590 ticulum,
1621 1550 1703 1592 siqua
1728 1548 1817 1582 causa
1841 1551 1874 1582 in
1899 1560 2006 1581 ventre
2030 1548 2067 1581 sit
2090 1561 2159 1592 quae
2185 1549 2301 1583 sursum
2338 1551 2443 1593 magis

1440 1594 1644 1635 diaphragma
1668 1594 1860 1633 compellat,
1886 1591 1945 1625 sive
1969 1592 2036 1625 haec
2058 1591 2115 1630 sit,
2140 1603 2174 1626 ut
2200 1595 2233 1625 in
2256 1594 2346 1627 obesa
2370 1604 2442 1627 mu-

1440 1638 1516 1671 liere
1539 1641 1605 1676 (t)
1627 1636 1969 1672 commemoravimus,
1994 1636 2196 1676 pinguedinis
2219 1639 2312 1678 copia
2341 1663 2348 1675 ,
2379 1636 2442 1670 five

1439 1681 1597 1720 flatuum,
1620 1679 1681 1712 sive
1705 1691 1790 1722 aquae
1805 1703 1814 1718 ,
1837 1678 1897 1712 five
1919 1682 2015 1711 <tiam
2050 1679 2148 1711 moles
2179 1679 2304 1713 distenti
2338 1681 2442 1718 uteri,

1440 1734 1493 1757 aut
1517 1724 1643 1756 alterius
1665 1724 1810 1758 visceris,
1834 1732 1868 1755 ut
1894 1733 1967 1763 puta
1991 1721 2135 1762 hepatis,
2161 1733 2176 1753 a
2212 1735 2275 1766 quo
2311 1725 2356 1756 vel
2395 1723 2438 1756 se.

1440 1766 1580 1800 cundum
1603 1775 1744 1799 naturam
1770 1765 1854 1798 haud
1879 1776 1947 1796 raro
1969 1766 2061 1797 altius
2086 1765 2191 1797 attolli
2217 1766 2441 1809 diaphragma.

1441 1812 1485 1843 tis
1509 1819 1629 1851 partem
1652 1807 1841 1848 dexteram,
1866 1808 1940 1840 alibi
1967 1807 2283 1850 (wadmonuimns.
2312 1811 2440 1843 Pericu-

1442 1854 1508 1886 lum
1533 1861 1635 1886 autem
1660 1851 1759 1895 majus
1782 1852 1849 1891 est,
1873 1850 1893 1883 si
1918 1863 1981 1884 non
2008 1849 2103 1883 stanti
2119 1874 2127 1888 ‚
2155 1851 2203 1884 sed
2234 1851 2347 1894 jacenti
2373 1852 2441 1886 fue-

1441 1898 1485 1930 rit
1508 1897 1620 1930 vulnus
1643 1895 1826 1929 infliiftum.
1961 1896 2075 1936 Neque
2099 1895 2142 1926 ita
2168 1906 2238 1928 raro
2263 1895 2443 1930 istiusmodi

1440 1949 1611 1973 occurrunt
1637 1938 1762 1972 vulnera
1778 1961 1787 1975 ‚
1813 1946 1848 1971 ut
1871 1946 2006 1980 quatuor
2030 1939 2137 1970 saltem
2150 1939 2445 1981 exemplorumnon

1439 1984 1655 2018 meminerim!
1683 1993 1753 2023 quae
1778 1981 1988 2023 Sepulchreto
2013 1981 2104 2021 possis
2128 1982 2259 2014 inserere
2282 2005 2294 2021 ,
2328 1993 2442 2024 praeter

1438 2038 1535 2061 unuin
1559 2024 1714 2058 Glissonii
1737 2027 1829 2064 (x),
1850 2023 1936 2066 qnod
1967 2024 2006 2056 ab
2041 2025 2080 2057 iis
2112 2027 2167 2067 qui
2201 2024 2444 2067 Sepulchrerum
2492 2060 2497 2065 a,

1436 2069 1639 2102 confecerunt
1656 2094 1664 2106 ‚
1687 2070 1719 2100 a&
1744 2069 1939 2101 adauxerunt
1955 2091 1963 2105 ‚
1986 2069 2119 2100 omnino
2143 2067 2234 2100 inseri
2267 2068 2441 2105 debuisset.

1437 2114 1580 2145 Primum
1605 2112 1647 2144 est
1670 2110 1853 2144 Maucharti
1878 2113 1943 2152 (y)
1959 2135 1969 2150 ,
1991 2111 2080 2144 illius
2101 2110 2185 2153 quod
2199 2111 2288 2154 supra
2311 2116 2381 2155 (z)
2402 2124 2442 2147 ex

1438 2155 1587 2189 Valsalva
1612 2154 1774 2197 produxi,
1796 2155 1830 2187 in
1853 2165 1891 2186 eo
1914 2154 2015 2187 fimile
2037 2154 2125 2197 quod
2139 2156 2264 2197 sanguis
2286 2165 2441 2197 quantum

1438 2211 1453 2232 e
1478 2198 1610 2233 thorace
1631 2196 1879 2231 exhauriebatur
1902 2221 1911 2235 ,
1943 2206 2067 2230 tantum
2104 2208 2157 2238 per
2190 2197 2444 2242 diaphragmatis

1437 2244 1550 2276 vulnus
1573 2246 1733 2275 continuo
1756 2242 1833 2275 illuc
1868 2240 2020 2279 influebat
2056 2252 2093 2274 ex
2123 2251 2231 2274 ventre
2254 2267 2261 2274 .
2296 2243 2448 2278 Alterum*

1440 2286 1575 2320 Goetzii
1599 2288 1665 2326 (a)
1687 2284 1747 2318 est.
1775 2285 1925 2319 Tertium
1949 2285 2018 2317 Cel.
2043 2282 2178 2318 Heisteri
2202 2284 2446 2326 (b).Krame-

1440 2331 1468 2362 ri
1493 2329 1556 2370 (c)
1579 2338 1684 2363 autem
1707 2328 1749 2361 est
1771 2337 1938 2371 quartum.
1965 2329 2008 2361 Et
2031 2330 2065 2360 in
2088 2327 2140 2361 his
2172 2328 2299 2370 quidem
2334 2331 2444 2364 omni-

1439 2373 1498 2408 bus
1519 2373 1632 2406 vulnus
1678 2383 1693 2404 e
1725 2370 1858 2405 thorace
1895 2395 1907 2412 ‚
1948 2382 2041 2413 quem
2089 2372 2229 2413 primum
2286 2372 2448 2414 subierat,

1440 2428 1495 2459 per
1531 2416 1737 2458 diaphragma
1769 2417 1801 2447 in
1839 2425 1980 2448 ventrem
2005 2414 2191 2448 descendens
2214 2437 2223 2452 ,
2247 2413 2333 2457 jecur
2367 2428 2439 2457 per-

1442 2460 1600 2494 foraverat
1620 2483 1628 2491 .
1655 2461 1759 2492 Porro
1780 2458 1824 2492 ob
1845 2459 1973 2492 eandem
1996 2469 2066 2501 qnae
2090 2457 2177 2492 dista
2211 2457 2277 2498 est,
2307 2459 2440 2494 confot-

1439 2505 1616 2536 mationem
1633 2524 1642 2539 ‚
1666 2501 2188 2545 positionemve*diaphragmatis,
2212 2504 2244 2534 &
2277 2504 2310 2535 in
2344 2503 2445 2545 poste..

1440 2548 1526 2580 riora
1548 2546 1784 2585 declivitatem,
1809 2547 1905 2579 etiarn
1929 2545 1989 2581 fit,
2013 2554 2048 2578 ut
2080 2543 2102 2578 si
2136 2546 2262 2578 vulnera
2293 2545 2445 2588 supremae

1439 2589 1622 2623 abdominis
1646 2590 1729 2630 parti
1752 2587 1920 2632 imposita,
1945 2589 2071 2630 longius
2096 2596 2249 2630 pergant,
2283 2599 2345 2621 non
2369 2600 2445 2623 ven-

1437 2635 1495 2667 tris
1518 2632 1718 2667 solummodo
1741 2633 1880 2672 viscera,
1915 2631 1965 2665 sed
1998 2634 2030 2664 &
2069 2629 2210 2677 thoracis
2246 2629 2334 2665 simul
2370 2644 2445 2668 cum

1438 2676 1681 2720 diaphragmate
1704 2675 1885 2710 saucientur
1900 2701 1907 2707 .
1935 2676 2058 2707 Verum
2081 2673 2236 2717 ejusmodi
2269 2675 2399 2710 vulnera
2424 2688 2445 2712 a*

1437 2721 1529 2754 nobis
1544 2744 1556 2761 ,
1577 2721 1634 2762 qui
1657 2720 1763 2754 locum
1787 2718 1839 2753 hic
1874 2717 1954 2753 unde
1990 2719 2150 2759 incipiunt
2170 2741 2182 2757 ‚
2214 2717 2407 2754 attendimus
2431 2742 2443 2758 ,

1436 2766 1522 2797 inter
1543 2776 1576 2797 ea
1599 2774 1669 2806 quae
1693 2763 1732 2797 ad
1756 2764 1917 2805 proximas
1942 2763 2081 2796 Litteras
2104 2761 2241 2794 attinent
2263 2784 2274 2800 ‚
2307 2761 2445 2797 referen-

1437 2808 1476 2842 da
1499 2806 1687 2885 effel,bvides
1701 2833 1709 2844 .
1731 2808 1796 2842 Eas
1817 2808 1919 2851 igitur
1939 2815 2036 2850 quam
2058 2805 2200 2849 primum
2222 2805 2407 2849 expectabis
2427 2829 2443 2848 ‚

1438 2854 1471 2887 ἃ
1495 2855 1547 2890 V'a
1563 2864 1577 2886 e
1602 2852 1652 2889 is-

2272 3486 2401 3526 EPI-

429 3670 439 3697 s
455 3670 493 3698 s)
514 3668 583 3700 Epist,
601 3680 629 3703 43
656 3676 680 3698 θ’.
698 3675 733 3703 3¹0.
800 3674 813 3701 (
829 3677 841 3696 t
855 3673 869 3703 )
885 3672 959 3702 Epist.
974 3680 1011 3702 27.
1028 3682 1052 3699 n.
1068 3681 1091 3698 2.

426 3699 480 3730 (rs
498 3702 549 3727 Eph
579 3704 610 3727 Ν.
628 3705 648 3728 C
674 3707 745 3728 Cent.
766 3711 784 3728 ι.
802 3703 855 3727 Obs
882 3712 918 3732 ¹9-
986 3707 991 3715 ‘
1012 3712 1029 3732 z
1044 3706 1058 3732 )
1073 3712 1097 3728 n:
1117 3709 1139 3733 3‘.

429 3730 441 3754 (
456 3728 471 3754 b
486 3731 499 3758 J
515 3732 608 3758 Diffett.
624 3734 653 3759 de
669 3732 799 3760 Medicinas
814 3734 900 3760 fflssit.
917 3734 943 3760 in
958 3734 1137 3765 Jurisprudent.
1152 3743 1178 3760 n.
1195 3738 1234 3761 61.
1252 3735 1277 3761 δι
1291 3735 1353 3766 seqq.

1155 3676 1171 3704 ς
1184 3681 1201 3698 u
1216 3675 1226 3706 )
1241 3674 1316 3703 Epist.
1331 3674 1404 3703 Anat.
1421 3682 1441 3699 ι.
1461 3682 1486 3698 n.
1507 3682 1541 3705 ¹3·

1203 3704 1210 3724 l
1228 3714 1243 3729 a
1263 3708 1269 3731 l
1288 3705 1340 3729 Ast.
1360 3706 1391 3730 N.
1409 3707 1438 3730 C.
1457 3707 1532 3730 Toni.
1549 3711 1563 3728 2
1589 3705 1647 3729 Ob's.
1668 3708 1712 3730 18¹.

1602 3675 1649 3701 (xl
1665 3679 1737 3702 Anat.
1753 3678 1816 3707 Hep.
1834 3684 1856 3701 e.
1875 3684 1897 3707 9.
1912 3677 1937 3702 in
1952 3677 1996 3702 fin.

1418 3736 1432 3766 (
1445 3742 1457 3760 c
1471 3736 1486 3766 )
1501 3738 1642 3762 commem
1656 3737 1742 3764 Litter.
1757 3738 1793 3764 Aa
1807 3745 1877 3770 174¹·
1894 3737 1975 3766 aicha.
1990 3744 2029 3769 ²7·
2044 3745 2069 3763 ne
2086 3745 2110 3765 1.
2125 3736 2158 3766 ιδ’
2169 3742 2218 3769 apl
2237 3745 2264 3765 ³·
