2498 4075
418 90 482 148 80

347 170 501 205 ii'churiaa
525 178 674 213 quoque,
694 168 728 202 ἃ
750 167 790 202 ad
813 167 982 212 paralysim
1005 167 1058 200 hic
1080 167 1198 200 attinet
1219 169 1305 204 casus
1328 192 1335 200 .

478 213 537 246 Sed
563 221 709 254 praeterea
732 213 848 246 attinet
871 213 908 245 ad
931 213 1057 245 ascitem
1073 232 1086 249 ,
1107 211 1160 245 cui
1174 214 1339 245 materiam

344 256 439 293 facile
463 254 637 290 sufficiebat
661 254 803 288 hominis
828 256 974 297 sanguis,
1000 264 1063 286 non
1087 260 1153 287 tam
1173 253 1300 289 fortasse
1324 267 1339 287 a

348 309 482 339 natura,
504 309 600 340 quam
624 296 662 329 ab
684 297 736 331 sua
759 308 825 332 arte
848 299 1016 340 pallentis,
1038 308 1107 338 quae
1119 307 1272 340 quantum
1284 298 1339 331 ob-

347 341 405 377 effe
429 341 518 384 possit
543 339 767 382 respirationi,
791 344 821 374 &
844 343 930 383 quod
969 339 1193 383 consequitur,
1216 341 1340 383 sangui-

347 387 382 419 ni
411 383 606 427 perficiendo
622 407 634 423 ,
657 383 741 418 haud
764 383 962 418 difficileesl:
984 383 1186 426 intellige1·e;
1207 387 1239 417 δε
1263 385 1340 418 alibi

330 431 361 466 ⁴(
386 440 402 461 c
424 432 436 466 )
460 429 492 459 iu
516 436 604 468 parte
618 426 795 460 indicatum
820 425 880 459 est.
1013 426 1143 459 Attinet
1155 428 1288 468 denique
1300 427 1339 461 ad

347 468 564 504 convulsiones
578 493 586 507 ‚
608 481 677 511 quae
699 481 771 503 cum
796 469 959 504 hominem
981 468 1178 504 confecerint
1201 482 1211 508 3
1244 469 1342 504 idcir-

347 525 386 549 co
411 513 509 547 malui
535 513 571 547 ad
596 512 650 546 has
675 513 867 555 potiffimum
891 511 1055 546 historiam
1079 511 1210 547 referre.

393 567 441 599 15.
467 557 568 593 Erant
595 557 642 589 'nae
665 567 727 588 non
751 565 885 588 externae
909 555 1008 589 modo
1029 579 1038 594 ‚
1072 554 1123 590 sed
1145 558 1242 590 etiarn
1265 582 1274 596 ‚
1307 556 1343 590 id

344 600 431 643 quod
453 598 618 642 conjunffl
643 600 783 631 vomitus
806 598 1006 633 ostendebant
1027 622 1040 639 ,
1074 600 1204 632 internae
1228 625 1234 631 .
1269 600 1344 633 Hu-

347 655 417 677 mor
441 652 542 676 aUtem
565 644 620 684 qui
645 653 697 683 per
720 641 780 674 hos
803 641 1012 683 ejiciebatur,
1036 653 1099 674 nou
1122 651 1186 675 erat
1209 641 1343 684 ejusmo-

345 686 378 721 cli
393 710 401 722 .
425 695 461 723 ut
485 683 703 720 convulsiones
728 683 874 718 inducere
898 684 981 726 posse
1005 684 1182 722 videretur,
1206 686 1292 719 velut
1316 687 1343 719 is

338 727 451 771 fuscus
472 753 480 767 ,
513 737 568 761 aut
585 728 676 769 porri
691 727 782 769 succo
798 726 917 769 'fimilis
940 751 953 767 ,
985 739 1079 770 quern
1102 727 1342 763 convulsionum

346 771 438 809 fuisse
460 771 584 805 causam
600 795 608 809 ,
633 768 706 802 inde
729 769 869 805 Galenus
891 773 905 808 (
927 773 946 803 d
967 774 981 810 >
1005 771 1164 803 intellexit
1188 796 1196 808 ‚
1232 772 1341 814 quod,

344 815 416 856 ipso
436 812 553 857 rejecto
580 837 591 854 ,
623 813 686 845 illae
711 813 859 855 protinus
891 814 1129 856 conquievere:
1162 812 1342 855 cuiusmodi

344 858 414 897 sane
436 857 619 899 aeruginosa,
645 855 688 888 (φ’
709 863 778 888 atro
801 854 934 892 humore
953 855 1082 898 plenum
1106 865 1208 891 cotum
1219 860 1343 891 ventri-

342 899 406 937 culi
428 899 565 942 fundum
591 899 644 932 hic
667 907 824 940 repertum
848 897 937 934 fuisse
959 923 967 939 ,

343 947 357 983 (
379 954 393 976 e
413 947 427 982 )
449 966 456 980 ‚
497 943 530 975 in
556 940 755 985 Bergomensi
781 941 932 977 Studioso
952 967 962 983 ,
1018 955 1089 977 uem
1112 944 1341 979 immaniffimae

342 984 558 1024 convulsiones
582 987 665 1018 intra
690 985 808 1023 viginti
842 994 983 1028 quatuor
1030 998 1098 1020 oras
1122 987 1306 1021 sustulerant
1333 1013 1339 1020 .

337 1031 382 1065 <In
406 1027 570 1072 proposito
595 1031 700 1062 autem
723 1028 810 1061 Viro
831 1028 981 1062 credibile
1004 1029 1046 1063 est
1063 1054 1076 1071 ,
1110 1033 1262 1065 excitatas
1286 1030 1342 1065 esse

343 1073 381 1107 ab
403 1084 483 1115 aqua
506 1081 577 1106 tum
601 1072 738 1115 Spinalis
763 1071 934 1113 medullae,
957 1081 1028 1106 tum
1040 1074 1158 1106 cerebri
1181 1075 1341 1117 meninges¹

344 1117 498 1149 irritante
521 1125 596 1149 tunc
622 1115 749 1151 demum
773 1126 847 1148 cum
872 1117 1000 1149 retineri
1011 1118 1113 1159 coepit
1137 1118 1170 1149 in
1194 1118 1342 1159 sanguine

342 1159 441 1197 urinae
465 1160 595 1202 portio,
618 1158 700 1192 unde
722 1168 802 1201 aqua
826 1157 1038 1198 salsa‘fieret„
1075 1160 1176 1202 Qod
1202 1160 1223 1193 si
1256 1162 1345 1194 nervi

340 1213 449 1237 omnes
472 1204 528 1245 qui
552 1201 710 1236 musculos
743 1210 868 1247 artuum
892 1201 1083 1237 inferiorum
1105 1203 1249 1240 adeunt,
1280 1203 1345 1247 jam

343 1246 469 1289 penitus
503 1245 635 1278 resoluti
669 1255 733 1277 non
757 1243 886 1279 fuissent
907 1256 918 1284 5
950 1245 1102 1279 credibile
1126 1246 1167 1281 est
1190 1272 1199 1286 ‚
1234 1246 1256 1279 si
1280 1258 1344 1281 non

341 1301 430 1332 aeque
454 1300 487 1321 ac
512 1299 596 1322 artus
620 1287 794 1330 superiores
823 1311 836 1328 ,
867 1288 996 1332 ipseque
1020 1289 1097 1324 adeo
1120 1298 1249 1324 truncus
1272 1316 1280 1331 ‚
1315 1300 1346 1324 at

339 1331 543 1368 convulsione
578 1340 657 1365 certe
682 1331 786 1377 aliqua
829 1330 982 1373 prehendi
1016 1332 1181 1368 inferiores
1221 1345 1347 1376 quoque

345 1374 501 1418 potuisse.
529 1375 637 1408 Habes
659 1375 692 1407 in
717 1374 928 1416 Sepulchreto
951 1374 1035 1418 (f)
1059 1376 1235 1411 indicatam
1248 1377 1346 1411 histo-

342 1420 424 1454 riam
447 1418 600 1453 celebrem
623 1429 662 1453 ex
686 1418 768 1451 libro
792 1419 899 1460 primo
933 1419 1201 1462 Epidemiorum,
1223 1422 1256 1453 in
1283 1433 1345 1464 qua

343 1463 472 1496 mulieri
497 1473 567 1504 quae
585 1461 693 1501 statim
716 1461 873 1502 inceperat
895 1465 928 1497 3(
951 1462 1016 1504 ipsa
1040 1463 1139 1498 dolere
1151 1463 1265 1498 lumbis
1288 1476 1344 1498 ex-

341 1505 432 1542 tenso
455 1504 492 1538 ad
515 1504 659 1542 collum,
683 1506 715 1537 ἃ
739 1513 834 1546 caput
858 1504 1000 1544 dolore,'
1015 1507 1122 1541 dextra
1146 1517 1254 1541 manus
1277 1508 1344 1540 len-

337 1549 432 1590 guit,
455 1560 525 1583 cum
548 1547 739 1590 convulsione
759 1571 768 1585 ,
788 1548 991 1589 *apopleffico
1015 1550 1124 1587 inodo.
1158 1549 1346 1592 Agnoscunt

345 1592 555 1627 Eum-ratores
590 1594 622 1623 &
648 1589 816 1633 paralyfim
838 1614 851 1631 ,
884 1594 914 1624 3<
938 1592 1176 1626 convulfionem
1209 1593 1347 1636 ejusdem

339 1645 467 1670 manus.
494 1634 552 1668 Sed
578 1633 732 1667 Vallesius
753 1657 766 1674 ‚
799 1643 835 1669 ut
859 1633 979 1668 ibidem
1000 1635 1086 1669 vides
1106 1659 1118 1676 ,
1150 1647 1214 1669 non
1237 1638 1349 1670 eodem

344 1688 509 1720 tempore,
534 1680 752 1719 Dur-etus(g
773 1680 787 1716 )
811 1677 919 1725 eodem
943 1679 1074 1722 quidem
1098 1690 1242 1722 tempore
1266 1703 1274 1717 ‚
1298 1680 1348 1715 sed

341 1720 509 1765 paralysim
533 1723 567 1756 in
592 1732 706 1757 nervo,
730 1720 964 1757 convulsionem
986 1723 1019 1755 in
1045 1722 1189 1756 musculo
1216 1735 1227 1761 3
1261 1725 1350 1757 Mar·

342 1765 447 1801 tianus
469 1768 483 1805 (
506 1764 526 1800 h
549 1768 562 1808 >
582 1787 590 1801 ,
617 1764 654 1797 ab
678 1773 816 1807 utroque
838 1763 1041 1807 discrepans,
1078 1769 1110 1799 &
1135 1765 1245 1799 eodem
1268 1776 1348 1800 tem-

342 1820 443 1851 pore,
467 1812 499 1843 ὃζ
523 1807 634 1841 eodem
659 1809 692 1839 in
716 1818 833 1840 nervo.
859 1809 890 1840 Si
916 1808 986 1851 post
1009 1819 1119 1843 tantos
1146 1809 1247 1844 Viros
1271 1809 1347 1845 licet

341 1850 464 1895 aliquid
487 1850 658 1894 subjicerc3
684 1849 795 1883 eodem
820 1851 951 1894 quidem
974 1861 1118 1895 tempore
1140 1875 1150 1891 ‚
1186 1855 1217 1887 ἃ
1242 1854 1274 1887 in
1297 1866 1348 1888 ea.

342 1895 415 1933 dem
439 1906 527 1938 parte
553 1905 722 1937 utrumque
746 1893 897 1930 affiebium
919 1894 976 1929 ell'e
1000 1895 1083 1938 posse
1102 1919 1112 1934 ,
1137 1907 1199 1929 non
1223 1894 1347 1933 videtur

342 1938 542 1985 negandum,
568 1938 742 1980 praesertim
766 1949 836 1972 cum
848 1939 1029 1976 Martianus
1052 1940 1249 1975 luculentam
1260 1939 1346 1974 suam

344 1981 488 2028 proferat
513 1983 546 2015 in
569 1981 650 2019 hanc
673 1992 738 2014 rem
762 1980 1016 2017 observationem
1037 1994 1046 2021 3
1072 1983 1124 2016 sed
1147 1991 1251 2015 tamen
1275 1985 1345 2018 aliis

341 2027 454 2072 potius
475 2026 577 2060 nervis
605 2049 617 2066 ,
652 2036 749 2068 quam
773 2024 886 2059 iisdem
923 2026 1082 2060 disiimiles
1106 2025 1184 2059 adeo
1218 2023 1347 2062 afficias

339 2070 400 2108 esse
422 2067 629 2112 imputandos
646 2093 653 2101 .
790 2071 961 2112 Propterea
986 2069 1057 2103 dixi
1078 2093 1091 2110 ,
1113 2067 1135 2104 fi
1161 2070 1194 2105 iu
1218 2072 1290 2106 viro
1312 2071 1349 2105 de

344 2127 409 2157 quo
434 2113 597 2155 loquimur
620 2136 644 2153 ,v
667 2123 731 2149 non
753 2123 862 2149 omnes
886 2112 935 2146 illi
959 2114 1047 2151 neryi
1071 2112 1198 2148 fuissent
1223 2115 1348 2156 penitus

345 2157 475 2197 resoluti
515 2180 522 2195 ,
576 2155 610 2193 id
663 2155 705 2188 cst
748 2153 770 2187 fi
818 2156 919 2199 aliqui
961 2167 1069 2191 eorum
1114 2157 1171 2199 qui
1215 2156 1349 2190 inferio-

347 2210 393 2238 res
416 2199 574 2236 musculos
599 2198 768 2242 quospiam
790 2210 919 2233 movent
941 2223 954 2240 ,
986 2200 1034 2233 vel
1057 2200 1207 2233 exiliores
1240 2203 1349 2243 potius

345 2247 467 2287 aliquas
490 2243 625 2279 musculi
648 2244 742 2277 unius
769 2252 891 2284 partes,
914 2255 982 2286 quae
997 2241 1057 2276 fint
1081 2243 1237 2277 movendo
1247 2256 1348 2279 mem-

344 2288 405 2325 bro
429 2298 484 2332 per
508 2286 535 2321 se
561 2288 717 2329 impares,
741 2286 763 2318 si
788 2286 836 2318 illi
860 2287 962 2329 igitur
984 2286 1091 2322 saltem
1111 2285 1240 2323 fuissent
1264 2290 1348 2321 inte-

346 2333 395 2376 gri
410 2355 421 2371 ,
445 2329 603 2373 potuisse.
626 2340 738 2370 magna
761 2329 928 2371 ingruente
950 2330 982 2362 vi
1005 2329 1220 2364 convulsionis
1245 2354 1254 2369 ,
1290 2332 1348 2366 ali..

346 2387 411 2418 quo
435 2373 536 2407 modo
559 2374 698 2415 aliquam
724 2382 850 2407 artuum
873 2371 1062 2407 inferiorum
1085 2382 1206 2414 partem
1222 2383 1350 2407 contra..

347 2419 440 2455 here.
465 2418 561 2453 Certe
584 2416 650 2459 ipsa
676 2417 854 2449 Coacarum
877 2416 994 2455 verba,
1017 2426 1087 2459 quae
1110 2417 1255 2458 exemplo
1279 2420 1351 2452 Du-

347 2471 435 2498 retus
467 2472 504 2494 ex
531 2461 605 2496 licat
629 2459 716 2492 illius
749 2459 892 2493 mulieris
916 2482 927 2500 ,
960 2459 1126 2495 Martiano
1166 2459 1351 2501 videntur,

348 2516 413 2542 pon
439 2472 560 2543 moesi),
583 2512 620 2538 ut
643 2504 770 2537 Dureto
793 2514 919 2545 quoque
941 2524 954 2541 ,
978 2513 1042 2535 non
1066 2501 1240 2537 absolutam
1263 2515 1352 2546 para-

348 2548 462 2592 lysim,
488 2547 537 2581 sed
560 2558 658 2590 neque
670 2546 764 2578 aliam
785 2545 1022 2580 convulsionem
1033 2545 1204 2588 significare
1220 2570 1231 2587 ‚
1255 2559 1353 2590 quam

348 2601 453 2629 morus
476 2589 686 2637 convulfificos
709 2589 812 2623 leves.
840 2591 878 2622 Iu
903 2589 1032 2624 artubus
1056 2598 1162 2625 autem
1185 2590 1351 2632 superiori-

349 2637 407 2674 bus
431 2633 525 2679 hujus
547 2636 610 2667 viri
633 2644 708 2670 cum
731 2633 902 2679 paralytici
926 2631 1010 2666 nihil
1034 2631 1132 2673 esset,
1154 2632 1188 2667 id
1213 2633 1253 2667 est
1276 2646 1351 2669 cum

348 2688 492 2722 paterent
515 2679 602 2712 nervi
625 2688 735 2714 omnes
761 2677 792 2708 vi
816 2676 1030 2715 convellenti3
1055 2687 1120 2712 non
1142 2678 1261 2710 mirum
1283 2678 1352 2717 est,

349 2722 370 2757 fi
395 2721 601 2764 graviffimae,
626 2724 655 2756 ἃ
681 2719 719 2754 ad
742 2719 949 2762 quadrantem
971 2719 1059 2753 horae
1086 2720 1251 2761 perstantes
1274 2732 1351 2753 con-

349 2763 506 2802 vulsiones
527 2767 636 2802 tonicae
659 2763 739 2807 saepe
762 2763 971 2805 ingruebant.
998 2763 1145 2805 Qrum
1170 2789 1178 2804 ‚
1213 2767 1245 2799 δι’
1268 2762 1352 2797 chlo-

350 2811 512 2847 nicarum,
537 2808 690 2843 videlicet
714 2806 970 2842 convulfivorum
993 2816 1141 2843 motuum
1161 2831 1173 2847 ,
1203 2819 1278 2853 curn
1302 2818 1352 2840 ea-

351 2853 426 2889 dem
460 2851 550 2887 causa
573 2850 646 2888 fit3
681 2850 745 2883 hoc
769 2861 833 2884 uno
869 2852 1007 2884 maxime
1041 2850 1165 2894 videtur
1202 2850 1351 2889 differre,

352 2894 437 2940 quod
464 2895 496 2929 in
522 2893 574 2929 his
598 2891 667 2935 post
689 2892 862 2929 brevissima
887 2894 1074 2934 intervalla,
1099 2897 1131 2927 &
1154 2893 1351 2937 quaiialter-

351 2951 412 2978 ne,
436 2939 470 2971 in
494 2938 559 2973 illis
582 2938 782 2971 continenter
805 2947 877 2979 agat
900 2949 907 2970 .·
940 2949 1121 2980 quanquam
1144 2939 1176 2971 in
1210 2937 1351 2980 utrisque

353 2983 555 3017 continenter
580 2991 668 3023 agere
692 2978 820 3014 fortasse
843 3003 855 3019 ,
881 2981 1067 3016 crediderim
1095 2993 1104 3019 5
1140 2980 1190 3013 sed
1214 2982 1246 3013 in
1271 2980 1352 3015 chlo.

353 3026 454 3066 meis,
476 3026 594 3071 quippe
618 3024 718 3058 levius
742 3032 908 3065 agentem,
932 3025 1048 3058 alterne
1072 3023 1109 3056 ab
1132 3025 1267 3058 naturali
1281 3035 1352 3065 pir-

352 3071 436 3105 tium
461 3068 511 3103 seu
535 3071 565 3101 vi
586 3090 596 3106 ‚
622 3066 672 3103 seu
697 3065 833 3109 pondere
858 3066 992 3110 superari
1017 3079 1025 3100 .·
1051 3069 1084 3100 in
1109 3068 1222 3103 ionicis
1244 3077 1350 3101 autem

353 3111 618 3147 vehementissime
643 3121 753 3152 agere,
776 3119 812 3143 ut
836 3108 900 3152 ejus
923 3109 1069 3153 effeetus,
1093 3108 1240 3154 nisiquid
1265 3111 1351 3143 aliud

353 3155 560 3198 interpellet,
584 3153 722 3199 persistat
746 3163 865 3196 porro,
889 3165 943 3188 nec
966 3165 1068 3188 morte
1091 3154 1156 3195 ipsa
1182 3152 1352 3197 aliquando

353 3199 428 3231 tolli
453 3200 586 3233 omnino
610 3196 692 3240 posse
715 3196 860 3232 videatur
881 3221 889 3229 .
923 3199 1034 3241 Neque
1058 3200 1143 3234 enim
1166 3206 1351 3240 perpetuum

357 3241 399 3274 est
423 3242 510 3284 quod
536 3242 627 3283 ponit
650 3240 847 3283 Caesalpinus
869 3242 882 3278 (
903 3241 915 3274 i
937 3245 976 3280 ),
998 3243 1149 3276 cadavera
1173 3251 1275 3274 eorum
1298 3240 1353 3281 qui

358 3296 395 3319 cx
418 3283 608 3325 convulfione
638 3285 797 3327 perierunt
815 3307 824 3323 ‚
858 3293 1046 3326 nequaquam
1071 3284 1154 3328 tensa
1188 3283 1320 3326 conspici
1342 3305 1351 3320 ,

349 3327 404 3373 fhd
426 3326 566 3362 relaxata
581 3351 589 3359 .
615 3326 780 3361 Interdum
804 3328 888 3360 enim
914 3328 946 3359 id
971 3328 1088 3362 accidit
1111 3327 1199 3371 quod
1211 3331 1353 3369 anquan-

318 3379 322 3381 “
355 3372 391 3403 do
413 3371 594 3405 meminerat
611 3368 644 3413 se
667 3368 795 3414 vidc‘ffe,
819 3369 962 3404 Vesalius
985 3375 997 3413 <
1019 3373 1036 3412 l<
1057 3376 1089 3412 ),
1116 3372 1250 3403 alterum
1272 3370 1352 3402 latus

358 3414 456 3450 etiam
476 3411 539 3456 post
561 3421 691 3451 mortem
715 3412 882 3459 remansisse
905 3414 1080 3458 romulfum
1104 3417 1136 3452 in
1159 3415 1287 3457 quodam
1299 3414 1353 3455 qui

1006 900 1124 934 scribit
1140 901 1342 936 Mercurialis

972 87 1128 143 Liber
1161 87 1202 142 1.
1234 89 1318 143 De
1355 87 1561 143 Morbis
1596 86 1804 153 Capitis

1389 167 1421 200 in
1443 166 1545 208 capite
1559 165 1671 209 fuerat
1689 166 1875 199 vulneratus
1903 177 1911 199 r
1936 173 2028 208 atque
2049 172 2087 199 ut
2110 165 2171 199 alia
2195 166 2381 202 omittamus

1390 207 1530 250 exempla
1549 221 1560 248 i
1592 209 1662 242 Cel.
1686 208 1847 244 Heis‘terus
1868 212 1882 249 (
1904 209 1916 242 l
1936 213 1951 249 )
1972 209 2048 242 dum
2082 207 2228 243 hominis
2249 212 2283 243 in
2307 212 2382 244 No-

1390 252 1533 286 socomio
1556 251 1821 292 Norimbergenfi
1843 263 1881 285 ex
1902 250 2161 285 convulsionibus
2186 256 2304 287 mortui
2337 265 2389 287 ca-

1391 294 1483 328 daver
1507 295 1539 327 in
1563 294 1726 328 Altorfino
1748 295 1895 328 Theatro
1917 294 1985 336 post
2007 293 2231 329 demonstratas
2266 298 2391 339 Opera-

1391 340 1496 372 tiones
1518 336 1725 381 Chirurgicas
1749 361 1761 377 ‚
1791 337 1857 380 jam
1879 339 1966 371 intus
1999 336 2071 370 esset
2103 337 2353 380 perscrutaturus
2375 363 2389 380 ‚

1390 380 1571 414 abdominis
1595 381 1754 417 musculos
1785 382 1830 414 ita
1854 380 2022 423 introrsum
2054 381 2169 413 traeffos
2191 383 2293 415 etiam
2316 392 2386 417 tum

1390 425 1532 467 reperit,
1555 432 1590 457 ut
1614 424 1696 458 linea
1720 423 1789 457 alba
1821 424 1968 468 proxime
1992 423 2189 457 incumberet
2224 427 2379 459 vertebris

1394 468 1602 501 lumborum.

1436 514 1483 544 16.
1507 509 1599 553 Qd
1623 520 1726 545 autem
1749 511 1830 545 illud
1863 510 1902 544 sit
1925 510 2011 554 quod
2035 509 2193 553 praesentis
2226 511 2326 545 causae
2358 524 2392 545 a-

1393 555 1557 594 stionem,
1580 563 1615 588 ut
1639 553 1841 592 dicebamus,
1857 554 2043 596 interpellet
2066 579 2075 594 ,
2096 563 2132 587 ut
2155 565 2218 586 non
2242 554 2300 588 nifi
2324 554 2394 597 post

1394 597 1488 639 longa
1512 598 1677 630 intervalla
1697 621 1709 637 ,
1730 598 1869 631 membra
1892 598 2008 630 iterum
2027 596 2260 630 contrahantur
2282 620 2291 635 ,
2326 599 2396 640 ple-

1395 650 1526 683 rumque
1550 639 1627 673 adeo
1647 640 1813 675 obscurum
1837 640 1900 680 est,
1923 648 1959 673 ut
1983 641 2077 673 nullis
2102 639 2165 673 fere
2185 639 2395 682 niiiejusmo-

1394 683 1426 716 di
1450 683 1640 726 conjecturis
1664 684 1772 719 locum
1796 684 1952 726 relinquat
1983 695 1999 715 a
2022 683 2137 726 quibus
2170 694 2227 717 nos
2249 684 2391 718 diximus

1395 727 1513 760 alienos
1535 726 1591 759 esse
1605 751 1612 758 .
1638 729 1760 761 Verum
1781 726 1881 770 siquid
1906 728 1939 758 in
1962 726 2161 760 convulsione
2194 726 2395 769 perdifficiles

1394 769 1489 804 habet
1512 771 1711 812 explicatum
1734 771 1885 804 nonnulla
1908 778 1991 802 certe
2014 768 2131 802 habent
2154 770 2249 813 longe
2262 769 2396 804 difficil-

1395 813 1489 846 limos
1513 814 1545 845 in
1570 813 1724 852 historia,
1747 824 1844 856 quam
1867 811 1924 844 nisi
1949 812 2098 845 Valsalva
2121 813 2184 846 suis
2209 816 2242 847 in
2266 812 2387 847 schedis

1394 855 1588 897 adnotasset,
1610 867 1665 898 nec
1689 856 1783 890 facile
1807 855 1964 889 crederem
1978 878 1988 895 ,
2011 867 2106 898 neque
2129 855 2181 890 hic
2196 858 2258 890 tibi
2281 857 2399 891 descri-

1394 911 1481 942 ptam
1503 899 1628 933 darem.
1656 900 1737 934 Puer
1763 899 1972 933 duodecennis
1992 920 2001 936 ,
2035 899 2090 932 diu
2110 922 2122 939 ‚
2145 899 2194 933 sed
2221 911 2274 943 per
2297 902 2399 933 inter-

1393 944 1497 984 valla,
1522 942 1686 976 doloribus
1710 945 1828 977 ventris
1853 942 2011 975 obnoxius
2031 965 2043 982 ‚
2077 941 2126 975 his
2151 944 2314 977 noviffime
2346 955 2397 976 re-

1394 986 1567 1020 deuntibus
1590 997 1664 1020 cum
1675 988 1884 1023 mercurium,
1909 994 1943 1018 ut
1958 993 2094 1025 vocant,
2119 985 2244 1019 duicem
2270 988 2307 1019 ab
2318 987 2400 1019 Em-

1395 1032 1499 1072 pirico
1522 1031 1674 1071 quidem,
1698 1030 1747 1065 sed
1771 1040 1907 1072 congrua
1931 1038 2035 1061 tamen
2059 1028 2151 1069 doli,
2175 1029 2396 1074 praescriptum

1393 1071 1591 1114 sumpsissem
1625 1075 1721 1115 paulo
1748 1073 1816 1116 post
1839 1083 1976 1114 utroque
1999 1072 2096 1104 oculo
2119 1082 2221 1106 caecus
2246 1071 2282 1106 tir
2301 1097 2313 1113 ,
2350 1084 2399 1106 ar-

1392 1117 1502 1159 tusque
1527 1116 1668 1157 superior
1687 1140 1700 1155 ,
1734 1126 1827 1159 atque
1850 1114 1983 1148 inferior
2003 1137 2013 1152 ,
2051 1117 2082 1147 δέ
2104 1125 2200 1156 caput
2236 1128 2252 1148 a
2274 1116 2398 1150 dextris

1396 1160 1619 1193 convelluntur
1638 1182 1649 1199 ‚
1684 1160 1823 1202 flexaque
1846 1167 2026 1201 permanent
2049 1182 2057 1189 .
2092 1158 2162 1191 Post
2185 1159 2307 1202 aliquot
2333 1159 2401 1193 dies

1395 1202 1521 1237 videndi
1546 1201 1680 1236 facultas
1704 1202 1878 1236 restituitur
1896 1225 1908 1242 ,
1931 1211 2073 1243 tempore
2095 1212 2202 1235 autem
2225 1202 2397 1245 interje6in

1396 1247 1492 1279 etiam
1514 1247 1631 1288 capitis
1654 1256 1761 1279 motus
1787 1270 1794 1278 .
1829 1244 1988 1278 Postremo
2011 1244 2089 1278 dum
2113 1255 2249 1278 conatur
2272 1246 2399 1279 incede-

1395 1300 1447 1327 re,
1473 1299 1556 1323 artus
1581 1288 1714 1322 inferior
1737 1291 1763 1322 is
1794 1289 1850 1332 qui
1874 1287 2041 1321 convulsus
2065 1296 2129 1319 erat
2157 1313 2167 1329 ‚
2201 1287 2401 1322 vehementer

1398 1332 1511 1372 dolet3
1535 1332 1585 1366 sed
1609 1341 1713 1367 tamen
1736 1331 1911 1366 naturalem
1935 1340 2060 1364 motum
2087 1341 2248 1373 recuperat
2265 1356 2272 1363 .
2300 1331 2399 1366 Tunc

1399 1386 1504 1410 autem
1526 1377 1682 1409 continuo
1705 1385 1787 1410 artus
1820 1375 1963 1417 superior
1987 1374 2096 1407 dexter
2115 1397 2127 1415 ,
2159 1386 2254 1417 quem
2279 1379 2402 1421 pariter

1398 1420 1585 1454 convulsum
1609 1418 1721 1459 fuisse,
1743 1419 1883 1452 diximus
1906 1443 1914 1456 ,
1939 1418 2044 1451 multo
2067 1418 2190 1459 magi5‚
2225 1420 2402 1461 praesertim

1398 1462 1439 1496 ad
1460 1464 1561 1496 cubiti
1586 1462 1759 1505 flexuram,
1783 1462 1996 1495 convellitur:
2020 1460 2070 1494 sed
2094 1460 2161 1494 haec
2184 1473 2310 1505 quoque
2321 1474 2401 1497 con-

1401 1505 1502 1540 vulsio
1525 1506 1617 1539 illico
1640 1508 1816 1539 remittitur
1836 1528 1845 1543 ,
1880 1507 1910 1537 ἃ
1936 1503 1999 1536 sola
2023 1515 2133 1538 manus
2157 1515 2296 1538 extrema
2321 1517 2401 1539 con-

1399 1548 1484 1583 vulsa
1508 1549 1618 1583 restat.
1644 1548 1744 1586 Quod
1767 1548 1788 1582 si
1813 1559 1896 1582 nunc
1912 1548 2025 1590 aliquis
2049 1547 2209 1581 universos
2231 1548 2326 1590 hujus
2340 1560 2405 1583 ma-

1399 1604 1456 1626 nus
1478 1592 1598 1635 digitos
1620 1603 1753 1626 conetur
1775 1590 1960 1630 extendere3
1985 1601 2060 1625 tunc
2073 1592 2231 1624 continuo
2255 1594 2324 1625 iana
2338 1606 2410 1627 ma..

1400 1647 1458 1669 nus
1481 1635 1684 1670 convulsione
1707 1637 1881 1677 corripitur
1898 1656 1911 1673 ,
1943 1634 2108 1676 valideque
2141 1635 2372 1678 constringitur
2397 1650 2405 1669 :

1401 1688 1431 1712 at
1453 1678 1476 1712 si
1499 1690 1596 1713 unum
1620 1679 1793 1722 quemlibet
1818 1676 1960 1719 digitum
1984 1689 1994 1715 3
2029 1678 2123 1710 illico
2146 1680 2177 1710 in
2214 1678 2282 1711 sana
2307 1691 2405 1714 manu

1401 1722 1590 1765 respondeus
1614 1723 1806 1755 convellitur
1829 1720 1969 1762 digitus,
1991 1719 2194 1754 convulfione
2206 1721 2320 1756 tandiu
2344 1723 2406 1757 du-

1399 1775 1511 1806 rante,
1535 1764 1677 1808 quandiu
1701 1765 1842 1798 violenta
1867 1763 1996 1797 alterius
2020 1764 2107 1796 illius
2118 1763 2211 1797 durat
2236 1766 2377 1798 extensio
2393 1791 2401 1797 .

1399 1810 1564 1843 Caeterum
1586 1820 1623 1842 ex
1646 1821 1712 1852 quo
1734 1819 1811 1851 puer
1833 1806 2088 1840 convulsionibus
2113 1807 2155 1841 est
2174 1817 2308 1851 captus,
2333 1820 2410 1843 ven-

1401 1854 1460 1886 tris
1484 1852 1609 1886 dolores
1634 1863 1797 1895 nunquam
1821 1850 1958 1884 rediere.

1445 1906 1493 1939 17.
1515 1896 1752 1940 JUVENEM
1774 1904 1866 1928 aetate
1890 1896 1982 1928 unius
2006 1896 2038 1927 Sc
2061 1894 2179 1936 viginti
2217 1906 2372 1931 annorum
2396 1919 2407 1936 ‚

1397 1948 1461 1972 arte
1485 1939 1639 1972 lanarium
1663 1938 1759 1972 febris
1782 1940 1980 1980 corripuerat
2002 1960 2014 1976 ,
2047 1939 2099 1971 cui
2126 1937 2275 1973 delirium
2308 1941 2412 1973 acces.

1397 1982 1459 2022 sit,
1483 1992 1517 2015 ut
1541 1983 1661 2015 vincire
1684 1981 1796 2015 necesse
1808 1981 1904 2015 fuerit
1919 2005 1926 2012 .
1951 1980 2093 2015 Remiffo
2118 1980 2262 2022 delirio,
2286 1985 2319 2017 in
2334 1985 2410 2017 No-

1400 2024 1578 2061 socomium
1602 2025 1663 2059 hoc
1687 2026 1829 2060 tulerunt
1849 2047 1861 2064 ,
1897 2023 1952 2058 ubi
1977 2023 2082 2057 statim
2106 2024 2178 2058 sunt
2203 2036 2330 2060 artuum
2358 2028 2411 2060 su-

1400 2069 1565 2111 pei-iorum
1601 2067 1779 2102 convulfivi
1804 2078 1908 2102 motus
1928 2091 1941 2107 ,
1972 2068 2201 2111 tendinumque
2238 2071 2272 2101 in
2307 2073 2409 2112 carpis

1402 2110 1563 2145 subsultus
1587 2110 1814 2143 animadversi:
1841 2112 1874 2142 in
1899 2111 2048 2152 sanguine
2073 2122 2179 2144 autem
2203 2111 2294 2145 misso
2320 2116 2408 2147 nulla

1399 2153 1531 2196 quidem
1553 2155 1675 2194 crusta,
1699 2153 1749 2187 sed
1773 2153 1868 2196 ipsius
1891 2153 1982 2186 densa
1997 2176 2007 2191 ,
2029 2155 2258 2197 compa&aque
2272 2155 2412 2190 subitam

1399 2199 1462 2230 tia.
1489 2197 1645 2241 Soporosa
1669 2199 1772 2238 gravis
1797 2196 1826 2230 se
1851 2196 1997 2238 adiunxit
2009 2195 2159 2235 affec'tios
2185 2209 2220 2231 ut
2239 2222 2246 2236 ‚
2271 2209 2335 2233 tres
2346 2212 2407 2234 nom

1399 2240 1536 2275 viffimos
1560 2242 1626 2275 dies
1648 2239 1731 2273 nihil
1757 2241 1884 2274 locutus
1908 2265 1916 2279 ‚
1942 2238 2121 2274 decesserit.
2256 2243 2408 2277 CADA,

1399 2285 1529 2318 VERE
1553 2283 1615 2317 hoc
1639 2294 1714 2316 cum
1737 2283 1847 2317 usurus
1877 2283 1966 2316 essem
1992 2284 2031 2317 ad
2063 2283 2211 2327 quaedam
2233 2294 2295 2318 non
2320 2288 2409 2320 intra

1402 2328 1546 2361 cranium
1570 2325 1738 2360 dumtaxat
1752 2348 1761 2363 ,
1785 2326 1835 2359 sed
1848 2330 1879 2361 δε
1903 2328 1986 2360 intra
1999 2327 2192 2369 superiorem
2210 2328 2321 2371 ,Spinae
2338 2342 2409 2373 par„

1402 2380 1467 2403 tem
1488 2370 1669 2412 Discipulis
1690 2368 1903 2409 ostendenda,
1931 2370 2082 2403 Thorace
2106 2371 2249 2412 primum
2272 2383 2386 2416 aperto
2402 2400 2410 2414 ‚

1402 2413 1553 2455 nullaque
1586 2414 1621 2445 in
1643 2424 1681 2445 eo
1715 2425 1748 2446 re
1771 2413 1976 2447 adnotatione
2000 2412 2095 2455 digna
2118 2436 2128 2451 ‚
2164 2424 2279 2457 proeter
2311 2428 2410 2450 unum

1403 2455 1587 2497 praedurum
1609 2457 1800 2497 pulmonum
1823 2456 1957 2494 lobum,
1984 2455 2195 2490 animadversa
2220 2483 2230 2498 ‚
2263 2457 2374 2497 hiique
2398 2484 2411 2501 ,

1405 2500 1536 2542 aliisque
1558 2497 1731 2533 visceribus
1755 2512 1792 2533 ex
1815 2500 1976 2543 partibus,
1999 2511 2069 2542 quae
2093 2500 2263 2534 amovenda
2286 2498 2372 2536 erant
2397 2528 2407 2543 ‚

1406 2544 1544 2580 amotis,
1566 2541 1642 2576 dum
1666 2544 1797 2585 quinCta
1821 2543 1961 2576 thoracis
1983 2542 2123 2576 vertebra
2138 2556 2152 2576 a
2177 2544 2263 2578 sexta
2288 2545 2410 2588 disjun-

1404 2594 1530 2628 geretur
1552 2611 1563 2627 ,
1587 2586 1687 2620 multa
1712 2598 1789 2630 aqua
1813 2597 1850 2619 ex
1875 2587 1978 2628 Spinae
2002 2585 2083 2619 tubo
2107 2586 2242 2622 defluxit
2270 2613 2276 2620 .
2315 2590 2415 2623 Non-

1405 2629 1489 2664 nulla
1512 2640 1639 2677 quoque
1662 2629 1699 2663 de
1722 2631 1845 2663 Cranio
1869 2631 1972 2668 exiit,
2000 2641 2071 2663 cum
2093 2642 2170 2664 mox
2192 2633 2404 2667 circumseca-

1404 2682 1508 2706 retur.
1534 2674 1636 2714 Cujus
1659 2671 1780 2707 fornice
1795 2696 1803 2711 ‚
1830 2671 2030 2714 iubjefftaque
2054 2672 2130 2706 huic
2150 2675 2257 2708 Cralsa
2281 2678 2406 2709 menin-

1403 2728 1441 2758 ge
1465 2716 1601 2758 demptis
1617 2742 1625 2757 ‚
1649 2716 1717 2749 vasa
1740 2728 1793 2758 per
1818 2717 1963 2750 Tenuem
1988 2719 2144 2758 reptantia
2161 2745 2169 2758 ‚
2195 2718 2232 2751 ad
2256 2719 2409 2761 posterio-

1404 2771 1469 2791 rem
1496 2769 1614 2801 partem
1638 2758 1753 2794 sinistri
1777 2760 1894 2793 cerebri
1919 2758 2137 2801 hemisphaerii
2162 2764 2256 2805 nigro
2283 2763 2411 2806 sangui-

1404 2813 1441 2835 ne
1465 2802 1597 2836 distenta
1621 2803 1842 2845 conspeximus
1874 2806 1887 2842 (
1909 2805 2011 2845 qualis
2035 2805 2171 2838 multum
2197 2830 2208 2845 ,
2242 2817 2314 2839 cum
2341 2807 2412 2840 vasa

1403 2846 1480 2879 colli
1504 2844 1680 2881 secarentur
1695 2871 1703 2885 ‚
1728 2846 1901 2882 defluxerat
1924 2851 1937 2886 )
1960 2846 2068 2890 ibique
2092 2848 2147 2881 sub
2171 2848 2280 2882 eadem
2298 2852 2405 2883 Tenui

1402 2890 1549 2931 meninge
1571 2890 1759 2933 quibusdam
1789 2892 1823 2923 in
1845 2890 1924 2922 locis
1955 2889 2041 2932 quasi
2060 2891 2202 2933 gelatc'nae
2237 2892 2372 2935 speciem
2397 2917 2411 2934 ‚

1403 2944 1467 2966 non
1491 2932 1553 2966 sine
1579 2935 1676 2967 aereis
1698 2934 1849 2971 bullulis;
1873 2944 2054 2976 quanquam
2080 2935 2165 2968 nulla
2183 2945 2252 2968 erat
2274 2936 2406 2979 usquam

1401 2978 1640 3018 graveolentia,
1663 2988 1761 3020 neque
1785 2977 1818 3010 id
1843 2978 1915 3009 anni
1940 2986 2088 3019 tempus,
2112 2980 2264 3012 nimirum
2279 2980 2413 3012 circiter

1403 3018 1544 3056 medium
1568 3021 1726 3055 Martium
1747 3022 1789 3053 A.
1817 3030 1907 3062 1745.
1933 3030 1969 3053 ut
1991 3023 2045 3053 vix
2062 3021 2170 3055 triduo
2195 3035 2209 3054 a
2235 3032 2338 3055 morte
2354 3035 2413 3066 pu-

1402 3063 1532 3096 trescere
1554 3066 1685 3097 cadaver
1708 3064 1831 3097 deberet
1854 3087 1860 3094 .
1896 3063 2073 3098 Diiieetum
2095 3067 2256 3099 cerebrum
2278 3090 2290 3105 ,
2324 3066 2414 3108 quod

1402 3117 1467 3139 erat
1493 3107 1671 3149 praedururn
1694 3130 1705 3147 ,
1742 3106 1861 3152 puncta
1885 3107 1990 3148 paffim
2015 3119 2072 3150 per
2095 3108 2303 3143 medullarem
2339 3110 2411 3143 iub-

1401 3150 1550 3184 stantiam
1572 3149 1708 3186 ostendit
1732 3152 1898 3191 sanguinea
1923 3177 1933 3190 ‚
1966 3163 2033 3193 quae
2058 3164 2135 3186 mox
2168 3154 2201 3185 in
2226 3153 2411 3195 sanguineas

1403 3203 1512 3236 guttas
1536 3194 1564 3227 se
1588 3194 1786 3234 dilatabant,
1809 3194 1927 3234 multi,
1953 3194 2112 3237 fluidique
2135 3195 2299 3239 sanguinis
2321 3195 2410 3230 indi-

1403 3238 1473 3270 cia.
1499 3237 1557 3272 Sed
1581 3241 1612 3271 ἃ
1635 3239 1667 3270 in
1692 3237 1890 3270 Lateralibus
1915 3239 2099 3272 ventriculis
2122 3262 2135 3279 ,
2156 3241 2213 3282 qui
2238 3252 2325 3282 aquae
2351 3240 2412 3273 ali-

1403 3280 1482 3325 quid
1507 3283 1561 3314 vix
1584 3281 1784 3319 retinebant,
1807 3280 1990 3315 Choroides
2015 3281 2122 3323 plexus
2146 3294 2185 3316 ex
2219 3283 2313 3318 rubro
2337 3295 2412 3325 pro-

1405 3323 1578 3367 pemodum
1601 3325 1800 3366 nigricabant
1827 3352 1834 3359 .
1867 3326 2028 3358 Caeterum
2051 3327 2076 3357 ii
2110 3327 2285 3360 ventriculi
2317 3337 2410 3369 aequo

1405 3376 1491 3400 erant
1516 3368 1693 3400 breviores.
1721 3369 1842 3401 Verum
1866 3366 1899 3400 id
1924 3382 1938 3402 a
1954 3378 2087 3402 natura:
2111 3368 2173 3402 hoc
2199 3380 2306 3403 autem
2323 3368 2412 3411 quod

1404 3411 1533 3450 dicam,
1559 3423 1574 3445 a
1599 3411 1712 3447 morbo
1735 3414 1851 3454 partim
1876 3422 1994 3452 acut0,
2019 3414 2051 3445 δε
2074 3412 2238 3447 noviffimo
2253 3437 2265 3455 ,
2289 3414 2409 3456 partim

2299 3456 2365 3488 len—

417 3629 711 3690 }c)Epist.7.n.14-
774 3633 940 3662 (dmm-10
979 3635 1175 3666 affil.5.e.6.

443 3659 483 3688 s)
499 3660 561 3684 sest.
580 3661 622 3684 hac
640 3669 664 3691 ¹3
692 3670 716 3685 in
734 3663 813 3687 Schol.
829 3665 858 3688 ad
875 3665 931 3688 Obs.
943 3642 988 3718 {N

420 3694 426 3724 g
443 3698 451 3714 ι
470 3703 477 3719 )
496 3691 582 3722 Quaest.
600 3692 665 3717 Med.
684 3694 700 3716 1.
717 3699 731 3716 2
757 3701 778 3717 c.
799 3699 833 3718 16.
897 3695 941 3726 (k
958 3696 971 3726 )

988 3696 1100 3728 chirurg.
1119 3699 1204 3728 Magn.
1222 3701 1239 3723 l.
1256 3707 1279 3729 3.
1299 3707 1320 3723 c.
1339 3706 1360 3727 5·

1238 3639 1251 3667 (
1266 3647 1277 3662 e
1293 3638 1306 3667 )
1325 3635 1426 3662 s‘raele&¹
1444 3638 1472 3662 ad
1488 3637 1603 3667 Hippocr.
1622 3634 1711 3663 Aphor.
1731 3643 1750 3659 1.
1767 3634 1821 3658 libri
1840 3643 1862 3664 ς,

1040 3667 1109 3697 (g)
1126 3670 1154 3691 ln
1170 3669 1240 3692 Coac.
1259 3670 1273 3692 l.
1291 3676 1311 3691 2.
1328 3675 1347 3690 c.
1368 3675 1402 3692 12.
1420 3677 1446 3693 n.
1463 3677 1484 3698 9.

1547 3666 1606 3695 (ἢ)
1626 3667 1653 3689 ln
1670 3666 1782 3693 Epidem.
1800 3665 1807 3687 l
1836 3673 1857 3689 1.
1875 3665 1935 3689 5261.
1952 3672 1972 3694 3.
1990 3663 2013 3687 δε
2028 3662 2054 3689 in
2071 3665 2142 3688 coac.
2161 3663 2226 3689 seet.
2244 3671 2266 3687 2.
2284 3661 2342 3687 vers.
2352 3669 2408 3693 104·

1423 3704 1432 3726 (
1450 3699 1459 3723 t
1475 3700 1489 3728 )
1504 3697 1563 3729 Epli-
1582 3698 1615 3720 N.
1635 3698 1662 3720 C.
1679 3698 1749 3721 Ceut.
1766 3704 1787 3719 2.
1804 3695 1862 3721 Obs.
1883 3697 1921 3724 98.
1940 3703 1966 3719 n-
1983 3702 2006 3718 2.
