2498 4075
360 186 484 242 ET
551 152 950 244 RERUM
1015 184 1824 245 NorAsstLrum.

235 271 347 299 cautus
370 266 443 299 usus
467 264 556 300 utilis
578 261 727 298 adversus
750 262 904 306 quasdam
926 261 1112 306 epilepsias.

280 307 468 385 1Xa‘dffersus
489 348 652 393 quandam
677 348 827 390 pulsuum
850 348 1015 385 raritatem
1038 370 1049 387 ‚
1082 351 1114 384 &

364 394 620 437 inaequalitatem
634 416 641 424 .
669 393 755 427 Ibid.

322 437 466 472 adversus
491 437 669 479 periodicos
692 437 901 479 paroxysmos
913 435 1126 480 hystericos.'

364 480 468 514 XLV.
495 490 545 523 17.
571 483 603 513 δε
627 478 714 523 seqq.

106 524 233 567 Opiurn
256 526 423 597 ςυοπὲιζιιῑῐο
446 534 560 566 augere
594 521 828 567 orthopnoeam
862 523 1023 567 quandam
1054 534 1114 566 po-

194 577 312 603 tuerit.
400 592 409 601 .
456 591 464 599 .

104 613 174 647 Os.
199 611 278 646 Vid.
303 578 457 645 Frontis7.
491 609 643 654 Hyoides
662 631 673 649 2
709 609 904 654 Sphenoides
925 625 935 645 .
967 611 1113 654 Tempo-

195 666 264 689 rum
278 679 285 686 .

104 698 183 735 ossa
206 697 317 731 mollia
340 695 423 731 faeta

194 743 319 777 verint.
342 739 442 783 LVII

231 786 288 828 qui
313 785 434 827 primi,
458 797 569 821 eorum
594 784 788 819 structuram
813 794 890 820 tunc
914 795 968 829 per
1000 793 1114 819 anato-

278 835 350 862 men
375 829 654 862 examinaverint.
679 829 764 863 Ibid.

231 882 266 904 ea
289 880 324 906 ut
349 872 435 904 varia
459 871 651 914 deprehensa
675 871 735 907 fit.
761 872 847 910 Ibid.
873 874 904 906 &
927 882 960 913 7.

228 915 268 950 de
290 914 389 950 caufis
412 914 527 949 harum
554 918 748 951 varietatum
772 916 966 958 conjetsturae
981 939 989 948 .
1024 913 1112 949 Ibid.

276 962 308 994 δι
331 958 491 993 vam.
514 970 547 1001 4.

229 1000 397 1079 nuffvhluiti
418 1002 560 1044 spefflnt
583 1003 820 1038 rachiticorum
845 1001 1112 1046 puerorumossa.

101 1089 226 1126 Offium
250 1057 473 1123 excrescentsae
497 1092 528 1124 δι
554 1099 716 1126 tumores.
739 1088 821 1125 Vid.
846 1088 994 1125 Exostos.

233 1131 422 1176 ankyloses.
449 1133 570 1168 LXIX.
598 1146 648 1170 12.

231 1178 333 1211 caries
354 1177 517 1211 interdum
540 1177 585 1212 est
609 1177 673 1212 fine
696 1176 790 1212 fusco
817 1176 1006 1218 prodeuntis
1043 1187 1110 1211 ma—

279 1221 367 1254 teriae
389 1221 497 1254 colore
511 1247 519 1262 ‚
545 1223 575 1254 &
597 1221 785 1264 quomodo.
810 1220 888 1255 LV.
917 1221 966 1254 18.

320 1263 609 1349 ”unsszssszossffi
623 1264 1025 1350 ²}ss‡2‡2}³.22.{¹3.:;2t⁶e{⁵1
1060 1263 1113 1348 eg·

233 1352 458 1385 excavationes
482 1351 522 1385 ab
545 1351 654 1385 adsitis
679 1350 956 1393 aneurysmatibus
979 1331 1111 1395 quan³do

276 1396 416 1437 primurn
439 1394 500 1428 sint
523 1394 771 1429 animadversae.
797 1394 902 1427 XVII.
925 1404 957 1437 3.

231 1436 381 1472 fracturae
425 1438 590 1472 interdurn
636 1437 739 1471 videri
775 1436 904 1479 possunt
929 1448 1001 1479 quae
1026 1438 1112 1472 nihil

276 1480 339 1513 sint
362 1480 420 1515 nisi
443 1480 647 1525 epiphyfium
673 1480 907 1522 sejunctiones.
940 1481 1034 1514 LVI.
1059 1492 1111 1524 34.

101 1521 229 1558 Offium
252 1522 433 1559 fraetorum
456 1524 530 1558 calli
553 1525 744 1566 incipientis
759 1546 769 1560 ,
796 1532 851 1560 aut
875 1522 1007 1565 perfecti
1032 1534 1113 1557 tem-

188 1577 245 1644 ⁹3⁵
288 1577 347 1600 cur
391 1579 451 1611 pro
494 1577 585 1602 certo
631 1577 768 1610 nequeat
810 1567 939 1601 definiri
967 1591 974 1599 .
1017 1568 1111 1603 LVI.

189 1621 206 1643 2
233 1634 239 1641 .

232 1653 318 1688 unde
340 1652 401 1694 fit,
424 1655 512 1697 quod
537 1655 592 1690 alii
616 1654 734 1689 callum
760 1653 826 1687 osse
850 1653 1029 1688 firmiorem
1065 1654 1117 1688 es-

273 1698 325 1735 se,
350 1697 466 1741 ajunt,
489 1699 547 1732 alii
570 1707 707 1741 negant.
732 1696 816 1731 Ibid.
842 1708 893 1738 29.

96 1740 222 1778 Offium
246 1741 280 1774 in
304 1741 468 1781 articulis,
493 1742 571 1776 dum
596 1751 788 1778 moventur>
810 1741 951 1783 crepitus
975 1740 1015 1774 ab
1046 1741 1109 1776 hu-

185 1785 400 1825 metatione,
425 1797 464 1820 an
487 1787 597 1828 potius
619 1786 660 1821 ab
682 1784 896 1822 exsiccatione
928 1782 969 1817 fit
987 1810 995 1817 .
1020 1784 1109 1820 Ibid.

187 1839 313 1906 34unde
336 1871 396 1906 esse
418 1871 512 1915 poffit
534 1873 676 1916 crepitus
698 1872 732 1905 in
770 1871 982 1905 articulorum
1017 1871 1110 1905 infle-

983 1915 1107 1949 LXIX.

447 698 520 775 ῗυίό
529 697 628 742 primi
650 696 922 739 observaverint,
956 700 988 732 δε
1022 708 1115 732 cura-

271 1916 391 1950 xilium
433 1916 627 1960 quibusdam
674 1915 898 1951 sanationibus
924 1937 935 1946 .

278 1970 344 1995 12..

93 2001 223 2038 Offium
249 2012 368 2045 praeter
391 2012 540 2037 naturam
564 2003 733 2047 generatio
754 2025 767 2042 ‚
803 2001 868 2036 five
901 1999 1073 2036 offificatio
1097 2025 1108 2036 .

176 2045 256 2080 Vid.
284 2047 420 2082 Aortae.
446 2048 649 2083 Arteriarurn
673 2048 753 2081 vitia
768 2071 776 2079 .
800 2044 983 2080 Bronchia.
1008 2046 1107 2078 Cere-

178 2090 231 2125 bri
255 2090 346 2123 Dura
374 2091 529 2131 Meninx,
554 2095 584 2124 &
610 2090 707 2125 Falx.
734 2091 822 2122 Cor.
851 2090 953 2122 Lien.
977 2088 1109 2122 Oculo-

180 2144 252 2168 rum
267 2157 274 2164 .
302 2133 418 2168 Pleura
433 2159 440 2167 .
468 2135 607 2176 Spinalis
631 2133 783 2168 Medullae
807 2132 1055 2166 Arachnoides.

223 2187 297 2220 quae
321 2188 360 2210 ex
384 2176 435 2211 his
458 2188 529 2210 vera
554 2177 616 2213 fint
640 2177 705 2212 ossa
723 2202 731 2216 ,
756 2178 786 2209 ὅτ.
808 2173 977 2218 quomodo
1001 2187 1017 2208 a
1041 2185 1106 2207 non

267 2221 352 2253 veris
376 2220 516 2258 possint,
542 2231 598 2254 aut
619 2231 686 2253 non
710 2218 826 2262 poffint
837 2217 992 2254 discerni.
1007 2219 1105 2250 XXV.

269 2273 300 2301 9.
330 2263 465 2294 XXVII.
496 2274 544 2296 20.
569 2265 602 2297 δε
627 2264 714 2305 seqq.

222 2315 365 2349 quorum
390 2307 557 2347 generatio
579 2330 593 2347 ‚
625 2316 679 2340 aut
719 2304 831 2338 saltem
865 2305 1104 2339 incrementum

274 2346 420 2382 videatur
442 2348 527 2392 posse
549 2349 731 2393 impediri.
766 2350 868 2381 XXV.
900 2360 932 2388 9.
968 2350 1105 2384 XXVII.

269 2400 324 2433 302.

93 2434 241 2474 Offium,
262 2433 326 2469 five
351 2433 441 2467 Osl'ei
469 2434 554 2470 succi
578 2444 719 2469 recentes
742 2433 833 2479 quasi
855 2432 1022 2469 effufiones
1044 2435 1106 2470 ob-

181 2477 336 2512 servatae.
362 2478 501 2512 XXVII.
525 2490 559 2523 4.
587 2480 677 2512 LVI.
706 2488 755 2511 21,

224 2520 308 2563 apud
332 2531 413 2562 quos
448 2522 616 2557 difficilius
639 2523 756 2565 poffint
781 2521 897 2558 harum
921 2522 1035 2566 aliquae
1048 2532 1104 2556 ex-

264 2564 399 2605 plicari.
426 2567 560 2598 XXVII.
583 2577 617 2609 4.

91 2607 218 2645 Ovaria
241 2617 299 2640 cur>
320 2606 431 2651 saepius
454 2609 534 2643 adeo
559 2609 775 2649 mulieribus,
796 2620 895 2652 quam
905 2610 1030 2644 caeteris
1042 2609 1103 2644 foe-

180 2651 300 2688 minis,
324 2652 530 2692 tumoribus,
556 2656 589 2689 &
613 2654 704 2688 vitiis
736 2654 808 2689 aliis
853 2652 963 2690 affeeta
1007 2653 1067 2687 sint
1093 2677 1102 2687 .

184 2694 328 2728 XXXIX,
353 2695 406 2738 38.

223 2748 338 2776 eorum
361 2739 435 2775 usus
458 2738 497 2775 ad
520 2741 763 2784 generationem
787 2751 865 2775 non.
885 2750 993 2775 tamen
1027 2751 1104 2784 pro-

268 2792 378 2826 pterea
401 2788 567 2825 negandus
590 2784 653 2819 est.
677 2784 805 2818 XLVI.
832 2795 884 2828 31.

222 2824 389 2867 quomodo
413 2827 567 2862 scirrhosa
589 2828 670 2868 illa,
691 2830 721 2861 δε
745 2827 832 2862 tubae
855 2827 1021 2870 imperviae
1044 2826 1104 2861 esse

266 2870 442 2912 aliquando
466 2872 584 2913 poffint
606 2872 640 2906 in
664 2873 833 2917 puerperis
853 2894 867 2912 ‚
900 2873 971 2907 imo
1006 2874 1037 2906 δε
1069 2873 1106 2906 in

228 2951 237 2959 ο
268 2914 429 2956 gravidis.
455 2914 541 2949 Ibid.
566 2914 616 2950 28.

225 2963 261 2985 m
290 2956 421 2991 illorum
445 2957 657 2993 vesicularum
692 2955 829 2993 humore
873 2957 1105 3001 corpusculum

268 3000 442 3035 candidum
464 3001 529 3035 fuit
553 3013 619 3035 non
643 3000 899 3037 foecundationis
922 3002 1104 3039 indicium,

269 3042 324 3079 sed
348 3045 455 3081 morbi
480 3043 632 3079 effeczus.
657 3045 745 3079 Ibid.
770 3056 822 3088 30.

93 3084 299 3162 Ovarffirgm
320 3088 448 3130 prorsus
470 3087 694 3126 deficientium
719 3088 874 3125 rariffir'na
887 3088 1108 3124 Observatio-

231 3140 240 3161 1
270 3154 276 3161 .
302 3141 355 3163 20.
380 3141 430 3164 22.

227 3172 363 3208 alterius.
383 3173 573 3210 dumtaxat.
596 3175 721 3211 LXIX.
749 3177 798 3210 16.

223 3219 364 3252 tumoris
386 3217 546 3255 librarum
579 3231 631 3265 ²4.-
664 3220 867 3255 Observatio
892 3245 901 3253 .

224 3304 264 3341 de
285 3304 510 3345 Ovariorum,
531 3309 563 3343 &
586 3307 774 3341 vicinarum.
797 3307 944 3342 Patrium
979 3306 1104 3347 hydro-

268 3350 338 3392 pis,
365 3349 543 3384 aliorumve
566 3351 899 3387 tumornmindiciis.
915 3351 1105 3387 XXXVIII.

266 3402 317 3435 5³9.
339 3394 393 3434 64.
418 3394 451 3425 δε
473 3392 558 3437 seqq.
585 3396 731 3426 XXXIX.
754 3407 807 3438 40.

272 3477 280 3484 ¹
309 3435 391 3469 vid,
421 3437 518 3470 etiam
541 3438 716 3480 Hydropes
740 3440 886 3473 Saccati.

223 3488 283 3522 qui
306 3490 359 3513 eos
381 3480 483 3520 olim,
505 3483 537 3515 δι
559 3480 665 3526 postea
676 3482 941 3518 observaverint.
956 3482 1107 3516 XXXIX.

267 3533 340 3600 40&
362 3568 397 3600 in
420 3567 459 3601 iis
484 3566 587 3609 pilos.
610 3568 697 3604 Ibid.
721 3580 776 3612 41.

308 3608 427 3644 horum
449 3611 666 3646 Observatio.
690 3612 775 3647 Ibid.

220 3652 316 3689 Quid
341 3653 402 3688 fint
426 3665 532 3697 parvae
556 3656 645 3696 quari
668 3657 832 3698 glandulae
852 3657 990 3692 carnosae
1016 3682 1025 3696 ‚
1061 3657 1103 3691 ab

268 3697 402 3730 Ovariis
423 3707 681 3741 nonnnunquam
703 3711 757 3743 per
779 3703 940 3745 petiolum
961 3699 1103 3744 penden-

268 3748 334 3775 tes.
357 3741 485 3776 XLIII.
513 3750 565 3776 2¹.

955 3221 1108 3277 XXIXIX⁸

1933 189 2109 253 lxxix

1162 263 1297 300 Ozaenae
1312 288 1320 296 .
1346 265 1397 299 De
1420 265 1536 300 harum
1559 267 1657 300 etiam
1679 266 1714 299 in
1738 264 1990 310 Maxillaribus,
2012 273 2046 306 ὃς
2067 271 2173 310 Frons

1245 307 1366 342 talibus
1391 308 1522 346 Sinibus
1543 311 1733 346 curatione.
1759 310 1846 345 XIV.
1872 321 1924 348 22.

1634 397 1698 482 P

1247 526 1351 561 Aawii
1374 525 1444 561 duae
1467 525 1615 570 quaedam
1640 528 1788 569 permira!
1813 526 1982 570 alioquin,
2006 528 2174 564 Observa-1

1260 572 1363 605 tiones
1385 570 1553 614 quomodo
1583 570 1700 614 poffint
1745 571 1900 614 explicari
1923 595 1932 605 .
1983 573 2173 609 XXXVIII.

1165 624 1338 708 Pacclffizini
1363 657 1524 699 glandulae
1545 656 1661 695 diecae,
1684 659 1766 692 olim
1790 666 1895 709 notae..
1920 658 2016 691 VIII.
2044 656 2078 691 2.
2095 672 2126 704 3,

1166 701 1386 743 pagnanum,
1415 700 1564 742 Thyrsus
1584 701 1614 745 J.
1637 702 1679 738 C.
1702 705 1734 738 &
1755 700 1945 738 Canonicus
1977 703 2173 739 Ferrariens.

1253 744 1417 779 laudatus.
1443 745 1560 778 XXIV.
1585 755 1637 788 24.

1166 788 1318 822 Paitonus
1332 813 1339 826 ‚
1360 788 1415 831 Jo.
1440 788 1534 830 Bapt.
1560 799 1598 824 ex
1620 788 1748 823 Botion.
1772 788 1878 824 Instit.
1905 789 1956 826 Sc.
1971 789 2173 830 Academia.

1251 831 1399 866 laudatus
1415 855 1422 863 .
1445 832 1570 865 XLVI.
1595 842 1653 874 31.

1164 874 1277 909 Palato
1299 874 1369 911 fisso
1392 875 1461 910 nati
1482 873 1624 909 infantes
1647 874 1814 920 quomodo
1836 875 1955 911 servati
1975 899 1984 908 .
2007 877 2173 917 XLVIII.

1249 922 1303 951 60.

1164 961 1285 1001 Pallas,
1309 963 1396 1006 Aug.
1421 961 1573 997 Frideric.
1598 961 1763 999 laudatus.
1786 964 1896 998 XLII.
1921 974 1974 1007 35.

1165 1004 1318 1039 Palfinius
1341 1006 1511 1042 laudatus.
1539 1008 1624 1038 XIV.
1654 1016 1702 1049 17.
1727 1017 1778 1040 22.
1805 1008 1900 1045 LVI.
1928 1018 1982 1050 27.

1291 1049 1375 1126 Ejgs
1397 1049 1542 1093 quaedam
1577 1049 1745 1094 praedietio
1776 1061 1855 1086 num
1888 1059 1977 1087 certa
1998 1077 2008 1088 .
2042 1050 2175 1087 XLVI:

1164 1135 1365 1214 Palpell'ffli
1395 1138 1446 1212 lge
1475 1135 1591 1172 harum
1623 1135 1785 1178 glandulis
1819 1135 1958 1175 ‚sebaceis
1976 1139 2138 1183 2quaedam
2162 1141 2173 1174 i

1161 1223 1308 1257 Panaroli
1334 1223 1454 1267 lapsus.
1480 1224 1596 1255 XXXI.
1623 1225 1670 1258 16.

1163 1266 1348 1301 Pancreatis
1373 1268 1455 1303 vitia
1480 1266 1650 1310 quomodo
1675 1264 1735 1303 esse
1758 1267 1925 1310 diuturni,
1961 1278 2015 1304 aut
2061 1266 2172 1305 affidui

1250 1312 1394 1345 vomitus
1416 1310 1508 1346 causa
1536 1310 1652 1353 poffint
1670 1333 1677 1342 .
1701 1313 1801 1342 XXX.
1828 1312 1857 1345 8.
1882 1315 1913 1347 &
1937 1313 2024 1359 seqq-

1290 1365 1347 1389 nec
1370 1364 1476 1390 tamen
1501 1354 1572 1390 sunt
1595 1354 1733 1396 semper.
1761 1358 1861 1391 XXX.
1884 1369 1916 1398 9.

1293 1407 1436 1433 tumores
1459 1409 1515 1432 cur
1537 1408 1611 1431 raro
1635 1400 1856 1441 percipiantur
1880 1410 2000 1439 manu,
2025 1404 2057 1439 ὃς
2091 1399 2176 1435 unde

1337 1453 1447 1476 corum
1475 1440 1561 1485 figna
1587 1443 1743 1484 petenda.
1770 1443 1857 1476 Ibid.
1884 1453 1933 1476 11.

1166 1485 1272 1563 Papeg
1288 1510 1296 1526 ‚
1316 1484 1506 1564 Chrigfiffial.
1531 1485 1634 1519 Henr.
1660 1485 1808 1522 Medicus
1828 1486 2077 1530 Gottingenfis‚
2104 1486 2174 1521 lau-

1273 1539 1366 1564 atus.
1510 1554 1517 1562 .
1545 1538 1594 1571 14.

1164 1571 1380 1607 Paracentefis
1402 1573 1435 1605 in
1461 1572 1555 1605 ascite
1579 1570 1748 1612 quomodo
1773 1584 1789 1606 a
1812 1581 1926 1609 natura
1959 1571 2059 1607 fuerit
2095 1583 2175 1615 prae-

1253 1616 1449 1651 monstrata.
1477 1615 1663 1649 XXXVIII.
1690 1626 1741 1658 32.
1770 1618 1801 1651 δε
1825 1615 1888 1660 seq.

1294 1663 1326 1695 &
1346 1659 1512 1703 quomodo
1534 1659 1814 1699 praemonstratum
1828 1682 1838 1698 ‚
1861 1660 1984 1703 partite
2007 1658 2174 1695 esseinsti-

1335 1703 1510 1737 tuendam.
1536 1701 1621 1743 Ibid.
1646 1713 1699 1746 33.

1292 1758 1349 1782 cur
1371 1747 1487 1780 deinde
1509 1745 1637 1779 Medici
1669 1756 1725 1789 per
1770 1747 1964 1783 umbilicum
2008 1747 2173 1783 instituere

1334 1790 1520 1825 omiserint.
1546 1788 1632 1823 Ibid.

1292 1845 1367 1868 raro
1392 1833 1489 1869 felix.
1513 1833 1598 1867 Ibid.
1623 1844 1676 1876 32.
1701 1843 1755 1876 45.

1291 1878 1332 1912 ab
1355 1877 1564 1955 Erasistrato,
1589 1876 1774 1920 improbata
1798 1890 1814 1914 a
1838 1879 1937 1914 Celso
1959 1877 2108 1914 defensa:
2141 1882 2172 1914 &

1335 1932 1413 1956 cur.
1480 1932 1488 1954 1
1516 1945 1523 1952 .
1551 1931 1603 1963 31.

1287 1964 1368 2009 quid
1392 1964 1572 2003 cavendum
1595 1976 1669 1999 cum
1692 1965 1788 2000 Celso
1813 1966 2047 2003 sentientibus.
2086 1967 2172 2003 lbid.

1289 2008 1370 2052 quid
1393 2010 1605 2043 Recentiores
1628 2008 1829 2043 addiderint.
1855 2011 1938 2045 Ibid.
1963 2021 2018 2055 33.

1288 2063 1367 2087 num
1391 2053 1460 2095 post
1494 2053 1584 2086 illam
1600 2074 1610 2090 ,
1634 2055 1664 2087 &
1688 2053 1733 2087 ob
1755 2053 1845 2087 illam
1869 2053 2015 2091 intestina
2032 2081 2040 2095 ,
2063 2058 2095 2090 &
2117 2067 2172 2101 pe-

1330 2098 1506 2131 ritonaeum
1528 2095 1797 2134 inflammatione
1811 2119 1822 2137 ‚
1848 2100 1879 2132 &
1903 2109 2076 2142 gangraena
2098 2111 2172 2139 cor.

1332 2141 1512 2182 ripiantur.
1542 2140 1626 2175 Ibid.
1651 2150 1703 2182 31.

1159 2182 1262 2216 Paraei
1284 2179 1574 2218 hallucinationes.
1600 2184 1696 2215 VIII.
1724 2186 1773 2218 26.
1801 2187 1940 2219 XXVII.
1967 2197 2018 2229 24-

1291 2227 1326 2259 in
1352 2226 1418 2270 ejus
1440 2228 1560 2261 celebri
1583 2228 1723 2269 quadam
1746 2229 1986 2264 observatione
2009 2242 2081 2274 quae
2103 2229 2171 2266 dif-

1329 2270 1493 2305 ficultates
1515 2280 1710 2305 occurrant.
1734 2272 1851 2306 XXIV.
1874 2277 1927 2316 36.

1157 2313 1316 2355 Paralysis
1340 2324 1427 2348 artus
1452 2314 1627 2354 superioris
1649 2325 1706 2348 cur
1731 2315 1860 2350 facilius
1884 2317 2040 2357 tollatur,
2072 2329 2172 2361 quam

1243 2356 1429 2391 inferioris.
1455 2359 1513 2389 XI.
1543 2367 1591 2391 10.

1287 2400 1378 2443 ipsa,
1401 2402 1433 2433 δε
1456 2401 1625 2434 convulsio
1657 2401 1827 2442 quomodo
1859 2401 1955 2438 simul
1988 2406 2023 2438 in
2057 2406 2173 2442 eodem

1330 2444 1477 2477 membro
1500 2442 1559 2477 esse
1584 2443 1719 2485 poffint.
1749 2448 1787 2478 X.
1817 2456 1867 2488 15.

1154 2486 1312 2531 Paralyfis
1335 2498 1352 2521 a
1376 2486 1587 2522 convulsione
1611 2489 1845 2531 explicationes
1869 2491 1977 2534 plures
1994 2517 2001 2525 .
2032 2495 2090 2526 XI.
2121 2495 2172 2532 18.

1241 2542 1294 2565 20.

1285 2586 1304 2610 a
1325 2573 1416 2608 causa
1440 2576 1474 2609 in
1499 2574 1658 2609 cellulosis
1683 2584 1858 2611 nervorum
1882 2579 1956 2613 telis
1982 2579 2084 2622 posita
2119 2592 2173 2615 ex-

1328 2620 1467 2662 plicatio
1489 2621 1542 2655 cui
1565 2618 1756 2654 difficultati
1780 2620 1924 2657 obnoxia
1959 2623 1998 2657 sit
2023 2650 2031 2659 .
2079 2625 2170 2660 Ibid.

1328 2673 1380 2696 20.

1154 2706 1344 2749 paralyticis
1367 2706 1523 2740 membris
1543 2708 1696 2751 quando,
1721 2710 1753 2742 &
1775 2719 1847 2750 quae
1871 2718 2004 2744 externa
2028 2712 2171 2747 remedia

1242 2749 1418 2792 periculose
1441 2750 1656 2786 adhibeantur
1671 2774 1682 2790 ‚
1706 2760 1760 2785 aut
1784 2763 1850 2786 non
1865 2775 1875 2786 .
1902 2753 1989 2788 Ibid.
2016 2764 2060 2788 21.
2075 2766 2127 2799 23.

1154 2793 1413 2836 Paraphreniti's.
1439 2795 1490 2827 De
1514 2807 1547 2828 ea
1573 2795 1742 2838 quaedam.
1767 2796 1842 2830 VII.
1872 2808 1922 2841 14.
1945 2799 2043 2831 LIII.
2067 2802 2100 2831 6.

1155 2837 1353 2878 Paraplegiae
1367 2863 1375 2874 .
1398 2848 1473 2871 cum
1498 2839 1712 2880 phaenomeno
1734 2837 1822 2874 haud
1848 2842 1974 2884 vulgari
1986 2841 2170 2884 conjunezae

1242 2880 1394 2914 historia.
1421 2881 1518 2914 LIII.
1542 2892 1595 2925 23.
1807 2898 1811 2901 ·

1155 2923 1324 3000 Parotsides
1347 2923 1509 2999 glarLdfflae
1532 2926 1711 2967 induratae,
1736 2938 1835 2969 quam
1850 2926 1994 2963 feliciter
2006 2928 2172 2965 interdum

1258 2976 1377 3000 anatae.
1434 2991 1441 2998 .
1470 2978 1523 3010 27.

1157 3012 1323 3088 Parotligeg
1345 3009 1426 3044 dieti
1461 3020 1611 3047 tumores,
1657 3013 1769 3057 quales
1812 3015 1877 3048 fint
1901 3038 1915 3056 ,
1959 3016 2170 3058 conjicitur.

1290 3064 1299 3086 1
1327 3076 1338 3085 .

1288 3098 1596 3175 cogvalescentibus
1619 3110 1858 3146 nonnunquam
1879 3103 2035 3138 oriuntur
2058 3127 2065 3134 .
2099 3104 2170 3138 Ibi-

1354 3153 1403 3176 em
1418 3166 1427 3175 .

1156 3184 1293 3221 Partus.
1315 3185 1398 3220 Non
1422 3185 1513 3234 brevi
1538 3196 1612 3222 ante
1636 3187 1724 3222 hunc
1756 3197 1901 3232 tempore
1937 3186 2095 3231 aq'uarum
2129 3201 2168 3226 ex

1243 3239 1338 3265 utero
1361 3228 1476 3264 effusio
1497 3232 1631 3266 innoxia
1654 3233 1843 3266 observata.
1865 3233 2028 3268 XLVIII.
2052 3247 2087 3275 9.

1285 3284 1367 3307 num
1390 3272 1512 3317 semper
1536 3285 1648 3310 verum
1683 3277 1725 3310 sit
1759 3286 1881 3309 novum
1913 3278 2098 3320 cogitatum
2129 3276 2168 3312 de

1162 3328 1188 3347 ..1
1330 3316 1400 3351 sede
1423 3326 1500 3352 tunc
1524 3319 1654 3353 illarum
1679 3330 1859 3361 aquarum...
1883 3320 1968 3354 Ibid.
1998 3330 2045 3355 10.

1286 3371 1358 3404 quae
1380 3371 1472 3394 noxae
1503 3362 1538 3396 in
1569 3362 1759 3396 mulieribus
1791 3362 1832 3395 ab
1862 3364 2097 3405 intempestivis
2130 3365 2166 3398 In

1329 3413 1425 3447 partu
1446 3406 1618 3440 conatibus
1643 3406 1887 3447 relinquantur.
1916 3409 2063 3439 XXXIX.
2089 3407 2143 3450 38.

1373 3450 1405 3482 &
1426 3459 1499 3490 quae
1521 3451 1590 3483 cito
1614 3449 1760 3482 accidant
1777 3474 1784 3481 .
1812 3450 1976 3485 XLVIII.
2002 3461 2052 3491 29·
2078 3462 2132 3493 30.

1154 3489 1271 3524 Partus
1294 3498 1386 3524 antea
1410 3491 1531 3534 semper
1556 3491 1661 3526 felicis
1679 3518 1687 3532 ,
1710 3492 1782 3536 post
1806 3504 1961 3527 vexatum
1997 3503 2105 3528 autern
2149 3507 2167 3529 a

1242 3532 1415 3612 1(ijh‘iirurgo
1436 3544 1568 3570 uterum
1590 3536 1711 3579 semper
1747 3536 1891 3573 infelicis
1935 3537 2133 3573 observatio
2156 3562 2168 3571 α

1284 3589 1292 3608 ι
1321 3589 1386 3619 .4ι.

1219 3645 1223 3649 -
1285 3620 1447 3660 difficilis,
1469 3621 1571 3657 causae
1591 3624 1708 3656 variae.
1736 3622 1823 3656 Ibid.
1847 3634 1901 3667 39.

1371 3664 1547 3699 remedium
1573 3667 1716 3700 fortuito
1738 3667 1926 3709 cognitum.
1954 3666 2040 3702 Ibid.
2064 3680 2113 3711 4¹·

1282 3706 1434 3742 dolorum
1458 3709 1744 3751 conwffimrum,
1769 3712 1879 3755 partui
1901 3711 2164 3753 adversantium3

1321 3753 1466 3787 curatio.
1492 3751 1642 3788 Ibidem.
1792 3775 1794 3777 ψ
2163 3756 2167 3757 ’

1997 3797 2119 3833 mortis
