2498 4075
406 240 557 308 Epist..
594 239 757 298 Anat.
792 238 1009 300 Medica
1041 238 1191 301 XLI.
1229 237 1352 292 Art.
1370 239 1413 292 6.
1432 256 1480 309 7.
1498 237 1680 308 8.&9.

26 336 131 369 want,
149 338 227 363 cum
251 327 399 363 Thomas
423 321 634 363 Bai-tholinus
660 329 670 365 (
689 337 714 368 y
737 329 751 365 )
772 332 1027 372 commemorem

26 373 120 406 istam
144 384 240 415 quam
263 373 386 415 attigi,
410 371 708 411 salivaeomittens,
730 369 947 412 dejefflones,
970 379 1027 401 vo-.

29 416 149 452 mirus,
173 415 300 453 sudores
324 423 510 450 enumerat.
536 412 767 455 Dejectionum
790 412 970 453 exemplum
992 412 1027 444 in

25 458 162 502 Collega
188 458 245 496 suo
269 457 389 501 profert
413 459 473 504 <z
492 460 527 500 ).
552 456 775 496 vomituum,
819 458 851 489 &
875 455 1027 491 sudorum

25 501 158 544 quidem
180 501 237 539 etsi
261 501 375 536 diserte
398 512 462 535 non
487 499 642 543 protulit,
668 498 762 535 facile
785 498 830 535 est
863 509 902 532 ex
946 497 1029 530 alio-

26 555 95 577 rum
122 545 417 584 observationibus
440 543 605 586 supplere.
631 543 683 575 Sic
720 540 935 579 Vallisnerius
969 550 1029 573 no-

26 586 85 620 ster
109 589 162 631 (a
184 590 289 632 ypost
312 587 473 624 decimum
498 585 719 630 suppreffionis
743 585 830 619 diem
863 582 1030 623 accedente

28 632 156 666 vomitu
180 633 260 670 seri,
283 632 413 669 colore,
437 628 573 671 sapore,
595 629 695 662 odore
727 629 846 663 lotium
891 626 1029 661 referem

26 674 89 714 tis,
114 674 287 718 Virginem
310 672 431 708 durasse
454 671 539 708 vidit
563 672 664 707 donec
688 672 836 715 plurimis
859 672 946 704 intus
964 691 976 707 ,
996 671 1028 702 &

30 726 121 753 extra
147 719 302 754 incassum
324 716 502 755 adhibitis,
527 717 684 751 mercurio
709 716 838 750 tandem
863 717 894 747 ὅ(
916 713 994 748 dato
1016 735 1030 752 ‚

26 762 58 795 δε
103 764 264 804 applicito
308 771 421 797 renum
467 761 534 793 vias
558 758 730 796 reseravit.
756 760 806 791 Sic
831 758 1030 796 Mantuanus

29 802 178 839 Medicus
201 810 214 847 (
237 804 290 847 h)
315 806 447 838 alteram
471 803 553 838 vidit
575 802 686 837 eodem
712 800 803 836 fimul
826 803 857 833 &
881 802 996 834 morbo
1022 823 1032 839 ‚

28 847 62 878 δέ
86 851 214 883 vomitu
237 847 302 885 dies
325 848 467 891 primum
492 846 562 888 plus
584 845 821 888 quadraginta,
847 855 902 877 nec
926 843 1032 878 multo

25 889 98 930 post
120 890 199 925 duos
223 891 332 925 saltem
357 893 388 927 ὃς
412 890 546 931 triginta
570 898 734 923 vexatam.
759 888 810 922 Sic
834 888 914 921 alius
945 892 955 926 (
979 898 996 919 c
1018 889 1032 926 >

33 933 167 968 tertiam
195 934 233 970 ad
257 932 377 968 menses
399 931 618 975 quindecim,
649 941 685 965 ut
720 931 777 966 vix
809 931 901 977 aliter
933 941 1030 972 quarn

27 985 84 1016 per
106 978 284 1014 nutrientia
306 986 450 1011 enemata
473 976 514 1010 ali
539 976 703 1019 potuerit,
728 974 830 1009 donec
852 974 952 1015 eiecto
964 973 1029 1006 cal-

27 1019 126 1060 culo,
148 1023 178 1053 &
202 1020 365 1059 ischuria,
388 1022 419 1053 ὃ(
444 1021 543 1053 urinae
569 1020 714 1056 vomitus
737 1018 896 1052 desierunt
922 1040 929 1048 .
975 1017 1035 1053 Sed

27 1061 84 1095 ubi
109 1064 224 1098 calculi
244 1089 253 1105 ,
276 1075 364 1098 renes
380 1085 390 1101 ‚
413 1066 443 1100 &
468 1072 608 1099 ureteres
630 1062 829 1097 obstruentes
845 1085 854 1099 ,
888 1060 1036 1095 dimove-

28 1106 55 1137 ri
80 1117 144 1142 non
170 1108 319 1150 possunt,
343 1106 457 1143 frustra
474 1131 483 1147 ,
503 1115 538 1141 ut
562 1106 785 1140 Gulielminus
806 1104 872 1144 (d)
893 1105 927 1140 in
951 1103 1035 1137 duo-2.

27 1148 87 1182 bus
111 1151 318 1191 observavit,
341 1151 415 1187 lotii
440 1150 638 1183 vomitiones
661 1147 815 1185 accedunt
840 1172 848 1186 ,
882 1146 973 1189 quod
1003 1150 1035 1183 &

26 1191 67 1225 de
90 1193 160 1230 aliis
184 1202 252 1231 tum
277 1193 545 1236 insuperabilibus
569 1192 676 1226 morbi
700 1191 821 1228 causis,
844 1200 914 1224 tum
925 1201 1035 1229 excre-

27 1237 175 1275 tibnibus
201 1237 449 1279 intelligendum
472 1236 532 1273 est;
561 1237 671 1278 itaque
697 1238 733 1268 in
767 1232 902 1268 foemina
947 1238 957 1277 (
983 1244 997 1270 e
1022 1237 1033 1272 )

25 1277 90 1320 jam
113 1281 146 1315 in
171 1291 226 1314 ore
250 1279 395 1322 saporem
420 1281 522 1320 lotii,
554 1280 753 1321 odoremque
802 1278 998 1321 percipiente
1022 1300 1035 1318 ,
1090 1295 1093 1298 ⁴

27 1320 127 1364 ipfius
149 1322 311 1366 sanguinis
333 1325 495 1361 vomitus,
520 1325 552 1359 &
576 1333 630 1364 per
654 1333 743 1358 nares
767 1323 891 1358 exitus,
915 1319 938 1354 fi
963 1332 1038 1364 pro-

26 1364 91 1399 fuit
106 1392 116 1407 ,
137 1365 290 1402 haetenus
314 1366 464 1409 profuit,
487 1375 523 1400 ut
548 1366 586 1402 ad
610 1364 812 1408 trigesimum
835 1366 933 1408 usque
944 1364 1032 1400 diem

27 1410 132 1448 vitam
156 1412 510 1452 protraxerit.Verum
532 1419 566 1443 ut
591 1409 628 1445 ad
654 1408 833 1452 propositas
856 1420 873 1441 a
897 1407 1037 1443 Bartho-

26 1451 97 1487 lino
122 1456 322 1487 excretiones
345 1453 531 1493 redeamus;
552 1452 683 1494 dignam
705 1453 740 1485 in
762 1453 878 1494 primis
902 1451 1037 1486 adnota-

28 1497 121 1536 tione
146 1498 263 1533 Caroli
288 1497 412 1533 Pisonis
438 1496 711 1531 observationem
736 1493 818 1540 (f')
863 1495 951 1538 quod
997 1494 1037 1529 ad

27 1539 157 1576 sudores
179 1542 318 1584 attinet,
343 1541 525 1578 indicavita
548 1547 641 1574 erant
665 1548 770 1573 autem
792 1538 963 1576 diuturni,
988 1539 1036 1571 as-

27 1582 134 1625 fidui,
157 1584 302 1627 copiosi,
326 1587 357 1617 &
380 1594 448 1619 tam
469 1583 576 1623 olidi,
600 1592 635 1616 ut
659 1585 715 1615 vix
738 1581 814 1615 ferri
838 1581 938 1624 posset
962 1593 1038 1623 graq

26 1627 211 1664 veolentia:
237 1628 339 1665 mietu
363 1628 472 1670 itaque
493 1626 624 1660 demum
648 1625 855 1661 succedente,
881 1635 962 1666 aeger
994 1625 1037 1658 li-

26 1670 158 1708 beratus
177 1673 239 1705 est.
265 1670 345 1705 Non
369 1670 410 1707 sic
435 1670 526 1703 felici
560 1668 620 1703 esse
652 1669 796 1710 contigit
830 1668 967 1710 Virgini
998 1668 1040 1704 de,

25 1725 90 1756 qua
114 1715 208 1748 nobis
230 1712 387 1747 referebat
412 1715 525 1748 Petrus
549 1709 719 1749 Nannius.
745 1712 800 1746 1111·
825 1722 956 1755 quoque
979 1710 1038 1750 diu

25 1765 162 1799 propter
184 1757 324 1791 calculos
347 1758 439 1793 urina
464 1755 642 1791 subsisterat
658 1778 668 1794 ,
689 1764 726 1789 ut
749 1755 813 1797 jam
836 1754 1037 1797 deploratam

25 1800 222 1839 existimaret
233 1823 246 1840 ‚
268 1812 342 1834 cum
354 1799 448 1834 sudor
460 1800 594 1836 immam·
609 1801 702 1843 copia
715 1800 865 1842 prorupit
875 1821 888 1837 ,
910 1800 1037 1832 urinam

25 1844 115 1878 olens
129 1871 139 1882 .
152 1846 184 1878 Is
196 1844 341 1887 quandiu
355 1842 649 1883 duravit;duravit
664 1851 770 1876 autem
783 1843 823 1876 ad
845 1841 935 1882 dies;
955 1843 1037 1876 Vir.

25 1899 69 1930 go
96 1888 213 1925 melius
238 1886 353 1920 habuit
370 1912 377 1919 .
406 1890 452 1920 At
475 1898 513 1923 eo
536 1886 692 1923 cessante,
716 1887 801 1919 intra
824 1886 891 1919 dies
916 1897 1037 1927 paucos

28 1932 173 1968 thoracis
197 1930 345 1973 hydrope
369 1930 537 1972 absumpta
562 1930 627 1964 est.
652 1929 711 1965 Sed
744 1929 804 1963 hac
837 1927 966 1963 felicior
1000 1929 1039 1963 ad

26 1981 155 2017 tempus
178 1972 241 2010 suit
266 1974 363 2009 altera
384 1974 467 2011 olim
491 1973 617 2010 Patavii
651 1973 762 2014 Virgo
783 1996 798 2014 2
831 1971 870 2009 de
905 1984 968 2015 qua
999 1984 1040 2009 ex

27 2018 177 2061 spefflrtae
202 2016 274 2053 fidei
301 2017 435 2052 Medico
457 2026 565 2052 narrat
590 2016 766 2050 Marcellus
778 2017 929 2051 Donatus
952 2019 1039 2059 (g).

0 2061 4 2065 '
27 2062 158 2098 Scilicet
183 2066 247 2100 nori
271 2069 346 2093 toto
368 2059 501 2104 quidem
525 2071 564 2094 ex
587 2071 746 2102 corpore,
771 2059 824 2094 sed
848 2069 976 2093 tantum
999 2071 1040 2092 ex

1 2105 9 2115 ⁴
25 2105 146 2148 regione
170 2102 341 2138 ventriculi
365 2102 529 2146 resudabat
551 2102 663 2136 humor
685 2104 725 2136 ad
751 2102 895 2145 plurium
939 2101 1041 2136 libra-

25 2159 97 2182 rum
115 2149 238 2192 pondus
250 2170 262 2186 ,
286 2146 409 2185 colore,
434 2147 477 2180 Θ·
502 2146 590 2181 odore
613 2146 737 2179 urinam
781 2143 941 2189 referens,
963 2157 1040 2180 cum

25 2191 185 2227 haec-*non
208 2190 334 2229 solum,
361 2189 410 2223 sed
432 2192 464 2225 &
490 2189 554 2227 alvi
578 2187 736 2231 suppressa
746 2187 843 2225 essent
865 2199 1043 2222 recremen-

14 2244 79 2278 ta.
107 2236 193 2279 Qae
210 2258 218 2273 ,
244 2244 319 2266 cum
341 2232 394 2271 sex
413 2233 501 2276 ipsos
522 2232 643 2266 menses
655 2231 738 2268 nihil
752 2241 841 2266 antea
856 2233 956 2268 urinae
968 2233 1043 2268 red-

26 2281 182 2319 deretur,
205 2275 416 2320 supplevisse,
441 2286 518 2310 tunc
544 2275 695 2309 videlicet
715 2273 832 2318 fluente
855 2274 947 2317 alvo,
970 2288 1037 2311 cre.

25 2321 270 2360 dita-fuerant.
298 2320 389 2356 Quin
415 2321 515 2355 etiam
538 2318 727 2355 insensibilis
750 2319 943 2361 perspiratio
966 2320 1037 2363 sup.

27 2367 114 2411 plere
138 2364 268 2399 videtur
291 2362 451 2404 injuvene
464 2362 622 2400 foemina,
647 2374 718 2406 quae
730 2362 1039 2399 rariffimmsedeo-

25 2412 100 2444 dem
112 2407 276 2442 notiffimo
286 2408 425 2440 Veronae
438 2407 589 2448 exemplo
603 2417 641 2439 ne
677 2415 780 2440 uttam
794 2406 925 2448 quidem
938 2408 1039 2441 urinae

25 2459 209 2489 excreverat
221 2450 301 2484 duos
313 2451 379 2492 jam
393 2453 425 2483 &
439 2451 558 2492 viginti
572 2460 644 2483 men
662 2460 694 2482 es
705 2475 715 2490 ,
727 2461 800 2485 cum
816 2449 895 2484 illud
912 2450 965 2483 Cl.
979 2452 1054 2483 Ze-

20 2499 135 2531 vianus
158 2493 207 2537 (h)
231 2494 450 2528 memoravit.
477 2494 517 2528 In
540 2492 606 2536 ejus
629 2501 736 2528 autern
759 2492 914 2529 cubiculo
927 2492 1039 2528 foemi-

19 2550 67 2575 nae
81 2563 90 2577 ‚
104 2539 178 2575 lotii
191 2536 273 2573 odor
287 2537 464 2579 percipitur
477 2561 488 2577 2
510 2548 607 2582 quern
623 2539 654 2572 &
668 2535 812 2573 exhalare
825 2537 975 2571 videntur
987 2538 1041 2571 in-

19 2582 127 2619 dulia.
155 2581 304 2615 Pluribus
327 2581 464 2615 interim
488 2592 522 2613 ea
549 2581 671 2613 morbis
691 2605 701 2620 ,
746 2582 897 2624 quamvis
942 2582 1033 2614 nullo

21 2626 173 2664 cerebri,
196 2622 433 2660 conflistatur.
460 2623 520 2657 Sed
544 2626 573 2657 &
600 2625 755 2657 Patavina
780 2624 834 2657 illa
859 2626 893 2658 in
920 2624 1040 2658 maras-

25 2682 118 2706 mum
140 2668 274 2713 tandem
295 2667 432 2701 incidit..
568 2667 652 2711 Qae
676 2668 793 2707 attuli,
815 2667 871 2703 etsi
896 2667 963 2702 fere
988 2677 1038 2701 at-

26 2717 131 2750 tinent
157 2711 195 2746 ad
219 2722 273 2745 eos.
293 2711 411 2754 quibus
435 2709 558 2745 lotium
580 2719 742 2746 retentum
766 2710 812 2747 est
860 2712 945 2745 vitio
989 2723 1042 2745 re·-

27 2770 128 2795 num‚
147 2766 223 2799 *quae
238 2755 337 2791 causa
360 2765 399 2787 ex
423 2763 512 2796 parte
533 2756 564 2787 in
589 2765 628 2788 eo
650 2765 783 2796 quoque
810 2753 913 2790 fuerat
934 2755 1041 2799 Juve-

28 2814 68 2836 ne
89 2800 130 2834 de
152 2809 219 2842 quo
241 2809 281 2831 ex
303 2797 452 2831 Valsalva
477 2797 603 2833 dietum
626 2797 693 2836 est;
717 2807 827 2831 tamen
851 2797 926 2832 satis
952 2798 1038 2832 indi-

27 2853 104 2881 cant
130 2841 213 2878 unde
235 2843 267 2874 &
291 2840 341 2874 illi
366 2850 495 2883 pereant
520 2842 640 2883 quibus
675 2841 787 2875 velicae
831 2841 1003 2876 dumtaxat
1028 2865 1037 2881 ,

29 2898 84 2923 aut
109 2884 247 2920 urethrae
271 2885 355 2918 vitio.
376 2884 495 2918 diutius
519 2885 697 2920 retinetur3
721 2895 778 2919 nec
801 2895 905 2925 tamen
929 2890 964 2918 ea'
999 2884 1038 2918 fi-

28 2931 99 2966 mul
145 2928 254 2963 vesicae
297 2926 518 2962 inflammatio
563 2927 628 2964 est,
651 2929 727 2965 cui,
753 2938 807 2961 aut
832 2927 1037 2971 subsequenti

28 2983 211 3019 gangraenae
235 2979 373 3003 mortem
396 2971 493 3005 liceat
539 2972 702 3013 imputare
725 2996 733 3004 .
767 2971 806 3005 Id
853 2972 890 3006 ad
936 2983 1036 3013 genus

25 3019 169 3062 spectare
193 3013 384 3050 crediderim
404 3013 485 3051 hanc
508 3014 644 3050 alteram
668 3012 829 3050 Valsalvae
874 3015 1043 3050 Observa-

29 3071 176 3098 tionem.
390 3092 394 3094 ,

73 3107 105 3137 6.
131 3103 221 3137 VIR
245 3110 404 3134 annorum
427 3100 650 3143 septuaginta,
675 3111 751 3135 cum
773 3100 933 3140 diuturna
950 3102 1038 3136 min-

29 3148 126 3194 gendi
148 3143 339 3182 difficultate
362 3143 551 3184 laborasset,
574 3153 611 3178 ut
644 3155 708 3178 non
753 3144 811 3178 nili
860 3145 1038 3180 catheteris

29 3204 92 3236 ope
116 3192 245 3224 urinam
268 3186 433 3229 redderet,
457 3189 550 3221 autito
574 3191 607 3220 in
631 3188 700 3221 dies
720 3189 856 3228 morbo,
881 3190 913 3222 in
926 3190 1035 3223 'Bono-

29 3233 131 3271 niensi
157 3231 366 3268 Nosocornio
390 3231 419 3264 S.
447 3231 559 3264 Mariae
582 3231 621 3265 de
643 3232 725 3265 Vita
747 3232 938 3267 decumbere
961 3244 1035 3266 coa-

31 3282 101 3314 &us
125 3277 167 3312 est
182 3301 190 3310 .,
213 3274 266 3310 Ibi
289 3278 367 3308 dum
392 3286 408 3307 a
431 3273 611 3309 lithotomo
636 3286 690 3317 per
714 3274 910 3310 catheterem
934 3277 1034 3310 urina:

30 3325 137 3358 exitus
151 3344 163 3360 ‚
184 3318 235 3354 sed
258 3316 434 3358 incassum,
455 3319 678 3360 quaerebatur,
704 3318 865 3353 subsecuta
890 3319 1033 3354 laborio-

29 3365 317 3406 sarespiratione,
340 3372 415 3397 eum
437 3360 566 3395 stertore
589 3371 735 3396 mortuus
758 3363 819 3397 est.
954 3364 1034 3396 VE-

30 3411 144 3446 SICAE
189 3406 337 3441 urinariae
361 3402 450 3439 fibrae
474 3405 552 3438 adeo
575 3415 756 3444 creverant,
781 3416 816 3441 ut
839 3405 943 3440 cordis
981 3407 1028 3439 la-

27 3462 134 3487 certos
157 3450 281 3496 figura,
312 3451 342 3482 δε
375 3447 599 3491 magnitudine
645 3447 798 3482 referrent
824 3475 832 3483 .
880 3448 1029 3484 Prostatae

28 3495 189 3539 glandulae
212 3491 422 3527 excrescentia
448 3489 485 3523 ad
511 3494 583 3533 pyri
607 3489 746 3525 formam
767 3516 776 3532 ,
822 3494 879 3526 vix
926 3493 1031 3527 ullum

28 3540 200 3576 transitum
222 3537 435 3581 permittens,
465 3545 503 3568 ex
537 3534 654 3569 assiduo
686 3534 859 3570 catheteris
904 3537 1035 3581 impetu

1923 253 2008 298 151

1080 321 1261 366 phlogofim
1286 323 1319 355 in
1342 323 1409 356 ima
1431 331 1521 365 parte
1542 322 1757 361 conceperat}
1897 319 2081 356 Ventricus

1077 367 1126 445 hii
1147 366 1255 443 ‘gr-‘¹³⁵
1277 366 1388 403 dexter
1412 365 1575 411 polyposae
1586 362 1804 401 concretionis
1815 360 2082 399 inchoamentum

1077 422 1098 444 o
1127 421 1166 445 en
1192 419 1238 445 it.

1081 445 1083 448 ’
1119 464 1151 495 7,
1177 451 1358 494 Phlogosim
1375 450 1537 493 ejusmodi
1560 461 1624 483 non
1647 447 1739 485 fuisse
1761 449 1849 482 illius
1870 450 1986 487 mortis
2007 460 2085 483 cau-

1077 496 1165 535 sam,
1189 493 1395 533 manifestum
1419 496 1480 529 est.
1504 495 1629 528 Verum
1653 493 1687 525 in
1710 503 1844 534 corpore
1875 493 1972 535 longa
2008 501 2086 528 aeta-

1079 550 1111 574 te
1126 561 1137 579 ‚
1160 550 1195 573 ac
1217 538 1506 575 creberrima-lotii
1531 537 1715 574 retentione
1738 534 1780 569 fic
1814 534 1979 570 infirmato
1999 557 2009 574 ,
2047 544 2086 570 ut

1079 583 1271 621 decumbere
1297 590 1468 622 cogeretur
1483 604 1491 619 ,
1516 590 1613 622 quam
1637 580 1772 615 vitiatus
1794 578 1904 615 sensim
1919 578 1992 616 esset
2017 580 2087 616 san-

1078 630 1150 670 guis
1166 652 1173 666 ,
1198 637 1263 660 non
1286 618 1416 659 difficile
1439 623 1481 660 est
1504 622 1663 664 conjicere
1677 647 1686 660 ,
1710 621 1792 670 Nou
1815 623 1929 656 mirum
1953 623 2054 666 igitur
2074 634 2087 660 5

1079 671 1102 709 ii
1126 669 1296 707 accedente
1317 680 1354 702 ea
1375 668 1557 713 retentione
1588 677 1662 709 quae
1695 676 1751 708 per
1783 664 1979 700 catheterem
2012 664 2089 699 tolli

1081 724 1146 748 non
1170 721 1319 757 poterat,
1342 713 1428 745 inter
1451 710 1546 751 hujus
1568 710 1676 743 inania
1701 709 1899 745 irritamenta
1917 734 1926 748 ‚
1960 710 2089 748 incepe-

1080 758 1147 793 rint
1170 757 1300 790 demum
1324 767 1396 798 quae
1420 754 1510 793 brevi
1534 753 1698 790 hominem
1721 751 1938 786 conficerent.
1963 752 2025 784 Vel
2050 751 2090 783 fi.

1082 811 1122 833 ne
1145 800 1210 836 illis
1233 800 1463 838 irritamentis,
1486 798 1582 839 paulo
1606 796 1759 838 posterius
1781 793 1940 832 fortassis,
1967 794 2015 829 sed
2040 794 2091 826 nia

1082 843 1263 882 hilorninus
1287 840 1479 881 interiisset,
1504 849 1538 873 ut
1564 848 1615 873 tot
1640 839 1719 876 alii,
1742 841 1775 871 δε
1797 839 1830 871 in
1855 839 1896 872 iis
1919 839 1984 872 Vir
2005 847 2091 879 quo—

1082 898 1145 928 que
1168 886 1258 928 cujus
1279 885 1467 924 historiam,
1490 882 1569 916 ficut
1600 883 1708 924 accepi
1741 881 1780 915 ab
1813 881 1924 915 eodem
1957 880 2093 915 Medico

1081 941 1178 1006 guem
1202 929 1265 968 tibi
1289 929 1365 967 alias
1388 932 1400 971 (
1422 929 1434 961 i
1456 931 1467 972 )
1490 925 1641 969 laudavi,
1668 925 1850 970 Marisato,
1873 924 1936 965 huc
1972 923 2094 961 adseri-2,

1107 985 1156 1008 am
1182 998 1191 1006 .

1131 1017 1161 1051 8.
1185 1015 1307 1048 VIRO
1329 1015 1364 1049 in
1388 1013 1450 1053 hoc
1473 1012 1680 1049 Nosocomio
1704 1011 1915 1049 decumbenti
1937 1012 1983 1046 ob
2012 1009 2094 1051 lotii

1085 1058 1352 1103 suppressionem,
1377 1057 1442 1098 jam
1466 1057 1515 1090 bis
1537 1056 1689 1092 eductum
1713 1055 1775 1094 hoc
1798 1056 1926 1095 fuerat,
1961 1058 1993 1092 &
2027 1062 2098 1087 ma-'

1086 1114 1149 1145 gna
1174 1101 1295 1144 semper
1316 1102 1436 1142 copia,
1459 1110 1516 1143 per
1539 1099 1712 1133 immissam
1735 1109 1919 1143 argenteam
1930 1098 2095 1135 fistulama'

1087 1148 1176 1180 Cum
1199 1146 1238 1179 ab
1261 1144 1319 1184 hac
1342 1152 1397 1178 aut
1423 1154 1526 1185 aeger,
1550 1151 1606 1177 aut
1633 1143 1686 1179 alii
1712 1153 1750 1176 ne
1775 1143 1885 1181 veficae
1908 1143 2020 1176 cervix
2042 1142 2096 1174 ni-

1087 1188 1147 1223 mis
1170 1187 1379 1230 irritaretur,
1411 1187 1584 1225 timerent.
1608 1195 1842 1229 proptereaque
1867 1186 2060 1220 abstinerent
2082 1194 2097 1222 ς

1086 1244 1173 1271 mors
1196 1243 1259 1266 non
1285 1231 1348 1266 line
1371 1230 1570 1269 convulsivis
1615 1228 1890 1272 symptomatibus
1935 1229 2063 1270 ingruit
2085 1230 2099 1261 ’.

1222 1275 1438 1310 DISSECTI
1485 1274 1578 1313 sana,
1600 1283 1759 1315 quantum
1806 1272 1909 1310 sensus
1953 1270 2100 1315 judicare

1089 1329 1238 1364 poterat,
1262 1320 1380 1353 viscera
1403 1318 1514 1351 omnia
1538 1325 1633 1358 atque
1656 1316 1734 1350 adeo
1759 1316 1858 1351 vesica
1881 1315 1947 1360 ipsa
1970 1324 2102 1358 quoque

1088 1372 1214 1406 reperta
1238 1362 1308 1402 est,·
1329 1360 1393 1395 sine
1417 1362 1485 1401 ullo
1509 1360 1595 1398 enim
1617 1359 1893 1399 inflammationis
1917 1359 2016 1396 initio
2027 1368 2102 1392 tan-

1088 1405 1262 1441 tummodo
1284 1405 1422 1441 distenta
1445 1413 1533 1443 erat,
1557 1413 1594 1441 ut
1617 1414 1685 1437 eam
1710 1403 1787 1442 lotii
1831 1405 1960 1447 copiam
2005 1402 2102 1436 facile

1090 1453 1271 1488 contineret
1295 1460 1393 1493 quam
1419 1450 1476 1487 vix
1508 1448 1570 1480 tria
1602 1450 1705 1481 vitrea
1750 1446 1822 1480 vasa
1866 1444 2104 1481 continuissent

1088 1495 1209 1538 quibus
1255 1493 1313 1528 ad.
1340 1492 1527 1534 sanguinem
1570 1501 1587 1523 e
1633 1491 1714 1524 ίεᾶει
1747 1501 1827 1528 vena
1851 1490 2105 1533 excipiendum„

1089 1547 1144 1573 aut
1167 1538 1205 1574 ad
1228 1538 1354 1577 urinam
1378 1537 1501 1581 etiam,
1533 1532 1648 1571 nostris
1690 1535 1725 1570 in
1771 1535 1960 1577 regionibus
2003 1542 2105 1572 utun-,3

1089 1590 1142 1618 tur
1159 1604 1167 1613 .

1132 1637 1164 1667 9.
1190 1626 1263 1667 Ego
1284 1635 1383 1668 quam
1405 1622 1598 1663 distentam,
1621 1631 1678 1656 nec
1701 1630 1809 1657 tamen
1834 1622 2071 1657 inflammatam
2086 1644 2102 1663 ‚

1091 1669 1229 1703 veticam
1251 1667 1338 1702 haud
1361 1667 1453 1701 semel
1477 1667 1683 1706 invenerim,
1705 1677 1780 1700 cum
1804 1667 1875 1701 aliae
1899 1667 1978 1700 alibi
2015 1670 2024 1704 ζ
2049 1664 2068 1706 l<
2088 1669 2105 1705 )

1090 1712 1130 1748 ad
1154 1721 1186 1746 te
1210 1713 1335 1755 scriptae
1359 1712 1616 1748 Observationes
1638 1709 1812 1747 ostendunt
1827 1734 1839 1751 ‚
1862 1720 1933 1744 tum
1955 1708 2107 1753 quaedam

1089 1755 1269 1800 praesertim
1294 1754 1484 1792 monstrabit
1506 1766 1603 1797 quam
1628 1755 1685 1788 ubi
1708 1764 1801 1796 agam
1847 1754 1885 1790 de
1929 1751 2109 1788 Claudicaad

1090 1802 1180 1838 tione
1204 1803 1217 1839 (
1240 1800 1252 1833 l
1273 1802 1308 1839 ),
1335 1798 1534 1842 perscribam
1549 1823 1556 1830 .
1580 1797 1680 1833 Nunc
1704 1807 1741 1835 ut
1765 1798 1931 1840 intelligas
1954 1821 1962 1835 ‚
2002 1808 2108 1839 quan-

1090 1852 1164 1879 tum
1188 1843 1289 1876 vesica
1313 1843 1447 1884 impune
1472 1841 1601 1875 extendi
1625 1852 1857 1883 nonnunquam
1883 1840 1997 1884 poffit,
2033 1839 2110 1876 sub'·

1089 1885 1199 1929 jiciam
1222 1886 1301 1923 ouid
1326 1885 1380 1921 hic
1404 1886 1493 1918 annis
1518 1883 1736 1928 superioribus
1769 1885 1911 1920 houestae
1959 1882 2107 1923 foeminae

1070 1931 1264 1977 „accideriu
1289 1928 1369 1963 mihi
1396 1928 1590 1966 notiffimae,
1614 1930 1645 1961 δι
1668 1939 1753 1962 nunc
1778 1928 1853 1962 satis
1877 1928 1957 1962 bene
1994 1929 2106 1963 valen.

1090 1975 1140 2009 ti.
1166 1974 1344 2015 Primipara
1371 1981 1459 2010 erat,
1484 1974 1515 2007 δέ
1538 1973 1620 2006 duos
1644 1970 1738 2014 supra
1760 1973 1976 2017 quadraginta
2001 1985 2105 2010 annos

1091 2026 1188 2052 nata.
1213 2018 1300 2054 Cum
1325 2024 1495 2058 propterea
1521 2015 1606 2052 nihil
1629 2016 1778 2051 cederent
1802 2017 1903 2058 pelvis
1927 2014 2017 2058 ossa,
2041 2018 2104 2053 hu-

1090 2059 1206 2103 jusque
1230 2063 1295 2095 ima
1319 2070 1391 2102 pars
1415 2058 1490 2094 effet
1518 2059 1708 2102 angustior,
1731 2058 1779 2094 ibi
1812 2058 1902 2096 haesit
1950 2071 2106 2104 magnum

1090 2103 1228 2139 infantis
1252 2113 1346 2147 caput
1361 2125 1369 2140 ,
1393 2105 1425 2138 &
1445 2101 1623 2145 compressa
1647 2102 1776 2136 urethra
1791 2127 1800 2142 ‚
1823 2106 1854 2138 δι
1878 2105 2024 2149 proxima
2051 2118 2105 2140 ve.

1093 2144 1163 2181 ficae
1187 2158 1300 2191 parte,
1322 2147 1441 2183 lotium
1463 2147 1633 2181 cohibuit.
1661 2147 1740 2179 Non
1775 2145 1837 2182 line
1874 2159 1987 2191 magna
2008 2148 2108 2184 'diffi-

1094 2191 1213 2227 cultate
1256 2189 1395 2226 immissa
1440 2189 1483 2224 est
1525 2190 1656 2224 demum
1679 2201 1827 2233 argentea
1850 2190 1953 2226 fistula
1978 2205 2016 2227 ex
2040 2194 2106 2228 illis

1092 2246 1171 2277 quas
1194 2233 1231 2268 ad
1255 2235 1403 2268 mulieres
1427 2231 1570 2274 habent;
1592 2234 1641 2269 sed
1667 2233 1842 2270 incassum.
1871 2237 2015 2270 Immitti
2049 2239 2105 2272 de-

1093 2278 1169 2314 buit
1192 2278 1291 2314 altera
1314 2289 1352 2315 ex
1376 2277 1582 2324 longioribus
1605 2278 1723 2320 quibus
1747 2288 1885 2312 utuntur
1909 2281 1941 2313 iu
1989 2282 2068 2316 viris
2094 2307 2106 2322 ,

1091 2321 1145 2357 sed
1168 2325 1273 2358 minus
1297 2333 1417 2357 curva:
1443 2332 1572 2365 Jamque
1596 2321 1633 2358 ad
1658 2323 1799 2364 palmum
1824 2323 1987 2362 subierat3
2014 2324 2101 2361 nihil

1089 2374 1195 2400 tamen
1220 2368 1320 2401 urinae
1344 2366 1472 2400 exibat.
1496 2366 1605 2400 Altius
1629 2368 1738 2410 itaque
1762 2366 1915 2409 adigenda
1939 2369 2001 2401 illa-
2018 2368 2105 2409 fuit,

1092 2419 1128 2443 ut
1151 2409 1219 2444 haec
1243 2411 1361 2447 exiret;
1385 2411 1487 2443 exivit
1512 2419 1620 2444 autem
1653 2410 1691 2445 ad
1724 2410 1822 2445 libras
1855 2413 1986 2448 circiter
2022 2426 2104 2457 qua-

1090 2462 1186 2487 tuor.
1217 2455 1318 2487 Parva
1344 2464 1411 2488 erat
1436 2453 1652 2488 muliercula.-
1675 2465 1740 2499 quo
1777 2456 1879 2497 magis
1913 2457 2069 2501 intelligis
2091 2482 2104 2498 ,

1090 2507 1250 2539 quantum
1275 2497 1328 2536 (id
1352 2497 1441 2541 quod
1466 2497 1567 2531 altius
1588 2508 1718 2540 quoque
1742 2500 1771 2530 S<
1807 2500 2013 2542 peculiariter
2047 2514 2105 2538 ex-

1092 2542 1268 2576 tumescens
1293 2539 1452 2574 abdomen
1476 2539 1667 2580 indicabat)
1690 2551 1850 2584 quantum
1876 2568 1884 2582 ,
1931 2545 2065 2588 inquam
2090 2568 2102 2584 ,

1090 2584 1259 2618 extendere
1285 2583 1313 2616 se
1337 2583 1436 2617 vesica
1460 2583 1627 2623 debuerit,
1650 2585 1718 2619 imo
1755 2585 1865 2620 vesicae
1898 2599 1969 2630 pars
2004 2588 2096 2630 supe-

1088 2628 1177 2664 rior,
1202 2626 1334 2670 quando
1359 2626 1497 2661 inferior
1522 2628 1622 2666 adeo,
1648 2638 1684 2662 ut
1707 2629 1873 2670 diximus,
1906 2632 1991 2666 erat'
2007 2644 2100 2667 com.

1089 2669 1209 2713 pressa.
1236 2672 1390 2704 Attamen
1417 2670 1562 2708 infante,
1587 2673 1644 2715 qui
1669 2683 1737 2705 non
1758 2675 1859 2707 modo
1903 2684 1967 2709 erat
2012 2687 2104 2710 mor-

1091 2722 1189 2752 tuus,
1215 2713 1264 2747 sed
1289 2717 1320 2747 δε
1344 2716 1472 2757 gravius
1495 2714 1606 2749 olebat
1624 2740 1633 2756 ,
1657 2726 1736 2749 mox
1757 2716 1925 2757 detrasto²
1950 2719 2032 2753 nihil
2057 2732 2099 2754 ex

1090 2756 1190 2791 vefica
1213 2756 1346 2804 quidem
1370 2769 1483 2796 noxae,
1504 2769 1559 2792 aut
1592 2759 1730 2801 periculi
1777 2758 1967 2803 superfuit..

1088 2801 1139 2834 At
1165 2799 1186 2833 fi
1211 2812 1279 2843 ejus
1304 2802 1485 2843 plurimum
1507 2801 1654 2835 distentae
1677 2803 1822 2844 exempla
1866 2815 1990 2847 quaeras
2011 2828 2020 2843 ‚
2066 2808 2100 2840 δε

1088 2854 1184 2887 quem
1208 2845 1331 2878 exitum
1355 2845 1506 2887 pleraque
1530 2844 1728 2885 habuerint,
1751 2845 1928 2887 attendas;
1959 2857 1996 2882 ut
2042 2860 2098 2883 ru-

1089 2888 1236 2931 ptionem
1260 2887 1390 2931 seponas
1405 2914 1412 2925 ,
1436 2898 1536 2929 quarn
1558 2887 1632 2921 inde
1657 2888 1706 2921 vel
1728 2889 1761 2922 in
1787 2889 1882 2923 bovis
1903 2890 2003 2925 vesica
2037 2893 2097 2927 de-

1088 2930 1327 2973 prehenderunt
1352 2938 1360 2971 (
1382 2941 1412 2963 m
1433 2934 1468 2970 )‚
1494 2932 1638 2964 invenies
1661 2941 1746 2966 certe
1771 2943 1830 2973 pro
1863 2935 1923 2967 alia
1957 2936 1992 2968 in
2023 2937 2097 2971 aliis

1088 2972 1151 3007 five
1175 2976 1340 3017 partium,
1364 2975 1429 3007 five
1454 2972 1640 3015 sanguinis,
1661 2975 1724 3009 sive
1747 2978 1848 3009 urinae
1872 2977 1967 3020 ipsius
1990 2978 2100 3022 dispo-

1091 3016 1227 3055 sitione,
1250 3020 1282 3051 &
1304 3027 1439 3055 natura,
1461 3018 1557 3059 longe
1581 3017 1674 3051 aliter
1697 3019 1826 3057 multis,
1852 3032 1948 3063 quam
1974 3033 2096 3066 propo-

1091 3060 1156 3095 {itae
1182 3061 1331 3101 mulieri,
1357 3060 1521 3095 accidisse.
1548 3062 1777 3098 Pervulaatum
1801 3063 1862 3101 est,
1891 3064 1976 3099 haud
2021 3078 2095 3101 raro

1090 3106 1190 3138 nimis
1211 3104 1381 3137 distentam
1405 3102 1540 3137 vesicam
1565 3104 1697 3139 amisisse
1723 3107 1791 3139 vim
1824 3106 1853 3139 se
1898 3109 2097 3144 contrahen-

1086 3147 1144 3185 di,
1169 3148 1201 3181 id
1224 3148 1312 3190 quod
1335 3158 1569 3189 nonnunquam
1592 3148 1680 3183 brevi
1704 3151 1896 3192 contingere
1916 3163 1955 3184 ex
2001 3154 2094 3189 Mau.

1085 3191 1190 3225 charti
1215 3196 1224 3231 (
1249 3201 1268 3222 n
1290 3194 1303 3231 )
1327 3190 1565 3225 Observatione
1588 3192 1663 3225 colli
1692 3204 1721 3225 es
1745 3216 1754 3230 ‚
1787 3196 1844 3234 qui
1879 3195 1948 3235 post
1981 3195 2091 3230 veficae

1086 3235 1269 3269 ischuriam'
1284 3243 1357 3267 ante
1381 3234 1593 3276 quatriduum
1617 3203 1804 3269 incl-'matam
1826 3258 1834 3273 ‚
1881 3236 1943 3270 etfi·
1981 3239 2091 3280 primo

1085 3279 1198 3314 exasto
1221 3277 1324 3311 biduo
1348 3276 1488 3317 lotium,
1511 3289 1567 3312 nec
1592 3280 1705 3317 semel,
1728 3279 1927 3313 educendum
1957 3292 2089 3315 curave-

1084 3332 1133 3356 rat
1148 3346 1156 3361 ,
1179 3325 1211 3355 &
1235 3320 1371 3354 vesicam
1396 3324 1429 3353 in
1453 3320 1603 3356 cadavere
1628 3324 1752 3355 invenit
1777 3322 1906 3364 prorsus
1930 3328 2091 3365 vacuam,

1084 3365 1220 3407 amplam
1245 3374 1350 3398 tamen
1375 3364 1627 3405 animadvertit,
1655 3375 1712 3397 non
1735 3366 1946 3404 contractam,
1972 3375 2007 3401 ut
2032 3368 2089 3410 so·-

1082 3409 1125 3443 let
1141 3431 1148 3439 .
1173 3408 1290 3450 Neque
1314 3409 1419 3441 minus
1444 3408 1611 3450 vulgatum
1636 3408 1702 3447 est,
1725 3406 1985 3443 inflammatione
2007 3409 2087 3445 faci-

1082 3453 1110 3486 le
1134 3453 1275 3492 corripi,
1299 3450 1391 3492 cujus
1413 3453 1422 3483 i
1450 3451 1505 3484 itia
1530 3457 1561 3486 ὅς
1584 3454 1617 3485 in
1642 3464 1680 3485 eo
1712 3451 1863 3485 cadavere
1896 3454 2050 3487 extabant
2072 3478 2086 3495 ‚

1085 3504 1122 3529 ut
1146 3497 1179 3528 in
1205 3504 1256 3527 tot
1282 3495 1352 3527 aliis
1376 3495 1408 3527 in
1442 3498 1595 3528 ammatio
1619 3496 1686 3538 ipsa
1722 3504 1847 3537 reperta
1893 3495 1934 3529 est
1980 3498 2087 3531 multo

1085 3538 1240 3581 amplior.
1268 3537 1338 3572 Post
1360 3537 1442 3572 hanc
1465 3549 1536 3581 quae
1560 3539 1654 3573 facile
1687 3536 1858 3582 sequantur
1881 3561 1892 3580 ,
1924 3540 2087 3575 Aufiores

1944 3583 2043 3617 doce*
2076 3596 2091 3600 *¹

170 3743 240 3767 Ceut.
256 3750 281 3771 4.
296 3739 370 3770 Epist.
388 3738 457 3764 Med.
473 3740 508 3764 18.
573 3740 587 3769 (
602 3747 621 3768 z
636 3739 644 3770 )
662 3740 723 3765 Ibid.
741 3740 764 3765 8<
780 3740 851 3770 Epist.
872 3748 909 3766 ιι.

171 3773 230 3797 nist.
248 3772 276 3797 de
293 3771 389 3797 l'Acad.
406 3772 436 3795 R.
453 3769 493 3796 des
509 3772 550 3796 Se,
566 3773 594 3795 A.
614 3778 681 3801 ¹715·
698 3771 753 3797 Obs
775 3774 850 3796 Anat.
866 3779 888 3801 3.

171 3803 230 3832 Eph.
248 3805 282 3827 N.
300 3804 328 3827 C.
347 3803 419 3827 Cent.
438 3804 462 3825 6.
479 3802 539 3826 obs.
559 3805 594 3831 5⁶-

172 3834 217 3858 Del
235 3835 305 3857 Flato
321 3835 328 3857 1
356 3841 377 3856 a.
392 3838 414 3855 c.
434 3839 467 3856 ιι.
528 3833 541 3861 (
558 3834 569 3856 ι’
588 3833 594 3859 )
611 3832 682 3863 Epist.
699 3839 739 3860 27.
754 3839 776 3856 riv
794 3839 818 3861 4.
881 3832 890 3864 (
908 3833 925 3857 k
941 3834 954 3863 )

118 3863 168 3894 M)
185 3863 237 3892 Aa·
255 3866 290 3890 N·
309 3865 338 3889 Co
353 3864 430 3890 TOffl·
446 3863 468 3890 80
484 3861 511 3889 in
527 3861 586 3889 Obs-
603 3869 625 3887 2-

109 3743 155 3803 ιζ

115 3806 157 3861 ῑὲ

83 3745 98 3774 ί

83 3776 99 3804 (

86 3806 101 3833 (

85 3835 101 3862 ί

87 3864 104 3897 ζ

967 3739 978 3771 (
998 3749 1014 3765 a
1029 3742 1043 3771 )
1061 3743 1123 3773 Eph.
1142 3746 1176 3770 N.
1197 3746 1226 3770 c.
1247 3746 1319 3770 cent.
1338 3751 1359 3773 9.
1376 3743 1438 3769 0br.
1455 3752 1494 3776 ςο.

949 3767 959 3800 s
978 3780 989 3797 c
1006 3773 1020 3801 )
1038 3773 1091 3799 Αει,
1112 3777 1142 3798 Ν.
1162 3777 1191 3800 c.
1207 3777 1281 3800 Tom.
1299 3783 1321 3809 3·
1339 3774 1398 3799 obs.
1415 3778 1441 3800 6.

657 3803 664 3831 (
678 3801 692 3830 ff
708 3802 722 3829 )
740 3804 775 3826 De
792 3803 876 3827 Morb.
893 3802 924 3827 ab
940 3804 1039 3837 aqua'S.
1056 3813 1079 3833 4.
1095 3811 1115 3829 e.
1126 3808 1150 3829 6.
1168 3805 1225 3830 Obs.
1246 3813 1296 3834 ¹²7·

971 3833 1042 3861 Epist.
1058 3843 1080 3863 4-
1097 3842 1122 3859 n.
1144 3843 1177 3865 ¹9-
1195 3836 1219 3861 δι
1233 3837 1280 3867 Ep.
1296 3843 1335 3867 39.
1350 3844 1374 3862 n.
1389 3842 1427 3867 33.

686 3863 701 3892 ζ
717 3870 734 3888 n
751 3862 760 3893 )
779 3862 841 3893 Epir.
857 3866 893 3890 N,
909 3866 939 3890 c.
955 3865 1028 3890 Cent.
1045 3872 1070 3894 9.
1086 3865 1145 3893 obs.
1158 3870 1197 3896 iai.
1272 3878 1278 3881 ⁶
1299 3874 1307 3880 ²
1373 3870 1376 3876 “
1412 3873 1414 3877 ’

1503 3776 1516 3805 (
1534 3775 1576 3811 d.)
1592 3778 1678 3801 Exere.
1695 3775 1724 3801 de
1741 3776 1832 3810 singu.
1847 3782 1901 3804 nat.
1918 3785 1944 3804 n.
1962 3780 2007 3806 258t

1360 3808 1401 3836 (g
1415 3809 1427 3833 )
1444 3814 1469 3833 cv
1481 3814 1519 3834 27-
1536 3813 1579 3831 cit.
1597 3807 1663 3835 supra
1680 3807 1715 3835 ad,
1727 3815 1751 3831 n.
1768 3816 1790 3832 2.

1490 3837 1505 3867 (
1519 3837 1528 3862 1
1543 3837 1559 3867 )
1576 3836 1649 3875 Epist.
1667 3841 1704 3869 56.
1719 3845 1744 3863 n.
1761 3845 1802 3872 υ,
