2498 4075
395 93 456 140 30

323 165 545 197 cernerentur,
568 166 639 201 quae
663 155 813 189 intimam
837 155 895 189 effe
918 152 1146 202 pinguedinem
1160 155 1331 189 intestino-

326 211 419 242 rum,
443 201 608 234 censebant
626 223 634 232 .
661 200 813 237 Quorum
833 209 973 232 errorem
996 197 1050 230 illi
1076 208 1250 241 rejecerunt
1274 200 1330 241 qui

327 255 394 277 non
428 244 465 277 ad
489 246 638 277 intimam
659 264 670 280 ‚
701 242 752 276 sed
776 242 815 276 ad
846 243 999 275 extimam
1023 241 1245 276 intestinorum
1281 243 1331 277 fa-

324 289 405 321 ciem
430 287 654 330 pinguedinem
678 284 735 319 effe
751 309 763 326 ,
786 284 1038 319 demonstrarunt
1061 308 1074 325 ‚
1107 288 1140 319 δε
1161 297 1235 320 cum
1257 286 1332 329 ipsis

323 327 722 374 Casparus‘Hoffmannus
744 332 758 369 (
779 329 799 362 h
821 334 835 370 )
860 351 869 366 ,
900 329 955 369 qui
981 328 1077 375 etiam
1103 329 1175 362 alvo
1196 330 1333 372 egestum

322 373 488 417 quoddam
522 383 639 414 corpus
663 372 801 406 albicans
835 372 923 413 quod
957 371 1148 405 exsiccatum
1186 373 1335 407 affereba-

327 425 403 453 tur,
428 429 485 459 pro
507 415 701 459 pinguedine
726 426 885 458 perperam
909 414 1042 454 haberi,
1066 415 1203 449 ostendit
1225 440 1235 456 ,
1258 419 1334 460 quia

329 462 492 495 flammam
509 483 520 500 ‚
544 459 581 493 ad
603 470 700 503 quam
725 458 974 493 admovebatur,
999 458 1092 492 nullo
1117 460 1215 493 modo
1227 464 1337 494 conci-

328 514 438 547 peret,
461 503 651 546 fumumque
675 502 800 544 prorsus
822 501 993 534 inodorum
1017 503 1178 536 emitteret
1196 528 1203 535 .
1238 504 1338 538 Nunc

328 557 435 582 autem
455 559 526 590 quae
550 546 694 580 indidem
718 545 815 588 egesta
837 569 849 585 ,
873 544 962 578 fausto
985 544 1169 588 hujusmodi
1195 548 1339 589 periculo

329 602 437 624 revera
462 589 592 631 adiposa
616 587 888 631 deprehenderunt
913 588 1055 630 Tulpius
1080 593 1093 628 (
1115 590 1128 621 i
1151 593 1187 629 )‚
1211 601 1245 623 ac
1258 591 1340 623 Stal-

325 636 449 676 partius
473 638 483 673 (
507 635 525 672 s<
549 637 558 670 )
588 656 597 672 ‚
620 643 684 665 non
708 631 821 665 desunt
845 632 920 665 Viri
945 632 1049 666 Docti
1072 633 1128 674 qui
1148 633 1260 674 procul
1282 635 1340 667 du-

325 677 376 712 bio
401 675 574 721 provenisse
598 676 734 710 doceant
756 686 795 709 ex
818 687 851 708 ea
875 674 1066 716 pinguedine
1089 687 1161 718 quae
1184 676 1218 708 in
1240 678 1341 710 cellu-

329 721 397 755 losa
421 720 464 754 est
487 721 646 753 exteriore
669 719 896 753 intestinorum
921 719 1029 751 tunica
1045 744 1054 750 .
1079 717 1169 752 Mihi
1194 729 1269 753 vero
1283 720 1339 754 ubi

328 766 415 799 nulla
440 786 451 804 ,
483 771 520 797 ut
541 764 575 796 in
610 764 650 795 iis
673 760 791 795 casibus
814 782 824 798 ‚
857 769 911 795 aut
935 761 1074 795 tabis-'icae
1097 763 1344 805 colliquationis

331 807 469 851 suspicio
491 805 530 839 sit
553 829 566 846 ,
597 814 652 839 aut
676 804 844 845 profundae
878 804 1101 839 intestinorum
1133 807 1343 841 exulceratio-

327 853 400 890 nis3
425 851 529 884 minus
554 848 738 890 displicebit
762 860 836 882 cum
863 847 1039 891 Stalpartio
1061 873 1074 889 ,
1104 851 1136 883 &
1160 861 1255 893 quem
1288 850 1344 884 hic

327 896 407 928 citat
429 896 444 933 (
466 893 478 927 l
501 895 515 934 )
540 916 551 932 ,
589 893 727 926 Riverio
751 892 908 935 ejusmodi
941 893 1074 935 pingues
1113 892 1303 937 dejeetiones
1327 906 1343 927 a

330 938 505 981 pingnibus
530 936 648 977 largius
672 936 857 977 devoratis,
879 946 979 978 neque
1002 935 1159 971 confec-tis
1181 947 1343 981 repetere5

325 991 403 1016 tunc
428 993 443 1014 a
479 979 631 1014 cellulosa
654 980 711 1013 illa
742 979 839 1023 usque
859 980 972 1013 tunica
1007 981 1200 1022 repetiturus
1218 1005 1232 1023 ,
1267 993 1343 1015 cum

324 1026 428 1060 ulcera
452 1022 511 1059 ess‘e
535 1046 546 1063 ‚
581 1023 750 1068 agnoscam
775 1035 846 1066 quae
870 1022 1061 1067 pinguedini
1085 1024 1208 1059 aditum
1231 1025 1266 1058 in
1289 1036 1343 1057 ca-

322 1080 402 1103 vum
437 1066 664 1101 intestinorum
689 1068 832 1112 aperiant
856 1089 866 1104 ‚
899 1066 921 1099 fi
956 1065 1054 1100 modo
1087 1067 1154 1101 haec
1188 1069 1221 1101 in
1254 1069 1341 1110 puris

323 1121 424 1152 tunc,
448 1119 502 1146 aut
527 1110 650 1146 ichoris
675 1111 807 1146 modum
833 1121 895 1142 non
909 1109 1062 1152 prodeat.
1086 1109 1146 1145 Sed
1170 1111 1245 1154 quia
1257 1112 1340 1145 niul-

322 1165 359 1189 to
384 1157 508 1194 rarius,
532 1166 566 1188 ac
590 1156 715 1189 tardius
738 1155 772 1188 in
796 1153 973 1196 dysenteria
988 1152 1133 1187 intestina
1157 1155 1339 1188 exulceran-

322 1210 401 1240 tur,
423 1209 520 1243 quam
545 1198 612 1231 alba
636 1200 692 1232 ista
716 1209 787 1241 quae
812 1196 976 1239 pinguedo
1000 1195 1211 1234 credebatur,
1235 1207 1337 1231 mate-

321 1245 369 1277 ria
394 1251 541 1285 appareat
564 1253 574 1280 3
606 1242 688 1284 quid
711 1242 815 1283 igitur
837 1239 939 1282 ipsam
964 1238 1045 1280 esse,
1070 1250 1123 1275 aut
1146 1241 1230 1275 unde
1253 1241 1338 1275 dice-

321 1286 419 1322 mus?
442 1286 615 1320 Nimirum
649 1283 809 1319 mucosam
834 1306 847 1324 ,
881 1293 917 1316 ut
941 1282 1053 1318 Celsus
1074 1295 1203 1328 quoque
1222 1308 1235 1326 ‚
1258 1285 1338 1320 sicut

319 1330 418 1376 paulo
443 1339 515 1364 ante
537 1328 662 1362 dietum
684 1329 727 1362 est
747 1352 759 1369 ,
783 1326 981 1370 appellavit,
1005 1329 1037 1360 &
1061 1329 1206 1361 vocitant
1231 1340 1337 1363 recen-

317 1377 442 1413 tiores,
467 1372 489 1407 fi
516 1373 622 1406 minus
646 1369 741 1406 crassa
763 1369 824 1409 fit,
849 1379 908 1417 aut*
926 1369 950 1403 fi
975 1372 1097 1413 magis,
1118 1373 1218 1405 etiam
1243 1373 1338 1415 poly-

320 1418 429 1464 posam
446 1442 453 1450 .
481 1417 611 1451 Scilicet
636 1425 673 1448 ut
689 1417 823 1448 irritatae
848 1414 955 1447 vesicae
977 1414 1157 1456 glandulae,
1183 1415 1225 1449 fic
1247 1417 1337 1458 glan-

319 1462 403 1498 dulae
426 1471 555 1505 quoque
577 1459 801 1493 intestinorum
823 1457 896 1501 plus
918 1456 1242 1493 secernunthumoris
1267 1460 1334 1499 sui,

322 1516 461 1548 eumque
483 1515 547 1537 non
572 1502 700 1544 qualern
723 1501 850 1540 solent,
874 1512 948 1534 cum
972 1501 1055 1534 reete
1068 1503 1194 1536 valent.
1221 1503 1336 1546 Itaque

320 1548 476 1588 mucosa,
500 1551 531 1581 δι
557 1544 662 1579 albida
684 1545 859 1587 utrobique
895 1553 1024 1586 apparet
1047 1548 1180 1579 materia
1200 1572 1208 1579 .
1234 1547 1336 1590 Qod

320 1593 344 1628 si
367 1591 496 1634 insuper
528 1601 562 1623 ea
588 1590 622 1622 in
657 1588 810 1631 sanguine
834 1586 1005 1629 dispositio
1026 1586 1066 1621 fit
1091 1610 1100 1625 ‚
1123 1598 1160 1624 ut
1185 1589 1279 1624 facile
1302 1591 1337 1625 in

319 1637 461 1681 polypos
483 1631 636 1668 coalescat
658 1644 670 1671 ς
703 1631 766 1664 erit
789 1630 844 1663 ille
877 1630 996 1664 humor
1021 1634 1123 1673 magis
1146 1633 1184 1666 ad
1208 1644 1337 1668 concre-

320 1678 469 1715 scendum
492 1685 636 1721 pronus,
659 1685 761 1717 eoque
784 1673 886 1715 magis
910 1672 967 1706 ubi
992 1673 1148 1716 ejusmodi
1173 1676 1299 1719 sanguis
1323 1701 1337 1718 ,

317 1726 354 1759 «in
380 1732 492 1757 cavum
515 1718 741 1754 intestinorum
766 1726 820 1750 aut
844 1715 999 1750 exsudans
1018 1740 1031 1757 ‚
1057 1726 1111 1751 aut
1134 1718 1270 1758 effusus,
1295 1721 1338 1754 ad

318 1768 414 1802 illum
438 1765 467 1799 se
488 1763 648 1797 addiderit
670 1788 678 1795 .
717 1762 770 1795 Sic
793 1760 879 1793 enim
912 1760 991 1794 dum
1016 1760 1178 1804 sanguinis
1204 1773 1276 1806 pars
1300 1764 1335 1797 in

318 1811 398 1846 Coli
422 1807 563 1842 intestini
587 1805 713 1840 cellulis
736 1802 893 1837 restitabit
916 1829 925 1844 ‚
959 1802 1118 1838 secedente
1141 1816 1241 1849 aquea
1262 1832 1271 1848 ,
1304 1810 1337 1842 δε

319 1853 496 1890 subsidente
521 1849 792 1894 rubra-portione
815 1872 824 1887 ‚
854 1858 897 1880 eae
921 1858 990 1890 quae
1024 1847 1245 1890 relinquentur
1267 1850 1337 1883 san-

320 1898 453 1941 guinis,
476 1904 512 1930 ut
536 1904 675 1928 vocant.
703 1891 790 1927 fibrae
814 1890 1087 1936 facile-poterunt
1110 1892 1145 1924 in
1157 1894 1339 1926 concretio-

320 1953 377 1976 nes
401 1937 574 1983 polyposas
599 1936 792 1979 compingi,
839 1944 886 1966 uae
910 1936 962 1967 sua
986 1933 1152 1975 albedine,
1176 1941 1213 1969 ut
1236 1937 1337 1970 toties

318 1986 404 2019 olim
427 1985 460 2016 in
484 1980 582 2015 corde
599 2008 607 2019 ,
634 1989 687 2014 aut
711 1978 789 2012 vafis
814 1946 926 2012 {lucum
950 1976 1116 2018 fecerunt,
1139 1981 1169 2012 &
1192 1981 1338 2022 propin-

320 2029 459 2072 guedine
483 2034 619 2068 acceptae
645 2023 717 2058 sunt
742 2045 756 2062 ,
789 2023 835 2054 ita
859 2031 936 2054 mox
959 2031 1032 2054 cum
1058 2022 1262 2055 recrementis
1286 2022 1339 2056 de-

322 2072 418 2106 trusae
434 2094 441 2108 ‚
466 2068 519 2102 hic
542 2079 671 2111 quoque
697 2076 756 2108 pro
778 2063 974 2108 pinguedine
997 2064 1106 2098 haberi
1132 2074 1285 2106 poterunt
1300 2091 1307 2097 .

369 2116 417 2148 18.
443 2113 609 2147 Alterutra
634 2111 760 2152 igitur,
784 2108 833 2141 vel
856 2116 1013 2150 utraque,
1038 2109 1085 2141 vel
1110 2108 1218 2151 aliqua
1240 2110 1341 2142 etiam

322 2160 448 2194 ratione
472 2156 532 2190 alia
557 2166 596 2188 ex
620 2154 660 2187 iis
675 2163 752 2196 quas
776 2151 1107 2186 indicavitLancisius
1127 2153 1143 2190 (
1165 2162 1197 2185 m
1218 2155 1253 2192 )‚
1280 2165 1340 2196 po.

322 2203 403 2237 terit
429 2211 488 2243 pro
510 2199 598 2231 varia
621 2195 850 2239 aegrotantium
876 2193 1133 2235 constitutione,
1157 2197 1190 2229 δε
1215 2207 1274 2238 pro
1284 2208 1340 2229 va-

323 2248 370 2280 ria
394 2244 500 2278 morbi
526 2252 661 2280 natura,
684 2242 716 2273 &
741 2249 888 2282 tempore
907 2260 919 2277 ,
944 2249 978 2271 ac
1002 2239 1078 2272 loco
1100 2238 1238 2282 denique
1257 2264 1270 2280 ‚
1308 2243 1341 2273 &

324 2287 425 2324 modo
448 2298 514 2330 quo
538 2286 634 2319 lenrae
652 2285 869 2320 retineantur,
893 2280 1167 2325 disponanturque
1177 2284 1344 2324 materiae,

324 2344 391 2367 non
415 2330 517 2365 solum
542 2330 637 2370 origo
660 2326 800 2367 intelligi
827 2326 999 2367 pinguium
1023 2325 1158 2359 istorum
1184 2352 1192 2365 ,
1233 2336 1269 2360 ut
1293 2328 1341 2358 vj-

325 2376 481 2411 debantur
495 2395 503 2409 ‚
528 2380 702 2414 corporum
715 2392 727 2408 ,
750 2368 798 2401 sed
813 2371 844 2400 δε
860 2377 1078 2401 ramentorum
1090 2391 1099 2405 ‚
1126 2370 1193 2401 imo
1205 2372 1237 2401 &
1249 2381 1344 2410 gran-

326 2420 417 2454 dium
442 2428 512 2459 quae
535 2416 620 2455 egeri
645 2413 740 2446 dietae
765 2411 858 2444 sunt.
882 2410 1137 2444 membranarum
1153 2434 1165 2451 ‚
1190 2410 1345 2444 facillime

326 2472 432 2497 autem
456 2453 657 2500 quorundam
681 2466 720 2487 ex
743 2454 810 2487 illis
836 2455 907 2487 aliis
929 2453 1120 2495 corporibus
1143 2465 1215 2498 quae
1233 2465 1347 2488 carno-

327 2507 359 2541 sa
383 2518 397 2539 a
422 2502 523 2537 Celso
548 2501 618 2535 sunt
643 2497 826 2541 appellata,
848 2496 871 2530 si
895 2496 1046 2530 videlicet
1069 2508 1135 2530 non
1159 2506 1227 2530 tota
1251 2497 1347 2532 rubra

328 2548 492 2584 sanouinis
517 2546 628 2588 portio
654 2542 691 2577 fit
716 2553 754 2576 ex
777 2540 843 2584 ejus
868 2541 948 2574 albis
971 2540 1221 2575 coalescentibus
1256 2540 1348 2576 fibris

328 2578 464 2636 expiessa
480 2615 488 2622 .
514 2588 611 2623 Unde
634 2589 733 2621 etiam
757 2586 921 2628 intelligas
945 2585 1040 2623 licet,
1063 2596 1160 2628 quam
1182 2594 1274 2618 caute
1296 2586 1347 2619 uti

329 2643 480 2679 oporteat
512 2633 568 2666 illa
594 2631 812 2674 Hippocratis
834 2633 847 2668 (
870 2639 890 2661 n
914 2632 928 2668 )
952 2627 1163 2670 p1·aedi6tione
1189 2642 1198 2661 .-
1228 2632 1268 2660 .A
1290 2630 1347 2672 dy-

323 2679 462 2725 finieria
485 2674 593 2711 habito
609 2674 637 2717 fi
660 2673 765 2708 veluti
787 2671 964 2706 caruncula
982 2679 1095 2705 exeant
1111 2697 1121 2712 ,
1145 2671 1262 2705 lethale
1287 2673 1346 2712 esl:

330 2734 387 2757 nec
412 2721 481 2755 sane
505 2722 531 2753 is
554 2722 611 2762 qui
636 2716 675 2750 de
700 2716 832 2759 polypis
858 2715 1010 2759 praeclare
1021 2725 1148 2758 egerat,
1171 2715 1252 2748 illud
1266 2726 1347 2757 prae-

329 2764 466 2801 tei-vidit
490 2761 700 2798 Doctiffimus
715 2760 797 2793 pasta
821 2762 836 2799 (
859 2762 932 2804 o).
1066 2761 1229 2792 Caeterum
1250 2770 1347 2801 quam

332 2821 415 2845 nunc
439 2806 602 2841 mucosam
628 2830 637 2845 ,
671 2813 723 2837 aut
748 2803 940 2846 polyposam
974 2803 1141 2835 materiam
1174 2802 1312 2836 dicimus
1335 2826 1349 2844 ,

333 2849 552 2893 eamMajorcs
577 2847 767 2891 pituitosam
779 2846 842 2880 fere
857 2868 866 2883 ‚
890 2857 924 2879 ac
937 2844 1094 2879 viscidam
1108 2848 1249 2879 vocitare
1273 2857 1350 2879 con-

336 2896 527 2932 sueverant,
565 2895 596 2924 &
622 2893 723 2933 aliqui
761 2892 793 2922 in
818 2889 868 2923 his
902 2891 1000 2923 etiam
1023 2901 1094 2931 quae
1132 2888 1185 2922 hic
1208 2890 1350 2931 explica-

334 2950 428 2978 mus,
452 2938 633 2974 agnoscere.
661 2935 712 2966 Sic
728 2957 740 2974 ,
763 2945 799 2966 ne
824 2933 931 2966 multo
953 2933 1176 2967 vetustiffimos
1187 2944 1348 2979 quaeram,

335 2976 554 3016 animadverto
575 3004 582 3018 ‚
621 2978 775 3019 Iacobum
801 2977 1026 3018 Berengarium
1060 2980 1114 3019 (p
1135 2981 1149 3017 )
1182 2976 1249 3010 haec
1275 2978 1349 3009 scri—

337 3026 449 3059 osissc:
474 3027 516 3057 (φ
538 3033 590 3065 ego
613 3017 682 3054 :vidi
703 3022 735 3053 in
760 3019 912 3059 imtstz'nis
937 3022 1015 3054 meis
1035 3021 1180 3063 generari
1205 3020 1287 3053 coria
1311 3031 1349 3053 ex

324 3052 477 3118 flegmate
490 3089 501 3106 ‚
526 3069 567 3101 Θ
593 3075 715 3097 carnem
731 3061 944 3106 flegmaticum
968 3063 1150 3105 aliqualiter
1174 3063 1349 3102 rubeamad

330 3113 547 3159 quantitatem
572 3106 724 3140 notabilis
747 3106 837 3138 nucis
853 3130 860 3136 .
885 3106 957 3139 Nec
982 3107 1080 3139 aliam
1099 3107 1348 3148 Ferneliutssq)

332 3158 505 3193 materiam
527 3149 666 3185 credidit
693 3148 776 3182 sirmi
802 3149 892 3184 illius
915 3153 1083 3192 corporis,
1108 3150 1277 3193 medioque
1289 3150 1351 3182 du-

332 3203 387 3236 &u
421 3196 537 3242 pertusi
561 3193 648 3238 quod
683 3192 769 3236 pedis
793 3193 996 3235 longitudine
1031 3193 1135 3236 egessit
1169 3194 1278 3226 Caroli
1303 3194 1346 3226 V.

333 3248 452 3285 Imper.
479 3242 638 3281 Legatos,
662 3237 700 3269 sic
728 3235 867 3279 pristinae
890 3237 1066 3270 valetudini
1094 3237 1273 3270 restitutus.
1298 3238 1351 3271 De

335 3287 534 3322 GabncinO,
560 3284 590 3314 δι
617 3281 743 3312 Platero
768 3280 842 3313 sileo
861 3302 874 3318 ‚
896 3291 1029 3321 quorum
1054 3281 1239 3313 sententiam
1263 3291 1351 3313 com-

335 3329 527 3365 memoravit
554 3326 722 3358 Sennertus
746 3327 759 3362 (
783 3335 798 3355 r
820 3327 834 3362 >
854 3346 867 3362 ‚
894 3334 948 3356 nec
972 3324 1135 3359 Lancisius
1159 3325 1320 3366 ignoravit
1337 3346 1351 3363 ,

335 3387 407 3409 cum
430 3380 607 3413 utrumque
631 3367 718 3401 ultro
740 3366 838 3400 salsus
859 3365 899 3399 est
924 3367 1004 3410 (s)
1027 3376 1096 3400 ante
1120 3366 1149 3401 se
1173 3368 1283 3400 taenias
1302 3368 1353 3400 in-

915 75 1074 130 Liber
1106 75 1199 129 111.
1234 75 1319 129 De
1345 74 1564 129 *Morbis
1597 76 1814 130 Ventris

1381 154 1570 189 testinorum
1593 153 1744 196 quasdam
1767 166 1886 189 vermes
1907 166 1972 190 nen
1991 156 2070 200 esse,
2094 157 2253 196 docuisse.
2279 156 2389 207 Ipsum

1383 208 1488 231 autern
1515 200 1703 232 Sennertum
1723 201 1737 237 (
1759 205 1775 231 t
1795 203 1810 239 )
1832 199 1880 231 vel
1907 202 2008 244 magis
2031 202 2151 243 laudo,
2172 203 2262 247 quod
2276 203 2392 245 ejectas

1383 252 1399 273 a
1419 239 1626 282 dysentericis
1648 241 1706 283 qui
1729 242 1948 276 convalescant
1969 266 1982 284 ,
2019 247 2213 280 membranas
2236 245 2394 288 mucosum

1382 284 1439 317 esle
1462 292 1712 325 excrementum,
1735 286 1856 319 censuit
1873 311 1882 325 ‚
1904 288 1983 327 quod
2005 288 2038 321 in
2060 290 2210 330 intestinis
2230 289 2306 323 hanc
2322 288 2393 332 for-

1385 337 1469 361 mam
1492 328 1652 368 accipiat:
1687 338 1786 371 neque
1809 328 2010 364 necessarium
2035 332 2093 365 esse
2114 354 2122 369 ‚
2153 341 2188 367 ut
2212 333 2316 376 ipsum
2340 334 2392 369 seu

1387 370 1460 409 sua,
1484 370 1535 403 seu
1558 368 1718 411 sanguinis
1741 371 1866 406 admisti
1888 371 1995 407 forma
2029 374 2150 418 semper
2172 386 2358 411 excernatur
2379 389 2394 418 ;

1389 412 1439 447 sed
1462 413 1546 457 posse
1569 413 1665 446 aliam
1688 414 1816 448 induere
1841 429 1850 453 3
1884 427 1955 449 nam
1977 418 2121 452 videmus
2143 421 2279 462 quotidie
2299 444 2311 461 ‚
2343 421 2395 454 in-

1388 458 1462 498 quit
1484 480 1495 496 ,
1521 454 1621 498 fibras
1636 456 1804 500 sanguinis
1826 460 1858 492 in
1882 471 1994 502 aquam
2018 461 2154 495 calidam
2175 462 2286 506 effusas
2309 463 2394 497 albe-

1383 501 1489 544 scere.
1516 499 1638 538 Vides,
1665 509 1701 533 ut
1724 503 1859 543 propius
1882 503 1922 535 ad
1944 504 1976 537 id
2002 503 2158 538 accesserit
2182 506 2270 549 quod
2292 508 2394 550 magis

1389 543 1504 577 diserte
1530 554 1611 575 anno
1623 543 1754 578 demum
1780 545 2040 587 1685.indi'cavit
2064 549 2281 584 Zollicoferus
2303 555 2394 591 (u),

1391 599 1464 621 cum
1487 586 1636 620 videlicet
1659 587 1698 620 de
1720 588 1761 620 iis
1785 588 1913 631 polypis
1936 591 2030 625 verba
2054 591 2172 627 faciens
2193 618 2202 632 ,
2225 595 2281 636 qui
2306 603 2395 627 extra

1392 633 1497 664 alveos
1530 630 1692 672 sanguinis
1717 632 1917 673 reperiuntur
1937 655 1946 670 ‚
1978 635 2067 668 &in
2099 637 2165 670 illis
2200 637 2237 670 de
2270 638 2397 680 polypo

1393 681 1469 708 'tunc
1495 682 1620 715 reperto
1643 675 1793 716 aSponio
1816 676 1849 708 in
1874 676 1957 717 pelvi
1972 679 2093 719 renali‚
2116 691 2175 722 quo
2188 678 2301 722 forte,
2326 684 2396 722 ait,

1394 719 1490 751 ctiam
1513 715 1623 759 referri
1638 716 1737 763 poffet
1758 720 1914 753 concretio
1935 720 1992 753 illa
2011 723 2164 765 pituitosa
2187 744 2197 760 ‚
2219 734 2312 766 quam
2333 727 2396 768 Ju-

1388 761 1456 801 stus
1480 760 1601 804 Lipsius
1619 769 1678 803 per
1699 761 1810 795 alvum
1829 785 1841 802 ‚
1873 762 2084 803 intestinorum
2099 766 2208 809 forma
2226 791 2235 805 ‚
2271 771 2312 802 Θ
2336 769 2395 803 illa

1395 803 1461 846 ipsa
1483 801 1537 847 effe
1559 811 1727 837 autumans
1750 826 1761 843 ,
1792 806 1935 854 excrepit
1954 830 1962 837 .
1995 808 2096 849 Qod
2119 810 2225 853 ipsum
2260 810 2396 856 denique

1394 846 1590 881 disertiffime
1610 869 1620 884 ‚
1654 857 1710 880 nec
1732 846 1912 881 dubitantis
1934 849 1967 882 in
1990 851 2123 886 modum
2144 875 2154 891 ‚
2189 855 2338 897 praeclare
2360 868 2397 890 ac

1395 889 1609 925 multifariam
1632 889 1827 932 illustravit,
1849 895 1881 925 &
1904 891 2107 929 confirmavit
2130 896 2315 933 Lancifius.

1443 944 1490 975 19.
1515 935 1659 977 Apparet
1683 934 1786 976 igitur
1803 958 1815 975 ‚
1838 934 1920 977 posse
1944 937 1978 969 in
2001 937 2177 980 dysenteria
2201 944 2332 985 pinguia
2358 944 2397 980 ad

1394 978 1528 1020 speciem
1549 989 1685 1020 corpora
1710 1001 1719 1015 ,
1746 980 1779 1011 &
1802 979 1929 1012 carnosa
1947 1002 1960 1020 ‚
1992 982 2025 1014 &
2049 983 2245 1017 membranea
2269 998 2398 1029 quoque

1394 1020 1511 1065 dejici,
1534 1022 1625 1054 nullo
1647 1021 1749 1055 ulcere
1771 1022 1918 1068 intestina
1931 1022 2107 1059 afficiente:
2130 1038 2310 1072 quanquam
2322 1031 2400 1065 Sen-

1392 1073 1501 1098 nertus
1525 1068 1538 1104 (
1560 1075 1582 1098 x
1603 1067 1617 1104 )
1640 1074 1751 1107 neget,
1777 1066 1827 1103 se,
1852 1069 1884 1099 ὃ(
1905 1068 2084 1102 Cratonem
2115 1071 2197 1104 talia
2219 1081 2361 1107 ramenta
2386 1097 2399 1114 ,

1392 1108 1434 1142 &
1465 1106 1660 1142 membranas
1683 1120 1761 1150 quas
1791 1108 1966 1151 describunt
1989 1112 2047 1144 alii
2066 1135 2076 1150 ,
2107 1114 2212 1148 videre
2231 1114 2363 1160 potuzffe
2385 1141 2399 1159 ,

1391 1152 1490 1185 etiam
1515 1150 1571 1193 ubi
1596 1150 1689 1184 essent
1713 1151 1817 1186 ulcera
1838 1174 1846 1185 .
1883 1153 1965 1186 Haec
1988 1156 2074 1188 enim
2108 1156 2234 1191 fuerant
2255 1169 2342 1193 certe
2366 1162 2399 1195 in

1390 1196 1431 1228 iis
1455 1205 1594 1238 quorum
1629 1194 1687 1236 ipsi
1724 1195 1830 1230 minus
1854 1195 2019 1231 credibiles
2042 1198 2230 1235 videbantur
2262 1203 2401 1239 sanatio-

1389 1249 1444 1273 nes
1467 1250 1484 1272 a
1507 1237 1712 1272 Meichsnero
1735 1241 1792 1280 (y
1815 1243 1849 1279 ),
1869 1242 1901 1272 ὃ(
1925 1241 2063 1274 Saxonia
2087 1243 2280 1287 propositae.
2305 1247 2402 1282 Illius

1389 1283 1475 1316 enim
1498 1293 1523 1316 ae
1548 1293 1580 1315 er
1611 1293 1684 1315 cum
1710 1292 1786 1324 pure
1808 1282 1888 1324 saepe
1912 1294 2088 1321 excreverat
2119 1288 2317 1323 membranas
2331 1291 2403 1333 spi-

1389 1325 1499 1360 thamae
1536 1325 1735 1368 ongitua'ine5
1760 1324 1856 1369 hujus
1881 1335 1988 1361 autem
2011 1339 2094 1371 aegra
2119 1330 2197 1364 ulnae
2229 1332 2403 1377 longitudi-

1388 1379 1424 1403 ne
1448 1369 1665 1403 membranam
1690 1380 1729 1402 ex
1751 1370 1856 1405 Recto
1877 1370 2029 1405 intestino
2052 1373 2232 1408 exulcerato
2255 1400 2262 1407 .
2295 1378 2402 1419 Equi.

1389 1412 1462 1446 dem
1486 1414 1519 1445 in
1545 1411 1689 1445 Pantheo
1710 1434 1724 1452 ,
1747 1412 1835 1456 quod
1859 1414 1940 1448 citat
1965 1416 2135 1450 Sennertus
2156 1442 2166 1457 ,
2199 1419 2278 1461 quid
2302 1421 2404 1454 Saxo·-

1388 1457 1449 1489 niae
1474 1457 1604 1489 nomine
1627 1455 1751 1489 editum
1774 1455 1849 1504 sit(
1871 1468 1895 1501 z
1917 1461 1932 1499 )
1955 1459 2061 1493 minus
2086 1461 2314 1497 attendendum
2338 1475 2404 1498 cre-

1387 1498 1526 1533 diderim
1551 1497 1621 1542 post
1643 1498 1738 1541 justas
1761 1498 1857 1540 huius
1880 1500 1921 1534 de
1945 1502 2079 1536 Panthei
2102 1504 2225 1538 editore
2249 1505 2404 1542 Uffenba-

1387 1542 1466 1576 chio
1490 1543 1630 1586 querelas
1652 1546 1666 1583 (
1688 1554 1705 1576 a
1728 1547 1760 1584 )‚
1784 1543 1963 1586 praesertim
1984 1557 2059 1580 cum
2081 1548 2115 1580 in
2140 1550 2403 1586 praelectionibus

1389 1587 1536 1621 Saxoniae
1561 1587 1715 1620 practicis
1738 1598 1843 1633 ,Nquae
1867 1586 1920 1621 hic
1943 1589 2047 1631 postea
2072 1590 2165 1625 editae
2191 1592 2261 1627 sunt
2277 1617 2289 1634 ,
2315 1595 2401 1628 nihil

1390 1641 1405 1662 a
1429 1641 1479 1663 me
1503 1629 1635 1673 quidem
1669 1629 1848 1663 istiusmodi
1876 1634 2052 1674 reperiatur
2071 1656 2079 1670 ‚
2106 1634 2155 1668 sed
2181 1636 2244 1669 hoc
2271 1647 2400 1674 rantum

1387 1677 1401 1712 (
1423 1673 1442 1706 b
1463 1677 1476 1713 )
1496 1686 1507 1711 ς
1539 1672 1627 1716 quod
1651 1675 1684 1707 &
1716 1672 1822 1714 ipsum
1847 1675 2002 1709 Sennerto
2023 1676 2171 1720 displicet
2195 1691 2206 1718 ,-
2231 1683 2405 1716 Saxoniarn

1389 1724 1523 1758 quatuor
1544 1714 1653 1761 vidiffe
1684 1715 1891 1758 dysentericos
1915 1720 1947 1752 in
1970 1718 2082 1760 quibus
2116 1722 2148 1755 in
2171 1723 2238 1756 dics
2262 1735 2407 1760 excerne-

1388 1759 1502 1793 bantur
1519 1759 1682 1801 portiones
1704 1759 1841 1799 intestini
1863 1768 1930 1795 tam
1953 1773 2069 1806 magnae
2084 1787 2094 1802 ‚
2120 1771 2158 1797 ut
2173 1765 2254 1809 saepe
2277 1770 2407 1802 excede-

1390 1809 1460 1836 rent
1482 1802 1656 1845 mensuram
1679 1803 1777 1836 trium
1799 1802 1852 1836 vel
1874 1813 2007 1847 quatuor
2030 1806 2202 1849 digitorum
2226 1821 2236 1847 3
2272 1822 2310 1844 ex
2333 1813 2408 1855 qui-

1388 1845 1448 1879 bus
1471 1845 1543 1879 duae
1568 1846 1716 1878 mulieres
1740 1845 1853 1880 sanatae
1878 1847 1970 1882 sunt.
1996 1850 2187 1895 Har-umque
2210 1864 2269 1886 una
2291 1853 2408 1888 fortas-
2432 1888 2434 1893 ,

1390 1888 1419 1922 se
1445 1887 1532 1924 fuit,
1557 1899 1651 1931 quam
1675 1887 1732 1921 fibi
1760 1891 1882 1923 Patavii
1907 1904 1922 1924 a
1948 1894 2147 1935 Praeceptore
2170 1896 2308 1931 Saxonia
2329 1898 2409 1932 Cas-

1390 1942 1483 1974 parus
1515 1930 1734 1965 Hoffmannus
1757 1935 1770 1971 (
1793 1945 1809 1966 c
1831 1936 1845 1972 )
1882 1933 1992 1968 scribit
2016 1936 2169 1972 ostensam
2191 1952 2262 1974 ciuae
2288 1944 2321 1974 in
2345 1941 2409 1985 dy-

1392 1975 1526 2008 senteria
1558 1984 1736 2008 excreverat
1756 1984 1879 2016 partem
1914 1978 2052 2018 intestini
2072 1979 2215 2023 palmam
2248 1984 2372 2029 longam
2397 2007 2408 2023 ,

1391 2016 1562 2064 videlicet.
1586 2027 1623 2051 ut
1647 2019 1789 2059 opinor,
1813 2019 1834 2052 ii
1860 2022 2011 2057 universae
2036 2024 2100 2058 illae
2124 2036 2256 2061 excretae
2280 2031 2410 2071 portio-

1390 2071 1446 2094 nes
1469 2062 1651 2103 conJuncOtae
1674 2061 1934 2104 intelligerentur
1958 2092 1966 2100 .
1999 2067 2087 2103 Illud
2111 2077 2216 2105 tamen
2248 2072 2297 2107 ibi
2322 2083 2410 2115 egre-

1392 2105 1445 2148 gie
1468 2104 1548 2138 fecit
1572 2105 1741 2139 Sennertus
1763 2106 1852 2148 quod
1875 2109 1961 2141 ultro
1984 2109 2078 2146 fassus
2101 2113 2144 2147 est
2164 2135 2174 2152 ,
2204 2115 2307 2149 multa
2334 2115 2409 2159 fieri

1389 2146 1470 2192 posse
1494 2158 1559 2190 quae
1581 2148 1648 2196 ipse
1671 2159 1729 2182 non
1751 2147 1878 2194 vidi-[let
1896 2176 1904 2183 .
1931 2153 2008 2186 Sane
2030 2155 2053 2188 si
2077 2160 2229 2199 perpauci
2252 2160 2324 2192 anni
2349 2159 2408 2193 ad-

1394 2191 1456 2224 diti
1481 2192 1578 2225 effent
1602 2202 1668 2235 ejus
1691 2194 1766 2226 vitae
1788 2204 1799 2232 ς
1832 2194 1950 2238 Tulpii
1975 2199 1988 2236 (
2011 2198 2031 2230 cl
2052 2202 2066 2238 )
2102 2199 2223 2242 legisset
2247 2202 2410 2237 Observa-

1394 2236 1520 2269 tionem
1553 2236 1609 2276 qui
1643 2236 1682 2268 ab
1716 2236 1841 2271 acribus
1875 2239 2099 2277 intestinorum
2132 2246 2325 2280 torminibus
2356 2258 2413 2280 eo.

1396 2289 1529 2321 rumque
1555 2278 1792 2312 exulceratione
1816 2281 1958 2316 accidisse
1982 2284 2064 2319 vidit
2081 2310 2093 2327 ‚
2118 2297 2154 2322 ut
2178 2297 2248 2322 tota
2265 2289 2412 2324 intestini

1387 2323 1494 2362 ⁸Reffi
1518 2323 1655 2354 interior
1679 2323 1861 2357 membrana
1886 2327 1931 2358 ita
1956 2338 1994 2361 ex
2015 2327 2078 2363 hoc
2099 2332 2245 2373 prodiret
2268 2356 2280 2373 ,
2302 2343 2338 2368 ut
2362 2335 2417 2366 in-

1398 2364 1436 2414 de
1460 2365 1596 2407 pendula
1616 2365 1659 2415 ,ab
1681 2365 1753 2407 ipso
1772 2390 1785 2407 ,
1817 2370 1850 2401 &
1874 2370 2019 2410 pluribus
2042 2374 2183 2413 Medicis
2207 2375 2289 2411 duos
2313 2377 2413 2411 tresve

1398 2407 1465 2441 dies
1489 2408 1789 2455 spectari—potuerit
1812 2432 1824 2450 ‚
1846 2411 2037 2453 prohibente
2058 2416 2148 2452 illius
2170 2417 2261 2453 firma
2287 2421 2326 2454 ad
2350 2418 2414 2463 ῥο-

1397 2452 1502 2485 dicem
1525 2450 1702 2484 adhaesione
1724 2453 1905 2488 celeriorem
1928 2455 2091 2500 delapsum
2105 2487 2112 2495 .
2138 2461 2240 2496 Sed&
2263 2462 2415 2498 mihihic

1398 2494 1520 2536 obtigit
1554 2494 1710 2528 Kalendis
1728 2496 1840 2540 Juniis
1870 2500 1910 2531 A.
1940 2509 2030 2541 1729.
2057 2513 2094 2536 ut
2132 2505 2175 2537 ob
2207 2507 2410 2541 consimilem

1398 2538 1504 2571 casum
1538 2538 1630 2570 enixe
1655 2549 1783 2581 rogarer
1815 2549 1851 2574 ut
1875 2541 2051 2578 Hebraeum
2083 2547 2298 2583 Mercatoi-em
2315 2552 2415 2596 Jaco-

1397 2582 1475 2615 bum
1498 2580 1545 2614 del
1568 2580 1693 2614 Vecchio
1715 2581 1850 2616 consilio
1883 2583 2025 2626 juvarem
2050 2599 2121 2622 meo
2145 2616 2153 2623 .
2190 2594 2279 2627 Huic
2305 2595 2338 2627 in
2363 2593 2413 2628 fe-

1399 2625 1466 2658 bris
1489 2624 1637 2667 rnalignae
1658 2624 1872 2660 declinatione
1895 2627 1992 2662 dolor
2014 2631 2053 2664 ad
2076 2633 2415 2672 Reftumintestinum

1399 2667 1631 2713 molestissimus
1663 2667 1798 2703 obortus
1822 2680 1888 2703 erat
1910 2683 1983 2706 cum
2008 2674 2158 2717 ponderis
2184 2703 2192 2716 ‚
2217 2682 2249 2713 δε
2273 2681 2416 2723 impedi·

1401 2713 1501 2746 menti
1528 2710 1637 2744 sensu:
1661 2715 1694 2745 &
1716 2713 1855 2757 denique
1875 2726 1949 2749 curn
1973 2716 2120 2759 sanguine
2144 2724 2228 2757 exire
2253 2735 2352 2767 nuper
2375 2736 2415 2759 ex

1400 2768 1466 2790 ano
1489 2756 1676 2797 inceperat,
1700 2768 1796 2799 quam
1819 2758 1891 2791 inde
1914 2760 2102 2802 pendentem
2115 2766 2265 2809 conspexi
2281 2789 2290 2805 ‚
2314 2768 2417 2803 crassa

1403 2799 1553 2843 quaedam
1577 2824 1584 2838 ,
1620 2808 1655 2831 ut
1679 2799 1848 2834 videbatur
1867 2824 1879 2841 ,
1912 2804 2092 2839 membrana
2117 2831 2126 2846 ‚
2154 2812 2190 2844 ad
2216 2811 2267 2844 sex
2290 2810 2415 2854 digitos

1402 2842 1583 2878 tranversos
1607 2842 1726 2884 longa,
1749 2845 1866 2886 pollice
1889 2845 2009 2888 latior,
2032 2851 2140 2885 colore
2162 2865 2200 2886 ex
2223 2857 2350 2888 cinereo
2372 2856 2416 2889 li-

1401 2886 1497 2923 vida,
1520 2895 1556 2920 ut
1581 2896 1746 2928 gangraena
1771 2897 1901 2922 tentatae
1933 2891 2121 2928 membranae
2146 2896 2248 2931 solent
2272 2910 2281 2931 .·
2312 2889 2416 2943 ηεεμιέ

1402 2929 1568 2980 εξεεὶἀεὺεε
1594 2940 1700 2962 tamen
1715 2957 1722 2970 ,
1748 2932 1868 2974 quippe
1892 2933 2173 2973 intraintestinum
2199 2943 2386 2977 continuata
2402 2967 2416 2982 ,

1401 2985 1494 3016 eique
1517 2984 1632 3020 annexa
1653 2994 1662 3009 ‚
1696 2983 1851 3017 quantum
1877 2979 2124 3015 animadvertere
2148 2984 2329 3028 Chirurgus
2354 2998 2416 3029 po-

1402 3027 1485 3050 terat
1501 3041 1508 3052 ,
1534 3016 1684 3049 lenissime
1707 3018 1901 3060 explorans;
1925 3032 1996 3055 nam
2021 3024 2077 3058 etsi
2103 3026 2217 3068 abejus
2242 3032 2333 3064 exitu
2354 3028 2416 3064 do-

1401 3061 1453 3094 lor
1477 3061 1581 3094 faustus
1606 3068 1671 3093 erat
1696 3062 1830 3101 mitior,-
1856 3062 1980 3106 sanguis
2006 3076 2110 3102 tamen
2145 3070 2277 3106 subinde
2302 3073 2416 3115 prodi-

1402 3105 1479 3145 bat,
1503 3101 1602 3137 febris
1612 3112 1716 3153 autem
1740 3115 1772 3137 ea
1787 3104 1865 3153 hor-a
1891 3108 1992 3150 major
2003 3122 2068 3145 erat
2085 3135 2099 3153 ‚
2119 3125 2216 3156 quam
2238 3127 2329 3150 mane
2348 3116 2417 3151 fue-

1404 3158 1472 3182 rat.
1499 3151 1614 3196 Itaque
1637 3158 1678 3181 iis
1703 3158 1774 3190 quae
1798 3151 1861 3182 visa
1886 3154 1956 3186 sunt
1978 3158 2172 3199 convenire,
2194 3171 2267 3194 cum
2293 3161 2414 3194 seniore
2448 3164 2452 3166 ’

1405 3192 1481 3235 aegri
1506 3192 1639 3225 Medico
1662 3199 1739 3223 tunc
1762 3193 1970 3237 constitutis,
1993 3196 2129 3233 discessi.
2154 3203 2222 3236 Hic
2247 3204 2415 3238 autemin-

1403 3234 1519 3269 secutis
1544 3233 1849 3283 diebus-certiorem
1874 3251 1922 3273 nie
1948 3240 2026 3273 fecit
2046 3267 2054 3281 ‚
2088 3245 2238 3280 excidisse
2261 3247 2417 3281 membra-

1403 3290 1500 3319 nam,
1525 3288 1579 3320 pcr
1603 3277 1792 3318 sphincteris
1816 3285 1926 3322 potius
1949 3285 2211 3323 constrictionem
2234 3313 2248 3331 ,
2271 3300 2305 3324 ut
2328 3291 2418 3324 vide·-

1402 3322 1495 3357 batur
1509 3345 1522 3362 ,
1545 3320 1713 3370 abruptam
1724 3344 1736 3360 ‚
1760 3334 1855 3365 quam
1867 3327 2026 3375 integram
2040 3343 2050 3362 .·
2066 3330 2252 3374 sanguinem
2273 3335 2389 3367 iterum
2402 3356 2415 3374 ‚

1404 3369 1435 3399 ὃς
1460 3375 1595 3408 pravum
1618 3361 1906 3409 ich01·emexiifle5
1930 3372 2123 3415 singultum,
2147 3379 2201 3419 qui
2225 3388 2333 3411 omnes
2347 3388 2417 3420 pet-

2276 3429 2373 3454 terre-

635 3473 2424 3500 ᾕ--ψηΓ-ῂ--ἣ-*Ἢ

396 3539 409 3567 (
426 3539 440 3562 h
455 3538 468 3567 )
487 3537 592 3566 apolog.
608 3543 652 3565 pro
668 3532 724 3559 Gal.
743 3533 759 3558 1.
777 3539 801 3557 ι.
819 3534 842 3558 S·
862 3542 887 3561 4.
903 3538 926 3555 c.
943 3540 995 3557 122.

397 3571 404 3597 s
425 3577 447 3592 ra
465 3569 477 3597 )
497 3568 553 3592 Diss‘.
571 3568 599 3591 de
617 3566 682 3594 tripl.
700 3563 778 3588 intest.
796 3564 902 3593 polypo.
969 3567 978 3588 (
996 3572 1011 3587 n
1027 3564 1041 3591 )
1058 3565 1078 3587 S⁴
1095 3571 1118 3591 4.
1136 3562 1201 3591 Apri.
1218 3566 1258 3587 26.

401 3601 442 3628 (q
459 3601 467 3628 2⁴
485 3599 583 3622 Pathol-
601 3597 617 3620 l.
635 3600 657 3619 6.
675 3603 696 3619 c.
715 3603 737 3624 9.

399 3630 409 3657 (
428 3637 443 3652 u
461 3632 468 3657 )
485 3628 540 3652 Diff.
559 3629 586 3652 de
605 3627 700 3656 Polypo
714 3625 777 3649 cord.
797 3624 823 3658 §.V
839 3628 862 3649 6.

398 3660 410 3688 (
429 3668 446 3687 ζ
463 3664 470 3687 )
487 3658 572 3682 randi.
593 3660 605 3681 l⁴
626 3665 646 3687 3.
666 3664 686 3681 c.
705 3663 741 3684 ²3.
762 3660 787 3679 ut
804 3661 864 3679 citat
881 3656 993 3681 Sennea.

398 3691 412 3718 (
429 3697 440 3713 c
456 3702 465 3718 2
483 3696 502 3713 c.
523 3695 571 3713 ιιι.
584 3687 626 3712 eit.
646 3687 713 3716 supra
727 3686 756 3712 ud
773 3693 798 3710 n.
817 3694 858 3715 17.
918 3686 932 3714 ί
948 3685 964 3709 ό
983 3686 992 3714 )
1010 3685 1067 3709 Obs.
1087 3685 1156 3709 Med.
1173 3686 1190 3709 l.
1204 3692 1231 3722 ἔ.
1250 3692 1269 3709 c.
1288 3691 1326 3712 17.

926 3625 940 3652 (
955 3631 970 3647 x
989 3629 996 3653 J
1013 3631 1052 3653 qu.
1068 3623 1109 3647 eit.

1057 3531 1064 3561 (
1084 3532 1124 3562 ι’)
1143 3531 1201 3556 Obs.
1224 3530 1291 3557 Med.
1309 3530 1326 3555 l.
1346 3539 1367 3560 3.
1386 3538 1406 3555 c.
1425 3535 1461 3557 18.

1318 3561 1327 3590 (
1345 3570 1357 3585 o
1375 3562 1384 3592 )
1400 3562 1426 3586 in
1443 3563 1505 3585 Not.
1524 3561 1553 3585 ad
1570 3562 1633 3586 hunc
1650 3563 1739 3591 Aptior.

801 3596 812 3618 (
828 3602 840 3618 r
856 3599 864 3624 )
882 3592 974 3618 Medic.
994 3594 1071 3619 Ρηξὶ.
1090 3595 1106 3617 l.
1126 3602 1146 3623 3.
1164 3596 1192 3617 Ρ.
1210 3599 1230 3616 2.
1249 3594 1272 3618 S.
1293 3598 1315 3614 ².
1334 3600 1356 3616 c.
1374 3600 1396 3620 7.
1413 3600 1454 3622 qu.
1473 3600 1494 3621 3.

1173 3626 1213 3657 (y
1230 3624 1243 3651 )
1259 3624 1323 3650 apud
1340 3624 1458 3655 Schenck.
1471 3621 1537 3655 obs.
1556 3624 1624 3647 Med.
1643 3624 1659 3647 l.
1677 3632 1699 3653 3.
1722 3626 1760 3648 ubi
1779 3626 1807 3650 de
1824 3628 1924 3656 Dysent.
1943 3630 2001 3654 cur.
2018 3631 2079 3656 Obs.
2096 3640 2118 3661 4.

1059 3655 1073 3683 (
1090 3662 1104 3677 a
1121 3653 1135 3683 )
1152 3654 1207 3678 vid.
1225 3656 1312 3677 Saxon.
1326 3654 1397 3680 s'iaes.
1415 3654 1442 3681 ad
1460 3652 1535 3678 libros
1551 3662 1572 3683 3.
1590 3653 1619 3678 de
1635 3654 1725 3679 Pulsib.

1523 3532 1537 3560 (
1554 3530 1570 3555 k
1586 3532 1600 3560 )
1616 3533 1685 3556 cent.
1704 3540 1725 3557 1.
1743 3533 1803 3558 Obs-
1821 3537 1860 3558 61.
1924 3536 1938 3565 ζ
1954 3536 1965 3561 Ι
1980 3536 1991 3565 J
2010 3537 2034 3562 in
2052 3539 2132 3564 Schol.
2149 3540 2208 3566 ibid.

1804 3565 1846 3598 (p
1861 3567 1871 3597 )
1887 3566 1957 3596 super
1973 3570 2048 3600 nnat.
2063 3571 2178 3595 Mundin.
2198 3575 2295 3598 Comm.
2312 3583 2337 3603 7.

1556 3593 1569 3621 (
1585 3592 1625 3621 Ῑ)
1644 3594 1700 3617 Diff.
1717 3601 1758 3617 cut.
1776 3596 1849 3624 Epnt.
1869 3604 1888 3620 2.
1906 3598 1934 3621 ad
1952 3599 2087 3625 Bianciard.
2150 3604 2163 3631 (
2179 3608 2189 3624 ι
2209 3605 2217 3633 )
2239 3607 2338 3634 ςυιῐὶῐ.

1787 3655 2038 3688 (b2i’.2.c.19.
