2498 4075
301 127 497 164 Moinichen
522 149 534 167 ,
560 125 617 171 Jo.
641 123 778 161 Daniele
800 121 922 166 Maiori
945 145 958 163 ,
996 121 1112 156 Marco
1147 123 1274 165 Mappo
1293 143 1307 163 ,

301 172 457 207 Gabriele
487 171 652 204 Claudero
670 192 683 209 ‚
717 168 866 202 Henrico
898 164 1082 201 Meibomio
1102 189 1112 205 ‚
1145 166 1306 199 Michaele

301 217 501 254 Ettmullero
520 238 533 255 ,
562 214 618 258 Jo.
653 211 794 246 Nicolao
824 209 978 243 Pechlino
1001 233 1011 248 ‚
1044 209 1192 252 Georgio
1224 208 1306 243 Abr.

301 260 514 298 Mercklino‚
537 256 637 289 Paulo
661 256 868 294 Hermanno,
896 254 984 286 Luca
1008 251 1189 286 Schrockio
1210 252 1305 290 filio,

299 305 426 338 Carolo
448 304 621 342 Raygero,
643 297 770 333 Davide
791 308 854 330 von
877 295 932 328 der
955 295 1059 329 Beeke
1080 319 1092 336 ‚
1123 294 1308 329 Gothofre-

297 349 344 382 do
368 345 521 381 Schulzio
533 367 545 383 ,
563 344 619 388 Jo.
636 341 785 376 Fabricio
799 364 808 379 ,
826 339 951 382 Jacobo
962 339 1100 372 Barnero
1114 361 1123 376 ‚
1143 340 1198 384 Jo.
1211 339 1309 374 Mau-

299 392 385 426 ricio
416 386 650 426 Hoffmanno,
678 386 735 428 Jo.
768 383 911 425 Casparo
943 384 1039 425 Sparr
1060 404 1070 419 ,
1105 381 1307 416 Ferdinando

298 434 424 470 Catolo
446 429 644 469 wetmare,
666 429 750 462 Vito
773 426 949 462 Riedlino,
975 424 1147 460 francisco
1170 425 1307 459 Stocka-

300 489 409 512 mero,
430 477 487 521 Jo.
512 473 642 508 Adamo
666 469 902 512 Limprechto‚
920 469 1165 513 J0.Guilelmo
1191 468 1279 502 Pauli
1295 490 1306 506 ,

292 524 348 568 Jo.
374 520 523 561 Georgio
547 514 799 551 Wolckamero,
824 512 986 546 Michaele
1007 511 1174 547 Friderico
1198 511 1305 545 Loch-

297 576 397 604 nero,
414 565 469 609 Jo.
495 557 703 604 sigismundo
726 557 939 599 Henningero
960 579 970 595 ‚
991 555 1139 598 Georgio
1161 554 1307 589 Dethar-

296 609 434 650 dingio,
458 610 489 639 &
509 605 562 648 Jo.
589 602 720 636 Adamo
742 600 899 633 Genselio
921 621 933 638 ,
954 599 1010 640 qui
1035 600 1132 631 etiam
1152 621 1161 638 ,
1194 608 1231 632 ut
1255 598 1307 633 su..

297 653 462 695 periorum
487 659 552 681 non
577 647 690 688 pauci,
714 644 845 679 not-”tor
867 643 909 676 est
927 641 981 675 hic
1003 651 1126 676 creatus
1149 641 1191 674 A.
1211 652 1303 683 1702.

297 696 381 729 Satis
405 702 510 727 autern
535 690 617 724 mihi
640 688 681 722 est
700 698 714 727 ;
747 698 785 719 ne
807 685 895 721 forte
928 684 1093 727 juniorum
1126 695 1304 727 quenquam

296 739 420 772 invitus
443 743 625 778 praeteream
648 745 658 769 ·,
691 740 722 763 te
745 731 784 763 ab
818 741 902 763 anno
924 729 984 761 illo
1019 730 1111 769 1650.
1136 738 1190 769 per
1221 727 1305 762 inse-

295 790 464 825 quentium
489 786 644 810 annorum
670 773 781 807 seriem
804 772 843 806 ad
866 772 963 806 initia
986 770 1082 815 usque
1114 771 1222 805 saeculi
1245 771 1307 806 hu-

294 826 344 869 jus
367 820 543 865 perduxisse
564 841 573 856 ‚
607 828 644 852 ut
667 815 761 850 facile
797 816 961 858 intelligas
986 839 998 855 ,
1029 826 1107 849 num
1130 815 1213 848 circa
1236 826 1304 847 me-

292 870 384 902 dium
409 865 512 900 saeculi
539 862 712 904 superioris
735 869 825 893 tanta
847 861 883 892 in
907 857 1004 893 Italia
1027 857 1113 892 faeta
1135 856 1175 891 fit
1198 869 1304 893 rerum

292 911 438 947 mutatio
460 931 468 945 ‚
501 916 537 941 ut
561 905 676 939 Exteri
701 903 740 938 ad
765 903 868 937 Italos
891 904 997 936 venire
1020 902 1218 936 medicorum
1240 902 1303 938 stu-

292 957 422 990 diorum
453 951 557 995 gratia
582 949 683 991 magis
704 971 716 988 ,
751 946 913 990 magisque
945 945 1177 980 intermiserint
1198 968 1210 985 ‚
1247 945 1305 980 hac

291 1002 378 1034 inter
400 1006 530 1030 caeteras
554 995 680 1026 ratione
703 993 867 1034 permoti,
888 990 977 1033 quod
1000 992 1034 1023 in
1061 990 1157 1023 Italia
1179 997 1254 1022 toto
1266 1000 1305 1022 eo

293 1042 410 1077 saeculo
434 1039 535 1073 adhuc
561 1036 765 1080 sequerentur
788 1035 907 1068 Galeni
932 1033 1100 1072 theorias5
1122 1031 1211 1076 quafi
1228 1042 1306 1065 vero

291 1089 441 1122 Tnomas
463 1081 655 1116 Cornelius,
680 1079 866 1113 Leonardus
891 1077 929 1111 de
951 1079 1065 1120 Capua
1083 1099 1098 1117 ,
1131 1076 1306 1110 Marcellus

290 1127 520 1171 Malpigliius,
538 1125 594 1170 Jo.
619 1121 806 1165 Alphonsus
830 1121 975 1156 Borellus
996 1144 1010 1161 ,
1031 1118 1216 1156 Franciscus
1238 1120 1305 1153 Re-

289 1173 387 1211 dius,
412 1170 606 1204 Laurentius
631 1167 776 1201 Bellinus
794 1190 807 1206 ‚
831 1168 933 1200 Lucas
957 1164 1107 1198 Tozzius
1126 1186 1139 1204 ‚
1173 1163 1305 1196 Bernar-

287 1216 384 1251 dinus
406 1214 623 1249 Ramazzinus
637 1236 644 1248 ,
667 1214 700 1243 ἅς
724 1210 779 1242 alii
803 1209 887 1252 apud
911 1208 1062 1241 nostrates
1083 1229 1096 1247 ,
1118 1205 1306 1249 exterosque

289 1259 511 1294 celeberrimi,
537 1264 591 1289 aut
614 1253 733 1288 Galeni
757 1251 874 1286 asseclae
900 1249 1054 1292 fuissent,
1078 1259 1132 1284 aut
1156 1260 1221 1283 non
1237 1248 1307 1291 post

287 1303 432 1339 medium
465 1298 637 1344 superioris
660 1296 767 1331 saeculi
791 1296 844 1330 sua
867 1295 1015 1329 dostrina
1036 1317 1050 1334 ,
1083 1292 1208 1336 suisque
1231 1293 1307 1326 scri-

288 1349 356 1392 ptis
378 1346 509 1380 ltaliam
533 1338 725 1376 ornavissent
749 1365 756 1372 .
792 1340 873 1381 Qo
895 1339 993 1371 etiam
1029 1346 1173 1379 tempore
1204 1346 1304 1379 neque

289 1391 451 1425 Carolum
477 1384 689 1422 Fracassatum
711 1408 723 1424 ,
746 1394 848 1426 neque
871 1382 1076 1416 Franciscum
1101 1380 1269 1424 Spoletum
1292 1403 1306 1420 ‚

286 1446 347 1470 nec
365 1435 421 1480 Jo.
450 1430 629 1475 Baptistam
653 1429 934 1465 Scaramuccium‚
958 1436 1014 1458 nec
1040 1422 1146 1466 ipsum
1168 1423 1306 1465 denique

290 1476 485 1521 Pompejum
509 1476 642 1508 saccum
665 1473 698 1505 in
710 1472 829 1505 Galeni
852 1469 945 1503 verba
966 1467 1096 1512 jurasse,
1122 1478 1233 1501 eorum
1257 1467 1308 1501 lu-

288 1522 497 1557 cubrationes
521 1515 692 1552 ostendunt
704 1538 717 1555 ‚
739 1523 776 1547 ut
799 1514 971 1549 Dominici
996 1522 1127 1555 quoque
1151 1510 1306 1554 Gugliel-

289 1567 396 1605 mini,
419 1567 450 1598 δε
472 1561 613 1604 Georgii
637 1558 789 1600 Baglivi3
813 1568 887 1590 narn
909 1555 1076 1599 utriusque
1099 1554 1218 1589 horum
1241 1553 1307 1597 jam

293 1619 367 1643 ante
389 1608 485 1641 finem
510 1606 600 1638 illius
624 1602 730 1636 saeculi
753 1600 900 1644 quaedam
920 1600 1124 1642 prodierant.
1149 1600 1194 1632 Et
1206 1609 1306 1641 quan-

290 1653 339 1687 do
364 1663 414 1685 me
437 1649 548 1689 nihil,
573 1646 633 1680 nisi
655 1646 721 1678 veri
745 1655 858 1684 amor,
883 1645 918 1676 in
940 1642 1027 1677 hunc
1051 1643 1232 1676 sermonem
1249 1642 1305 1674 de-

285 1697 385 1731 duxit
403 1707 415 1733 ·‚
437 1692 523 1730 sine,
549 1691 611 1725 hoc
633 1698 763 1733 quoque
786 1688 1000 1726 admoneam,
1022 1685 1111 1728 quod
1134 1687 1253 1728 pariter
1266 1684 1305 1718 ad

286 1739 458 1774 historiam
481 1736 602 1780 speeiat
625 1732 816 1766 litterariam
839 1729 977 1774 ejusdem
1000 1728 1132 1768 saeculi,
1164 1738 1200 1762 ut
1223 1726 1303 1762 ficu-

287 1784 323 1818 bi
349 1783 433 1821 legas
450 1806 459 1822 ,
481 1779 668 1821 catalogum
693 1773 911 1810 Professorum
934 1774 1163 1807 Patavinorum
1187 1771 1225 1805 ab
1249 1782 1305 1804 an-

287 1839 333 1862 no
359 1821 453 1861 1611.
480 1823 520 1857 ad
546 1825 639 1867 1694.
663 1818 773 1853 haberi
797 1820 832 1852 in
854 1818 932 1852 Aet.
958 1815 1128 1850 Eruditor.
1151 1828 1223 1858 quae
1247 1815 1306 1847 Li-

292 1869 369 1913 pfiae
393 1869 556 1907 eduntur,
579 1867 693 1900 Tomo
716 1865 743 1896 I.
769 1865 833 1904 (e)
856 1859 1111 1898 animadvertas,
1134 1870 1200 1891 non
1224 1858 1306 1892 alios

287 1915 326 1949 in
348 1913 499 1956 catalogo
521 1910 581 1943 illo
602 1907 791 1944 nominari,
815 1904 873 1940 nifi
899 1905 954 1948 qui
979 1903 1075 1936 Artes
1099 1901 1256 1936 docebant
1267 1913 1305 1934 eo

287 1959 333 1993 A.
364 1957 455 1991 1682.
482 1953 619 1996 ideoque
642 1951 773 1985 nomina
796 1946 894 1982 deesse
917 1947 1051 1981 Galilaei
1071 1969 1084 1987 ‚
1108 1945 1270 1979 Sanetorii
1291 1967 1305 1984 ,

287 2000 446 2041 Casserii‚
471 1998 607 2040 Spigelii
627 2019 639 2036 ,
672 1994 835 2036 Veslingii
856 2016 868 2033 ,
902 1991 988 2024 Petri
1012 1990 1051 2024 de
1072 1987 1268 2023 Marchettis
1293 2009 1304 2026 ‚

287 2045 430 2081 Antonii
455 2041 627 2076 Molinetti
651 2061 664 2079 ‚
696 2036 841 2080 Prosperi
865 2034 979 2077 Alpini
1000 2057 1012 2074 ,
1031 2033 1089 2080 Jo.
1117 2033 1271 2066 Praevotii
1295 2055 1305 2072 ,

290 2089 430 2123 Sertorii
456 2083 593 2122 Ursati;
617 2090 653 2117 ut
675 2082 780 2120 alios,
803 2091 858 2113 nec
884 2089 1025 2121 paucos,
1047 2078 1202 2110 omittam
1226 2075 1304 2109 illu-

289 2132 367 2167 stres
391 2132 492 2165 Viros
513 2150 522 2166 ,
547 2128 604 2172 qui
629 2128 713 2160 intra
736 2122 820 2157 illud
845 2123 916 2165 plus
940 2121 1112 2163 oecoginta
1143 2130 1304 2154 annorum

291 2175 432 2220 spatium
467 2169 638 2215 Gymnasii
681 2167 776 2211 hujus
809 2165 910 2200 nostri
954 2164 1073 2198 famam
1114 2171 1270 2198 auxerunt
1294 2188 1301 2195 .

427 2216 486 2253 Sed
511 2216 550 2250 ad
575 2215 754 2249 Scultetum
791 2219 827 2246 ut
852 2208 1008 2248 redeam5
1039 2207 1095 2241 etfi
1130 2218 1230 2250 neque
1263 2219 1303 2240 ex

293 2265 362 2308 ejus
382 2286 392 2302 ,
425 2272 527 2305 neque
552 2271 590 2292 ex
626 2259 760 2292 illorum
782 2266 864 2299 quos
898 2262 970 2287 ante
992 2251 1100 2295 ipsum
1123 2249 1268 2285 indicavi
1292 2275 1302 2290 ,

291 2308 421 2351 :scriptis
446 2306 491 2340 sat
515 2305 619 2347 liquet
644 2328 653 2342 ‚
688 2301 795 2334 verine
817 2309 960 2342 unquam
982 2297 1041 2339 pili
1062 2323 1073 2337 ,
1096 2307 1133 2329 an
1159 2295 1302 2338 pilorum

291 2349 478 2386 similitudo
508 2349 593 2381 intra
618 2344 836 2389 pericardium
868 2351 990 2384 reperta
1014 2339 1052 2373 fit
1075 2353 1084 2376 ς
1108 2350 1173 2372 non
1197 2347 1303 2371 tamen

293 2395 390 2430 facile
413 2393 610 2437 negaverim,
636 2389 704 2424 fieri
725 2385 809 2430 posse
832 2410 844 2427 ,
875 2394 911 2418 ut
935 2381 1207 2428 quemadmodum
1238 2381 1305 2424 ipse

294 2442 382 2473 intra
406 2440 529 2473 Duram
553 2434 675 2468 cerebri
699 2431 878 2472 meningem
903 2426 1095 2461 fasciculum
1127 2425 1229 2468 reperi
1252 2435 1305 2458 ca-

294 2483 451 2527 pillorum
476 2486 485 2520 (
504 2477 532 2523 f
547 2482 561 2518 )
581 2501 592 2516 ,
629 2476 685 2510 alii
710 2483 815 2508 autem
840 2472 918 2505 alios
951 2471 1029 2505 alibi
1061 2469 1145 2512 pilos
1163 2492 1175 2509 ,
1208 2477 1303 2512 atque

298 2526 378 2560 adeo
399 2525 485 2557 intra
517 2523 685 2556 dexterum
708 2517 817 2552 canini
849 2514 955 2548 cordis
977 2517 991 2554 (
1010 2524 1032 2556 g
1052 2516 1067 2553 )
1089 2512 1306 2545 ventriculum

295 2573 310 2610 (
333 2580 371 2603 an
395 2569 474 2602 illuc
498 2577 573 2600 cum
597 2564 748 2606 sanguine
770 2572 810 2594 ex
833 2559 1011 2601 purulentis
1033 2579 1047 2597 ,
1077 2557 1112 2589 in
1135 2555 1259 2602 quibus·
1274 2567 1306 2588 e—

295 2623 392 2654 rant,
415 2610 562 2655 partibus
583 2605 757 2641 invectos?
779 2609 793 2645 )
814 2602 856 2636 sic
878 2625 890 2642 ‚
914 2605 1071 2644 inquam,
1095 2598 1163 2633 fieri
1187 2599 1270 2642 posle
1298 2624 1307 2639 ,

296 2668 363 2690 non
387 2655 568 2698 negaverim
591 2674 600 2690 ,
633 2660 669 2685 ut
693 2649 812 2692 aliquis
844 2654 1075 2688 nonnunquam
1109 2654 1167 2676 cor
1202 2654 1308 2674 revera

297 2700 438 2744 pilosum
463 2706 517 2732 aut
537 2695 718 2734 invenerit,
742 2701 795 2726 aut
821 2690 986 2723 inveniat:
1010 2685 1100 2731 quod
1122 2684 1146 2719 si
1160 2685 1306 2735 acc-idat,

294 2745 415 2778 summa
439 2743 473 2774 in
498 2738 730 2778 examinando,
755 2733 1034 2777 comparandoque
1056 2741 1129 2764 cum
1151 2741 1233 2762 veris
1258 2730 1308 2772 pi-

297 2788 338 2822 lis
362 2787 420 2820 dili
448 2785 533 2818 entia
558 2781 770 2817 Observatori
793 2775 1046 2811 commendanda
1070 2774 1112 2807 est
1132 2798 1141 2806 .
1176 2774 1226 2806 Sic
1253 2785 1309 2807 au-

296 2840 364 2865 tem
388 2797 538 2863 alffinsum
563 2825 622 2860 hac
646 2827 679 2858 in
703 2837 735 2858 re
758 2818 934 2856 sustinuisse
950 2844 962 2859 ,
985 2827 1079 2851 tanto
1102 2818 1204 2859 magis
1227 2828 1308 2859 gau-

298 2874 438 2911 debam,
462 2882 537 2904 cum
562 2868 629 2902 haec
655 2868 825 2910 relegerem
846 2876 857 2903 3
888 2861 975 2906 quod
999 2861 1135 2909 Illus'tris
1167 2860 1308 2894 Archia-

299 2927 349 2952 ter
382 2915 531 2949 Senacius
564 2912 655 2953 (h)
680 2935 692 2951 ‚
724 2911 779 2944 ubi
812 2910 879 2951 agit
912 2907 951 2940 de
986 2905 1081 2948 pilosl
1103 2902 1212 2951 cordis
1246 2904 1306 2937 ob-

298 2957 532 2996 servationibus
558 2978 571 2996 ,
603 2955 668 2998 ipse
699 2965 826 2997 quoque
857 2950 941 2986 haud
979 2950 1072 2983 aliter
1105 2946 1307 2981 sentiendum

301 3002 485 3038 existimat.
522 3005 527 3007 “
609 2997 679 3031 Sed
714 2998 752 3030 ab
784 2996 928 3039 longiori
961 3004 1057 3038 quam
1080 2992 1181 3025 initio
1214 3000 1306 3033 puta-

298 3059 428 3087 veram,
451 3048 483 3080 δι
508 3055 573 3078 non
597 3052 658 3075 una
682 3051 787 3075 tamen
810 3039 848 3072 de
871 3038 960 3073 causa
984 3035 1069 3071 haud
1091 3035 1204 3069 inutili
1232 3058 1245 3074 ,
1269 3045 1305 3066 ne

299 3092 406 3126 dicam
427 3088 511 3124 mihi
534 3084 701 3123 necessaria
714 3108 727 3126 ,
749 3083 933 3126 digreffione
946 3079 984 3114 ad
1005 3079 1189 3114 institutum
1207 3089 1306 3111 rever-

300 3145 424 3171 tamur.

345 3191 374 3222 5.
400 3180 439 3211 In
463 3176 623 3210 Valsalvae
646 3171 769 3209 schedis
791 3170 911 3205 nullam
935 3168 1031 3202 aliam
1057 3190 1071 3209 ,
1102 3174 1216 3210 praeter
1239 3176 1307 3204 eam

301 3235 371 3267 qnae
395 3220 557 3265 proposita
582 3218 623 3251 est
646 3220 659 3257 (
681 3218 694 3251 i
717 3218 731 3255 )
751 3238 761 3254 ‚
786 3214 1062 3248 observationem
1082 3211 1216 3257 invenio
1239 3220 1309 3252 quae

302 3266 343 3300 ad
367 3265 475 3308 pulsus
497 3265 633 3297 attineat
656 3259 859 3303 peculiariter
881 3269 892 3295 3
915 3267 989 3289 cum
1012 3255 1121 3289 multae
1144 3255 1204 3287 sint
1228 3254 1309 3285 alio-

303 3311 383 3353 quin
405 3307 497 3343 iimnl
522 3307 560 3340 ad
582 3305 642 3340 hos
664 3303 795 3348 quidem
818 3324 830 3341 ‚
865 3298 915 3333 sed
937 3301 1039 3341 magis
1063 3298 1102 3331 ad
1125 3298 1186 3330 alia
1209 3305 1310 3339 perti-

302 3362 436 3391 nentes,
461 3359 498 3385 ut
521 3349 585 3383 tibi
609 3357 776 3391 propterea
798 3344 876 3379 alibi
903 3354 955 3377 aut
978 3340 1196 3384 descripserim
1219 3363 1232 3381 ,
1256 3348 1309 3373 aut

304 3396 362 3430 fim
384 3395 616 3436 descripturus.
643 3393 852 3432 Quapropter
875 3385 938 3420 huc
961 3398 1042 3420 meas
1066 3384 1180 3418 addam
1203 3407 1215 3423 ‚
1237 3395 1308 3425 quae

305 3441 380 3483 ipsae
405 3447 498 3473 erunt
521 3448 585 3470 non
607 3437 654 3468 ita
677 3434 789 3482 multae
813 3447 822 3466 ε
854 3442 910 3470 nec
935 3431 1047 3462 mirari
1072 3428 1164 3462 debes
1189 3440 1200 3467 5
1236 3438 1308 3459 nam

893 45 1052 98 Liber
1085 44 1149 96 11.
1182 15 1268 97 De
1302 43 1513 99 Morbis
1546 40 1802 95 Thoracis

1356 122 1392 155 in
1424 122 1482 155 IX.
1507 131 1578 164 quae
1610 119 1674 154 huc
1698 119 1818 162 spectat
1840 141 1849 157 ‚
1883 119 2083 162 Sepulchreti
2118 119 2264 155 Sec‘tione
2293 128 2368 155 cum

1359 164 1608 198 Observationes
1632 161 1839 206 proferantur
1862 162 2076 206 quadraginta
2097 165 2240 207 quinque
2265 177 2278 204 3
2302 166 2369 205 pri-

1357 219 1450 258 mum
1473 206 1593 249 septem
1614 205 1753 240 delendae
1777 205 1849 240 sunt
1862 229 1874 245 ,
1895 207 2016 249 quippe
2041 208 2208 249 reperim,
2229 217 2264 241 ut
2289 208 2372 241 faci-

1358 251 1388 283 le
1410 251 1591 293 intelliges,
1617 251 1717 284 VIII.
1741 260 1815 284 cum
1837 250 1985 286 XXVII3
2008 251 2083 283 XII.
2116 261 2194 285 cum
2227 251 2362 287 XL1113

1358 296 1454 329 ΧΙΙΙ.
1489 305 1561 328 cum
1584 294 1738 330 XXXIX3
1771 294 1865 326 XIV.
1890 302 1967 326 cum
1999 294 2129 334 XLIV;
2158 294 2253 327 XVI.
2289 304 2364 328 cum

1357 339 1451 376 XX1;
1474 338 1546 372 XX.
1569 348 1643 372 cum
1664 337 1789 374 XXXI3
1811 339 1844 370 &
1865 336 2058 370 XXXVIII.
2084 347 2161 371 cum
2183 337 2272 370 XLI.
2287 346 2370 371 con·-

1358 379 1489 415 ferendo
1508 394 1517 413 :
1551 392 1590 414 ex
1612 379 1744 421 reliquis
1766 388 1872 413 autem
1894 379 2010 414 diserte
2033 378 2183 413 admonet
2215 379 2281 423 ipse
2305 381 2370 413 Bo-

1357 433 1476 465 netus‚
1496 423 1555 459 esse
1578 423 1699 466 viginti
1721 432 1861 465 quatuor
1884 422 1921 456 ad
1946 422 2025 457 alios
2048 424 2167 458 titulos
2189 431 2282 456 tanto
2295 434 2367 457 ma-

1357 466 1407 511 gis
1430 469 1706 516 pertinentem-ut
1730 465 1873 508 subipsis
1896 465 1997 501 fufius
2018 465 2176 501 exhibitae
2194 465 2278 499 fint:
2302 468 2368 500 ita-

1356 523 1418 555 que
1449 511 1487 545 de
1509 510 1723 555 quadraginta
1753 510 1896 587 quinque
1926 509 2067 545 redimus
2100 510 2138 543 ad
2171 511 2368 552 quatuorde-

1357 557 1441 589 cim.
1467 556 1590 590 Verum
1602 578 1616 596 ‚
1637 562 1800 595 utcunque
1821 554 1833 585 i
1880 552 1923 587 est
1941 576 1955 594 ,
1988 555 2130 598 accipito
2151 553 2268 586 libenti
2292 555 2364 587 ani-

1357 610 1414 631 mo
1436 611 1514 641 quas
1536 598 1609 633 dare
1632 595 1779 639 possum,
1802 598 1835 629 ἅτ
1859 598 2001 639 primum
2023 597 2130 638 hanc,
2152 608 2222 640 quae
2246 596 2364 640 &ipsa

1357 643 1476 676 attinet
1499 641 1539 676 ad
1563 639 1775 688 asphyxiam.

1397 688 1429 718 6.
1456 685 1611 718 SENEX
1631 693 1695 726 Jam
1719 693 1783 716 tres
1805 682 1923 718 menses
1946 695 1986 719 ex
2005 696 2073 729 quo
2093 695 2167 719 crus
2198 683 2333 727 fregerat
2354 707 2369 725 ‚

1355 730 1390 762 in
1414 728 1477 762 hoc
1502 727 1638 761 cubabat
1658 726 1890 764 Nosocomio,
1913 726 1976 760 levi
1996 727 2135 772 quadam
2154 751 2168 768 ,
2192 726 2245 761 sed
2268 727 2368 770 perti-

1356 773 1452 813 naci,
1476 770 1564 806 febre
1587 770 1734 805 detentus
1752 794 1766 811 ,
1801 781 1875 803 eum
1900 780 2016 812 praeter
2037 772 2296 814 expediationem
2320 781 2368 804 re-

1355 824 1447 860 pente
1473 813 1724 849 animadversum
1746 813 1811 854 est,
1832 811 1894 846 fine
1917 813 2056 856 pulsibus
2078 816 2136 850 esse
2158 813 2328 848 hominem
2353 838 2368 856 ,

1353 861 1406 894 cui
1431 870 1469 893 ne
1491 858 1706 893 intermittere
1728 857 1860 901 quidem
1884 857 2078 894 consuessent
2099 883 2111 900 ,
2144 861 2176 892 &
2199 859 2257 902 qui
2280 858 2366 892 nihil

1355 903 1445 947 pejus
1467 914 1566 947 quam
1589 902 1722 940 soleret,
1744 912 1783 934 eo
1805 899 1877 942 ipso
1899 909 2043 944 tempore
2066 901 2095 935 se
2119 900 2233 936 habere
2258 923 2267 938 ‚
2291 901 2367 936 affe-

1355 947 1504 979 verabat.
1528 944 1632 985 Quod
1654 954 1691 978 ut
1712 943 1941 982 confirmaret,
1964 946 2112 987 protinus
2135 945 2164 979 se
2187 946 2310 985 erexit,
2332 948 2369 978 &f

1356 991 1390 1023 in
1415 990 1536 1024 leRulo
1555 987 1721 1023 consedit.
1749 989 1875 1022 Tamen
1896 1010 1908 1028 ‚
1930 998 2029 1030 neque
2053 988 2099 1022 ita
2121 989 2227 1023 multo
2262 987 2331 1031 post
2354 1012 2365 1027 ,

1356 1032 1461 1076 reapse
1483 1034 1526 1068 est
1557 1042 1724 1066 mortuus.
1858 1032 2022 1065 CAPUT
2044 1043 2118 1067 curn
2151 1031 2328 1066 cervicibus
2353 1056 2368 1073 ‚
2390 1036 2393 1039 “

1357 1080 1390 1110 &
1413 1075 1571 1120 plerisque
1595 1074 1765 1109 visceribus
1789 1086 1805 1108 a
1828 1086 1878 1107 me
1900 1072 2072 1116 diligenter
2096 1076 2274 1119 perfeetum
2295 1074 2363 1117 est,

1356 1129 1393 1153 ut
1425 1118 1571 1153 studiosae
1591 1119 1763 1163 Juventuti
1794 1127 1983 1161 opportuno
2015 1130 2054 1152 eo
2087 1129 2230 1162 tempore
2255 1132 2266 1158 3
2299 1128 2367 1153 erat

1356 1163 1443 1196 enim
1467 1162 1524 1196 sub
1546 1163 1680 1196 initium
1705 1160 1893 1196 Decembris
1915 1163 1954 1194 A.
1985 1172 2081 1207 17303
2106 1163 2207 1197 multa
2231 1162 2367 1197 demon-

1356 1206 1487 1240 strarem
1507 1217 1578 1250 quae
1600 1216 1665 1238 non
1689 1204 1761 1239 sunt
1784 1203 1880 1247 hujus
1903 1204 1970 1239 loci
1992 1231 2001 1240 .
2033 1207 2117 1250 Qae
2139 1217 2217 1240 vero
2250 1215 2367 1249 praeter

1357 1259 1508 1284 naturam
1530 1257 1585 1283 aut
1608 1257 1725 1290 erant,
1748 1257 1803 1282 aut
1827 1247 1929 1281 videri
1945 1258 2094 1290 poterant
2108 1275 2117 1288 ,
2141 1249 2205 1284 huc
2216 1249 2367 1284 redeunt.

1359 1295 1449 1328 Cum
1470 1305 1510 1326 ex
1531 1292 1745 1326 vertebrarum
1769 1292 1849 1327 tubo
1869 1314 1881 1331 ,
1904 1291 1981 1326 dum
2004 1293 2042 1326 ab
2063 1292 2184 1327 infimis
2207 1295 2368 1328 cervicum

1355 1337 1511 1371 vertebris
1545 1337 1675 1380 reliqua:
1697 1334 1974 1379 disjungerentur,
1997 1336 2081 1370 nihil
2106 1348 2194 1380 aquae
2226 1337 2369 1381 prodiis-

1357 1380 1401 1414 set
1423 1393 1434 1421 3
1457 1391 1522 1415 non
1546 1391 1644 1423 pauca
1668 1391 1707 1413 ex
1727 1381 1828 1413 cranii
1852 1390 1932 1412 cavo
1951 1403 1963 1420 ‚
1994 1380 2073 1414 dum
2094 1382 2217 1415 circum
2249 1381 2368 1417 secare-

1357 1434 1436 1466 tur,
1456 1423 1593 1458 defluxit
1616 1448 1624 1455 .
1660 1423 1742 1457 Non
1766 1433 1867 1466 pauca
1890 1424 1987 1457 etiam
2009 1422 2076 1458 suit
2108 1426 2143 1458 in
2166 1426 2368 1461 Lateralibus

1356 1467 1544 1502 ventriculis
1569 1492 1578 1500 .
1611 1466 1790 1501 Substantia
1813 1476 1920 1500 tamen
1942 1467 2067 1502 cerebri
2091 1479 2155 1502 non
2180 1468 2280 1503 modo
2301 1481 2368 1505 non

1358 1512 1428 1545 laxa
1454 1537 1463 1550 ,
1496 1510 1548 1545 sed
1570 1512 1720 1544 omnium
1742 1521 1813 1553 quae
1836 1510 1920 1544 mihi
1945 1510 1974 1544 se
1995 1512 2176 1546 obtulerint
2200 1536 2213 1553 ‚
2237 1511 2367 1548 fortasse

1357 1555 1537 1589 durissima:
1561 1565 1617 1588 nec
1641 1552 1761 1598 pallida
1783 1562 1871 1586 erant
1894 1552 2071 1597 sanguifera
2095 1557 2187 1597 vasa;
2208 1557 2276 1591 imo
2298 1568 2369 1592 atro

1357 1598 1510 1642 sanguine
1533 1596 1650 1631 referta
1673 1597 1821 1640 pleraque
1835 1618 1845 1634 ‚
1869 1596 1961 1632 Sinus
1985 1598 2161 1640 ptaesertim
2183 1624 2191 1631 .
2227 1602 2266 1633 In
2288 1600 2368 1636 dua.

1357 1642 1415 1676 bus
1438 1642 1505 1675 illis
1527 1642 1651 1674 arteriis
1673 1651 1744 1683 quae
1768 1650 1866 1683 prope
1889 1640 2086 1683 superiorem
2110 1641 2229 1677 faciem
2251 1645 2369 1679 Callo-

1355 1685 1379 1719 fi
1402 1685 1548 1728 corporis
1570 1685 1655 1717 inter
1676 1692 1851 1726 utrumque
1875 1682 2137 1726 hemisphaerium
2169 1687 2332 1722 ducuntur
2356 1712 2368 1728 ,

1357 1740 1451 1762 aereae
1474 1729 1600 1761 inerant
1620 1725 1739 1761 bullae:
1764 1729 1797 1760 &
1822 1735 1929 1759 tamen
1950 1727 2074 1770 frigida
2097 1739 2164 1762 erat
2175 1731 2346 1774 tempestas
2354 1757 2368 1773 ‚

1356 1773 1415 1805 vix
1448 1772 1563 1805 tertius
1586 1783 1603 1804 a
1640 1779 1744 1804 morte
1765 1769 1833 1804 dies
1856 1791 1869 1809 ‚
1902 1772 1935 1804 δε
1965 1781 2006 1804 ne
2031 1773 2204 1807 minimum
2235 1775 2368 1814 quidem

1358 1815 1516 1849 indicium
1540 1813 1742 1858 putredinis.
1767 1812 1935 1848 Carotidis
1958 1817 2080 1850 artetiae
2101 1815 2271 1859 dextei-ae',
2304 1829 2369 1862 qua

1358 1870 1374 1891 e
1399 1858 1619 1901 Receptaculo
1642 1857 1792 1891 existebat
1813 1879 1824 1895 ‚
1859 1868 1924 1891 non
1948 1869 2045 1900 parva
2068 1862 2230 1902 parietum
2253 1864 2370 1904 portio

1357 1910 1424 1935 erat
1448 1902 1576 1935 craffior
1598 1900 1683 1935 faeda
1705 1925 1718 1942 ‚
1741 1902 1773 1934 δι
1798 1908 1920 1934 naturae
1945 1902 2030 1936 inter
2054 1903 2268 1946 ligamentum
2291 1930 2300 1945 ‚
2334 1909 2369 1941 &

1354 1945 1578 1988 cartilaginem
1611 1943 1725 1991 medice
1747 1966 1757 1981 ,
1792 1943 1873 1976 facie
1905 1953 2012 1979 tamen
2047 1948 2165 1981 intima
2198 1950 2370 1984 etiamtum

1356 1989 1583 2023 membranea:
1607 1986 1792 2035 cujusmodi
1815 1989 1934 2022 vitium
1956 1990 1990 2022 in
2013 1989 2086 2024 aliis
2108 2003 2238 2034 quoque
2262 1993 2369 2035 majo-

1355 2033 1442 2067 ribus
1463 2032 1583 2065 cerebri
1607 2031 1734 2064 arteriis
1766 2042 1831 2072 jam
1853 2031 2045 2067 inchoatum
2067 2034 2171 2069 visum
2194 2035 2237 2069 est
2256 2061 2265 2069 .
2300 2039 2369 2071 Ex·-

1355 2086 1404 2110 tra
1426 2076 1573 2109 cranium
1594 2083 1702 2108 autern
1721 2073 1828 2108 multo
1850 2077 1976 2117 gravius
1989 2086 2055 2111 erat
2068 2103 2075 2112 .
2100 2079 2251 2123 Namque
2273 2081 2307 2113 in
2321 2080 2369 2113 al-

1354 2131 1426 2154 tero
1448 2119 1528 2152 colli
1553 2119 1673 2156 latere,
1698 2117 1738 2151 ad
1759 2116 1862 2160 ipsam
1885 2119 2053 2154 Carotidis
2075 2119 2265 2157 divisionem
2286 2123 2369 2157 ossea

1354 2175 1420 2198 non
1444 2162 1573 2196 modica
1604 2161 1730 2195 lamella
1752 2161 1836 2194 inter
1871 2160 1938 2203 ejus
1970 2164 2093 2207 tunicas
2125 2166 2228 2199 inerat
2252 2180 2261 2200 :
2285 2166 2370 2209 ejus-

1352 2208 1489 2251 demque
1514 2216 1646 2240 truncus
1670 2214 1760 2239 totus
1782 2214 1849 2238 erat
1873 2206 2049 2247 plurimum
2073 2207 2228 2244 dilatatus
2251 2232 2264 2250 ,
2287 2221 2363 2245 cum

1353 2251 1452 2295 justus
1465 2248 1538 2283 esset
1560 2250 1595 2282 in
1606 2248 1763 2282 Carotide
1788 2249 1886 2281 altera
1902 2249 2088 2285 latitudinis
2098 2252 2213 2287 modus
2227 2277 2235 2285 .

1355 2294 1518 2329 Thoracis
1540 2302 1646 2326 tamen
1667 2292 1788 2326 viscera
1811 2315 1824 2332 ,
1857 2296 1889 2326 &
1914 2294 2036 2336 Magna
2058 2296 2127 2329 vasa
2162 2308 2236 2330 cum
2260 2297 2370 2339 perlu-

1354 2338 1507 2377 strarem,
1531 2336 1687 2380 nusquam
1711 2335 1919 2369 dilatationes
1942 2338 2154 2372 animadverti
2181 2351 2189 2372 ε
2220 2342 2368 2383 quamvis

1354 2383 1458 2417 Aorta
1490 2391 1589 2423 prope
1612 2379 1753 2414 valvulas
1783 2378 1903 2412 indicia
1924 2379 2101 2415 ostenderet
2133 2381 2239 2417 futuri
2262 2384 2333 2418 offis
2359 2410 2370 2425 ‚

1356 2436 1454 2504 eihcjue
1479 2424 1558 2457 alibi
1581 2424 1680 2457 etiam
1700 2436 1711 2462 3
1733 2423 1814 2466 quin
1838 2422 2032 2458 mediocrem
2056 2425 2210 2460 laminam
2235 2426 2367 2461 haberet

1356 2482 1378 2503 o
1404 2479 1473 2503 eam
1497 2467 1552 2501 sub
1575 2468 1692 2500 intima
1714 2467 1824 2513 tunica
1844 2490 1857 2506 ,
1889 2478 1952 2509 qua
1971 2494 1980 2508 ,
2005 2468 2172 2503 Subclavia
2194 2468 2314 2504 sinistra
2337 2482 2370 2503 e-

1357 2512 1448 2547 missa
1472 2534 1482 2551 ‚
1512 2510 1696 2544 descendere
1726 2521 1793 2552 Jam
1814 2510 1990 2552 incipiebat
2017 2536 2024 2543 .
2063 2512 2229 2556 Polyposae
2262 2523 2370 2549 autem

1356 2555 1581 2590 concretiones
1617 2552 1810 2587 obtinebant
1845 2553 1953 2595 paffim
1985 2554 2093 2589 cordis
2136 2558 2333 2592 ventriculos
2354 2581 2370 2600 ,

1360 2599 1536 2643 praesertim
1559 2598 1748 2637 dexterum,
1770 2598 1803 2630 &
1827 2597 1948 2640 Magna
1969 2598 2060 2639 vasa,
2081 2601 2115 2632 in
2138 2611 2280 2643 quorum
2302 2613 2370 2636 uno

1361 2644 1427 2678 fuit
1452 2641 1598 2685 quaedam
1621 2651 1728 2674 earum
1752 2638 1881 2681 albida,
1905 2650 1999 2685 atque
2024 2643 2070 2675 ita
2093 2645 2262 2686 compasta
2283 2668 2296 2686 ‚
2329 2655 2367 2680 ut

1361 2686 1551 2721 distrahenti
1576 2685 1667 2718 valde
1689 2682 1838 2730 resisteret
1852 2707 1861 2715 .
1990 2686 2122 2719 Ventris
2144 2687 2260 2722 viscera
2283 2688 2370 2723 nihil

1362 2730 1542 2765 habuerunt
1565 2730 1640 2761 vitii
1665 2750 1674 2765 ,
1695 2727 1718 2760 fi
1743 2723 1847 2760 renem
1870 2728 2005 2762 alterum
2028 2730 2167 2773 excipias
2189 2755 2199 2770 ‚
2232 2733 2289 2775 qui
2314 2732 2371 2767 sub

1361 2773 1429 2817 ipsa
1455 2773 1584 2816 propria
1607 2774 1716 2805 tunica
1738 2771 1886 2805 cellulam
1907 2772 2119 2813 continebat,
2143 2772 2224 2807 fabae
2244 2775 2371 2810 medio-

1359 2819 1422 2852 cris
1452 2827 1599 2859 capacem
1619 2839 1630 2854 ,
1664 2815 1721 2849 seri
1761 2814 1885 2857 plenam
1905 2838 1914 2846 .
1949 2816 2003 2848 Ne
2025 2815 2090 2850 hoc
2111 2818 2242 2859 quidem
2267 2821 2383 2853 omit--

1360 2872 1451 2900 tam,
1477 2859 1517 2894 ad
1539 2860 1636 2893 latera
1660 2859 1827 2892 Seminalis
1848 2859 2026 2893 carunculae
2049 2861 2184 2903 granula
2207 2863 2295 2904 quafi
2318 2871 2369 2897 ta*-

1357 2904 1444 2938 bacci
1465 2903 1635 2938 occurrisse
1659 2915 1667 2937 ;
1690 2903 1725 2935 in
1749 2901 1884 2943 pendula
1909 2911 2015 2937 autem
2039 2904 2167 2938 urethra
2191 2907 2246 2939 vix
2268 2917 2369 2941 unum

1358 2947 1450 2981 fuisse
1467 2974 1475 2987 ‚
1500 2958 1635 2990 eumque
1659 2956 1784 2980 tenuem
1809 2956 1847 2977 ex
1867 2946 2019 2980 omnibus
2041 2959 2057 2980 a
2080 2960 2130 2981 me
2154 2950 2293 2983 inventis
2303 2952 2369 2984 Ca-

1358 2992 1525 3025 naliculis.
1551 2992 1660 3033 Atque
1684 2997 1721 3022 ut
1744 2990 1846 3031 magis
1869 2991 2052 3032 intelligas,
2077 3003 2128 3025 me
2151 2992 2235 3025 nihil
2258 3004 2370 3028 eorum

1358 3047 1429 3078 quae
1452 3036 1486 3068 in
1510 3034 1573 3068 hoc
1596 3042 1727 3076 corpore
1753 3032 1791 3064 ab
1814 3041 1936 3067 natura:
1959 3034 2191 3070 consuetudine
2215 3037 2262 3069 vel
2287 3037 2372 3071 levi-

1359 3088 1407 3111 ter
1431 3078 1572 3113 recedere
1591 3077 1794 3116 viderentur,
1819 3076 2010 3118 neglexisse;
2034 3079 2097 3112 hoc
2120 3080 2216 3112 etiam
2242 3082 2370 3122 accipe,

1358 3134 1397 3155 ex
1409 3133 1503 3171 ⁴gyro
1526 3119 1763 3169 propemodum
1786 3128 1861 3153 toto
1883 3118 1997 3156 helicis
2023 3124 2236 3156 auricularum
2251 3146 2260 3159 ,
2285 3125 2370 3166 pilos

1360 3166 1436 3199 huic
1467 3165 1593 3199 homini
1618 3160 1796 3207 pependisse
1833 3162 1946 3205 longos
1969 3165 2046 3200 adeo
2064 3189 2075 3204 ‚
2112 3177 2145 3199 ac
2170 3166 2335 3201 confertos
2356 3192 2370 3208 ‚

1361 3218 1398 3243 ut
1421 3214 1517 3260 μιξσαξ
1541 3220 1612 3241 raro
1635 3216 1780 3241 occurrat
1800 3208 1855 3249 qui
1881 3207 1981 3250 posset
2003 3220 2076 3243 cum
2098 3210 2139 3242 iis
2159 3212 2255 3244 cirris
2278 3222 2370 3244 com-

1385 3264 1486 3286 arari.

1361 3264 1392 3347 p·
1404 3308 1436 3340 7.
1462 3295 1650 3330 Videndum
1674 3293 1716 3328 est
1740 3293 1826 3335 tibi,
1848 3295 1967 3329 velisne
1992 3296 2120 3330 brevem
2142 3295 2225 3331 hanc
2252 3298 2370 3341 asphy-

1360 3351 1448 3374 xiam
1471 3339 1511 3372 ab
1534 3351 1615 3383 aqua
1636 3337 1809 3378 deducere,
1832 3339 1916 3372 intra
1939 3341 2082 3374 cranium
2094 3350 2223 3382 repente
2247 3340 2344 3376 effusa
2359 3369 2369 3383 ,

1359 3396 1431 3427 quae
1455 3395 1529 3430 cum
1552 3384 1656 3418 minus
1678 3382 1831 3422 cerebro,
1852 3385 1972 3426 quippe
1996 3384 2049 3417 hic
2072 3382 2237 3417 duriffimo
2257 3408 2267 3423 ,
2311 3397 2372 3418 no-

1359 3438 1429 3460 cere
1453 3428 1550 3469 poslet
1573 3450 1583 3466 ‚
1615 3425 1806 3460 cerebellum
1840 3427 1886 3459 ita
1908 3424 2124 3471 compresserit
2147 3451 2161 3468 ,
2191 3437 2228 3461 ut
2260 3430 2372 3463 immi-

2247 3479 2351 3505 nuto‘'

311 3562 2354 3584 w

364 3632 374 3661 (
392 3641 403 3657 e
420 3630 427 3662 )
446 3639 568 3664 νειμ-375.
630 3627 698 3659 (f)
713 3627 786 3657 Epist.
805 3628 876 3651 Anat.
893 3632 932 3649 ιο.
949 3634 973 3649 n.
992 3627 1030 3654 58.

366 3665 381 3693 (
394 3664 409 3687 h
425 3662 438 3691 )
453 3662 537 3687 'fraite
552 3664 584 3686 du
600 3662 679 3686 Coeur
695 3660 713 3684 1.
729 3668 754 3689 4·
771 3657 808 3683 ch.
826 3664 848 3687 9.
865 3664 888 3681 n.
908 3663 930 3682 ι.
949 3658 971 3680 8:
987 3656 1032 3686 seq.

1202 3661 1247 3677 .2.

1093 3624 1138 3684 {g
1151 3624 1166 3682 Ξ
1181 3622 1238 3677 ¹1:2ss-
1256 3621 1329 3647 Erud.
1349 3621 1412 3652 Lips.
1430 3623 1469 3646 M.
1488 3619 1551 3648 Mai*
1570 3621 1601 3644 Α.
1622 3621 1684 3649 1684,
1705 3628 1760 3651 pag.
1776 3627 1826 3649 ²¹5-

1124 3663 1133 3678 l
