2498 4075
402 207 499 259 372

335 278 474 313 nocere,
494 271 609 306 diserte
632 271 789 311 affirmat3
813 274 881 308 imo
905 273 984 307 idem
1000 297 1009 311 ,
1033 274 1142 316 inquit
1157 298 1167 315 ‚
1188 278 1229 310 ad
1248 281 1346 320 Apo.-

336 316 371 347 m'
388 314 500 349 ,balnea
522 314 660 358 accidiffe
684 315 807 349 cuidam
841 316 955 355 illustri
989 318 1133 359 ‘Principi
1164 321 1308 357 novimus
1327 343 1338 358 ,

336 360 494 393 nimirum
518 369 553 392 ut
578 359 738 393 immemor
754 370 823 399 jam
841 361 998 400 praeteriti·
1021 363 1146 394 venerei
1179 365 1340 407 contagii,

335 401 470 441 vetustos
485 400 546 442 fibi
566 409 602 433 ex
624 398 729 434 balneo
752 400 938 443 consciverit
959 402 1094 436 dolores.
1119 404 1192 439 Nec
1213 405 1344 441 fortasse

335 455 353 477 a
377 445 445 477 veri
471 443 682 479 similitudine
715 443 821 478 aliena
856 446 1012 486 cogitares
1037 472 1046 487 ,
1079 445 1103 480 sl
1138 448 1179 482 ad
1211 460 1342 484 caeteras

330 488 439 521 causas
468 486 511 519 ob
542 497 620 528 quas
655 486 709 519 ille
741 495 850 520 tantus
889 489 930 521 ab
962 490 1103 532 antiquis
1125 490 1225 534 usque
1258 503 1341 528 tem-

332 530 478 574 poribus
500 528 538 563 ad
573 529 738 572 Euganeas
770 528 928 565 Thermas
971 543 1131 574 aegrorum
1165 537 1341 571 concursus.

331 573 496 613 decrevit,
523 572 604 607 hanc
625 584 756 615 quoque
780 573 909 608 adderes
932 598 942 613 ‚
975 575 1064 617 quod
1088 589 1126 610 eo
1158 579 1305 622 pluribus
1329 605 1340 621 ‚

328 627 395 651 non
419 625 454 649 ut
479 615 559 649 olim
591 615 732 659 prodesse
755 638 766 654 ,
798 618 866 650 imo
899 620 997 651 etiam
1030 619 1137 654 obesse
1168 623 1338 658 debuerint

326 671 394 704 quo
427 660 559 702 magis,
606 659 771 702 magisque
816 661 925 695 auftus
958 663 1001 695 est
1036 675 1186 699 numerus
1228 666 1336 702 homi-

327 713 408 739 nurn
431 726 443 743 ‚
474 705 557 736 inter
589 713 722 738 caeteros
755 704 884 737 morbos
920 706 1104 740 Venereum
1138 708 1266 751 insuper
1297 711 1338 744 si-

327 757 365 780 ve
389 755 558 789 apertum,
583 745 647 781 five
671 747 839 782 occultum
862 745 1045 782 foventium
1071 776 1079 784 .
1113 752 1215 792 Qod
1236 751 1258 787 si
1282 754 1337 788 hic

326 792 460 824 morbus
495 814 505 829 ,
543 790 637 823 utin
661 790 829 833 Europam
861 792 1056 834 importatus
1079 794 1123 828 est
1146 819 1155 834 ‚
1190 795 1232 830 sic
1264 806 1337 830 tan-

324 835 399 866 dem
433 832 608 874 aliquando
630 854 640 871 ‚
676 835 725 867 uti
761 834 906 876 sperabat
951 837 1164 871 Fracastorius
1195 840 1262 881 (m
1286 844 1297 879 )
1323 866 1336 882 ,

321 876 452 919 prorsus
474 875 641 909 excederet
665 901 674 916 ,
708 887 764 910 nec
792 878 917 912 Medici
951 891 988 913 eo
1022 890 1168 922 ternpore
1197 882 1335 918 deessent

321 921 380 961 qui
414 920 571 960 magnis,
602 919 652 953 sed
675 918 769 963 justis
794 942 805 958 ‚
838 921 986 957 laudibus
1029 925 1139 957 ornari
1173 925 1296 968 possent
1323 939 1334 965 3

321 964 379 996 vix
401 962 553 1012 dubito,
586 964 666 1005 quin
701 964 926 1005 Aponensium
949 965 1170 1001 Thermarum
1199 970 1335 1004 celebri-

317 1012 366 1039 tas
389 1029 399 1045 ‚
434 1008 611 1039 imminuta
642 1008 773 1048 quidem
805 1009 849 1041 ob
881 1009 959 1043 alias
990 1011 1120 1050 causas,
1142 1010 1193 1046 sed
1216 1014 1337 1047 obvea-

318 1060 394 1085 rum
418 1048 623 1086 admirabiles
649 1049 821 1085 facultates
844 1063 1009 1096 nunquam
1043 1052 1169 1089 sublata
1192 1078 1202 1094 ‚
1239 1057 1336 1101 longe

319 1092 381 1128 alia
414 1093 534 1126 iterum
579 1091 671 1127 fieret
695 1118 704 1135 ‚
740 1106 775 1128 ac
820 1095 936 1129 saeculo
977 1097 1040 1131 hoc
1091 1098 1235 1133 videmus
1258 1124 1272 1141 ,
1303 1105 1336 1134 δε

317 1136 376 1174 diu
400 1134 531 1172 fortasse
566 1135 666 1187 visuri
699 1149 830 1180 quoque
865 1139 938 1173 sunt
972 1141 1127 1184 posteri,
1161 1143 1219 1176 nisi
1253 1145 1335 1177 duo-

317 1190 417 1219 rum,
448 1190 530 1222 quos
567 1178 648 1215 nosti
674 1205 684 1220 ,
717 1182 910 1216 Amicorum
946 1182 1116 1226 singularis
1147 1187 1181 1218 in
1213 1186 1332 1224 horum

315 1224 462 1260 fontium
499 1233 613 1257 natura
645 1225 858 1266 perquirenda
894 1225 1024 1261 solertia
1051 1249 1061 1265 ,
1092 1228 1126 1260 in
1161 1228 1338 1265 effeffibus‘

315 1276 423 1304 autem
456 1276 603 1301 accurate
626 1267 854 1306 observandis,
879 1270 1167 1313 pervulgandisque
1190 1273 1328 1315 diligen.

313 1312 384 1353 tia,
405 1307 514 1343 felicia
545 1311 690 1352 exempla
723 1321 794 1345 ante
828 1313 976 1346 omnium
998 1314 1110 1348 oculos
1144 1327 1327 1359 proponen-

311 1355 357 1388 do
380 1376 393 1393 ,
423 1353 511 1396 quasi
548 1364 632 1387 nova
665 1354 804 1396 quadam
838 1356 1035 1390 invitatione
1070 1357 1176 1392 multo
1222 1363 1327 1394 maxi-

312 1409 404 1433 mum
441 1407 603 1439 aegrorum
637 1408 807 1432 numerum
841 1398 881 1433 ad
915 1399 1049 1434 salutem
1072 1400 1128 1435 hic
1151 1401 1211 1436 sibi
1235 1415 1325 1447 quae-

317 1440 448 1474 rendam
472 1441 617 1477 alliciat.

359 1494 406 1526 19.
433 1484 532 1520 Nunc
549 1483 686 1530 ¹quando
719 1496 769 1518 me
803 1486 873 1520 veri
907 1485 1048 1521 studium
1083 1489 1217 1531 impulit
1244 1513 1254 1529 ,
1289 1500 1324 1525 ut

313 1527 475 1565 veteribus
498 1527 593 1570 hujus
629 1528 805 1568 Gymnasii
828 1530 1034 1565 Do&0ribus
1056 1543 1128 1573 quae
1152 1534 1324 1569 restituen-

309 1570 350 1607 da
377 1569 483 1609 {essent
507 1595 517 1610 ‚
547 1570 741 1606 ostenderem
765 1593 776 1609 ,
810 1582 867 1605 nec
902 1573 984 1608 illud
1015 1574 1113 1608 silebo
1153 1576 1243 1619 quod
1283 1578 1322 1613 ad

309 1614 563 1651 controversiam
597 1618 714 1649 attinet
737 1638 750 1655 ,
784 1615 876 1657 supra
911 1620 1001 1657 (n)
1035 1618 1213 1653 indicatam
1240 1643 1250 1658 ‚
1282 1621 1320 1655 de

310 1660 391 1693 Luis
427 1659 581 1693 Venereae
606 1660 771 1705 ¹novitate
815 1659 901 1693 idem
948 1661 1022 1694 illos
1053 1662 1140 1702 quod
1174 1663 1320 1705 plerique

307 1702 517 1739 dotfftiorum,
543 1701 659 1735 sensisse
684 1726 697 1742 ,
731 1705 761 1736 &
786 1703 987 1744 Hippocrati
1012 1727 1025 1743 ,
1061 1705 1210 1743 Caleno,
1234 1701 1320 1740 A‘vi-

305 1756 414 1782 cennae
449 1743 542 1779 fuisse
575 1746 743 1786 cognitam
769 1768 778 1783 ‚
814 1743 937 1787 negasse
970 1758 1008 1780 eo
1036 1748 1181 1789 graviori
1207 1751 1316 1784 ευᾶο-

306 1791 404 1824 ritate
429 1813 438 1829 ,
469 1800 535 1831 quo
568 1789 670 1831 magis
694 1799 786 1823 erant
810 1789 843 1822 in
877 1800 989 1823 eorum
1026 1790 1118 1825 libris
1150 1794 1318 1835 perlegen-

305 1833 354 1868 dis
376 1831 512 1873 versati‚
537 1843 637 1875 quam
672 1831 884 1867 successorum
919 1833 1068 1867 nonnulli
1102 1835 1221 1878 quibus
1256 1838 1317 1869 ali-

303 1886 352 1911 ter
386 1875 490 1912 visum
514 1876 577 1913 est,
600 1876 635 1909 in
658 1875 773 1921 hisque
799 1876 1024 1911 Eruditiffimo
1057 1877 1205 1921 alioquin
1232 1881 1316 1914 Viro

303 1921 428 1957 Carolo
454 1920 570 1955 Patino
594 1945 603 1953 .
635 1920 703 1953 Hic
727 1921 838 1960 enim,
863 1930 898 1954 ut
923 1921 1023 1954 initio
1047 1922 1124 1954 anni
1149 1921 1316 1957 scholasti-

304 1967 335 2000 ci
362 1962 455 2006 1687.
480 1974 538 2006 per
561 1962 616 1996 hoc
634 1965 845 2005 paradoxum3
871 1974 948 1997 utor
972 1963 1038 2007 ejus
1072 1964 1174 1999 verbo
1196 1968 1210 2005 <
1231 1978 1247 1999 o
1268 1970 1282 2006 )
1304 1981 1315 2005 3

303 2006 491 2055 proluderet
507 2031 515 2046 ,
539 2007 736 2041 Orationem
750 2007 889 2045 habuit,
914 2007 1102 2051 ediditque,
1124 2009 1316 2052 inscriptam

304 2060 403 2088 Luem
434 2051 596 2086 Veneream
627 2060 686 2084 non
720 2048 775 2094 effe
814 2050 957 2085 morbum
996 2061 1109 2086 novum
1132 2077 1143 2087 .
1176 2054 1216 2086 In
1252 2065 1317 2096 qua

302 2106 412 2131 tamen
447 2094 531 2130 nihil
571 2092 754 2129 offendisset
787 2094 875 2138 quod
908 2093 1061 2135 rejeetum
1094 2095 1170 2128 satis
1212 2096 1253 2130 ab
1289 2095 1319 2130 se

301 2151 368 2176 non
391 2136 465 2173 esset
491 2160 500 2176 ‚
533 2147 587 2172 aut
620 2137 716 2172 facile
739 2137 831 2180 rejici
864 2137 902 2171 ad
935 2137 1071 2172 eundem
1096 2139 1229 2173 modum
1252 2150 1319 2174 non

306 2181 407 2228 posset
422 2208 433 2224 ‚
457 2181 532 2216 Cel.
557 2180 745 2216 Astrucius:
769 2182 827 2225 qui
851 2184 907 2224 (p
931 2184 942 2219 )
966 2193 1130 2225 nunquam
1145 2183 1236 2217 illam
1260 2196 1315 2218 ex-

305 2226 406 2262 titisse
431 2226 653 2265 Orationem,
674 2225 750 2258 ideo
785 2224 1004 2259 arbitrabatur
1027 2251 1037 2266 ‚
1070 2225 1159 2269 quod
1193 2227 1314 2261 nullam

301 2272 370 2314 ejus
394 2271 592 2305 mentionem
616 2269 649 2301 in
674 2269 773 2302 nostri
797 2267 971 2311 Gymnasii
1005 2270 1152 2304 Historia
1190 2268 1315 2305 fecisset

303 2313 553 2358 Papadopolus,
577 2312 633 2345 ubi
656 2311 694 2346 de
719 2313 836 2346 Patino
860 2312 934 2346 satis
958 2311 1028 2346 fuse
1050 2314 1177 2347 locutus
1205 2318 1215 2354 (
1239 2326 1257 2357 q
1279 2319 1314 2355 ),

302 2361 415 2402 Opera
448 2355 588 2397 ejusdem
631 2354 821 2398 singillatim
862 2355 1020 2390 recensuit
1046 2382 1053 2390 .
1087 2357 1315 2400 Papadopolus

304 2415 381 2437 vero
405 2423 415 2440 ‚
450 2398 662 2435 Doffiffimus
698 2400 783 2438 Vir,
805 2402 836 2432 &
857 2399 897 2433 de
930 2399 993 2433 hoc
1017 2399 1202 2441 Gymnasio
1225 2413 1315 2443 egre-

302 2447 354 2490 gie
388 2445 519 2478 meritus
542 2466 552 2481 ,
584 2453 658 2477 cum
695 2454 755 2485 pro
787 2444 930 2477 materiae
964 2443 1215 2484 multiplicitate
1238 2467 1249 2484 ‚
1283 2448 1314 2478 δε

305 2487 521 2533 amplitudine
553 2498 618 2519 non
657 2486 730 2520 satis
764 2487 919 2527 temporis
959 2486 997 2520 ad
1020 2485 1222 2521 scribendum
1255 2487 1313 2521 ha-

304 2534 434 2570 buerit3
459 2541 522 2563 non
558 2531 678 2564 mirum
704 2529 748 2563 est
770 2553 784 2571 ,
814 2529 837 2562 si
861 2528 1008 2571 quaedam
1044 2531 1168 2564 invitus
1201 2531 1313 2565 omisit

306 2580 341 2612 in
376 2572 594 2611 Professorum
628 2585 759 2617 quoque
783 2596 796 2613 ‚
828 2573 1110 2616 Alumnorumque
1145 2585 1219 2608 cum
1263 2575 1314 2607 vi-

303 2633 335 2657 ta
359 2644 370 2660 ‚
410 2629 482 2654 turn
527 2617 809 2651 lucubrationibus
855 2615 1034 2658 praesertim
1079 2618 1277 2652 recensendis
1301 2639 1311 2655 ,

302 2675 433 2709 quarum
466 2660 495 2695 se
533 2659 658 2703 qualem
694 2660 815 2703 qualem
839 2682 852 2699 ,
887 2667 924 2693 ut
955 2659 1171 2702 deprehendere
1193 2660 1312 2701 licuit,

303 2708 486 2749 catalogum
518 2703 694 2738 nominibus
734 2701 869 2746 fingulis
892 2702 1052 2752 ‘adjecisse
1072 2725 1083 2741 ‚
1115 2705 1150 2738 in
1192 2704 1311 2739 Praefa-

303 2755 393 2787 tione
429 2748 597 2782 admonuit
622 2773 630 2780 .
666 2749 712 2782 Et
744 2757 803 2781 nos
843 2745 975 2788 quidem
998 2769 1010 2787 ‚
1043 2746 1132 2788 quod
1178 2748 1215 2781 ad
1247 2750 1312 2780 Ar-

304 2798 390 2832 tium
414 2793 573 2828 Doctores
604 2792 639 2825 in
669 2792 782 2834 primis
813 2793 932 2827 attinet
954 2814 963 2830 ‚
999 2799 1034 2823 ut
1057 2789 1087 2823 se
1110 2791 1235 2824 occasio
1257 2791 1312 2824 de-

300 2842 386 2876 derit
409 2861 419 2877 ,
456 2836 597 2880 supplere
643 2837 750 2878 aliqua
784 2845 822 2867 ex
867 2842 957 2876 parte
990 2833 1058 2877 ejus
1088 2835 1213 2877 Scripta
1246 2845 1310 2868 non

303 2884 512 2919 omittemus,
535 2888 629 2913 tanto
662 2888 769 2913 autem
804 2877 843 2911 de
874 2878 989 2912 Parino
1025 2876 1153 2912 facilius
1174 2901 1183 2918 ,
1222 2877 1311 2921 quod

305 2931 394 2963 inter
427 2922 548 2957 nostros
583 2923 654 2955 sunt
693 2923 793 2956 libros
830 2920 997 2955 volumina
1029 2921 1094 2955 duo
1127 2923 1162 2955 in
1194 2922 1314 2965 quibus

306 2972 360 3007 sua
392 2966 457 3011 ipse
489 2966 655 3008 Opuscula
688 2963 850 3008 disposuit
900 2978 939 2998 eo
983 2964 1046 2998 fere
1090 2965 1203 2999 ordine
1246 2977 1313 3008 quo

303 3013 452 3062 prodiere
476 3031 485 3047 2
519 3010 667 3052 pleraque
702 3011 755 3043 sua
782 3020 878 3043 manu
910 3007 953 3042 sic
986 3009 1169 3050 emendata,
1192 3011 1223 3041 ἅτ
1255 3019 1314 3041 au-

304 3062 355 3094 &a
378 3079 390 3096 ,
422 3052 695 3099 quemadmodum
728 3065 743 3085 a
777 3052 986 3095 typographo
1016 3053 1136 3087 iterum
1172 3051 1311 3086 describi

305 3101 456 3139 volebat.
483 3097 567 3137 Quae
590 3096 695 3139 igitur
717 3093 828 3131 omisit
850 3096 1073 3141 Papadopolus
1097 3122 1108 3140 ‚
1142 3096 1177 3130 in
1202 3096 1311 3139 primo

630 191 786 248 Liber
820 193 911 248 IV,
945 194 1025 245 De
1058 194 1266 255 Morbis
1299 196 1647 265 chirurgici&
1680 200 1734 255 ,δι’
1773 198 2170 261 Universalibus

1390 277 1519 318 quidem
1554 279 1719 313 volumine
1750 278 1817 313 haec
1861 280 1955 314 sunt,
1984 282 2085 324 Quod
2114 284 2401 329 Medico-chirurgo

1390 321 1486 355 liceat
1527 323 1636 366 absque
1678 323 1759 356 artis
1801 322 1938 357 dedecore
1969 323 2078 368 hestiis
2118 327 2214 360 etiam
2252 330 2364 363 mederi
2388 352 2398 361 .

1393 364 1522 398 Oratio.
1544 382 1621 391 -—
1642 369 1685 397 De
1707 365 1850 400 ‘Phoenice
1870 368 1903 399 in
1922 369 2120 411 ‚numismate
2149 371 2229 413 Imp.
2250 371 2399 405 Antoni-

1393 408 1428 439 ni
1442 407 1603 441 Caracalla:
1624 407 1757 451 expreffa
1770 433 1777 439 .
1801 407 1934 451 Eplstosa
1947 434 1954 441 .
1979 428 2061 435 -—-
2082 414 2189 446 Oratio
2212 414 2247 448 de
2267 415 2398 450 liberata

1391 450 1531 485 civitate
1553 452 1665 486 Vienna
1690 464 1700 483 :
1732 464 1802 494 quae
1825 453 1895 486 duae
1919 453 2077 486 filiarum
2107 457 2240 490 nomine
2273 459 2398 499 scriptae

1392 493 1487 528 sunt.
1512 495 1803 528 —-·'Medicinam
1825 495 2005 530 Praeticam
2032 505 2090 529 non
2106 496 2194 539 satis
2225 500 2366 540 aesiimari·
2388 525 2396 534 .

1390 537 1522 585 Oratio.
1544 551 1621 558 -—
1642 538 1734 581 Qod
1754 538 1897 572 Medicus
1919 538 2031 573 debeat
2051 537 2107 582 effe
2129 545 2373 577 ΠΟΛΥΜΑΘΗΣ
2387 569 2398 578 .

1390 583 1520 612 Oratio.
1544 594 1622 608 -ψ-
1635 582 1879 615 Commentarius
1897 585 1931 614 in
1952 590 2021 615 tres-
2043 583 2261 625 inscriptiones
2281 595 2397 626 gracai-

1388 625 1520 660 smyrna
1549 630 1644 662 nuper
1664 623 1799 658 allatas.
1823 640 1902 649 --
1923 629 2181 659 ΕΡΩἸΓΗΜΑΤΑ
2205 628 2370 660 IATPIKA
2384 651 2396 669 ,

1388 666 1423 698 de
1467 666 1589 699 Medico
1631 690 1639 698 .
1683 682 1761 690 ——
1791 667 1993 701 Theoremata
2038 664 2393 707 Philosop'hico-Medz'ca

1388 712 1424 741 cle
1469 709 1540 743 Vita
1585 710 1628 742 (φ
1666 714 1770 745 Morte
1794 737 1802 744 ,
1834 725 1912 736 -—·
1942 707 2185 742 circulationem
2226 708 2396 751 sanguinis

1387 763 1406 783 a
1438 750 1599 785 Veteribus
1628 751 1784 796 cognitam
1799 750 1895 797 fuiss&
1920 779 1928 788 ,
1953 752 2086 784 Oratio.
2109 751 2304 785 ——Flores
2325 756 2396 787 Me.

1387 794 1493 827 cilicina
1516 793 1719 830 Theoreticae.
1742 814 1821 822 —-
1841 795 2090 831 Exercitationes
2113 792 2250 828 Publicae
2279 794 2315 827 de
2336 799 2396 830 Fe-

1386 836 1517 879 bribus,
1541 839 1691 873 videlicet
1714 850 1778 873 non
1804 841 1925 874 Oratio
1949 862 1958 878 ‚
1991 849 2089 879 qauam
2112 837 2254 871 indicare
2288 838 2394 873 voluit

1388 881 1613 928 Papadopolus
1635 906 1648 923 ,
1681 883 1732 916 sed
1770 884 2017 918 Praelefflonum
2043 880 2262 915 habendarum
2285 880 2394 923 Syno-

1383 925 1447 966 psis
1470 948 1480 958 .
1513 926 1564 958 Ex
1588 926 1689 960 altero
1712 934 1818 960 autem
1831 928 1997 961 volumine
2024 924 2188 966 praeterita
2200 924 2267 959 haec
2291 924 2391 959 sunt:

1386 967 1498 1009 Theses
1520 968 1663 1002 ‘Politicae
1684 969 1719 1002 de
1741 969 1922 1009 Libertate,
1948 970 1991 1003 (9⁹
2015 969 2198 1002 Servitute.
2224 969 2390 1010 ——Opi-

1386 1012 1490 1044 niones
1511 1013 1638 1046 Medicae
1659 1012 1695 1046 de
1705 1011 1873 1047 Febribus.
1899 1029 1977 1038 --—-
1998 1011 2071 1044 Idea
2095 1011 2216 1051 Capitis
2238 1007 2367 1045 humani
2383 1037 2392 1046 .

1387 1055 1515 1088 Oratio.
1540 1056 1739 1088 ——Oratio
1752 1054 1871 1089 habita
1896 1056 2032 1089 Venetiis
2054 1054 2087 1087 in
2117 1053 2295 1087 Academia
2326 1057 2391 1088 Do-

1386 1097 1505 1131 donaea.
1519 1111 1596 1120 --
1619 1098 1725 1132 Flores
1746 1100 1907 1134 Medicina
1920 1099 2072 1133 ‘Pratiicae
2085 1121 2093 1130 .
2114 1112 2191 1121 ·—·
2216 1101 2311 1130 Luem
2333 1098 2391 1131 Ve-

1385 1150 1508 1174 neream
1530 1147 1589 1168 non
1611 1139 1666 1184 effi?
1689 1141 1830 1175 morbum
1852 1154 1967 1176 novum
1991 1169 1999 1176 .
2023 1140 2133 1173 Oratio
2155 1162 2164 1170 .
2194 1156 2271 1166 -—-
2293 1143 2391 1174 Exer-

1383 1184 1554 1217 citationes
1577 1184 1714 1218 Publicae
1736 1186 1771 1217 de
1793 1185 1915 1219 Morbis
1932 1181 2184 1227 particularibus
2206 1181 2356 1216 Thoracis
2379 1209 2390 1225 ,

1383 1227 1427 1259 (Τ
1448 1227 1662 1260 abdominis.
1696 1244 1773 1250 —-
1802 1229 2046 1263 Commentarius
2067 1228 2101 1260 in
2124 1225 2288 1267 antiquum
2321 1239 2389 1261 mo-

1379 1279 1560 1303 numentum
1590 1266 1779 1304 Marcellinae
1801 1282 1817 1304 e
1849 1272 1966 1306 Gracia
1998 1280 2095 1312 nuper
2118 1268 2251 1303 allatum
2276 1292 2284 1300 .
2307 1287 2386 1295 —-

1378 1317 1415 1347 ln
1444 1311 1595 1346 Febribus
1616 1313 1770 1347 medendis
1800 1315 2021 1357 inspiciendum
2054 1310 2111 1357 effe
2133 1311 2245 1346 lotium
2265 1335 2273 1343 .
2308 1314 2387 1343 Ora-

1378 1357 1425 1390 tio
1438 1380 1447 1386 .
1469 1358 1800 1390 —Commentarius
1822 1361 1854 1392 in
1875 1359 2038 1400 antiquum
2060 1354 2277 1396 cenotaphium
2299 1358 2384 1387 Mar.

1378 1401 1408 1432 ci
1430 1399 1565 1432 Artorii
1587 1401 1704 1434 Medici
1725 1401 1848 1442 Caesaris
1859 1401 1996 1444 Augusti
2013 1426 2020 1432 .
2043 1416 2120 1424 -—
2134 1398 2384 1432 Exercitationes

1378 1443 1516 1476 ‘Publica
1548 1443 1583 1477 de
1606 1443 1726 1477 Morbis
1748 1445 1870 1487 Capitis
1895 1469 1903 1476 .
1925 1460 2001 1469 —
2024 1441 2137 1477 oratio
2171 1442 2206 1475 de
2226 1441 2385 1482 Remediis

1377 1484 1535 1527 specificis
1556 1509 1564 1518 .
1597 1502 1674 1532 —·-
1705 1487 1811 1521 Flores
1841 1485 2156 1528 Medico—chirurgici
2178 1510 2186 1518 .
2232 1486 2303 1519 Cur
2334 1483 2384 1518 his

1375 1529 1502 1562 duobus
1527 1530 1652 1562 ultimls
1691 1531 1822 1573 Scriptis
1854 1542 1918 1564 non
1942 1530 2143 1574 interjecerit
2169 1528 2320 1568 Patinusi
2347 1538 2384 1561 ut

1375 1572 1530 1607 editionis
1553 1574 1636 1605 ordo
1660 1574 1840 1616 postulabat
1864 1599 1874 1615 ,
1906 1575 2100 1608 Orationem
2133 1584 2205 1615 quae
2240 1571 2384 1610 seorsum,

1373 1616 1457 1657 apud
1483 1628 1535 1649 me
1558 1625 1670 1655 extat,
1693 1617 1735 1651 fic
1758 1617 1945 1660 inscriptam
1965 1640 1978 1657 ‚
2016 1619 2131 1650 Vanam
2161 1614 2217 1660 effe
2237 1614 2383 1654 Astrolo-

1368 1661 1456 1701 giam
1478 1660 1598 1692 Medico
1618 1658 1711 1701 plane
1723 1661 1881 1703 indignam
1894 1684 1906 1702 ‚
1928 1673 2025 1704 quam
2057 1662 2101 1694 A.
2121 1661 2220 1701 Ι1690.
2245 1656 2300 1693 hic
2322 1657 2380 1692 ha-

1372 1704 1485 1736 buerat
1507 1725 1519 1742 ,
1553 1703 1705 1745 typisque
1728 1703 1924 1746 descriptam
1951 1705 2164 1747 vulgaverat,
2187 1713 2252 1736 non
2277 1704 2380 1744 magis

1371 1746 1442 1779 scio
1467 1772 1476 1786 ,
1508 1757 1607 1787 quam
1641 1757 1698 1779 cur
1728 1746 1793 1780 duo
1827 1748 1867 1782 de
1903 1748 2023 1790 quibus
2051 1747 2156 1786 dixi,
2190 1746 2383 1787 Opusculo-

1370 1801 1439 1823 rum
1463 1790 1631 1822 volumina
1654 1789 1801 1832 neglecta
1835 1791 1914 1825 adeo
1948 1790 2118 1834 reliquerit
2141 1809 2152 1826 ,
2189 1798 2226 1822 ut
2261 1789 2318 1822 nisi
2343 1792 2380 1823 in

1369 1844 1482 1867 manus
1515 1831 1670 1866 venissent
1713 1845 1796 1867 meas
1820 1859 1830 1875 ‚
1866 1833 1959 1868 facile
2005 1833 2152 1868 excidere
2196 1834 2229 1864 &
2272 1834 2380 1874 perire

1371 1875 1548 1919 potuissent
1580 1875 1735 1910 chartulae
1768 1888 1845 1920 quas
1869 1900 1882 1918 ‚
1917 1877 2009 1911 nullo
2043 1887 2180 1911 annexas
2213 1875 2342 1918 glutine
2365 1900 2377 1915 ‚

1370 1919 1425 1954 hic
1456 1919 1525 1953 illic
1567 1930 1685 1962 magno
1717 1930 1852 1954 numero
1882 1920 2089 1963 interjecerat
2112 1943 2125 1961 ,
2157 1919 2312 1953 nonnulla
2344 1918 2381 1954 in

1371 1962 1547 2006 Opusculis
1577 1963 1650 2006 ipsis
1682 1963 1851 1997 emendans
1872 1986 1885 2004 ‚
1918 1965 2058 2006 plurima
2091 1972 2197 1997 autem
2230 1963 2380 2005 praeclare

1369 2007 1527 2040 illustrans
1551 2030 1562 2047 ‚
1596 2006 1798 2049 multumque
1822 2019 1939 2050 augens
1959 2029 1970 2038 .
2005 2008 2091 2052 Quae
2114 2017 2198 2043 nunc
2221 2005 2378 2040 chartulae

1371 2050 1545 2091 diligenter
1567 2061 1583 2082 a
1607 2061 1657 2085 me
1690 2051 1856 2092 perstem,
1879 2054 1910 2084 &
1932 2052 2081 2089 collatae,
2103 2049 2233 2092 singulae
2256 2047 2294 2083 ad
2317 2049 2381 2084 sin-

1371 2094 1448 2135 gula
1481 2092 1694 2135 agglutinatae
1736 2094 1810 2127 sunt
1851 2094 1921 2127 loca
1955 2095 1993 2128 ad
2029 2106 2104 2136 quae
2137 2092 2342 2136 pertinebant
2366 2117 2377 2133 ,

1371 2146 1409 2171 nt
1431 2135 1526 2171 facile
1550 2145 1603 2170 aut
1628 2149 1682 2180 per
1707 2148 1778 2178 me,
1805 2136 1959 2179 siquando
1983 2138 2089 2172 minus
2110 2146 2286 2179 occupatus
2308 2135 2379 2172 fue—

1367 2192 1406 2214 ro
1431 2206 1441 2222 ‚
1475 2190 1528 2214 aut
1561 2191 1615 2222 per
1649 2180 1728 2214 alios
1761 2192 1795 2214 ea
1836 2182 1959 2224 Scripta
2002 2181 2068 2224 jam
2107 2180 2222 2224 poffint
2263 2180 2379 2216 iterata

1368 2224 1513 2258 editione
1536 2223 1577 2257 fic
1614 2223 1772 2267 proferri,
1796 2223 2077 2267 quemadmodum
2089 2223 2296 2268 “pererudito
2321 2237 2377 2259 eo-

1368 2279 1440 2301 rum
1474 2268 1617 2301 Aut‘tori
1652 2268 1813 2308 placuerat
1837 2293 1845 2300 .
1878 2269 1941 2302 Hae
1978 2278 2086 2303 autem
2108 2266 2275 2307 chartulae
2307 2268 2379 2311 spe-
2426 2288 2429 2290 -

1367 2313 1456 2345 §tant
1490 2310 1528 2344 ad
1561 2311 1824 2345 Commentarios
1856 2324 1935 2355 quos
1969 2313 2183 2350 memoravi,
2213 2312 2377 2347 nonnullae

1367 2356 1401 2388 in
1426 2353 1657 2396 cenotaphium
1671 2355 1719 2388 M.
1733 2357 1863 2389 Artorii
1877 2377 1886 2392 ,
1910 2356 2005 2399 longe
2029 2357 2134 2398 plures
2155 2356 2190 2389 in
2217 2356 2376 2397 primam,

1367 2401 1399 2431 &
1432 2398 1601 2432 secundam
1635 2409 1674 2432 ex
1715 2400 1819 2433 tribus
1865 2399 2108 2441 Smyrnensibus
2145 2398 2378 2441 Inscriptioni-

1367 2443 1426 2476 bus
1451 2465 1461 2479 ‚
1496 2442 1644 2484 plurimae
1679 2451 1784 2475 autem
1818 2444 1852 2476 in
1878 2453 2124 2477 monumentum
2148 2442 2372 2477 Marcellinae.

1366 2487 1420 2519 Ad
1453 2496 1532 2527 quas
1557 2486 1689 2518 ultimas
1712 2486 1835 2519 accedit
1861 2486 2078 2530 autographa,
2105 2497 2161 2520 nec
2185 2487 2231 2520 ita
2244 2485 2374 2526 brevis,

1367 2528 1500 2572 epistola
1525 2540 1540 2562 a
1564 2527 1759 2570 famigerato
1783 2531 1869 2564 Viro
1892 2531 2050 2564 Gisberto
2074 2531 2206 2573 Cupero
2216 2528 2255 2563 ad
2280 2529 2372 2571 Pati-

1366 2583 1444 2606 num
1467 2570 1557 2605 missa
1575 2597 1584 2612 ,
1609 2573 1713 2614 siquid
1737 2584 1798 2616 ego
1830 2573 1964 2616 judico,
1989 2584 2127 2616 utroque
2150 2572 2248 2614 digna
2264 2596 2272 2604 .
2296 2572 2370 2607 Nec

1365 2617 1507 2655 dubito,
1529 2616 1608 2657 quin
1631 2615 1712 2649 hanc
1735 2629 1885 2659 quoque,
1910 2626 1946 2650 ut
1969 2628 2030 2650 una
2053 2627 2126 2650 cum
2139 2614 2294 2649 chartulis
2316 2615 2371 2649 in.

1364 2659 1531 2702 terjecerat
1563 2682 1574 2697 ‚
1619 2659 1763 2693 editurus
1807 2660 1916 2694 fuisset
1950 2660 2082 2693 Patinus
2105 2682 2116 2698 ‚
2150 2656 2209 2693 nifi
2246 2660 2370 2692 arteriae

1361 2703 1492 2747 Magnae
1518 2704 1704 2745 aneurysma
1726 2725 1738 2742 ,
1770 2715 1786 2736 a
1818 2715 1884 2746 quo
1917 2704 2025 2746 potius
2056 2713 2154 2745 quam
2188 2712 2205 2734 a
2236 2713 2370 2736 concre-

1361 2755 1420 2784 to,
1442 2753 1479 2781 ut
1517 2745 1554 2779 fit
1576 2769 1586 2785 ‚
1619 2748 1704 2780 intra
1727 2746 1833 2787 ipsum
1857 2748 2000 2789 polypo,
2026 2754 2230 2791 peremptum
2253 2746 2369 2779 censeo

1362 2794 1414 2830 (r
1437 2793 1470 2829 )‚
1504 2788 1570 2831 ejus
1614 2791 1783 2833 proposito
1827 2790 2003 2824 obstitisset
2025 2815 2032 2825 .
2067 2790 2147 2829 Quo
2190 2787 2334 2831 perfesto
2357 2811 2368 2827 ‚

1361 2831 1548 2868 ostendisset
1581 2834 1682 2875 magis
1705 2834 1770 2867 Vir
1804 2835 2010 2869 Doetiffimus
2033 2855 2043 2871 ,
2072 2841 2195 2876 quanto
2228 2832 2297 2874 plus
2332 2833 2368 2866 in

1362 2878 1505 2920 antiquis
1538 2877 1788 2911 numismatibus
1811 2899 1821 2913 ‚
1854 2881 1885 2911 ἃ
1919 2877 2136 2912 monumentis
2169 2874 2367 2909 declarandis

1362 2921 1482 2955 valeret
1503 2943 1513 2958 ,
1546 2932 1644 2964 quam
1676 2922 1709 2954 in
1744 2921 1869 2955 medico
1898 2922 1958 2955 illo
1990 2919 2153 2964 paradoxo
2201 2919 2366 2953 vetustatis

1363 2965 1441 2998 Luis
1464 2967 1618 2999 Venereae
1641 2965 1853 3007 Hippocratis
1878 2976 2007 3009 quoque
2030 2963 2053 2997 si
2077 2963 2203 3006 Superis
2225 2962 2329 3005 placet
2352 2985 2364 3001 ,

1362 3008 1481 3042 Caleni
1506 3031 1517 3048 ‚
1552 3008 1752 3049 Avicennae,
1774 3008 1980 3053 aliorumque
2012 3008 2095 3043 locis
2116 3005 2362 3041 confirmando.

1363 3052 1447 3088 Vale
1458 3078 1467 3086 .

2203 3638 2309 3673 EPL·

329 3709 2332 3728 „m--ss-q——nn-——n-fi———hw

362 3775 376 3833 s(
391 3780 415 3796 m
432 3771 445 3800 )
463 3773 497 3795 De
513 3770 601 3795 Morb.
617 3775 724 3803 contag.
742 3773 760 3797 l.
776 3779 799 3796 2.
814 3779 837 3796 c.
855 3778 893 3796 ιι.
956 3771 966 3798 s
981 3769 1024 3801 n)
1040 3778 1065 3797 n.
1082 3779 1122 3802 ις.

394 3811 409 3832 q
425 3803 435 3832 )
456 3803 479 3826 S.
495 3807 518 3825 2.
534 3800 603 3830 supra
615 3803 646 3827 ad
661 3812 689 3830 n.
707 3811 743 3833 17„
758 3802 802 3829 cit.
819 3810 843 3828 c„
860 3810 900 3833 35.
916 3810 943 3828 n,
962 3808 1014 3832 159.

1184 3770 1199 3799 (
1212 3778 1227 3795 ο
1242 3769 1256 3798 )
1279 3776 1334 3800 pag.
1350 3770 1440 3798 penult.

1073 3805 1083 3828 (
1099 3810 1111 3827 r
1127 3800 1138 3831 )
1155 3800 1209 3827 Vid.
1224 3799 1296 3826 1²2stae
1312 3800 1386 3830 Epist.
1401 3801 1431 3827 de
1446 3800 1532 3827 cordis
1546 3800 1637 3831 polypo
1652 3801 1678 3826 in
1693 3801 1753 3827 dub.
1771 3808 1848 3827 revoc,
1864 3809 1888 3827 n.
1905 3810 1927 3832 ς.

1501 3769 1511 3796 s
1526 3777 1543 3801 p
1561 3769 1569 3798 )
1585 3771 1620 3794 De
1638 3769 1719 3794 Morb.
1736 3772 1824 3795 Vener.
1840 3771 1857 3795 1.
1875 3773 1899 3795 8.
1918 3772 1944 3796 S.
1965 3778 2002 3801 17.
2017 3771 2048 3797 ad
2062 3773 2093 3796 A.
2114 3770 2181 3800 1687-
