2498 4075
468 94 567 144 ²74

398 157 658 200 palpitationes,
680 165 781 199 neque
809 157 948 190 omnino
969 153 1148 199 quidquam
1172 157 1345 198 praeceffiffe
1356 167 1415 191 un-

407 200 447 234 de
468 200 504 234 id·
524 199 723 234 tuberculum
767 200 963 234 indicaretur
994 224 1002 231 .,
1050 199 1129 240 Qo
1173 201 1277 233 minus
1321 203 1414 234 mira-

412 245 441 277 ri
462 253 591 289 oportet
604 266 616 282 ‚
641 241 795 285 siquando
817 244 987 284 repentinae
1000 252 1133 277 mortes
1148 243 1224 276 illos
1235 254 1413 286 occupant,

413 288 473 328 qui
496 286 587 320 nullo
609 286 648 320 de
671 286 883 320 incommodo
906 286 1142 329 querebantur,
1162 297 1235 318 cum
1271 297 1339 328 pars
1356 287 1415 321 ··ad

407 329 579 363 vivendum
602 328 683 362 adeo
705 329 890 371 necessaria,
914 340 969 362 cor
994 329 1085 373 poffit
1110 327 1294 370 interdum,
1317 330 1414 364 nullis

994 77 1152 130 Liber
1184 77 1249 130 11.
1283 80 1369 130 De
1413 80 1620 132 Morbis
1656 80 1912 134 Thoracis

1465 159 1676 199 peculiaribus
1695 161 1929 195 comitantibus
1951 162 2184 203 incommodis,
2209 162 2363 205 eiustnodi
2386 168 2470 200 vitio

1465 201 1633 247 laborare,
1654 203 1745 245 cuj-us
1768 206 1965 238 incremento
1988 208 2161 246 parietibus
2173 208 2261 240 illius
2272 208 2443 250 perforatis
2458 236 2468 251 ,

1451 243 1562 292 -iimul
1584 257 1657 279 cum
1680 244 1827 288 sanguine
1850 250 1917 281 vita
1939 250 2127 284 amittatur.
2154 250 2283 291 Qubus
2307 251 2344 286 de
2379 263 2465 287 mor-

1463 286 1554 325 tibus
1576 290 1738 331 proximas
1760 292 1901 325 Litteras
1926 293 2058 334 expecta
2070 317 2084 334 ,
2107 297 2139 329 ὃ(
2163 294 2264 328 Vale.

387 549 949 616 *EPISTOLA
1006 524 2120 623 ANATOMI'CO-MEDICA
2175 563 2414 628 XXVL

532 702 710 754 Verba
744 697 877 752 fiunt
912 696 974 748 de
992 697 1173 749 Morte
1209 701 1503 776 Repentina
1538 717 1608 753 ex
1645 704 1778 756 vitio
1809 707 2054 763 vasorum
2086 709 2343 778 sanguise·—

830 778 1013 814 tort-m
1049 780 1168 833 quae
1202 765 1318 821 sunt
1352 767 1683 836 potlffimum
1717 772 1772 822 in
1807 771 2059 827 thorace.

486 960 600 996 saeculo
622 954 813 998 videantur,
837 965 943 991 tamen
967 966 1063 991 etlam
1087 966 1177 991 antea
1200 958 1234 989 in
1267 959 1359 991 Italia
1382 983 1396 999 ,

486 1004 617 1049 aliisque
642 1001 828 1043 regionibus
845 1023 857 1041 ,
881 1001 977 1034 variis
1021 1000 1150 1034 subinde
1196 1002 1395 1044 temporibus

387 1062 451 1083 non
476 1047 691 1090 infrequentes
714 1043 805 1082 fuisse
820 1067 833 1084 ,
857 1045 930 1077 aliis
954 1044 992 1077 ad
1015 1052 1047 1077 te
1072 1045 1207 1077 Litteris
1229 1046 1243 1082 (
1265 1056 1283 1077 a
1305 1046 1318 1083 l
1343 1045 1398 1079 de-

388 1092 654 1127 monstravimus.
679 1087 898 1123 Confi-rmabit
934 1087 967 1121 id
989 1100 1000 1127 5
1046 1097 1080 1121 ut
1126 1087 1266 1121 Plinium
1310 1092 1323 1129 (
1345 1088 1363 1121 b
1385 1092 1400 1127 )

385 1139 609 1174 omittamus,
641 1132 699 1175 qui
730 1130 786 1165 esse
817 1128 1000 1174 frequentes
1025 1154 1034 1170 ,
1066 1128 1190 1173 scripfit
1213 1152 1226 1170 ‚
1258 1134 1290 1164 δε
1324 1144 1397 1166 cum

384 1182 492 1224 plures
537 1177 602 1222 ipse
647 1184 860 1216 memoraret,
882 1174 929 1206 vel
950 1173 1106 1217 plurimas
1134 1171 1299 1218 prodidisse
1323 1176 1395 1208 Ver-

383 1225 490 1264 rium,
516 1220 631 1255 docuit
653 1230 667 1260 ,·
695 1218 729 1251 id
754 1242 765 1258 ‚
805 1219 960 1261 mquam,
983 1216 1215 1249 recentioribus
1240 1218 1394 1260 exemplis

381 1265 589 1301 confirmabit
614 1261 721 1298 sectio
742 1262 802 1296 XI.
830 1260 1051 1303 Sepulchreti,
1075 1258 1227 1302 inscripta
1250 1262 1285 1295 de
1307 1265 1395 1295 Mor-

380 1318 412 1343 te
436 1309 629 1354 Repentina,
653 1304 702 1337 ibi
737 1304 914 1348 praesertim
958 1303 1014 1338 ubi
1062 1312 1117 1338 aut
1163 1302 1393 1340 Bartholinurn

382 1355 436 1397 (c
467 1357 477 1393 )
509 1353 593 1396 leges
639 1347 853 1386 scribentem,
876 1350 926 1380 Λ,
957 1349 1047 1391 1652.
1094 1347 1188 1382 initio
1231 1347 1394 1384 Februarii

379 1396 490 1441 menfis
504 1418 515 1434 ,
538 1394 575 1428 ob
597 1391 794 1432 incestantem
818 1392 900 1426 aeris
923 1390 1140 1432 intemperiem
1161 1414 1173 1430 ‚
1205 1391 1321 1425 multos
1358 1395 1390 1427 in

382 1439 457 1475 urhe
480 1438 605 1474 Hafnia
619 1459 632 1476 ,
656 1436 817 1479 inopinata
840 1441 940 1469 morte
969 1432 1077 1477 subito
1113 1433 1267 1467 extinb't'os
1286 1458 1298 1475 ‚
1336 1445 1390 1470 aut

381 1483 573 1517 Panarolum
609 1479 700 1519 (d)
730 1477 898 1513 docentem
921 1501 934 1518 ‚
961 1477 1120 1520 praecipiti
1152 1479 1194 1511 Θ
1228 1481 1389 1520 repentina

379 1535 483 1562 morte
507 1528 549 1561 A.
578 1527 668 1566 1651.
694 1520 782 1558 brevi
805 1521 954 1564 temporis
971 1520 1077 1562 spatio
1099 1531 1196 1556 unum
1215 1521 1279 1563 posi
1289 1522 1389 1557 alium

380 1572 495 1605 Romae
542 1563 712 1609 occubuiffe
729 1589 737 1597 .
784 1565 860 1599 Huc
895 1562 1077 1598 Lancifiurn
1101 1568 1111 1603 (
1136 1574 1150 1598 e
1168 1565 1186 1607 )
1210 1564 1311 1606 adde,
1332 1568 1390 1609 qui

375 1614 464 1648 idem
487 1612 544 1650 sub
566 1608 753 1645 Alexandro
775 1610 859 1644 VII.
884 1607 919 1643 id
943 1607 985 1641 est
1009 1608 1099 1640 annis
1132 1607 1199 1650 post
1244 1612 1353 1651 paucis
1374 1634 1387 1652 ³

374 1656 497 1692 ibidem
521 1651 689 1694 accidisse,
711 1651 872 1692 ostendit,
898 1654 930 1684 &
953 1653 987 1683 in
1009 1651 1167 1684 Hetruria
1189 1675 1202 1692 ,
1232 1661 1268 1684 ut
1303 1653 1388 1685 arbi-

373 1711 465 1740 tror,
487 1700 571 1735 circa
594 1696 681 1731 idem
704 1704 853 1738 tempus,
877 1704 969 1728 antea
995 1703 1126 1735 autern,
1157 1706 1271 1737 nempe
1301 1698 1387 1731 circa

373 1745 507 1780 initium
530 1741 686 1788 praeteriti
711 1738 818 1775 saeculi
840 1741 872 1773 δε
895 1739 1010 1773 Romae
1022 1760 1035 1780 ,
1058 1740 1088 1772 &
1115 1739 1284 1780 Venetiis‚
1307 1741 1385 1775 &in

373 1790 444 1824 aliis
466 1798 533 1832 quo
557 1798 594 1820 ne
615 1783 838 1820 Civitatibus.
1248 1825 1254 1830 ¹

416 1844 445 1866 2.
497 1832 534 1865 Se
603 1827 858 1873 quandocunque
882 1849 891 1864 ,
926 1827 959 1859 δε
982 1824 1186 1875 *ubicunque
1225 1824 1382 1868 ejusmodi

371 1875 573 1918 contigerint
599 1881 743 1911 mortes,
765 1869 890 1905 causam
914 1878 1012 1903 autin
1027 1867 1177 1907 cerebro,
1202 1871 1234 1903 &
1257 1871 1381 1910 nervis,

372 1929 426 1954 aut
449 1922 483 1954 in
507 1915 741 1963 pulmonibus,
766 1917 798 1947 &
823 1914 938 1946 arteria
961 1910 1082 1955 Aspera
1106 1934 1119 1951 ,
1149 1919 1202 1945 aut
1247 1912 1384 1956 denique

369 1966 404 1997 in
428 1962 527 1998 corde
549 1984 560 2001 ,
595 1963 627 1996 ἃς
653 1956 841 2001 sanguiferis
864 1955 942 1989 vasis
988 1957 1029 1991 ab
1074 1955 1281 1989 Anatomicis
1327 1956 1383 1990 esse

369 2001 573 2050 quaerendam
594 2026 604 2043 ‚
638 2012 738 2044 neque
761 2011 822 2045 ego
855 1999 971 2034 dubito
993 2021 1006 2039 ‚
1035 2001 1067 2033 &
1104 1996 1188 2031 idem
1221 1999 1384 2034 Lancilius

371 2051 405 2084 in
452 2061 522 2096 egre
548 2049 588 2081 iis
631 2046 724 2080 libris
747 2068 761 2086 ,
803 2054 885 2087 quos
908 2045 944 2078 de
968 2040 1148 2076 subitaneis
1171 2041 1274 2076 edidit
1297 2046 1384 2075 Mor-

371 2093 458 2129 tibus
479 2097 494 2134 <
550 2096 588 2133 ),
611 2089 687 2125 satis
712 2086 966 2132 praemonstravit
980 2109 987 2117 .
1012 2087 1100 2119 Cum
1122 2085 1225 2127 igitur
1247 2097 1281 2118 ea
1303 2083 1342 2117 fit
1367 2098 1383 2120 a

370 2149 420 2171 me
443 2138 534 2172 causa
558 2137 592 2169 in
614 2132 740 2169 duobus
765 2131 879 2174 primis
902 2128 1000 2172 ipfius
1025 2126 1104 2162 sedis
1127 2129 1293 2170 generibus
1326 2139 1384 2163 an-

371 2192 419 2216 tea
442 2178 596 2224 quaesita,
619 2188 691 2212 curn
715 2174 875 2217 Epistolas
900 2172 939 2208 ad
963 2182 994 2206 te
1017 2171 1182 2206 scriberem
1215 2172 1254 2207 de
1287 2174 1380 2216 Apo-

370 2226 503 2269 plexia,
525 2226 558 2259 &
580 2221 618 2255 de
644 2218 888 2255 Suffocatione3
913 2217 1073 2258 reliquum
1097 2227 1181 2250 nunc
1212 2216 1273 2249 erit
1297 2241 1309 2257 ,
1342 2226 1379 2250 ut

368 2272 403 2303 in
426 2270 526 2302 tertio
549 2276 715 2310 quaeram,
738 2262 770 2296 id
795 2260 838 2295 est
860 2262 893 2294 in
916 2259 1033 2299 corde,
1057 2259 1196 2303 vasisque
1221 2259 1381 2304 sanguise-

374 2314 438 2349 ris‚
469 2323 539 2355 quae
584 2307 715 2344 thorace
765 2304 963 2348 potiffimurn
1009 2305 1219 2337 continentur
1243 2328 1251 2335 .
1286 2304 1381 2336 Nolo

369 2358 454 2389 enim
478 2357 619 2394 iterum,
642 2349 729 2394 quod
755 2350 834 2390 saepe
859 2346 927 2379 fieri
951 2345 1046 2379 video
1077 2348 1110 2379 in
1145 2347 1290 2380 Sed-”tione
1323 2346 1381 2379 hac

372 2398 569 2442 Sepulchreti
589 2422 598 2437 ‚
617 2390 661 2428 vde
684 2391 908 2434 Apopletsticis
923 2413 934 2429 ,
958 2398 1012 2422 aut
1035 2388 1072 2421 de
1095 2387 1267 2422 Suffocatis
1289 2389 1379 2421 verba

370 2443 497 2482 facere,
521 2451 576 2475 nec
599 2438 639 2472 de
661 2437 701 2470 iis
726 2435 782 2478 qui
805 2433 849 2466 ob
873 2432 981 2466 laesum
1006 2432 1138 2474 aliquod
1164 2433 1283 2466 ventris
1318 2431 1381 2464 vis-

370 2499 424 2521 cus
447 2485 645 2528 repentinam
668 2488 807 2513 mortem
830 2477 957 2517 obiere,
982 2483 1070 2508 antea
1093 2474 1250 2516 scribere,
1286 2486 1382 2518 quam

370 2531 527 2572 incipiam¹
549 2527 586 2560 de
609 2527 752 2558 ventre.-
774 2530 954 2563 quanquam
978 2517 1132 2561 ejusmodi
1156 2520 1272 2553 mortis
1308 2530 1384 2562 pro-

370 2575 456 2609 xima
480 2570 570 2606 causa
593 2579 656 2602 non
680 2569 714 2601 in
736 2565 852 2598 viscere
875 2563 935 2598 illo
970 2563 1088 2595 vitiato
1107 2585 1117 2602 ‚
1150 2562 1201 2597 sed
1233 2561 1297 2595 fere
1330 2573 1383 2604 per

369 2628 505 2655 nervos,
528 2623 581 2648 aut
603 2607 781 2653 sanguifera
803 2606 872 2641 vasa
896 2608 929 2641 in
953 2606 1082 2639 cerebro
1106 2628 1116 2645 ‚
1150 2609 1182 2641 &
1203 2605 1296 2639 corde
1320 2605 1381 2639 est,

372 2661 502 2695 Scilicet
547 2660 582 2693 in
626 2654 741 2688 viscere
787 2650 850 2684 illo
893 2652 1014 2684 ventris
1049 2673 1062 2691 ,
1108 2657 1162 2684 aut
1206 2651 1294 2682 nervi
1340 2647 1382 2682 fic

371 2707 542 2738 irritantur
565 2724 578 2743 ,
623 2707 660 2734 ut
699 2694 807 2731 cordis
852 2693 1032 2735 musculum
1053 2716 1067 2733 ,
1112 2692 1309 2736 meningesve
1330 2703 1383 2725 ce-

371 2749 453 2783 rebri
477 2742 696 2780 vehementius
718 2737 926 2778 convellant,
950 2747 1003 2770 aut
1037 2735 1108 2782 vasa
1151 2739 1197 2770 ita
1242 2736 1382 2770 erodun-

370 2803 424 2827 tur
445 2815 457 2833 ,
491 2798 527 2825 ut
551 2787 700 2827 sanguine
724 2780 825 2816 effuso
845 2805 858 2822 ‚
892 2790 1018 2823 repente
1052 2780 1129 2823 justa
1164 2779 1258 2823 hujus
1289 2781 1381 2857 copi-a

370 2846 425 2870 cor
446 2858 459 2875 ‚
493 2834 525 2867 &
549 2825 712 2864 cerebrum
735 2824 886 2859 deficiat.
912 2824 972 2859 Sed
995 2835 1051 2857 nos
1087 2825 1121 2857 in
1152 2824 1227 2857 loco
1258 2823 1296 2856 de
1355 2825 1380 2855 is

371 2877 552 2913 videbimus
568 2899 575 2907 .
710 2870 809 2905 Nunc
834 2879 906 2911 quae
928 2867 1085 2901 Valsalvae
1107 2890 1119 2907 ,
1153 2870 1185 2901 &
1223 2867 1315 2900 nobis
1346 2868 1379 2899 in

369 2920 464 2957 corde
480 2942 491 2960 ‚
515 2921 547 2952 &
572 2915 728 2960 proximis
752 2912 917 2945 dumtaxat
941 2910 1016 2944 vasis
1040 2911 1068 2943 se
1092 2911 1189 2945 causae
1200 2910 1377 2944 obtulerint

372 2960 486 3001 subitae
511 2961 650 2999 mortis,
675 2956 862 2992 scribemus.
888 2955 1033 2991 Nomine
1050 2960 1153 2988 autern
1169 2954 1278 2988 subitae
1291 2965 1379 3001 mor-

371 3011 414 3043 tis
438 3017 506 3041 eam
531 3004 585 3038 hic
610 3002 785 3044 accipimus
810 3023 819 3039 ‚
852 3009 922 3040 quae
945 3022 957 3039 ,
1001 2996 1061 3031 five
1105 2997 1171 3040 ejus
1216 2999 1379 3040 praelenlzo

370 3054 490 3089 fuerit,
515 3048 576 3082 five
599 3057 664 3080 non
688 3044 808 3080 fuerit,
831 3042 992 3075 celerrime
1016 3040 1183 3075 hominem
1207 3043 1380 3084 rapitprae-

370 3107 418 3132 ter
442 3091 559 3139 ipsius,
585 3091 759 3125 aliorumve
784 3096 823 3117 eo
845 3083 977 3126 quidem
1000 3094 1146 3129 ternpore
1183 3085 1378 3127 expec‘tatio-

371 3131 668 3178 nem.CUJusmodi
693 3129 809 3166 mortis
832 3139 870 3161 ex
892 3130 976 3162 vitio
999 3139 1052 3161 aut
1075 3127 1201 3168 cordis,
1227 3138 1279 3161 aut
1303 3140 1379 3171 pro-

370 3187 536 3220 ximorum
559 3178 706 3213 vasorum
729 3171 875 3213 exempla
897 3172 1090 3205 occasionem
1116 3172 1283 3206 habuimus
1307 3183 1381 3213 pro-

372 3223 511 3273 ponendi
542 3220 686 3266 Epistola
722 3217 836 3251 XVII.
862 3218 872 3254 (
893 3225 916 3258 g
936 3219 972 3257 )‚
994 3216 1128 3249 XVIII.
1154 3220 1164 3256 (
1188 3215 1208 3249 h
1228 3219 1268 3261 >p
1292 3214 1380 3248 XXI.

371 3258 1083 3313 (i)‚XX1V.<k>,&XXv.(l).
1115 3260 1190 3305 Jam
1224 3270 1298 3291 vero
1331 3270 1382 3290 eo-

372 3326 444 3350 rum
465 3320 537 3357 quae
561 3309 674 3344 restant
688 3329 704 3350 ,Ι
722 3305 869 3349 pleraque
893 3304 1020 3346 accipe:
1049 3305 1234 3345 &primum
1257 3313 1294 3334 ex
1307 3302 1386 3336 Val-

389 917 595 1033 SUbitas
622 914 772 955 Mortes,
794 913 940 956 quamvis
966 912 1195 964 frequentiores
1218 911 1310 947 fatftae
1332 914 1395 948 hoc

1447 915 1527 951 salva
1551 915 1617 950 haec
1642 917 1727 956 tria,
1750 928 1821 961 quae
1845 917 1884 951 ad
1930 918 2000 952 vasa
2054 918 2192 951 attinent
2218 930 2228 956 3
2271 928 2341 951 nam
2387 930 2456 962 quae

1447 960 1485 993 ad
1529 972 1584 993 cor
1630 959 1769 1003 spectant
1804 985 1818 1003 ‚
1859 962 1894 993 in
1947 961 2110 1004 proximas
2152 962 2292 994 Litteras
2335 962 2458 1005 rejicie-

1449 1016 1517 1038 mus
1541 1029 1549 1037 .
2341 1041 2344 1044 Α
2365 1044 2368 1047 Α
2387 1042 2408 1048 ,-

1491 1059 1521 1091 3.
1569 1048 1653 1082 VIR
1697 1059 1795 1082 annos
1839 1049 2073 1092 quinquaginta
2118 1056 2209 1082 natus
2235 1070 2244 1085 ‚
2291 1049 2347 1092 qui
2380 1051 2457 1085 alias

1452 1091 1634 1133 sanguinem
1659 1114 1669 1129 ‚
1701 1090 1751 1124 sed
1769 1103 1912 1135 *paucum
1934 1116 1946 1132 ,
1978 1091 2139 1135 exspuerat
2164 1113 2173 1128 ‚
2210 1089 2458 1137 anhelare-'quo-

1450 1146 1509 1177 que
1554 1133 1713 1167 interdum
1759 1135 1906 1175 solitus,
1950 1135 2027 1169 dum
2072 1135 2188 1168 malleo
2212 1135 2364 1169 ambabus
2388 1149 2457 1170 ma-

1449 1177 1542 1211 nibus
1587 1186 1748 1219 arrepto,
1790 1178 1948 1218 diutius,
1992 1189 2167 1221 magnaque
2213 1189 2284 1211 cum
2328 1181 2361 1213 vi
2401 1192 2455 1214 ne-

1448 1221 1513 1255 scio
1556 1220 1634 1263 quid
1678 1223 1852 1263 percutit,
1895 1232 2019 1264 repente
2064 1222 2151 1255 cadit
2175 1244 2184 1260 ,
2231 1224 2263 1254 &
2287 1232 2455 1263 un0‚aut

1447 1265 1547 1298 altero
1592 1263 1692 1297 verbo
1736 1265 1893 1298 auxilium
1938 1266 2093 1307 implorat
2125 1289 2133 1297 .
2191 1264 2274 1297 Mox
2327 1266 2455 1309 loquela

1445 1306 1576 1345 amissa,
1623 1307 1807 1349 anhelans,
1850 1310 1932 1341 intra
1979 1308 2065 1341 horae
2114 1307 2288 1341 dimidium
2332 1311 2456 1351 pallen-

1444 1361 1476 1385 te
1518 1351 1600 1384 facie
1647 1352 1788 1384 moritur
1825 1377 1833 1384 .
1967 1353 2001 1385 T
2024 1352 2060 1385 H
2084 1354 2119 1385 O
2144 1352 2175 1384 R
2196 1351 2227 1384 A
2252 1352 2284 1384 C
2308 1354 2323 1385 I
2348 1355 2367 1386 S
2413 1353 2453 1387 fi.

1440 1394 1576 1429 ¹nistrum
1609 1405 1722 1428 cavum
1756 1395 1922 1429 invenitur
1953 1394 2103 1438 sanguine
2135 1395 2271 1427 omnino
2303 1396 2455 1439 plenum,

1441 1438 1533 1482 cujus
1576 1448 1688 1480 magna
1734 1449 1804 1481 pars
1849 1449 2049 1472 concreverat
2073 1463 2080 1470 .
2129 1440 2289 1480 Eruperat
2335 1439 2390 1474 hic
2413 1452 2454 1476 ex

1441 1482 1528 1516 erosa
1571 1482 1684 1515 arteria
1730 1482 1848 1524 Magna
1882 1506 1894 1522 ‚
1940 1480 1996 1515 ubi
2042 1481 2223 1515 descensura
2273 1481 2312 1515 ad
2354 1493 2455 1522 verm-

1440 1527 1512 1560 bras
1556 1524 1585 1558 se
1630 1523 1770 1558 inflectit
1806 1551 1814 1559 .
1862 1525 1913 1558 Ibi
1958 1527 2045 1558 enim
2089 1527 2125 1558 in
2170 1524 2353 1567 aneurysma
2399 1527 2451 1561 di-

1442 1571 1538 1604 latata
1563 1592 1575 1608 ,
1620 1566 1859 1609 respondentes
1884 1569 2040 1607 vertebras
2086 1577 2312 1610 excavaverat‚
2335 1571 2367 1602 ὃς
2389 1583 2452 1613 qua

1439 1614 1488 1648 hae
1520 1620 1677 1646 excavatae
1701 1620 1789 1645 erant
1814 1633 1824 1649 ‚
1868 1611 2114 1658 ibiabsumpta
2162 1613 2275 1645 arteria
2321 1613 2451 1648 videba-

1438 1667 1510 1691 tur.

1480 1711 1512 1743 4.
1559 1699 1668 1738 Qam
1715 1708 1821 1731 cavere
1866 1696 2001 1730 debeant
2044 1707 2198 1731 conatum
2222 1699 2399 1741 quemlibet
2425 1702 2450 1736 ii

1439 1743 1555 1786 quibus
1600 1741 1736 1775 dilatata
1781 1742 1895 1774 arteria
1921 1740 1989 1781 est,
2035 1740 2212 1785 hicpetiam
2235 1740 2323 1776 casus
2346 1742 2450 1777 osten-

1436 1788 1488 1821 dit
1512 1811 1519 1818 .
1563 1786 1727 1818 Conatum
1772 1785 1857 1818 enim
1902 1785 2011 1818 audtus
2063 1783 2271 1827 consequitur
2325 1785 2451 1829 sangui-

1436 1833 1485 1864 nis
1532 1829 1670 1871 impetus
1693 1851 1706 1868 ‚
1747 1839 1813 1870 quo
1857 1837 2032 1861 extenuatae
2057 1853 2069 1869 ,
2114 1836 2168 1861 aut
2194 1839 2232 1860 ex
2265 1836 2353 1869 parte
2376 1840 2450 1862 ero·

1436 1874 1475 1907 [π
1522 1873 1708 1906 arteriarum
1753 1871 1871 1905 tunicae
1917 1880 2167 1914 perrumpuntur
2191 1896 2198 1903 .
2246 1872 2347 1909 Quod
2393 1872 2450 1908 etsi

1436 1917 1550 1950 multis
1594 1916 1726 1948 illorum
1772 1926 1826 1957 per
1873 1914 1901 1948 se
1946 1914 2099 1953 accidit,
2146 1915 2232 1948 velut
2266 1915 2296 1947 ei
2322 1914 2450 1959 dequo

1437 1960 1584 2004 protinus
1632 1958 1802 1991 scribemus
1836 1981 1849 1998 ,
1887 1958 2052 2003 Juveni;
2097 1968 2203 1991 tamen
2247 1960 2280 1990 &
2335 1960 2448 1994 multis

1437 2014 1502 2036 non
1545 2001 1697 2036 aceldit:
1743 2001 1918 2035 cavendum
1962 2006 2068 2035 autem
2113 2001 2155 2033 est
2200 2001 2374 2041 omnibus,
2408 2015 2447 2038 ne

1430 2044 1497 2080 vfibi
1519 2045 1579 2088 ipsi
1601 2053 1738 2080 mortem
1763 2046 1937 2081 accelerent
1960 2066 1971 2082 ,
2004 2055 2073 2088 quae
2097 2055 2152 2087 per
2175 2044 2203 2079 se
2228 2044 2352 2081 tardius
2374 2045 2446 2080 esl'ec

1436 2097 1589 2123 ventura.

1493 2144 1521 2175 ς.
1563 2133 1586 2178 J
1611 2132 1647 2165 U
1669 2131 1702 2165 V
1724 2131 1755 2165 E
1778 2132 1816 2165 N
1840 2127 1856 2165 I
1881 2132 1899 2164 S
1946 2139 2100 2165 annorum
2144 2131 2278 2165 circiter
2320 2128 2442 2176 viginffi

1436 2175 1557 2222 septegn
1580 2175 1720 2209 multum
1745 2174 1810 2216 jam
1833 2185 1958 2217 tempus
1981 2176 2107 2207 tumore
2132 2175 2273 2217 quodam
2300 2178 2441 2218 pullam-:⁷2

1434 2222 1469 2253 in
1515 2219 1654 2262 peffiioris
1700 2227 1788 2260 parte
1832 2218 1958 2253 dextera
2002 2219 2086 2250 inter
2130 2219 2248 2252 costam
2293 2223 2444 2256 :utiam

1433 2266 1467 2296 &
1490 2271 1638 2305 quartam
1663 2261 1891 2304 affligebatur,
1913 2273 1979 2305 quo
2001 2263 2036 2293 in
2060 2270 2206 2302 tumore,
2230 2263 2306 2296 dum
2333 2275 2444 2298 ioum

1433 2305 1463 2339 se
1485 2307 1520 2338 in
1544 2306 1680 2339 alterurn
1704 2307 1909 2339 convertebat
1934 2306 2045 2345 latus,
2079 2303 2291 2350 fiusstuantern
2343 2321 2442 2344 maret.

1433 2351 1535 2386 riam,
1559 2351 1650 2392 eique
1684 2349 1790 2382 motui
1821 2348 2089 2382 obsecundantem
2113 2350 2265 2383 sentiebat
2289 2374 2296 2382 .
2330 2355 2438 2388 Anne»

1435 2393 1554 2425 latione
1577 2392 1738 2426 interdum
1760 2403 1926 2435 correptus
1952 2391 2055 2425 fuerat
2081 2405 2090 2424 .·
2123 2404 2194 2436 quae
2218 2403 2322 2427 tamen
2354 2397 2443 2432 brem·-

1436 2436 1507 2478 post
1532 2435 1647 2469 sectam
1670 2446 1782 2469 venam
1805 2435 2008 2469 remittebat.
2037 2437 2125 2469 Dum
2148 2438 2249 2470 Sacris
2281 2441 2406 2476 interest
2430 2468 2439 2479 ‚

1436 2490 1475 2512 cx
1498 2479 1676 2521 improviso
1697 2478 1784 2512 cadit
1798 2502 1810 2518 ,
1833 2479 1915 2513 facie
1938 2480 2033 2520 pallet
2048 2502 2057 2516 ‚
2081 2481 2138 2512 vix
2160 2480 2304 2522 loquitur
2324 2507 2336 2523 ,
2372 2488 2441 2520 ciro·

1436 2523 1596 2556 moritur.
1732 2524 1747 2554 Ι
1774 2523 1811 2555 N
1856 2524 1891 2555 T
1913 2522 1948 2554 H
1970 2523 2005 2554 O
2028 2523 2058 2556 R
2082 2524 2112 2555 A
2137 2524 2167 2554 C
2191 2525 2220 2555 E
2255 2530 2440 2570 aneurysma

1436 2565 1641 2607 conspectum
1667 2564 1708 2598 est
1731 2576 1901 2607 magnum.
1927 2565 2017 2597 Nam
2039 2576 2100 2606 qua
2123 2567 2293 2603 Carotidcs
2317 2576 2440 2607 arteriae

1437 2617 1608 2651 erumpunt
1629 2632 1641 2648 ,
1684 2609 1837 2650 incipiens
1860 2631 1870 2647 ‚
1902 2610 1934 2641 δε
1979 2608 2016 2641 ad
2038 2608 2175 2642 sternum
2199 2611 2226 2643 se
2247 2615 2439 2657 extendens,

1434 2654 1488 2686 cui
1513 2661 1578 2685 tam
1603 2652 1705 2685 valide
1729 2649 1932 2691 adhaerebat,
1955 2661 1990 2684 ut
2014 2650 2223 2694 separari-ilinc
2247 2656 2439 2694 laceratione

1436 2707 1498 2729 non
1524 2693 1647 2738 poffee,
1676 2695 1732 2729 sub
1757 2696 1909 2730 clavicula
1932 2695 2028 2727 etiam
2051 2695 2178 2729 dextera
2202 2697 2239 2731 ad
2271 2704 2403 2738 tertiam
2426 2728 2437 2742 2

1435 2743 1467 2773 &
1490 2748 1634 2782 quartam
1657 2739 1775 2774 costam
1799 2739 1827 2772 se
1853 2737 2068 2781 producebat,
2090 2751 2227 2781 quarum
2250 2745 2438 2781 interiorem

1435 2783 1549 2816 faciem
1576 2792 1800 2823 excavaverat,
1823 2783 2022 2825 asperamque
2045 2786 2078 2816 ἃ
2101 2786 2292 2826 inaequalem
2329 2791 2438 2825 reddi<

1435 2826 1541 2859 derat.
1569 2827 1718 2869 Denique
1741 2828 1824 2859 intra
1856 2824 2069 2868 pericardmm
2115 2831 2316 2869 perveniebat
2335 2857 2348 2874 ,
2380 2836 2437 2869 ubi

1435 2879 1643 2912 perruptum,
1668 2869 1819 2911 sanguine
1843 2880 1938 2902 omne
1961 2868 2054 2912 hujus
2077 2880 2192 2905 cavum
2214 2875 2402 2917 impleverat
2426 2903 2435 2911 .

1428 2913 1532 2947 Nulla
1557 2914 1589 2945 in
1612 2913 1705 2947 corde
1727 2912 1880 2956 polyposa
1903 2915 2068 2946 concretio
2092 2910 2175 2947 fuit.

1475 2960 1506 2988 6.
1533 2954 1591 2989 Sed
1615 2958 1713 2990 etiam
1738 2956 1801 2989 fine
1825 2958 2040 2998 aneurysmatc
2063 2959 2224 2993 interdum
2259 2962 2403 2998 eroditur
2425 2989 2435 3004 ‚

1432 2997 1630 3042 effunditque
1652 3000 1832 3043 sanguinem
1857 3001 1969 3033 arteria
1993 3002 2112 3043 Magna
2134 3024 2148 3043 ,
2178 3005 2265 3047 quod
2285 3011 2435 3050 proxima

1433 3042 1591 3085 perbrevrs
1614 3043 1707 3077 docet
1732 3042 1863 3076 historia
1877 3067 1884 3073 .
2243 3064 2250 3065 a

1475 3098 1505 3128 7.
1554 3087 1592 3122 Q
1613 3088 1648 3119 U
1671 3089 1686 3119 I
1708 3088 1742 3120 D
1765 3088 1795 3120 A
1821 3088 1859 3120 M
1903 3098 2045 3123 extremo
2064 3091 2168 3135 Junio
2189 3093 2232 3126 A.
2262 3095 2352 3136 1689.
2373 3097 2433 3129 im—

1432 3129 1558 3172 provisa
1580 3139 1687 3163 *morte
1725 3129 1863 3164 sublatus
1886 3131 1944 3164 est.
2086 3135 2358 3172 CADAVERIS
2390 3139 2435 3173 se-

1426 3172 1524 3206 candi
1548 3175 1638 3206 venia
1662 3185 1677 3205 a
1699 3172 1939 3215 consanguineis
1964 3177 2019 3210 vix
2063 3178 2235 3221 impetrata
2260 3205 2272 3221 ,
2315 3181 2433 3227 Magna

1427 3217 1547 3263 arteria
1571 3218 1697 3250 inventa
1721 3216 1762 3249 est
1787 3228 1876 3259 rupta
1900 3230 1962 3261 qua
1987 3224 2134 3262 proxima
2159 3223 2201 3257 est
2222 3225 2313 3259 cordi
2336 3250 2348 3267 ‚
2380 3240 2434 3270 pe-

1434 3260 1606 3335 riciardium
1631 3271 1735 3294 autem
1762 3260 1835 3294 inde
1859 3261 1986 3304 plenum
2011 3267 2144 3299 omnino
2169 3267 2329 3312 sanguinis
2361 3283 2434 3305 coa-

1438 3314 1480 3345 gu
1496 3313 1539 3336 ati
1554 3328 1560 3335 .

2260 3357 2289 3390 8.
2302 3354 2390 3391 Noli

374 3463 2435 3485 &ww—mmmm.

835 3578 841 3584 .
907 3558 946 3582 (ἃ
962 3559 975 3587 J
993 3560 1052 3582 Nat.
1071 3553 1130 3583 Hist.
1149 3557 1165 3583 l.
1183 3565 1207 3586 7.
1223 3563 1243 3580 c.
1265 3566 1302 3586 53-

838 3586 884 3618 ,ὲ
900 3590 960 3618 seqq.
1024 3590 1068 3620 (g
1085 3591 1094 3619 )
1109 3597 1134 3613 n.
1156 3596 1190 3612 ιο.
1210 3595 1247 3615 ¹7-

1365 3560 1378 3588 (
1395 3567 1405 3582 c
1422 3559 1435 3586 )
1451 3558 1511 3582 ΟΜ.
1529 3567 1567 3588 ²4·

1309 3589 1321 3616 ζ
1338 3590 1350 3609 ἶν
1368 3596 1380 3617 )
1398 3599 1420 3613 n.
1438 3596 1460 3611 2.

1630 3559 1779 3589 (d)0bs.
1802 3572 1823 3592 9.

1715 3592 1717 3595 Ι
1886 3563 1895 3593 (
1915 3574 1925 3589 e
1941 3564 1954 3594 )
1971 3568 2006 3591 De
2023 3567 2098 3592 Stabit.
2116 3570 2197 3593 Mort.
2214 3569 2230 3593 l.
2246 3574 2268 3594 2.
2284 3579 2309 3597 c.
2326 3580 2348 3604 3.
2365 3582 2390 3598 n,
2408 3583 2431 3602 Υ7.

1677 3592 1692 3620 Ε
1708 3599 1717 3614 ³
1736 3592 1747 3619 ,Ἰ
1780 3604 1804 3618 n.
1837 3603 1878 3624 ¹27-

1479 3590 1502 3613 8-
1521 3597 1557 3619 ιιι
1576 3596 1611 3619 »τ
1944 3596 2018 3625 (k)
2050 3605 2075 3622 n.
2110 3606 2143 3627 13.
