2498 4075
427 181 649 248 Epistola
687 183 846 235 Anat.
884 180 1099 236 Medica
1136 181 1229 233 IX.
1264 182 1388 234 Art·
1420 186 1463 235 8.
1494 197 1543 247 9.
1579 184 1632 236 &
1672 197 1747 232 10.

81 257 265 293 thoracem,
287 266 444 302 caputque
468 258 637 301 pergebant
658 282 667 298 ,
691 258 909 300 compescere,
924 261 963 293 a&
988 258 1082 295 indu-

80 302 143 334 cias
166 310 307 341 naturae,
331 310 424 344 atque
449 303 507 334 arti
531 301 703 335 conciliare
726 303 890 342 potuimus
915 300 953 334 ad
976 301 1080 345 hypo-

81 342 311 376 chondriorum
336 345 451 378 viscera
477 369 484 383 ,
508 354 543 377 ut
567 346 665 377 initio
688 343 837 379 statutum
862 344 964 384 fuerat
986 367 996 383 ,
1032 344 1080 378 scd

82 386 234 420 incassum
257 388 341 420 inter
364 390 481 430 primas
504 388 574 422 illas
597 386 724 420 assiduas
756 389 863 421 turbas
886 397 1043 422 tentatum
1068 412 1080 429 ,

82 429 155 463 satis
177 429 373 464 emundanda
388 454 399 471 ,
422 429 702 469 &confirmanda,
725 442 741 463 a
764 430 879 473 quibus
890 431 1080 472 dumtaxat,

80 484 144 506 non
170 485 185 505 a
208 473 338 507 cerebro
362 486 441 518 aqua
464 474 658 510 redundante
682 496 691 510 ‚
726 474 807 515 ipsas
831 474 919 511 fuiffe
942 484 1082 517 repeten-

80 515 136 561 das
158 515 293 561 historia
315 515 382 551 haec
407 541 420 558 ‚
454 516 507 553 aut
531 529 590 561 ego
607 515 742 561 quidem
777 516 874 550 fallor
891 539 902 556 ,
933 518 1080 562 praeclare

78 558 233 593 ostendit.

123 602 154 635 8.
180 603 280 646 Qod
315 602 337 635 si
362 603 423 636 alia
457 613 604 646 praeterea
626 604 768 646 exempla
799 605 889 646 cupis
925 602 1080 647 epilepfiae

79 653 134 681 aut
157 645 195 679 ab
217 648 316 679 animi
340 645 503 681 affeffibus
536 648 569 680 in
593 645 721 681 homine
746 646 966 691 sanorepente
990 658 1080 681 exor-

79 700 145 729 tae‚
169 699 222 723 aut
245 688 369 723 aliunde
393 701 488 732 quam
506 702 528 723 -a
551 690 677 726 cerebro
699 713 708 728 ‚
734 691 865 724 initium
889 691 1043 733 capientis
1068 701 1078 727 3

80 735 249 774 complura
284 734 367 765 inter
389 744 423 765 ea
445 735 593 767 invenies
625 746 696 776 quae
730 746 744 766 a
777 733 955 767 Schenckio
987 735 1079 773 (u)

82 775 219 809 cometa.
239 775 309 809 sunt
332 789 341 808 .·
375 787 554 819 quanquam
577 778 706 820 antiqua
731 775 810 811 adeo
832 776 874 810 est
896 777 1078 811 observatio

82 819 268 861 incipientis
291 826 348 852 aut
368 831 386 852 a
409 818 527 860 latere,
550 828 607 856 aut
629 831 647 855 a
669 830 762 854 manu
781 843 794 860 ,
827 828 884 855 aut
902 821 977 862 pede
996 843 1008 859 ,
1041 828 1078 854 ut

82 861 197 905 ipsius,
224 872 374 905 tanquam
396 860 523 897 facilius
547 873 624 899 tunc
645 863 812 905 curandae,
830 864 957 896 ⁴mentio
979 863 1078 898 diser-

80 916 111 938 te
133 904 187 937 fiat
211 905 296 939 libro
320 907 362 938 ΙΙ.
391 906 643 942 Praedicitionurn
665 909 678 946 (
701 918 722 941 x
745 910 756 946 )
779 931 791 947 ,
820 908 876 949 qui
898 904 921 939 fi
945 907 1078 949 Hippo÷

82 949 178 986 cratis
201 959 265 982 non
288 947 352 988 est,
375 957 407 982 at
430 960 496 983 tam
520 951 652 988 veteris,
676 958 828 992 tantoque
850 950 883 982 in
906 952 1011 991 pretio
1022 948 1078 994 ha-

79 991 140 1024 biti
167 992 342 1034 Scriptoris
366 1001 453 1027 certe
476 992 517 1025 est
540 1019 548 1032 ‚
583 1003 618 1026 ut
640 993 694 1027 ille
717 992 811 1036 hujus.
833 993 922 1028 locus
946 1005 961 1026 a
984 993 1080 1025 Celso

78 1037 95 1073 (
116 1045 135 1074 y
159 1037 173 1073 )
206 1033 305 1069 fuerit
329 1037 363 1069 in
386 1036 438 1070 sua
471 1036 587 1079 scripta
611 1036 649 1070 ad
672 1036 755 1071 hunc
780 1035 915 1071 modum
947 1036 1079 1068 transla-

79 1088 151 1112 tus:
176 1078 208 1110 in
233 1090 289 1120 quo
312 1078 350 1113 ab
374 1091 434 1113 una
455 1088 545 1121 parte
568 1080 705 1122 corporis
733 1080 889 1114 venientis
911 1078 1081 1123 acceffionis

77 1124 91 1162 ζ
113 1120 215 1154 morbi
238 1123 417 1156 comitialis
440 1121 575 1167 >senfin
598 1122 730 1164 incipit,
755 1123 905 1163 optimum
916 1122 954 1161 eft
974 1134 992 1155 cz
1015 1132 1081 1154 ma·-

81 1163 173 1198 nibus
190 1164 380 1209 pedibusque
394 1166 522 1199 initium
544 1166 638 1212 fieri:
661 1165 767 1211 deinde
790 1164 988 1200 alaterz'hus:
1012 1163 1079 1206 pes-

72 1207 188 1251 fimum
211 1208 295 1242 inter
318 1207 379 1242 lucc
400 1220 418 1242 a
441 1209 543 1251 capite
564 1234 572 1242 .
608 1210 711 1250 Cujus
733 1208 940 1245 vetustiffimae
964 1208 1081 1250 praedi-

78 1251 197 1284 etionis
221 1252 286 1285 vim
308 1262 373 1286 non
399 1251 474 1285 satis
497 1249 628 1287 fortasse
652 1251 792 1285 attendit
818 1250 973 1287 Willisius,
989 1275 998 1292 ‚
1020 1252 1079 1294 qui

76 1294 146 1332 illas
171 1293 252 1337 ipsas
276 1306 345 1337 quae
370 1294 497 1329 aliunde
519 1306 614 1337 quam
638 1307 652 1327 a
676 1297 805 1338 capite,
826 1295 976 1329 videntur
998 1296 1085 1328 inci-³

76 1349 170 1380 pere,
192 1338 355 1380 epilepsias
379 1349 436 1371 non
462 1349 530 1371 raro
554 1350 577 1371 a·
592 1338 722 1374 cerebro
743 1339 821 1372 oriri
843 1362 856 1379 ,
878 1338 1044 1373 contendit
1068 1360 1078 1375 ‚

76 1390 113 1414 ut
146 1380 241 1415 habes
266 1382 299 1415 in
333 1379 543 1424 Sepulchreto
566 1385 579 1422 (
604 1394 627 1425 z
647 1386 661 1421 )
682 1406 689 1415 .
724 1381 822 1425 Qod
847 1392 883 1417 ut
906 1380 1077 1425 aliquando

76 1423 157 1464 fiat,
179 1425 285 1459 multo
310 1435 415 1459 tamen
439 1426 537 1460 rarius
559 1437 656 1468 quam
679 1425 743 1467 ipse
766 1425 949 1464 existimat,
974 1424 1041 1459 fieri
1066 1447 1075 1462 ‚

75 1479 150 1507 cum
175 1476 350 1502 memorata
376 1490 386 1506 ‚
421 1470 452 1505 ἃ
477 1480 493 1500 a
524 1468 664 1503 Medicis
687 1467 874 1504 confirmata
908 1468 1078 1511 praedic-tio

75 1510 189 1554 docet,
215 1522 283 1546 tum
315 1510 802 1554 freuentiffimaercomprobant
828 1537 841 1552 ,
874 1512 895 1545 si
921 1513 1004 1545 reete
1029 1520 1076 1543 at-

74 1554 250 1589 tendantur
272 1578 281 1593 ,
320 1556 364 1589 ob
379 1557 555 1588 ervationes
577 1579 583 1585 .
619 1556 710 1594 Quas
732 1567 769 1588 ne
793 1556 919 1590 aliunde
942 1566 1039 1598 quam
1063 1566 1079 1587 a

77 1597 305 1640 Sepulchrem,
327 1598 545 1639 accipiamu53
568 1597 637 1631 vide
661 1622 674 1638 ,
710 1598 816 1640 quaeso
836 1621 845 1636 ‚
871 1598 1079 1641 „Tulpianam

75 1642 165 1674 illam
188 1644 203 1681 (
224 1652 242 1673 a
262 1646 276 1681 )
298 1640 474 1676 comitialis.
499 1640 605 1675 morbi
630 1642 685 1685 qui
703 1642 900 1677 excitabatur
918 1641 1017 1686 pressa
1028 1640 1080 1675 vel

71 1684 141 1729 solo>
162 1684 265 1728 digito
289 1685 408 1728 regione
432 1683 548 1728 lienis,
573 1694 643 1718 turn
669 1685 800 1719 alteram
825 1689 837 1725 (
860 1685 879 1720 b
900 1689 936 1726 )‚
961 1688 993 1719 &
1018 1695 1083 1718 ter-

77 1730 156 1761 tiam
179 1738 310 1772 quoque
333 1731 347 1768 (
370 1740 385 1760 c
407 1730 420 1765 )
444 1726 586 1769 ejusdem
609 1729 713 1762 morbi
727 1731 768 1762 sic
791 1729 977 1771 incipientis
1001 1739 1083 1771 ape-

77 1772 126 1804 dis
150 1780 203 1804 aut
229 1772 334 1812 planta
363 1793 370 1807 ‚
396 1780 448 1804 aut
472 1770 588 1813 pollice
607 1795 619 1812 ,
654 1782 689 1805 ut
714 1772 735 1805 fi
760 1774 941 1815 tempestive
962 1773 1085 1806 areium

82 1816 168 1847 cruri
192 1814 358 1848 vinculum
383 1812 588 1856 injiceretur5
610 1815 743 1851 morbus
765 1827 829 1850 non
852 1824 1016 1859 pergeret:
1039 1815 1085 1848 fin

80 1858 188 1891 minus
210 1869 220 1895 3
255 1857 347 1892 suum
370 1857 445 1891 inde
469 1856 506 1890 ad
531 1856 691 1901 superiora
715 1883 727 1900 ,
764 1862 796 1893 ἃ
821 1871 874 1902 per
906 1858 1086 1894 universum

35 1915 38 1917 “
75 1911 191 1943 corpus
215 1900 389 1935 absolveret
415 1900 560 1934 cursum.
587 1901 643 1935 Sed
668 1905 701 1935 &
724 1902 842 1937 vetusta
863 1926 875 1943 ,
907 1914 977 1946 quae
1002 1902 1085 1945 apud

75 1945 239 1979 Galerium
262 1945 304 1979 est
319 1969 332 1986 ‚
356 1946 390 1977 in
416 1944 624 1987 Sepulchreto
635 1946 753 1988 pariter
775 1950 789 1986 (
812 1948 865 1987 d)
889 1955 1084 1981 memoratur

76 1986 234 2027 historia5
257 1999 439 2032 quanquam
463 1998 526 2019 non
550 1988 603 2021 ille
626 2000 644 2021 cz
663 1988 777 2030 pollice
796 1991 885 2031 pedis
905 2014 917 2031 ,
939 1999 975 2023 ut
1000 1989 1047 2022 ibi
1073 2012 1085 2032 2

76 2035 107 2065 a&
133 2028 217 2072 apud
244 2032 415 2065 saxoniam
438 2035 450 2070 ί
474 2041 488 2063 e
510 2034 524 2070 )
558 2032 638 2074 leges
661 2055 670 2069 ,
707 2031 755 2066 sed
780 2045 818 2067 ex
840 2031 920 2067 tibia
951 2034 1083 2066 initium

76 2072 183 2108 morbi
208 2073 317 2113 fuisse,
341 2074 478 2108 tradidit
499 2097 509 2111 ,
544 2073 740 2117 subjecitque
763 2077 796 2109 id
829 2077 916 2120 quod
939 2076 1001 2109 huc
1035 2074 1084 2109 fa-

75 2119 142 2155 cit,
168 2119 202 2150 in
227 2117 435 2161 Sepulchreto
460 2126 566 2151 autem
589 2121 779 2160 omittitur,
804 2119 1002 2154 acceslionern
1014 2131 1085 2162 quae

76 2161 221 2195 invadere
240 2161 402 2205 ⁴,quotidie
435 2160 671 2203 consueverat,
703 2165 818 2196 reverti
853 2162 1054 2206 prohibitam
1076 2184 1087 2199 2

100 2204 147 2251 qst
170 2205 231 2239 alia
255 2216 270 2238 a
294 2204 433 2238 Medicis
456 2205 611 2245 imperata
635 2228 646 2244 ,
678 2204 832 2247 ligatoin
867 2206 966 2239 medio
989 2217 1086 2239 mem-

77 2217 154 2287 ῗνρ,
172 2248 270 2291 supra
293 2258 359 2281 eam
383 2246 530 2281 videlicet
552 2255 676 2288 partem
697 2268 706 2283 ‚
730 2258 794 2289 quae
812 2249 965 2293 primaria
987 2248 1085 2290 dzsoo-

73 2291 186 2334 satione
208 2299 276 2324 erat
297 2288 427 2333 affet‘ia.
453 2290 542 2324 Alias
565 2300 737 2331 prsetereo:
763 2302 839 2332 quas
850 2303 887 2324 ne
912 2291 997 2324 torte
1008 2302 1085 2334 pau-

79 2345 129 2367 cas
151 2331 231 2373 effe,
252 2334 381 2370 credas3
406 2331 445 2364 fic
470 2331 614 2373 habeto,
636 2333 684 2365 vel
709 2344 807 2367 unum
830 2333 998 2367 Medicum
1020 2336 1082 2368 Ra-

81 2377 265 2411 mazzinum
287 2375 448 2420 quondam
472 2375 613 2409 nostrum
630 2401 637 2414 ‚
662 2385 698 2409 ut
721 2376 759 2409 de
785 2377 956 2419 superiore
972 2380 1046 2410 loco
1071 2400 1080 2416 ,

80 2431 154 2454 cum
177 2419 260 2454 forte
282 2419 346 2461 ipse
369 2429 496 2463 quoque
520 2418 675 2459 adessem,
698 2418 834 2452 docebat
859 2442 868 2456 ,
893 2421 1085 2463 epilepticos

80 2465 186 2508 plures
209 2461 318 2496 vidisse
334 2486 345 2503 ,
368 2472 507 2504 quorum
530 2462 668 2495 insultus
691 2473 705 2494 a
728 2462 804 2505 pede
828 2463 1015 2504 ascendens,
1038 2463 1088 2497 fa-

80 2508 144 2541 scia
169 2505 259 2540 tibiae
281 2505 397 2546 injefta
416 2527 426 2542 ‚
459 2505 693 2539 cohibebatur.
719 2508 756 2538 In
781 2506 834 2539 his
855 2509 1027 2544 omnibus,
1054 2509 1088 2540 in

81 2549 214 2594 aliisque
234 2546 389 2591 ejusmodi
423 2549 576 2591 exemplis
600 2560 676 2584 num
701 2548 853 2583 Willifii.
874 2551 1086 2593 explicationi

81 2594 190 2627 locum
209 2602 269 2625 non
291 2602 361 2625 raro
384 2590 498 2632 fuisse,
520 2591 626 2625 credes
648 2614 658 2629 ‚
688 2603 767 2626 cum·
786 2593 890 2628 videas
914 2596 1000 2628 inter
1021 2606 1088 2628 cer-

81 2646 148 2676 tam
169 2635 260 2670 illam
283 2644 426 2679 partem,
449 2637 481 2668 δε
503 2635 664 2670 cerebrum
687 2638 882 2671 commercio
905 2636 1088 2680 tempestive

81 2681 285 2723 interceptu,
307 2678 508 2721 prohibitum
530 2677 587 2712 esse
610 2681 805 2713 exorientem
830 2681 1001 2720 morbum3
1028 2682 1091 2714 illo

84 2733 192 2758 autem
212 2732 277 2754 non
299 2723 503 2765 intercepto,
528 2733 626 2766 neque
649 2723 733 2756 'nunc
757 2723 847 2758 fuisse
859 2722 1091 2767 prohibitum?

84 2768 117 2800 Si
141 2768 225 2800 enirn
250 2777 266 2797 a
288 2765 416 2798 cerebro
439 2765 665 2804 exoriebatur3
689 2778 746 2801 cur
769 2766 890 2810 semper
911 2769 1001 2802 illam
1017 2779 1091 2811 par-

84 2820 150 2843 tem
175 2810 312 2853 primum
337 2809 443 2843 adibat
466 2813 554 2843 ?=aut
576 2808 599 2842 si
625 2809 705 2843 hanc
728 2811 772 2843 ob
796 2812 951 2853 injeetum
975 2814 1088 2845 vincu-

87 2854 156 2887 lum
178 2851 264 2885 adire
288 2863 352 2885 non
374 2861 500 2895 poterat
520 2865 531 2891 i
552 2863 608 2886 cur
630 2853 727 2886 aliam
740 2855 882 2897 aliquam
907 2867 970 2888 non
994 2855 1091 2889 adiis-

87 2894 158 2930 set?
181 2896 235 2928 Ne
258 2906 332 2927 vero
353 2894 569 2930 dubitationis
593 2896 743 2939 superesse
765 2897 940 2940 quidquam
964 2899 1054 2941 poffit
1078 2912 1090 2938 3

86 2951 165 2979 cur,
188 2950 226 2972 ex
249 2938 305 2971 illa
327 2947 413 2981 parte
435 2937 457 2971 fi
481 2941 554 2982 quis
575 2940 680 2972 morbi
704 2941 829 2974 causam
852 2940 980 2981 demat3
1005 2954 1092 2976 mor-

87 2983 147 3017 bus
170 2981 307 3025 amplius
327 2992 391 3015 non
416 2984 585 3016 revertitur
606 2981 618 3016 ?
654 2983 797 3018 Prostant
822 2985 979 3027 ejusmodi
1002 2997 1092 3020 cura-

88 3028 215 3062 tionum
236 3026 376 3067 exempla
400 3027 435 3059 in
457 3037 621 3067 veterum,
645 3029 677 3060 &
702 3029 876 3061 recentium
887 3028 1092 3064 Medicorum

90 3070 199 3103 libris.
226 3069 308 3102 Satis
330 3068 392 3102 esto
414 3081 454 3102 ex
477 3071 542 3104 illis
555 3068 698 3104 indicare
720 3072 868 3106 Marcum
881 3073 1090 3108 Gatinariam

90 3111 197 3155 (f),
219 3111 255 3145 id
279 3122 344 3145 non
368 3114 606 3156 praecipientem
631 3113 753 3155 modo,
777 3114 827 3149 sed
850 3116 946 3150 &sua
969 3117 1091 3159 produ.

91 3157 142 3191 &a
165 3154 384 3189 observatione
406 3156 647 3191 confirmantem
668 3170 678 3190 .-
713 3169 751 3192 ex
771 3157 823 3192 his
852 3168 959 3193 autem
984 3160 1091 3195 Medi-

90 3211 185 3240 cum,
207 3198 246 3233 de
267 3210 332 3241 quo
355 3200 501 3233 meminit
523 3201 883 3235 Celeberr.8wietenius
907 3205 920 3241 (
939 3214 961 3246 g
981 3207 1016 3243 )‚
1040 3216 1090 3237 ca-

92 3242 142 3277 sus
165 3241 377 3278 internoscere
399 3240 513 3277 diserte
535 3243 649 3278 docens
670 3248 683 3284 (
705 3244 726 3278 h
747 3249 783 3287 ),
805 3247 838 3278 in
862 3246 978 3288 quibus
1002 3248 1090 3280 Wil-

93 3285 200 3321 lisium
222 3286 308 3328 sequi
332 3285 427 3319 liceat
442 3311 450 3326 ,
474 3286 573 3324 abiis
596 3289 631 3320 in
652 3289 767 3331 quibus
789 3300 855 3323 non
877 3291 992 3330 liceat,
1016 3302 1091 3326 cum

93 3327 153 3362 sint
182 3339 266 3363 certe
291 3329 325 3361 in
356 3327 470 3372 quibus
493 3329 645 3374 epilepsiae
674 3333 807 3367 initium
839 3334 1024 3376 neutiquam
1055 3335 1090 3367 in

93 3372 222 3408 cerebro
242 3371 329 3409 credi
352 3372 454 3415 potest
473 3395 482 3410 ‚
513 3384 623 3416 nempe
645 3384 697 3408 tot
733 3377 785 3409 illi
808 3376 927 3409 invboc
959 3378 1090 3419 quidem

115 3427 203 3449 enere
226 3415 332 3449 multo
353 3415 581 3458 frequentiores
602 3429 682 3460 quos
705 3420 938 3462 produximus,
963 3421 997 3452 in
1019 3423 1092 3463 qui-

117 3471 175 3501 us,
196 3470 232 3495 ut
254 3457 321 3510 ejus
343 3467 470 3493 utamur
491 3459 593 3494 verbis
613 3484 626 3502 ,
651 3461 774 3507 semper
791 3462 878 3506 figna
910 3464 1093 3506 incipzentis

248 3516 256 3531 s
766 3521 769 3523 .
788 3522 790 3524 ,

1130 256 1309 301 paroxysmi
1331 259 1363 291 in
1394 260 1497 295 eadem
1519 258 1653 302 corporis
1680 265 1772 301 parte
1794 255 1993 297 observantur
2013 271 2022 297 ς
2054 270 2120 293 non

1132 303 1163 334 in
1184 301 1285 333 variis
1300 323 1309 337 ,
1333 300 1392 334 sive
1413 303 1447 335 in
1471 300 1542 334 aliis
1565 301 1640 334 alias
1661 302 1685 331 .'
1703 301 1736 332 Si
1760 301 1861 343 igitur
1897 311 1961 333 non
1984 302 2016 333 in
2047 314 2132 336 cere-

1130 345 1188 378 bro
1211 344 1342 378 initium
1367 357 1377 383 3
1409 357 1465 379 nec
1489 343 1526 377 ab
1549 355 1627 386 aqua
1649 341 1762 378 deduci
1786 343 1905 385 poterit
1938 344 1972 375 in
2002 346 2131 378 cerebro

1130 388 1291 427 stagnante
1305 411 1312 418 .
1442 390 1563 422 Verum
1586 396 1622 421 ut
1645 397 1707 419 non
1731 386 1828 419 modo
1849 385 1981 421 candide
2001 389 2132 429 agnovi,

1131 429 1181 464 sed
1204 429 1367 464 &multo
1389 430 1486 465 fusius
1509 442 1605 473 quam
1627 440 1707 471 opus
1729 427 1801 463 esset
1821 453 1833 469 ,
1856 429 1913 463 nifi
1937 429 1975 463 ad
1998 440 2029 463 te
2054 430 2131 464 scri-

1131 474 1259 512 berem,
1281 474 1338 516 qui
1362 484 1378 506 a
1400 486 1449 507 me
1473 473 1541 508 haec
1564 473 1728 515 speciatim
1742 474 1898 515 requiris,
1920 472 2131 513 confirmavi,

1132 516 1250 551 multos
1272 515 1329 550 effe
1351 516 1437 550 casus
1460 518 1493 549 in
1517 517 1632 560 quibus
1653 516 1830 550 comitialis
1853 517 1980 550 morbus
1993 517 2030 550 ab
2053 528 2132 560 aqua

1132 561 1216 593 intra
1239 560 1383 595 cranium
1406 558 1499 600 ,effusa
1522 571 1587 593 non
1610 559 1697 598 fieri,
1721 569 1776 592 nec
1801 557 1870 591 fieri
1891 559 2035 595 videatur
2058 559 2133 603 pos-

1131 603 1181 641 se5
1205 603 1253 637 ita
1273 602 1403 637 viciffim
1425 603 1507 639 mihi
1531 602 1668 639 dandum
1691 600 1767 640 esse,
1791 603 1947 639 arbitror,
1970 602 2026 636 esse
2047 603 2133 636 casus

1132 647 1166 680 in
1222 647 1314 682 uibus
1345 655 1458 682 contra
1481 646 1529 680 vel
1559 658 1578 679 a
1603 658 1698 688 pauca
1732 656 1810 688 aqua
1841 644 1908 678 fieri
1932 655 2026 687 queat
2052 658 2058 678 ;
2095 646 2130 680 id

1133 701 1197 731 quo
1243 690 1313 732 post
1336 691 1515 730 proximam
1537 689 1805 723 observationem
1828 688 2006 726 ostendam.

1175 745 1204 773 9.
1228 733 1541 767 ADOLESCENS
1566 743 1662 767 annos
1683 742 1774 766 natus
1793 731 2039 774 duodeviginti,
2060 743 2134 765 cum

1131 776 1252 813 viveret
1276 778 1310 811 in
1335 775 1526 818 palustribus
1550 775 1657 815 locis‚·
1676 776 1758 810 unde
1782 776 1887 808 ulvam
1911 775 2048 809 caeclebat
2071 786 2134 816 qua

1131 818 1261 852 doliarii
1285 829 1419 853 utuntur
1442 817 1479 853 ad
1502 819 1597 854 rimas
1620 818 1791 860 explendas
1808 843 1817 859 ,
1841 817 1934 852 facile
1957 820 1990 851 in
2014 817 2135 860 hydro-

1132 874 1203 904 pem
1226 863 1343 897 incidit
1369 888 1379 902 ,
1417 862 1563 903 huncque
1583 862 1793 895 ‚universalem
1817 886 1824 893 .
1860 864 1947 896 Cum
1969 863 2134 897 Patavium

1131 906 1412 940 inNosocomium
1436 904 1586 943 venisset;
1609 904 1743 946 sumptis
1754 917 1823 949 quae
1845 906 1971 940 urinam
1983 913 2136 944 movent,

1131 948 1280 982 nonnihil
1295 948 1517 988 detumuerat,
1541 959 1614 982 cum
1629 948 1772 991 epilepsia
1789 971 1798 987 ‚
1823 960 1883 990 qua
1895 960 2054 992 nunquam
2067 958 2137 981 ten-

1131 1002 1215 1025 tatus
1239 992 1340 1025 fuerat
1365 1003 1474 1031 antea,
1499 990 1649 1033 prehendi
1673 993 1797 1034 coepit,
1822 991 1933 1034 saepius
1953 1002 2136 1024 reccurren-

1130 1046 1162 1067 te
1185 1035 1356 1068 noviffimis
1381 1035 1498 1078 septem
1520 1034 1648 1072 diebus,
1673 1035 1725 1068 cui
1741 1033 1948 1076 desipientia,
1972 1039 2005 1068 ὃς
2020 1034 2137 1081 procli-

1130 1080 1212 1111 vitas
1236 1078 1272 1111 ad
1309 1078 1452 1112 somnum
1475 1101 1486 1117 ,
1520 1076 1569 1109 bis
1594 1088 1698 1111 autern
1733 1086 1822 1111 acuta
1845 1076 1940 1115 febris
1973 1078 2002 1110 se
2025 1078 2138 1119 adjun-

1132 1123 1182 1155 xit
1206 1147 1214 1154 .
1254 1121 1469 1159 Totmorbis
1502 1118 1594 1156 simul
1619 1120 1806 1163 urgentibus
1830 1131 1886 1163 par
1908 1119 1964 1153 effe
1988 1131 2052 1154 non
2076 1132 2146 1162 po·-

1132 1166 1219 1204 tuit.
1349 1164 1510 1198 CAPUT
1533 1162 1698 1197 dumtaxat
1718 1188 1731 1204 ,
1763 1163 1853 1207 cujus
1876 1162 1973 1196 facies
1997 1164 2034 1196 ab
2057 1174 2139 1205 aqua

1132 1209 1290 1241 intercute
1314 1217 1380 1241 erat
1404 1205 1592 1251 praetumida
1607 1228 1621 1245 ,
1645 1206 1777 1241 sectioni
1810 1206 1987 1250 subjeetum
2009 1206 2051 1240 est
2073 1207 2137 1238 ibi-

1132 1251 1205 1286 dem
1227 1253 1302 1284 XV.
1328 1251 1402 1284 Kal.
1428 1250 1556 1292 Apriles
1580 1251 1622 1283 A.
1651 1259 1742 1293 1741.
1768 1250 1918 1284 Calvaria
1942 1249 2046 1284 avulsa
2067 1273 2080 1290 ,
2102 1252 2135 1282 δε

1131 1296 1196 1329 luci
1220 1294 1344 1337 obieeta
1369 1317 1377 1331 ,
1403 1294 1582 1328 suturarum
1605 1296 1752 1328 omnium
1785 1293 2004 1336 legitimarum
2030 1292 2136 1326 sedem

1134 1339 1311 1374 universam
1334 1336 1470 1372 ostendit
1494 1336 1687 1379 pellucidam
1711 1337 1752 1371 ad
1784 1336 2139 1383 semidigitinlatitudi-

1129 1394 1200 1420 nem
1224 1406 1231 1413 .
1265 1382 1473 1424 Qaecunque
1495 1381 1581 1414 intra
1612 1381 1758 1415 cranium
1783 1380 1852 1414 sunt
1871 1404 1884 1421 ‚
1919 1381 1988 1414 vasa
2023 1390 2136 1423 parum

1131 1425 1288 1468 sanguinis
1312 1424 1491 1458 habuerunt
1511 1435 1521 1461 ,-
1558 1422 1579 1455 fi
1604 1425 1766 1459 Laterales
1791 1425 1883 1458 Sinus
1905 1425 2045 1466 excipias
2065 1446 2074 1461 ‚
2108 1434 2142 1456 a·

1130 1479 1218 1503 trum
1242 1468 1423 1511 sanguinem
1447 1467 1662 1504 continentes.
1689 1468 1754 1503 Sub
1778 1468 1884 1501 Tenui
1910 1468 2018 1499 menin
2043 1479 2059 1499 e
2082 1467 2142 1499 ali-

1129 1512 1208 1556 quid
1231 1511 1325 1546 instar
1345 1511 1492 1555 gelatinae.
1512 1521 1585 1543 cum
1610 1511 1705 1543 aereis
1728 1510 1860 1544 bullulis
1871 1508 1928 1544 effe
1950 1479 2140 1543 videbatur.

1130 1556 1334 1594 Cerebrum3
1359 1565 1422 1588 non
1447 1555 1493 1585 ita
1517 1553 1704 1589 cerebellum
1726 1566 1736 1592 5
1771 1565 1866 1596 aequo
1890 1552 2002 1588 durius
2031 1554 2143 1586 inven-

1131 1609 1200 1633 tum
1225 1598 1282 1632 est.
1310 1600 1415 1631 Laxus
1438 1606 1543 1630 tamen
1570 1598 1691 1629 Fornix
1706 1623 1714 1635 ,
1738 1600 1771 1630 δε
1797 1596 1910 1632 Plexus
1934 1595 2144 1636 Choroides,

1132 1645 1186 1684 qui
1214 1641 1323 1684 pallidi
1348 1650 1459 1680 erant,
1482 1640 1586 1673 multo
1610 1640 1769 1678 laxiore55
1795 1649 1831 1674 ut
1854 1638 2035 1673 membrana
2058 1664 2070 1680 ,
2093 1641 2146 1673 iu-

1134 1697 1179 1721 ter
1203 1687 1370 1719 dexterum
1394 1683 1614 1726 sinistrumque
1637 1682 1802 1725 interjeeta
1825 1707 1834 1721 ‚
1859 1683 1926 1717 solo
1950 1684 2073 1717 attactu
2097 1684 2144 1716 la-

1135 1739 1292 1764 ceraretur
1314 1753 1321 1760 .
1360 1729 1519 1770 Corporis
1542 1728 1654 1759 Striati
1677 1726 1791 1762 sinistri
1817 1739 1886 1769 pars
1919 1728 2058 1760 anterior
2081 1738 2144 1769 qua

1138 1773 1266 1815 respicit
1290 1770 1454 1805 dexterum
1472 1794 1480 1808 ,
1508 1782 1581 1804 cum
1603 1782 1637 1804 ea
1661 1782 1730 1813 quae
1755 1771 1787 1803 in
1811 1770 1871 1804 hoc
1896 1769 1953 1813 ipsi
1980 1770 2147 1814 responde-

1138 1817 1212 1852 bat,
1237 1825 1444 1858 comparata,
1470 1815 1568 1855 magis
1594 1814 1802 1855 protuberans
1826 1815 1873 1847 vel
1898 1815 2006 1856 primo
2030 1814 2142 1847 oculo-

1139 1872 1209 1894 rum
1234 1858 1353 1893 obtutu
1377 1857 1695 1900 deprehendebatur,
1720 1868 1819 1901 neque
1843 1858 1946 1892 ullum
1970 1859 2004 1893 in
2029 1869 2061 1890 re
2083 1855 2143 1891 hac

1138 1904 1252 1938 erroris
1275 1903 1454 1944 periculum
1479 1900 1622 1940 suberat,
1647 1912 1720 1934 cum
1742 1901 1927 1941 cerebrum,
1949 1911 1985 1934 ut
2010 1899 2145 1935 solemus

1138 1947 1273 1989 saepius,
1296 1948 1329 1978 in
1354 1945 1404 1979 sua
1428 1943 1497 1978 sede
1519 1943 1740 1990 diii'ecaretur.
1766 1946 1841 1977 Sana
1876 1955 1984 1979 tamen
2006 1946 2146 1978 exterius

1137 2002 1210 2033 pars
1234 1989 1315 2030 illa,
1337 1991 1369 2024 &
1393 2011 1415 2026 ‚,
1434 1998 1588 2031 quantum
1612 1988 1753 2029 judicare
1776 1989 1869 2030 potui
1891 2012 1902 2029 ,
1935 1991 2032 2022 etiam
2062 1991 2146 2021 inte·-

1140 2035 1237 2073 rius,·
1268 2043 1450 2075 quanquam
1474 2033 1603 2066 reticere
1628 2043 1691 2064 non
1715 2030 1814 2065 debeo
1833 2055 1846 2072 ,
1879 2031 2048 2066 Mediaviae
2072 2043 2144 2066 meo

1138 2078 1240 2110 visam
1264 2074 1322 2109 esse
1345 2077 1501 2109 cinei-earn
1526 2074 1730 2109 substantiam
1749 2098 1761 2115 ,
1790 2087 1861 2118 quae
1887 2074 1965 2109 albis
1987 2075 2071 2109 striis
2095 2077 2149 2109 in-

1139 2121 1344 2162 terponitur,
1367 2118 1452 2162 quasi
1476 2117 1626 2151 nonnihil
1650 2118 1818 2160 porosam.
1844 2119 1916 2152 Nec
1942 2120 2066 2163 septum
2078 2120 2147 2152 Lu·

1135 2164 1270 2203 ciclum,
1293 2173 1349 2196 nec
1372 2163 1509 2197 Pinealis
1532 2162 1704 2204 glandula,
1727 2173 1825 2205 neque
1849 2162 1915 2197 ulla
1927 2162 2060 2206 usquam
2084 2163 2146 2196 alia

1137 2218 1206 2249 pars
1229 2207 1368 2245 cerebri,
1391 2206 1479 2248 quod
1490 2205 1663 2248 diligenter
1687 2205 1861 2248 perfeetum
1874 2206 1937 2244 est,
1962 2207 2142 2252 quidquam

1137 2259 1287 2292 praeterea
1310 2251 1385 2282 vitii
1408 2248 1566 2285 ostendit,
1590 2248 1646 2282 nifi
1671 2248 1759 2291 quod
1782 2260 1880 2291 pauca
1904 2262 1984 2293 aqua
2003 2274 2015 2290 ,
2047 2262 2145 2293 eaque

1136 2292 1296 2371 fubflffivam
1319 2294 1353 2326 in
1377 2292 1574 2328 Lateralium
1595 2292 1851 2329 ventriculorum
1870 2304 1950 2327 cavo
1972 2292 2146 2339 deprehen-

1151 2348 1168 2369 a
1191 2348 1205 2368 e
1245 2361 1252 2370 .
2074 2368 2076 2372 .

1185 2390 1231 2412 10.
1257 2379 1367 2414 Habes
1389 2378 1554 2414 historiam
1581 2406 1591 2420 ‚
1621 2384 1746 2425 qualem
1769 2384 1948 2425 protinus3
1980 2383 2021 2416 fic
2055 2385 2143 2420 enim

1137 2423 1247 2462 soleo5
1271 2435 1343 2457 cum
1368 2423 1502 2471 domum
1521 2424 1623 2465 redii,
1646 2426 1766 2459 chartis
1784 2425 1948 2460 commisi.
1974 2428 2144 2462 Memoriae

1136 2468 1222 2499 enim
1246 2478 1322 2500 meae
1345 2466 1500 2509 ejusmodi
1524 2471 1557 2500 in
1582 2469 1670 2503 rebus
1694 2469 1830 2503 diffido:
1854 2472 1963 2514 itaque
1983 2481 2057 2504 cave
2079 2484 2147 2505 cre-

1137 2509 1190 2543 das
1213 2521 1262 2542 me
1285 2509 1378 2543 facile
1402 2510 1441 2543 ab
1462 2512 1520 2544 hac
1533 2511 1722 2555 deceptum,
1745 2512 1899 2556 siquando
1924 2514 2066 2558 aliquam
2078 2515 2146 2549 for-

1139 2563 1169 2587 te
1192 2564 1332 2587 mearum
1356 2551 1628 2589 Observationum
1650 2567 1668 2590 a
1690 2568 1739 2590 me
1763 2558 1860 2598 paulo
1881 2558 1976 2590 aliter
1997 2559 2144 2602 proposi-

1138 2606 1206 2631 tam
1229 2597 1313 2643 legas
1337 2609 1370 2630 ac
1406 2597 1446 2631 ab,
1467 2601 1659 2633 nonnemine
1682 2612 1790 2634 eorum
1822 2601 1879 2643 qui
1903 2601 2109 2636 interfuerint
2133 2626 2146 2643 ,

1140 2640 1237 2687 relata
1260 2642 1318 2673 iit:
1343 2641 1430 2684 quod
1456 2641 1530 2676 huic
1553 2652 1608 2676 cur
1631 2643 1805 2685 acciderit,
1827 2646 1936 2677 mirari
1948 2648 2048 2689 magis
2072 2646 2146 2689 pos-

1142 2687 1232 2724 ium,
1255 2696 1351 2726 quam
1375 2686 1474 2720 scire.
1609 2689 1771 2722 Caeterum
1794 2700 1811 2721 a
1835 2700 1884 2721 me
1907 2688 2013 2722 causas
2034 2700 2148 2723 omnes

1141 2737 1193 2761 tot
1219 2727 1405 2762 morborum
1431 2755 1439 2768 ,
1463 2739 1566 2773 atque*
1581 2730 1659 2764 adeo
1681 2732 1796 2764 mortis
1820 2731 1915 2773 hujus
1937 2730 2144 2766 adolescentis

1140 2781 1172 2804 te
1195 2771 1380 2813 expectare,
1404 2775 1535 2806 minime
1559 2783 1664 2815 puto,
1687 2776 1744 2818 qui
1757 2775 2013 2809 animadverteris
2028 2800 2040 2814 ,
2060 2776 2144 2810 nihil

1142 2813 1246 2852 mihi,
1273 2814 1330 2848 nisi
1353 2826 1468 2859 caput,
1491 2816 1579 2859 quod
1603 2817 1755 2852 secaretur
1774 2842 1786 2859 ,
1818 2818 1965 2851 oblatum
1986 2818 2044 2853 effe
2063 2843 2077 2860 ,‚
2110 2822 2145 2853 ἃ

1140 2857 1162 2890 fi
1187 2867 1296 2892 toturn
1329 2870 1444 2902 corpus
1468 2859 1642 2901 perfeetum
1664 2860 1800 2900 fuisset3
1832 2864 1917 2895 inter
1946 2874 2002 2895 eos
2034 2871 2143 2897 tamen

1140 2901 1270 2935 morbos
1292 2912 1355 2934 non
1379 2905 1482 2936 minus
1494 2903 1601 2936 saltem
1647 2916 1717 2937 uam
1728 2907 1860 2946 caeteri,
1883 2906 2044 2945 exitialis,
2069 2918 2146 2940 acu-

1143 2955 1183 2978 tae
1223 2945 1373 2990 videlicet
1405 2945 1504 2979 febris
1524 2969 1537 2985 ,
1570 2958 1628 2980 cau
1644 2960 1693 2980 am
1725 2948 1999 2983 Anatomicorum
2032 2951 2145 2985 oculos

1142 2987 1277 3032 persaepe
1300 2988 1435 3030 effugere
1458 2988 1670 3025 consuevisse..
1692 2990 1801 3027 Restat
1822 2993 1958 3035 igitur,
1982 3002 2017 3026 ut
2040 3005 2079 3027 ex
2101 2995 2143 3027 iis

1142 3038 1210 3079 quae
1235 3033 1268 3064 in
1290 3033 1394 3074 capite
1416 3031 1607 3075 deprehendi
1627 3057 1640 3074 ,
1661 3046 1839 3077 quaeramus
1858 3060 1870 3076 ,
1903 3047 1939 3069 an
1965 3036 2141 3080 quidquam

1142 3075 1204 3113 sit,
1228 3075 1316 3118 quod
1341 3075 1431 3108 causa
1455 3075 1631 3123 epilepsiae,
1652 3079 1706 3111 cui
1730 3077 1758 3111 se
1781 3077 1989 3122 desipientia,
2012 3083 2043 3113 &
2069 3091 2142 3122 pro-

1142 3119 1267 3151 clivitas
1293 3117 1329 3151 ad
1354 3119 1501 3152 somnum
1525 3120 1692 3162 adjunxit,
1716 3132 1781 3154 non
1806 3123 1843 3155 ab
1865 3134 1897 3155 re
1920 3121 2046 3156 fortasse
2069 3123 2143 3164 pos-

1141 3161 1180 3195 fit
1205 3160 1396 3195 existimari.
1427 3162 1611 3208 Existimari
1630 3187 1643 3203 ,
1666 3166 1797 3208 inquam
1816 3190 1829 3205 ,
1862 3164 1989 3199 fortasse
2012 3165 2104 3208 poffit
2127 3178 2138 3205 3

1142 3216 1214 3239 nam
1246 3204 1347 3247 reapse
1377 3207 1502 3239 causam
1533 3206 1656 3247 fuisse,
1688 3218 1743 3242 aut
1778 3220 1843 3242 non
1875 3207 1964 3242 fuisse
1992 3232 2006 3250 ,
2040 3220 2142 3253 neque

1141 3259 1272 3289 meum,
1294 3259 1394 3291 neque
1416 3258 1507 3283 tuum
1527 3250 1536 3289 ‚¹
1569 3262 1667 3293 neque
1691 3252 1786 3286 ullius
1820 3252 1960 3285 hominis
1983 3251 2026 3286 est
2057 3254 2091 3286 in
2114 3254 2144 3286 i-

1140 3291 1308 3325 stiusmodi
1330 3291 1448 3325 cafibus
1472 3297 1679 3335 pronunciare
1701 3319 1709 3325 .
1751 3298 1861 3337 Itaque
1884 3294 2016 3337 seposita
2038 3297 2141 3330 clanii

1142 3335 1363 3377 pellucidit-ate
1396 3336 1434 3368 ad
1458 3335 1557 3370 sedem
1589 3337 1795 3376 suturarum5
1827 3339 1922 3380 longe
1954 3341 2039 3373 enirn
2070 3341 2140 3373 aliae

1143 3377 1271 3412 fuerunt
1295 3377 1407 3425 harum
1429 3379 1697 3420 constitutiones,
1719 3392 1789 3424 quae
1813 3380 1851 3414 ab
1872 3384 2035 3417 nonnullis
2058 3385 2071 3421 (
2093 3385 2105 3416 i
2126 3387 2143 3423 >

1142 3422 1297 3464 epilepsiae
1320 3424 1409 3454 caula
1432 3423 1560 3457 creditae
1584 3423 1679 3463 sunt3
1702 3424 1914 3458 animadversa
1927 3436 2032 3460 autem
2051 3437 2070 3458 -a
2083 3436 2141 3459 no-

1142 3465 1191 3499 bis
1214 3466 1318 3500 minus
1341 3463 1466 3500 fortaffe
1489 3469 1523 3500 in
1555 3466 1748 3501 adolescente
1779 3467 1966 3503 attendenda
1997 3469 2039 3503 est
2064 3483 2074 3506 ;
2105 3470 2141 3502 in

2037 3523 2099 3546 C?-

97 3607 2150 3630 mm

216 3692 231 3721 )
248 3691 308 3716 obs.
325 3690 418 3720 Medic.
435 3692 455 3716 Ι.
471 3700 493 3717 1.
511 3692 552 3717 ubi
568 3692 597 3717 de
613 3694 731 3724 Epiiepfia
742 3713 750 3720 .

217 3723 232 3751 )
250 3722 343 3746 Ibidem
361 3722 386 3746 in
403 3722 483 3747 schol.
501 3724 530 3748 ad
546 3723 604 3748 Obs.
622 3731 657 3753 39.

217 3752 350 3781 remica.
367 3752 444 3777 Prast.
463 3755 491 3777 P.
510 3761 533 3779 1.
548 3761 570 3778 c.
588 3757 625 3778 16.

221 3782 236 3812 2
256 3782 317 3808 Ibid-
331 3783 361 3808 nd
379 3784 403 3814 §.
422 3785 490 3814 1078.

813 3693 824 3722 s
840 3703 855 3719 x
870 3698 878 3725 J
896 3703 919 3720 n.
938 3699 976 3721 16.

722 3725 730 3753 (
749 3726 764 3750 b
780 3725 789 3756 )
805 3725 865 3751 Obs-
881 3734 924 3756 44.
941 3727 968 3750 in
984 3725 1095 3755 Append-

1036 3693 1078 3726 (μ
1094 3692 1102 3724 )
1119 3697 1155 3720 De
1171 3695 1262 3721 Medic.
1281 3697 1296 3721 l.
1312 3707 1333 3722 2.
1351 3705 1373 3722 c.
1391 3700 1414 3723 8.

686 3754 728 3784 (f
742 3756 756 3785 )
773 3759 808 3781 De
824 3759 889 3781 Cura
905 3756 1026 3786 AEgritud.
1043 3755 1082 3780 ubi
1099 3756 1128 3780 de
1143 3756 1276 3786 Epilepsia.

554 3784 568 3815 ζ
582 3785 592 3809 τ’
608 3784 623 3814 )
639 3784 700 3810 Ξεὲἴ.
717 3785 760 3811 hac
775 3786 954 3816 Sepulchr.v12.
972 3786 997 3811 in
1014 3787 1125 3826 Appevnd.
1142 3787 1172 3812 ad
1187 3786 1247 3814 ΟΜ.
1266 3795 1301 3818 3²·
1320 3789 1343 3813 ἃ
1359 3789 1384 3815 in
1401 3791 1526 3817 Additam.
1545 3791 1605 3817 obs.
1617 3800 1641 3821 4-

1238 3727 1242 3731 ,
1334 3728 1339 3732 ⁴
1476 3702 1490 3731 (
1506 3708 1524 3729 z.
1539 3701 1552 3729 )
1569 3700 1632 3725 Stet.
1648 3701 1694 3727 hac
1711 3710 1747 3726 12.
1764 3700 1787 3724 in
1805 3702 1887 3727 schol.
1903 3703 1933 3728 ad
1951 3703 2011 3728 obs.
2030 3712 2070 3734 ⁴4-

1157 3728 1168 3752 (
1183 3735 1194 3750 c
1207 3727 1221 3754 >
1236 3735 1262 3751 m
1279 3729 1362 3753 Addit.
1379 3729 1437 3753 Obs.
1455 3738 1474 3760 ς.
1495 3731 1520 3755 in
1538 3732 1578 3756 fin.
1639 3731 1650 3758 (
1666 3733 1682 3756 d
1699 3732 1704 3760 l
1724 3732 1749 3756 in
1766 3732 1844 3757 Schol.
1861 3733 1905 3758 cit.
1922 3734 1952 3759 ad
1968 3734 2026 3760 Obs.
2045 3743 2084 3765 3⁹-

1339 3759 1383 3789 (g
1398 3760 1412 3790 )
1430 3762 1529 3786 Comm.
1547 3763 1570 3785 in
1588 3762 1678 3786 Boetia:
1692 3763 1754 3793 Aph.
1773 3762 1795 3793 §.
1815 3765 1883 3793 ¹08⁴·
