2498 4075
421 166 575 231 Epist.
618 168 776 218 Anat.
814 163 1029 217 Medica
1065 160 1246 215 XXX.
1284 159 1401 211 Art.
1424 174 1534 213 1.2.
1555 160 1745 227 3;&4.

119 246 221 290 spensta
246 244 420 287 proposuh
445 244 542 276 animi
567 242 687 285 pendeo
709 264 718 280 ‚
750 253 825 275 num
848 255 956 276 omnes
986 241 1115 284 ingestis

120 288 225 323 nescio
246 287 382 330 quibus,
405 299 442 320 an
467 287 564 320 succis
586 285 731 318 veneficis
754 287 1006 326 imputemintus
1029 285 1116 327 geni-

120 334 163 365 tis
179 356 186 362 .
212 329 309 367 Quod
333 330 388 363 etsi
412 333 444 363 in
467 329 570 371 aliqua
593 329 687 361 velim
712 328 810 361 facere
834 328 1034 363 historiarum
1060 328 1116 360 ha-

119 385 218 412 rum3
240 375 344 407 minus
368 375 401 407 in
423 374 535 406 ultima
559 370 643 411 posse
664 371 799 412 videor,
822 373 856 404 in
878 384 939 414 qua
962 373 1012 404 via
1059 382 1116 404 uo-

121 429 181 461 que
205 415 241 449 ad
264 417 493 452 ventriculum,
518 414 591 456 gula
619 439 630 455 ‚
655 414 767 447 iisdem
790 414 985 449 erofionibus
1008 427 1020 446 a
1050 415 1117 446 ecta

120 469 209 494 erat.
234 459 291 492 Sed
315 459 352 493 de
375 459 543 492 observatis
566 468 620 499 per
642 467 808 491 anatomen
827 481 839 499 ,
854 496 856 498 ,
873 468 1065 492 venenorum
1088 457 1122 488 in

121 503 304 536 ventriculo
336 501 495 536 effectibus
518 510 590 533 cum
625 501 690 543 ipse
714 503 824 535 malim
848 501 904 536 suo
936 502 1009 534 loco
1033 497 1123 532 semel

121 558 232 588 agere,
255 546 433 589 quamibi,
456 553 546 585 arque
570 542 644 583 hic,
670 553 705 578 ut
729 546 761 578 in
775 544 982 588 Sepulchreto
1001 542 1121 577 faerum

124 589 221 623 video
241 602 251 629 ς
277 598 441 631 propterea
465 587 543 619 illuc
563 589 577 625 (
599 588 612 621 ι’
632 590 645 626 )
670 588 811 630 rejiciam
832 599 903 630 quae
928 586 990 623 huc
1013 585 1122 618 addere

123 631 325 675 supersedeo:
349 641 384 664 ut
407 632 474 673 pari
497 629 534 662 de
557 630 646 663 causa
670 631 735 663 alio
759 629 900 664 differam
911 642 981 673 quae
1005 630 1042 662 ad
1064 628 1123 663 do-

121 676 221 710 lorem
244 674 411 709 ventriculi
439 673 578 714 speetant
601 685 639 706 ex
662 674 812 708 consensu
833 685 906 708 cum
931 674 1001 706 aliis
1023 673 1143 715 parti-¹

124 719 206 759 bus,
231 722 258 753 δε.
286 717 482 751 nominatim
505 725 578 747 cum
601 718 725 751 renibus
741 743 749 751 .

168 773 219 795 22.
244 764 294 796 De
316 761 356 793 iis
379 769 483 793 autem
506 760 676 794 ventriculi
700 759 893 798 doloribus,
916 761 972 802 qui
997 769 1123 801 nequea

122 816 243 839 veneno
265 805 358 840 sunt,
383 810 481 845 neque
504 812 521 833 a
543 802 640 836 causis
652 802 732 837 fiunt
755 811 845 836 extra
868 803 960 835 illum
975 801 1124 836 haerenti-

1165 240 1241 277 bus,
1263 235 1286 270 si
1307 248 1378 282 quae
1403 237 1440 272 ad
1462 250 1519 278 ea,
1542 249 1612 280 quae
1631 235 1718 278 supra
1742 235 1864 277 legisti,
1887 234 2054 277 adjungere
2078 232 2171 265 forte

1167 283 1278 322 cupis3
1302 279 1450 321 adjungas
1474 283 1508 314 in
1531 281 1666 323 primis,
1689 279 1797 311 censeo
1812 303 1820 317 ,
1843 277 2104 311 observationem
2116 276 2164 308 Il-

1168 324 1271 359 lustris
1294 323 1368 355 Viri
1381 323 1520 357 Heisteri
1542 327 1556 362 (
1578 323 1596 362 k
1616 327 1630 362 )
1651 334 1709 364 qua
1734 321 1936 363 cardialgiam
1957 319 2166 352 vehementis-

1165 367 1275 403 simam
1298 364 1448 399 describit
1471 378 1486 399 a
1511 377 1626 408 magno
1638 376 1749 398 acervo
1770 362 2133 398 lumbricorurnillatam
2154 382 2168 400 ‚

1171 412 1227 453 qui
1250 409 1462 443 ventriculum
1486 411 1569 442 circa
1592 406 1750 441 sinistrum
1762 407 1945 445 orificium,
1968 406 2021 439 ubi
2047 403 2170 438 haeren·

1173 464 1219 487 tes
1240 453 1382 489 invenit,
1407 454 1451 484 ita
1476 452 1637 492 laeser-ant‚
1659 460 1694 493 ut
1719 450 1974 492 sanguinolentus
1997 446 2068 482 esset
2091 469 2103 486 ,
2136 452 2169 481 &
2204 460 2209 463 ⁷

1173 495 1260 540 quasl
1283 494 1411 529 erosus:
1433 493 1529 538 idque
1552 497 1584 528 in
1609 494 1714 528 adulta
1737 493 1889 531 muliere3
1913 494 2021 525 nonin
2045 491 2170 531 pueris,

1173 542 1206 572 in
1230 539 1346 581 quibus
1378 538 1484 572 minus
1504 538 1547 574 est
1569 539 1685 572 mirum
1703 559 1715 577 ,
1751 548 1767 570 a
1789 536 1915 568 Boneto
1934 557 1945 574 ,
1977 538 2009 569 δε
2033 535 2170 566 Saxonia

1173 582 1279 615 nostro
1304 604 1315 621 ,
1345 590 1381 618 ut
1405 582 1438 614 in
1469 580 1528 615 hac
1551 580 1643 614 habes
1676 577 1873 622 Sepulchreti
1907 579 2051 611 Seffione
2087 579 2097 614 (
2121 575 2168 615 l)

1173 626 1257 660 haud
1279 624 1436 659 dissimilia
1457 623 1548 659 fuisse
1570 622 1780 666 deprehensa.
1803 622 1959 661 Quamvis
1984 629 2091 653 autem
2115 620 2168 651 Se-

1172 670 1280 703 ffione
1310 668 1417 701 eadem
1439 668 1605 709 complura
1643 674 1862 711 proponantur
1893 664 2034 704 exempla
2067 664 2172 703 (m)

1172 712 1297 746 doloris
1319 711 1490 745 ventriculi
1511 722 1529 743 a
1551 709 1681 745 calculis
1704 712 1737 741 in
1760 710 1829 751 ipso
1850 707 2007 740 concretis
2029 715 2039 742 ;
2062 715 2169 753 tamen

1175 767 1254 789 nova
1275 767 1313 789 ex
1336 756 1490 788 Lanzono
1512 757 1526 793 <
1546 764 1566 786 n
1588 756 1601 793 )
1626 775 1636 792 ,
1667 763 1706 787 ex
1727 751 1873 786 Contulo
1893 752 1908 790 (
1930 761 1947 783 o
1967 753 1981 791 )
2001 771 2013 788 ‚
2035 758 2075 780 ex
2097 747 2170 780 alus

1175 798 1303 841 adjicias
1327 798 1419 832 licet.
1465 797 1567 832 Vale.

175 972 688 1045 EPISTOLA
743 969 1850 1043 ANATOMICO-MEDICA
1907 967 2109 1029 XXX.
2158 952 2163 958 ¹

769 1101 856 1155 De
892 1099 1120 1155 Vomitu

243 1237 327 1271 UM
361 1238 546 1273 Ventriculi
569 1238 695 1273 Dolore
714 1260 727 1278 ‚
756 1236 795 1271 de
816 1248 883 1280 quo
903 1236 1120 1280 superioribus

251 1281 387 1315 Litteris
411 1281 565 1325 scriptum
590 1281 631 1315 est
646 1304 655 1319 ,
680 1279 890 1322 saepenumero
910 1279 1121 1322 conjungitur

251 1325 426 1363 Vomitus,
449 1325 487 1359 de
510 1337 577 1368 quo
599 1324 654 1358 hic
670 1323 866 1358 scribendum
880 1349 888 1356 .
910 1322 1120 1358 Animadver-

116 1376 182 1401 tere
214 1366 248 1400 id
272 1369 393 1409 poteris
423 1380 497 1403 cum
529 1369 600 1401 illas
631 1367 771 1409 relegens
791 1391 804 1407 ,
835 1376 905 1400 tum
939 1367 1119 1399 Seftionem

117 1412 218 1444 VIII.
244 1410 442 1452 Sepulchreti
465 1412 667 1453 pervolvens,
692 1414 725 1444 &
746 1421 818 1443 cum
841 1410 922 1443 VII.
933 1408 1117 1443 conferens.

116 1454 262 1487 Invenies
283 1456 369 1488 euim
393 1454 641 1488 Observationes
673 1454 824 1496 plurimas
849 1474 858 1489 ‚
889 1453 923 1484 in
946 1452 1060 1495 quibus
1083 1464 1120 1486 u-

114 1505 225 1540 terque
248 1497 377 1531 illorum
404 1500 616 1541 proponitur,
640 1508 694 1530 nec
715 1507 829 1539 paucas
850 1518 862 1535 ‚
884 1507 953 1538 quae
977 1498 1009 1528 in
1033 1505 1120 1529 utra-

114 1551 177 1582 que
199 1541 316 1583 pariter
339 1542 483 1575 Sed-ione
515 1540 725 1574 exhibentur.
861 1538 935 1572 Nos
957 1549 1032 1571 vero
1063 1549 1120 1571 no·-

116 1583 214 1616 strum
238 1582 400 1617 tuebimur
422 1584 626 1619 institutum,
651 1593 706 1615 nec
728 1593 806 1626 quas
827 1579 904 1615 alibi
929 1589 983 1615 aut
1007 1590 1121 1623 protu-

116 1626 235 1666 limus,
260 1635 314 1659 aut
338 1627 444 1660 sumus
466 1627 644 1668 prolaturi,
669 1635 778 1659 earum
803 1625 901 1660 ullam
923 1623 978 1658 hic
1002 1623 1121 1667 produ-

114 1681 240 1703 cemus.
267 1670 440 1711 Selegimus
462 1671 564 1711 igitur
584 1681 622 1702 ex
643 1669 791 1703 omnibus
815 1667 991 1707 Valsalvae,
1013 1666 1089 1701 duas
1113 1691 1122 1706 ‚

119 1712 250 1745 alteram
272 1710 309 1744 ad
334 1711 544 1753 diuturnum,
568 1713 699 1745 alteram
722 1712 760 1746 ad
782 1713 908 1746 brevem
923 1734 934 1750 ,
956 1720 1121 1754 utramque

113 1754 156 1788 ad
178 1754 336 1831 fultgestum
367 1757 528 1790 vomitum
552 1759 723 1791 attinentes
741 1780 750 1790 .
784 1757 933 1794 Quarum
955 1754 1023 1788 haec
1055 1755 1121 1798 pri-

116 1809 169 1832 ma
190 1810 206 1831 e
243 1821 251 1829 .

121 1884 128 1889 -
158 1852 188 1874 2.
212 1842 298 1875 VIR
333 1852 491 1876 annorum
513 1843 644 1876 circiter
675 1841 908 1886 quinquaginta
948 1834 1088 1884 quatuor
1109 1865 1119 1879 ‚

116 1895 181 1928 jam
204 1892 274 1916 ante
297 1885 439 1928 quinque
460 1907 472 1925 ‚
507 1894 560 1919 aut
581 1885 634 1919 sex
656 1884 773 1919 menses
797 1883 946 1917 nonnihil
972 1884 1121 1916 emaciari

112 1936 188 1961 toto
220 1937 354 1969 corpore
377 1929 535 1971 inceperat
555 1953 566 1971 ,
597 1940 671 1962 cum
694 1930 821 1961 ineunte
851 1926 951 1960 mense
974 1926 1120 1969 Augusto

112 1974 155 2005 A.
176 1971 267 2011 1689.
280 1971 426 2005 molestus
449 1972 564 2005 acceffit
574 1974 715 2005 vomitus
738 1971 876 2003 materiae
900 1981 971 2014 quae
983 1981 1119 2012 aquam,

115 2014 253 2055 fuligine
267 2013 441 2051 infestam,
465 2014 636 2048 referebat.
662 2012 904 2056 Ejusdemmodi
925 2013 1118 2046 materiain-

112 2056 239 2091 terdum
261 2055 371 2090 eodem
394 2067 537 2100 tempore
551 2082 562 2098 ‚
585 2056 879 2092 interdumabsente
902 2056 1050 2096 vomitu,
1073 2065 1122 2089 et-

114 2102 178 2134 iam
203 2110 257 2143 per
280 2100 408 2141 alvum,
431 2112 487 2134 nec
510 2110 614 2134 tamen
638 2101 775 2143 semper,
797 2099 1007 2141 dejiciebatur
1032 2122 1040 2130 .
1067 2101 1122 2131 ln-

114 2152 198 2178 terea
220 2144 275 2175 vix
298 2143 380 2180 ullus
405 2145 439 2176 in
463 2145 630 2178 ventriculi
656 2146 782 2186 regione
806 2141 1040 2184 percipiebatur
1061 2141 1122 2173 do-

115 2187 185 2220 lor.
212 2185 271 2219 Sed
294 2197 367 2219 cum
392 2186 539 2220 Medicus
565 2187 606 2220 sal
630 2185 781 2219 abfinthii
804 2184 935 2218 dedisset
951 2207 963 2223 ,
984 2194 1033 2216 eas
1056 2182 1120 2217 sto-

115 2229 232 2264 macho
258 2228 414 2263 molestias
436 2231 555 2263 creavit
575 2234 588 2269 “,
621 2238 657 2262 ut
680 2239 847 2274 nunquam
879 2226 983 2268 postea
1007 2225 1118 2259 datum

115 2273 154 2307 fit
178 2297 186 2304 .
222 2271 370 2305 Tandem
393 2271 539 2305 saeviente
572 2273 698 2305 vomitu
719 2282 794 2304 cum
817 2270 954 2312 ejusdem
978 2271 1117 2302 mareriae

115 2317 297 2349 excretione
319 2341 327 2354 ‚
351 2314 512 2356 languidis
545 2313 653 2348 sensim
677 2313 771 2348 factis
793 2311 931 2356 pulsibus
954 2313 1120 2346 consecuta

114 2370 202 2393 mors
225 2357 267 2392 est
300 2358 410 2392 Idibus
433 2358 650 2392 Novembris.
781 2356 1051 2390 CADAVERIS
1082 2366 1120 2387 0-

115 2413 201 2436 mnes
233 2402 360 2436 articuli
386 2401 505 2436 flexiles
528 2410 644 2434 erant:
679 2399 765 2444 quod
789 2401 821 2432 in
854 2399 926 2432 aliis
958 2397 1042 2431 haud
1073 2399 1119 2431 ita

115 2445 227 2479 crebro
249 2445 410 2478 occurrit.
435 2447 475 2477 In
493 2444 672 2479 ventriculo
693 2444 844 2486 pylorum
857 2441 986 2481 versuS‚
1010 2451 1119 2475 tumor

117 2497 183 2523 erat
207 2488 372 2521 cancrosus
392 2488 587 2521 exulceratus
609 2510 619 2526 ‚
651 2485 765 2529 hicque
789 2485 855 2519 fieri
892 2485 975 2519 visus
1006 2483 1048 2518 est
1080 2495 1119 2518 ex

116 2531 338 2574 glandularum
360 2533 527 2572 congerie,
552 2543 621 2573 quae
646 2530 750 2573 pressae
765 2552 774 2567 ‚
799 2528 966 2563 humorem
990 2538 1118 2570 prome-

114 2576 190 2608 bant
212 2573 349 2609 similem
372 2574 504 2607 humani
528 2574 673 2608 seminis.
698 2573 904 2607 Ventriculus
928 2581 1031 2606 autem
1054 2580 1118 2604 tres

115 2619 212 2652 libras
245 2618 384 2651 materiae
409 2618 594 2651 continebat
626 2616 763 2659 ejusdem
797 2614 894 2649 ferme
927 2624 1047 2648 naturae
1081 2625 1114 2647 ac

114 2673 184 2705 quae
210 2663 333 2695 vomitu
357 2659 564 2703 ejiciebatur-
591 2663 678 2694 Inter
700 2660 935 2699 ventriculum,
958 2659 1116 2692 &lienem

120 2713 212 2742 erant
242 2704 308 2737 duo
330 2703 513 2747 glandulosa
545 2703 731 2747 corpuscula
755 2702 837 2737 fabae
860 2701 1079 2744 magnitudine
1104 2724 1117 2741 ,

117 2748 224 2781 colore
244 2771 256 2787 ,
291 2750 323 2781 &
346 2748 513 2782 substantia
547 2759 611 2781 non
637 2748 776 2781 multum
808 2745 960 2779 absimilia
994 2745 1116 2778 tumori

117 2792 173 2834 qui
200 2792 231 2821 in
244 2791 421 2824 ventriculo
432 2790 607 2833 descriptus
619 2790 662 2824 est
674 2816 681 2822 .
704 2791 829 2823 Haecin
842 2790 964 2822 Ventre
976 2812 983 2819 .

118 2836 157 2868 In
182 2832 329 2868 Thorace
353 2843 456 2867 autem
482 2835 594 2876 pulmo
615 2832 722 2866 dexter
746 2832 892 2866 nonnihil
916 2844 932 2865 a
952 2841 1044 2873 tergo
1066 2831 1117 2864 in-

120 2878 298 2911 flammatus
320 2890 329 2909 z
353 2888 391 2910 ex
412 2879 500 2910 omni
526 2887 631 2911 autern
655 2876 818 2918 utriusque
841 2875 930 2909 incifi
955 2875 1116 2917 pulmonis

119 2929 210 2961 parte
234 2918 335 2952 serum
350 2920 517 2962 prodibat.
542 2923 571 2954 A
595 2920 703 2953 cordis
714 2920 892 2952 ventriculo
916 2919 1117 2959 dexteropo-

117 2960 238 3005 lyposae
270 2965 488 2998 concretiones
511 2966 543 2997 in
568 2964 789 2997 Pulmonarem
812 2964 958 2995 arteriam
980 2962 1119 3004 pertine-

120 3006 196 3039 bant
219 3017 229 3042 ;
260 3007 367 3038 minor
390 3006 428 3038 ab
450 3007 570 3041 sinistro
594 3009 627 3040 in
651 3018 760 3040 venam
785 3004 922 3049 ejusdem
945 3005 1084 3038 nominis
1107 3028 1116 3035 .

165 3059 194 3091 3.
219 3049 251 3081 Si
274 3060 434 3090 compares
466 3051 548 3083 inter
571 3049 599 3083 se
632 3060 769 3084 tumores
802 3048 973 3082 ventriculi
1004 3047 1088 3081 duos
1107 3069 1118 3084 ,

121 3090 230 3131 hunc,
254 3094 285 3126 δι
308 3103 402 3135 quem
428 3095 542 3136 pariter
565 3106 605 3127 ex
627 3092 772 3127 Valsalva
795 3091 1012 3135 descripsimus
1037 3091 1119 3132 Epi-

121 3134 199 3181 stola
225 3134 383 3177 superiore
405 3140 418 3175 (
439 3148 456 3168 a
479 3141 493 3176 )
513 3161 524 3177 ‚
553 3148 689 3180 quorum
712 3145 884 3178 utrumque
918 3137 950 3168 in
973 3133 1120 3167 brevibus

123 3180 249 3212 suarum¹
270 3177 543 3213 Observationum
566 3180 730 3213 Indicibus
764 3180 867 3212 cancri
893 3179 1019 3212 nomine
1042 3177 1120 3210 deli-

123 3225 233 3263 gnavit
249 3246 260 3262 ,
284 3224 314 3255 &
338 3221 544 3264 conjunctum
568 3225 728 3256 vomitum
759 3220 898 3256 habuisse
917 3246 928 3262 ‚
968 3220 1089 3264 scripsit
1111 3243 1124 3260 ‚

123 3265 212 3307 quasi
245 3277 329 3307 aquae
353 3265 487 3307 fuligine
511 3265 636 3300 infeetae
655 3279 666 3305 5
699 3266 865 3300 miraberis
893 3263 1018 3299 fortasse
1036 3288 1047 3304 ,
1069 3275 1125 3298 cur

125 3309 222 3342 saevos
245 3309 320 3346 ille,
349 3309 402 3341 hic
426 3309 504 3342 leves
526 3309 603 3342 adeo
626 3308 747 3343 afferret
771 3310 919 3348 dolores,
941 3311 1037 3342 &cur
1064 3307 1118 3341 h-ic

125 3364 199 3385 curn
224 3351 340 3394 pressus
364 3352 529 3386 humorem
551 3352 637 3386 daret
660 3364 722 3386 non
738 3353 973 3394 fuliginosum3
997 3351 1059 3384 hoc
1072 3360 1119 3383 ta-

125 3408 196 3429 men
218 3396 324 3429 colore
350 3405 471 3428 tantam
495 3394 638 3429 humoris
659 3399 784 3439 copiam
808 3397 944 3437 tingeret
965 3417 974 3426 1
997 3396 1119 3429 Verum

125 3440 298 3481 nigerrima
322 3437 408 3481 rejici
434 3438 473 3471 ab
496 3440 536 3471 iis
559 3450 681 3482 quoque
707 3441 739 3473 in
762 3441 876 3483 quibus
900 3439 1003 3472 nullus
1028 3437 1121 3480 hujus

124 3493 246 3525 generis
269 3493 375 3517 tumor
398 3481 460 3521 est,
483 3491 553 3516 tum
577 3493 615 3515 ex
638 3484 707 3516 aliis
725 3482 1029 3520 observationibus,
1053 3491 1122 3515 tum

126 3537 165 3559 ex
187 3526 291 3569 aliqua
316 3537 421 3559 earum
445 3526 603 3567 intelliges
626 3537 694 3568 quae
718 3525 800 3560 infra
825 3527 1026 3569 proferentur
1044 3538 1058 3562 ν,
1080 3534 1124 3558 -ut

212 3571 376 3611 Morgagni
386 3571 421 3604 de
431 3570 497 3602 sed.
515 3573 652 3610 &Caufi
665 3569 766 3603 Morb.
780 3571 879 3604 Tom.
896 3572 942 3604 11.

1156 1099 1316 1153 verba
1352 1095 1482 1148 fiunt
1504 1133 1518 1146 .

1746 1179 1748 1193 l

1169 1234 1301 1268 minime
1324 1229 1436 1265 necesse
1458 1228 1520 1269 fit,
1543 1226 1723 1262 illiusmodi
1746 1224 1868 1258 colo-res
1891 1235 1907 1258 a
1928 1224 2051 1273 cancris
2074 1221 2178 1256 dedu-r

1169 1289 1237 1312 cere
1258 1300 1271 1317 ‚
1302 1277 1334 1308 in
1356 1273 1536 1308 ventriculo
1567 1270 1756 1305 exulceratis
1773 1294 1781 1301 .
1912 1267 2094 1301 Discrimen
2119 1276 2181 1313 au-v

1170 1331 1235 1354 tem
1256 1318 1338 1352 illud
1361 1318 1509 1352 dolorum
1533 1314 1590 1348 nili
1625 1315 1663 1347 ab
1685 1311 1872 1346 humoribus
1898 1320 2017 1356 repetas
2050 1311 2082 1342 in
2108 1318 2175 1350 pri-

1169 1376 1222 1397 mo
1244 1373 1329 1405 aegro
1351 1362 1474 1403 magis,
1496 1360 1616 1402 quippe
1640 1357 1759 1390 seniore
1776 1379 1789 1395 ‚
1821 1357 1853 1388 ἃ*
1876 1354 1994 1387 bilioso.
2015 1361 2175 1394 tempera-

1169 1416 1299 1446 mento,
1321 1416 1416 1448 quarn
1438 1405 1471 1436 in
1492 1401 1554 1435 hoc
1566 1425 1579 1442 ,
1601 1399 1829 1438 irritantibus,
1849 1398 1905 1440 qui
1931 1406 2061 1443 tamen,
2084 1393 2176 1444 addi—

1171 1461 1206 1483 to
1232 1449 1290 1482 sale
1313 1446 1466 1482 absinthii
1490 1469 1502 1486 ‚
1536 1443 1713 1478 lacessentes
1736 1441 1815 1475 adeo
1838 1439 1918 1474 faeti
1943 1441 2014 1474 sunt
2033 1451 2045 1478 ‚·
2066 1448 2176 1488 conji-

1170 1496 1235 1526 cies
1256 1515 1264 1528 ,
1287 1493 1367 1525 leves
1390 1489 1514 1525 dolorts
1536 1499 1602 1521 non
1625 1487 1710 1525 secus
1729 1495 1822 1527 atque
1845 1485 1879 1517 in
1903 1483 1964 1515 illo
1988 1505 2001 1521 ,
2032 1491 2175 1528 primum

1171 1535 1302 1580 quidem
1324 1534 1438 1574 fuisse,
1460 1543 1566 1565 verum
1591 1529 1694 1573 postea
1716 1538 1813 1571 quam
1826 1537 1880 1568 per
1904 1526 1946 1558 sal
1971 1523 2119 1558 absinthii
2133 1524 2174 1556 sic

1172 1582 1315 1613 irritatus
1338 1588 1447 1611 tumor
1469 1575 1529 1612 est,
1555 1583 1591 1607 ut
1613 1572 1744 1606 demum
1767 1570 2000 1603 exulceraretur
2020 1591 2034 1607 ,
2069 1567 2174 1613 mul-to

1173 1624 1346 1657 acerbiores
1369 1624 1401 1654 δε
1425 1619 1530 1652 factos
1551 1615 1630 1656 esse,
1653 1614 1735 1648 &ad
1759 1613 1852 1646 finem
1874 1612 1969 1655 usque
1986 1610 2150 1655 perstitisle
2164 1634 2175 1642 ,
2220 1653 2222 1656 ¹

1213 1678 1244 1711 4.
1270 1665 1358 1699 VIR
1374 1660 1584 1695 nobiliffimus
1607 1670 1706 1694 annos
1729 1667 1819 1690 natus
1829 1655 1911 1690 duos
1936 1658 1966 1689 &
1981 1653 2176 1698 quadragin-

1170 1719 1225 1750 ta,
1250 1720 1324 1742 cum
1347 1719 1385 1740 ex
1407 1705 1578 1739 Germania
1602 1703 1634 1735 in
1659 1701 1788 1741 Italiam
1811 1697 1961 1739 venisset,
1986 1696 2177 1747 paucispost

1170 1750 1327 1787 mensibus
1353 1749 1505 1783 Bononiae
1530 1748 1565 1779 in
1587 1744 1705 1778 febrem
1729 1741 1845 1778 incidit
1877 1744 2045 1776 tertianam
2068 1740 2176 1784 dupli-

1171 1808 1264 1836 cem,
1286 1793 1493 1830 mitioribus,
1516 1791 1549 1822 in
1575 1790 1687 1832 primis
1711 1786 1840 1830 quidem
1851 1785 2094 1825 acceffionibus,
2119 1784 2176 1817 sti-

1172 1849 1281 1883 patam
1303 1833 1574 1880 symptomatibus
1599 1846 1611 1869 ·,
1646 1831 1697 1865 sed
1720 1833 1753 1864 in
1777 1840 1889 1873 quarta
1910 1827 2179 1862 vehementissime

1172 1883 1371 1925 affligentem
1390 1903 1397 1910 .
1431 1879 1520 1911 Nam
1543 1875 1651 1918 frigus.
1669 1873 1755 1918 quod
1777 1873 1925 1916 vigesima
1950 1873 2029 1907 lio-ra
2054 1872 2176 1906 invase-

1172 1935 1221 1960 rat
1241 1948 1249 1962 ,
1282 1926 1339 1957 vix
1361 1922 1455 1955 tertia
1480 1920 1583 1953 noetis
1606 1917 1686 1952 hora
1710 1917 1892 1951 remittebat
1917 1931 1926 1950 ι
1963 1914 2175 1949 moleffiffima

1171 1979 1237 2001 erat
1249 1967 1336 2007 fitis,
1360 1967 1468 2008 lingua
1492 1962 1612 2004 aspera,
1637 1960 1781 1995 difficilis
1795 1960 1984 2003 respiratio,
2008 1958 2178 1999 laffitud02

1172 2011 1282 2055 pulsus
1300 2021 1435 2053 parvus,
1458 2019 1492 2040 ac
1515 2005 1655 2045 debilis,
1673 2004 1768 2038 dolor
1787 2028 1801 2045 ,
1822 2006 1853 2037 δε
1878 2003 2087 2046 plenitudinis
2111 2002 2177 2035 sen-

1172 2056 1220 2089 sus
1253 2057 1284 2087 in
1308 2052 1487 2086 ventriculo
1508 2075 1521 2091 ‚
1554 2050 1699 2083 anxietas
1719 2049 1854 2090 denique
1873 2070 1887 2086 ‚
1917 2050 1950 2080 δε
1982 2045 2176 2090 inquietudo

1172 2107 1283 2138 tanta,
1305 2098 1360 2130 vix
1382 2106 1419 2130 ut
1441 2093 1600 2138 paulisper
1623 2095 1656 2125 in
1678 2092 1788 2125 eadem
1810 2091 1883 2124 lecti
1908 2099 1996 2132 parte
2027 2089 2175 2123 consiste-

1172 2151 1217 2174 ret
1239 2167 1249 2173 .
1280 2142 1360 2174 Haec
1384 2139 1492 2173 omnia
1516 2148 1579 2170 non
1604 2135 1660 2168 nili
1686 2135 1879 2178 postquam,
1900 2135 2005 2176 magis.
2024 2134 2172 2167 saeviente

1171 2185 1274 2217 calore
1283 2207 1300 2224 ‚v
1319 2183 1505 2218 stillatarum
1529 2190 1679 2222 aquarum
1702 2180 1795 2222 potio
1807 2176 1933 2211 tandem
1955 2176 2095 2211 concessa
2106 2178 2174 2216 est,

1168 2228 1303 2261 mitiora
1326 2226 1398 2259 sunt
1421 2225 1504 2258 faeta
1516 2236 1531 2262 5>
1551 2223 1600 2256 sed
1624 2222 1720 2264 paulo
1742 2222 1933 2260 dumtaxat,
1957 2224 1989 2253 &
2012 2220 2107 2253 breve
2133 2221 2174 2256 ad

1168 2281 1311 2313 tempus.
1336 2265 1601 2310 Nampaulopost
1621 2267 1757 2305 omnia,
1778 2266 1877 2306 magis
1886 2264 2068 2297 exacerbata
2082 2287 2090 2301 ,
2118 2275 2173 2297 to..

1171 2323 1236 2347 tam
1259 2314 1349 2346 illam
1372 2313 1498 2346 noestem
1519 2317 1691 2344 vexarunt.
1717 2308 1876 2343 Diluculo
1890 2317 2050 2341 vomitum
2074 2308 2172 2342 insta-

1172 2369 1227 2397 re,
1250 2356 1361 2389 sensit:
1386 2366 1443 2389 nec
1467 2364 1570 2386 tamen
1592 2352 1640 2385 vel
1663 2350 1780 2395 digitis.
1801 2350 1911 2394 saepius
1935 2350 1990 2383 libi
2007 2353 2040 2384 in
2064 2350 2169 2385 fauces

1171 2400 1317 2434 immissis
1336 2399 1550 2432 vomitionem
1574 2397 1712 2439 primum
1735 2397 1816 2429 ciere
1841 2404 1964 2437 poterat
1988 2407 1997 2433 3
2022 2406 2096 2428 mox
2121 2405 2169 2429 ta-

1170 2454 1241 2477 men
1265 2444 1430 2476 materiam
1463 2439 1554 2483 ejecit
1578 2440 1615 2471 ad
1643 2439 1738 2472 libras
1760 2447 1896 2480 quatuor
1915 2462 1928 2478 ,
1951 2438 2056 2470 colore
2078 2451 2167 2482 aqum

1169 2487 1306 2521 similem
1331 2488 1363 2518 in
1385 2496 1449 2528 qua
1470 2481 1625 2516 coccolata
1649 2482 1750 2515 soluta
1774 2480 1811 2514 lit
1834 2506 1840 2512 .
1868 2481 2059 2515 innatabant
2080 2494 2171 2526 quae«,

1168 2530 1241 2564 dam
1276 2527 1362 2573 quasi
1385 2526 1640 2561 membranarum
1672 2526 1837 2567 portiones
1870 2524 2007 2567 ejusdem
2041 2526 2169 2567 prorsus

1167 2574 1286 2608 coloris
1307 2586 1317 2605 :
1349 2571 1430 2606 odor
1452 2578 1557 2604 autem
1580 2578 1643 2601 erat
1665 2569 1789 2611 qualem
1814 2568 1891 2611 saepe
1915 2568 2015 2602 solent
2039 2569 2168 2603 febrici-

1169 2618 1312 2650 tantium⁴
1340 2626 1476 2657 corpora
1499 2612 1645 2646 exhalare
1669 2636 1676 2643 .
1702 2612 1840 2659 Ab-hoc
1863 2614 1990 2646 vomitu
2013 2612 2067 2646 etsi
2091 2625 2166 2646 ven-

1167 2661 1276 2694 triculi
1310 2657 1439 2692 affectio
1468 2657 1634 2700 paululum
1664 2656 1784 2689 remilla
1818 2654 1980 2691 videbatur
2004 2669 2015 2695 5
2046 2657 2170 2700 reliqua,

1166 2713 1345 2737 tamennon
1371 2701 1470 2736 modo
1483 2700 1680 2743 perstabant,
1705 2698 1753 2732 sed
1776 2700 1823 2732 vel
1849 2701 1950 2733 acrius
1975 2701 2165 2743 torquebant

1165 2745 1391 2781 incommoda,
1415 2746 1509 2779 Mane
1533 2743 1614 2788 festa
1637 2753 1716 2775 vena
1738 2741 1916 2784 sanguinem
1940 2744 2087 2779 Medicus
2110 2744 2166 2777 de-

1166 2792 1287 2824 traxit:
1312 2791 1343 2824 is
1362 2790 1396 2822 in
1421 2790 1525 2831 primo
1549 2785 1677 2818 vasculo
1697 2796 1954 2819 concrementum
1978 2799 2069 2829 aequo
2083 2789 2167 2820 mol-

1167 2835 1250 2874 lius,
1274 2843 1400 2866 tenuem
1424 2834 1457 2865 in
1482 2827 1763 2865 summocrustam,
1791 2829 1925 2863 lacteum
1937 2830 2037 2864 serum
2062 2831 2166 2864 osten..

1167 2878 1216 2912 dit
1236 2889 1249 2917 ,·
1281 2876 1332 2910 sed
1355 2877 1388 2909 in
1413 2876 1514 2907 altero
1534 2873 1639 2905 minus
1663 2883 1697 2904 ea
1720 2875 1826 2905 omnia
1850 2873 1889 2905 ab
1912 2884 2032 2908 natus-gg
2054 2887 2164 2909 norma

1169 2919 1485 2956 recedentia.1-10c,
1508 2915 1638 2958 aliisque
1662 2914 1814 2957 praesidiis
1838 2918 1871 2948 in
1894 2917 1984 2951 usum
2018 2920 2130 2952 tractis
2150 2943 2162 2959 ‚

1167 2966 1285 3004 iterum
1307 2974 1419 3004 paucas
1443 2959 1511 3004 post
1532 2958 1625 2993 horas
1648 2959 1832 2994 tantundem
1855 2959 1953 2994 ferme
1964 2960 2100 3003 eiectum
2111 2973 2166 3006 per

1168 3006 1328 3041 vomitum
1350 3004 1392 3038 est
1415 3004 1578 3045 descriptae
1601 3004 1764 3036 materi-ae:
1786 3003 1875 3047 quod
1922 3006 1994 3038 aulo
2018 3005 2084 3046 post
2107 3008 2167 3039 ite-

1171 3062 1263 3091 rum,
1287 3052 1464 3089 iterumque
1475 3046 1615 3085 accidit5
1638 3056 1672 3080 ut
1684 3058 1752 3090 quae
1764 3059 1800 3079 eo
1812 3047 1864 3080 die
1900 3059 1928 3081 ic
1939 3048 2063 3082 reddita
2075 3049 2165 3090 sunt,

1170 3094 1325 3129 sexdecim
1347 3093 1476 3125 circiter
1498 3091 1597 3123 libras
1616 3093 1806 3133 aequaverint
1829 3093 1971 3125 universa
1991 3116 1998 3124 .
2024 3092 2167 3126 Insecuta

1171 3139 1265 3171 ηοᾶε
1286 3136 1392 3170 eadem
1415 3134 1581 3168 saeviebant
1603 3132 1821 3175 symptomata
1835 3157 1842 3170 ‚
1867 3135 2027 3168 accedente
2041 3136 2165 3178 insuper

1173 3178 1286 3214 sinistri
1309 3178 1431 3212 brachii
1455 3185 1613 3216 tremore5
1635 3178 1691 3220 qui
1708 3201 1719 3217 ‚
1743 3178 1936 3220 praecedente
1949 3178 2087 3215 delirio,
2111 3178 2165 3211 sae-

1174 3225 1246 3268 pius
1270 3232 1427 3257 recurrens
1449 3243 1459 3259 ‚
1494 3220 1667 3263 praesertim
1689 3221 1768 3255 dum·
1789 3224 1850 3254 aeri
1874 3222 2043 3255 brachium
2065 3233 2166 3264 expo-

1177 3268 1329 3300 nebatur:
1354 3276 1444 3299 mane
1466 3265 1500 3298 in
1523 3264 1749 3307 paroxysmurn
1770 3263 1853 3306 quafi
1877 3266 2085 3307 epilepticum
2109 3265 2164 3298 de-

1168 3311 1347 3355 generavit,
1372 3320 1437 3352 quo
1458 3319 1523 3341 non
1542 3307 1709 3341 brachium
1734 3307 1833 3340 modo
1851 3331 1863 3348 ‚
1887 3307 1936 3341 sed
1960 3312 1990 3342 δι
2013 3320 2068 3346 os,
2090 3320 2166 3341 ocu.

1169 3357 1193 3388 li
1209 3378 1221 3394 ,
1243 3353 1348 3387 femur
1371 3363 1497 3395 quoque
1519 3350 1675 3385 sinistrum
1698 3350 1915 3383 immanissime
1947 3351 2166 3385 convelleban-

1170 3401 1243 3432 ειη.
1267 3398 1346 3430 Haec
1370 3395 1470 3437 longo
1492 3394 1643 3429 horarum
1667 3393 1770 3436 spatio
1792 3393 2016 3436 perdurarunt:
2041 3394 2168 3428 tandem

1174 3438 1322 3484 paralyfis
1346 3437 1427 3472 illud
1459 3440 1616 3481 corripuit
1638 3435 1802 3471 brachium
1821 3463 1829 3470 .
1861 3437 1977 3472 Redire
2000 3438 2170 3473 nihilomi-

1175 3495 1233 3518 nus
1267 3482 1433 3525 pergebant
1466 3481 1628 3524 epileptici
1672 3479 1811 3514 insultus?
1840 3490 1907 3514 tam
1937 3481 2052 3515 crebro·
2080 3505 2092 3523 ,
2124 3490 2169 3515 ‘ut

1176 3528 1261 3561 intra
1307 3525 1419 3559 horam
1463 3525 1533 3569 plus
1574 3524 1722 3600 vigintiC
1734 3534 1972 3559 numerarentur
2004 3548 2012 3557 .
2066 3527 2173 3559 Inter-

1764 3577 1782 3599 2
2009 3580 2042 3602 ea
2063 3579 2127 3602 cre-

186 3722 201 3751 (
217 3721 227 3744 i
244 3717 252 3748 )
272 3720 344 3750 Epist.
363 3729 399 3750 59.
418 3729 441 3745 n.
459 3717 588 3749 praesertim
604 3726 644 3743 ιι.
705 3719 713 3748 (
730 3718 747 3743 k

189 3756 231 3781 <n
250 3754 257 3782 2
275 3752 327 3777 Ast.
345 3754 378 3776 N.
396 3754 426 3776 C.
444 3753 476 3776 T.
498 3756 516 3773 ι-
532 3750 591 3774 ebs.
608 3753 649 3777 64.
711 3751 725 3778 (
740 3757 754 3773 ο

763 3723 773 3746 )
791 3721 851 3750 Eph.
870 3724 905 3746 N.
923 3721 952 3744 C.
969 3722 1041 3745 Cent.
1058 3729 1079 3750 ς.
1098 3720 1155 3744 obs.
1171 3722 1209 3745 86.

768 3752 780 3776 )
796 3753 831 3776 De
848 3751 980 3781 Lapidis-eus
992 3769 1002 3782 ,
1017 3752 1122 3781 podagra
1138 3752 1161 3776 δι
1178 3756 1231 3777 caet.
1247 3759 1259 3775 c
1285 3760 1306 3782 9.

1270 3722 1309 3750 (t
1326 3721 1339 3750 )
1355 3719 1411 3744 ΟΜ.
1430 3728 1463 3749 ¹0-

1524 3719 1574 3749 (νο
1590 3719 1599 3747 J
1615 3718 1673 3745 obs.
1690 3727 1730 3749 ²9.
1747 3726 1782 3750 3¹·
1801 3721 1822 3745 ἃ
1840 3729 1877 3751 32.

1367 3751 1480 3783 (a)n,
1495 3755 1518 3776 6.
