2498 4075
516 216 668 282 Epist.
704 216 866 268 Anat.
900 213 1116 267 Medica.
1139 210 1299 265 XXX.
1320 210 1436 262 Art.
1458 224 1532 278 23.
1566 212 1621 264 &
1656 224 1737 270 24.

97 294 245 338 cognitas
269 293 425 328 haberes.
450 294 497 328 At
532 294 603 327 aliis
635 304 763 337 quoque
795 303 844 326 me
876 292 1100 335 diligentiori-

98 335 180 380 ms,
205 347 259 372 aut
284 337 483 372 felicioribus
506 335 629 379 aliquid
652 336 812 379 relinqui,
835 348 872 369 ne
895 337 1023 379 gravius
1057 334 1102 367 fe-

99 395 166 418 ras:
191 385 372 425 intereaque
394 394 432 415 ex
456 393 488 413 ea
513 380 579 415 sede
595 401 605 419 ,
627 391 722 422 quam
747 381 893 413 omnium
917 378 1104 422 frequentis-

99 426 211 461 simam
233 424 314 461 esse,
336 424 545 458 confirmavi,
569 424 631 456 tibi
657 423 730 455 satis
755 422 792 455 sit
815 435 888 458 cum
912 424 999 462 alia,
1032 430 1103 455 tum

98 471 167 505 haec
189 468 367 511 praesertim
391 468 496 501 multo
519 466 645 500 facilius
677 467 856 508 intelligere
877 491 885 499 .
924 467 1066 498 Primum
1091 488 1103 504 ‚

96 525 153 549 cur
176 523 341 554 empyema
366 511 443 554 saepe
468 510 546 543 adeo
570 521 635 543 uon
657 510 824 553 sequatur,
850 519 885 544 ut
909 509 1104 552 sequiopor-

98 566 179 591 teret
196 579 206 594 ,
231 554 252 587 si
278 567 334 596 pus
358 557 390 586 in
416 554 523 596 plenta
547 554 631 586 unde
662 553 844 589 extrorsum
876 554 982 587 nullus
1015 559 1103 594 patet

97 601 203 634 exitus
218 598 384 634 secundum
397 607 539 631 naturam
552 620 563 637 ,
587 607 797 631 acervaretur.
931 597 1081 630 Alterum
1095 618 1106 634 ‚

96 643 266 687 quomodo
292 651 380 675 tanta
406 643 495 682 puris
525 642 619 683 copia
657 653 672 673 a
707 641 885 681 pleuriticis
916 638 1107 682 quibusdam

97 687 322 730 expeffitoretur
345 708 357 726 ,
391 694 444 717 aut
478 686 511 716 in
545 695 655 719 eorum
690 684 855 717 thoracem
886 682 1070 716 effundatur
1095 705 1108 721 ‚

94 743 165 774 quae
187 728 211 765 fi
235 729 370 770 apleura
395 728 595 770 proveniret,
621 728 697 760 exili
721 727 812 767 sane,
835 728 987 769 tenuique
1011 736 1110 760 mem-

97 775 215 814 brana,
237 782 384 814 magnum
404 768 544 813 profecto
567 770 625 804 esse
647 770 836 805 miraculum
865 795 877 811 ,
910 779 944 805 ut
976 771 1108 803 Aretaeo

98 823 110 858 (
133 829 155 854 x
178 821 209 858 ),
232 814 272 850 fic
297 818 328 849 δέ
353 814 424 847 aliis
447 815 548 847 videri
575 813 674 856 posset
698 840 707 850 .
744 814 833 846 Nam
866 811 953 857 quod
985 813 1025 846 ab
1059 813 1108 844 in-

97 861 315 900 flammatione
339 868 404 890 tam
426 857 522 891 crassa
547 857 626 898 fiat,
661 867 698 891 ut
730 866 852 891 tantam
885 856 977 899 posiit
1010 865 1108 888 mate-

96 907 153 940 riae
177 905 243 936 vim
265 902 429 937 continere
444 926 452 940 ,
476 913 530 934 nec
555 901 637 935 mihi
662 912 825 945 unquam,
849 912 904 936 nec
929 899 1109 938 Valsalvae,

97 959 154 982 nec
178 947 237 980 ulli
261 957 299 978 ex
324 947 363 978 iis
386 946 594 979 Anatomicis
617 945 722 978 videre
748 956 806 987 pro
830 953 920 977 certo
942 943 1108 985 contigit,

96 1001 237 1034 quorum
260 989 352 1031 longe
376 990 554 1022 maximum
578 987 668 1022 fuisse
691 999 856 1022 numerum
893 986 1107 1021 Observatio-

99 1046 202 1075 num,
226 1033 315 1074 supra
340 1035 395 1074 (y
419 1036 432 1072 )
454 1032 579 1066 dicium
603 1032 661 1065 esi.
687 1032 741 1066 Ad
767 1032 908 1074 pleuram
920 1039 1025 1063 autem
1039 1030 1110 1072 pin·

96 1076 268 1120 guedinem
292 1075 424 1113 addere,
450 1085 485 1110 ut
510 1077 651 1109 materiae
675 1077 804 1117 copiam
827 1086 891 1107 non
923 1072 1108 1108 defuturam

97 1121 341 1163 intelligamus,
365 1119 437 1152 vide
460 1131 537 1154 num
563 1121 677 1154 liceat.
703 1119 856 1153 Exterior
878 1118 1108 1160 enimpingue-

96 1165 141 1199 do
163 1164 203 1199 ad
230 1164 369 1205 spuriam
393 1163 619 1207 pleuritidem,
642 1173 706 1196 non
731 1163 769 1196 ad
804 1173 909 1195 veram
955 1161 1074 1204 spectat
1095 1184 1108 1200 ‚

97 1211 129 1241 &
152 1207 323 1243 latentem,
347 1207 386 1239 de
410 1219 471 1249 qua
497 1207 551 1241 hic
585 1208 752 1250 loquimur
774 1231 782 1239 .
818 1207 957 1241 Interior
998 1214 1107 1237 autern

94 1251 251 1293 quantula
276 1250 407 1284 demum
431 1249 470 1282 sit
494 1252 527 1285 in
551 1262 616 1285 non
641 1249 740 1284 obefis
755 1274 766 1290 ‚
790 1250 923 1284 minime
953 1250 1106 1292 ignoras;

97 1294 211 1330 obesos
235 1295 322 1327 enim
347 1296 451 1329 minus
475 1295 533 1329 esse
558 1294 722 1336 pleni-itidi
746 1294 909 1328 obnoxios
932 1315 940 1329 ,
974 1293 1107 1335 agnovi-

98 1349 171 1375 mus
193 1337 275 1371 alibi
298 1339 313 1379 (
335 1349 359 1380 z
380 1341 395 1379 )
418 1349 493 1371 cum
526 1339 659 1371 Medico
694 1336 950 1380 Diligentissimo
983 1334 1107 1370 Trille-

95 1393 132 1415 ro
156 1405 165 1413 .
214 1383 369 1415 Tertium
416 1380 548 1423 denique
572 1404 580 1418 ,
625 1392 658 1414 ea
706 1380 807 1422 posita
831 1392 926 1423 quam
960 1379 1108 1421 frequen-

99 1423 248 1459 tiffimam
271 1424 328 1458 esse
354 1422 449 1466 hujus
475 1425 579 1458 morbi
606 1424 708 1459 sedem
729 1425 955 1467 probavimus,
979 1435 995 1456 a
1019 1431 1050 1457 te
1061 1421 1108 1455 fa-

95 1468 193 1502 cilius
216 1469 488 1509 intelligendum,
512 1468 596 1502 illud
628 1467 671 1502 est
691 1492 702 1506 ,
736 1467 902 1510 quomodo
935 1476 1107 1501 cruentum

96 1513 225 1590 {putum
270 1511 349 1557 saepe
380 1510 459 1546 adeo
492 1513 541 1547 vel
573 1515 657 1548 inter
688 1509 783 1557 hujus
816 1512 912 1546 initia
936 1512 965 1545 se
1002 1511 1106 1544 osten-

122 1565 173 1590 at.

105 1631 109 1634 .
136 1611 190 1643 42.
215 1600 297 1633 Non
320 1598 388 1633 sum
410 1597 556 1639 nescius,
581 1608 664 1642 quot
688 1599 828 1632 rationes
852 1598 930 1632 Viri
954 1598 1104 1640 ingenio-

94 1642 200 1677 fiffimi
226 1643 445 1685 excogitarint
468 1641 564 1684 hujus
589 1641 783 1685 explicandae
808 1643 876 1682 rei,
901 1641 1031 1685 quando
1055 1651 1104 1675 et—

96 1689 162 1721 iam
188 1690 220 1721 in
246 1686 310 1719 sola
334 1686 441 1727 pleura
465 1684 652 1719 statueretur
677 1685 896 1720 inflammatio
921 1710 930 1718 .
955 1685 1107 1728 Qrum

97 1729 310 1773 antiquiffima
334 1729 512 1762 Erasistrati
537 1729 602 1770 est,
625 1729 714 1772 cujus
736 1731 852 1770 verba,
877 1729 970 1762 nobis
997 1741 1012 1761 a
1038 1731 1109 1762 Ga-

95 1776 168 1808 leno
192 1778 201 1813 ξ
227 1784 244 1804 a
266 1776 279 1811 )
301 1782 414 1806 contra
437 1772 620 1814 disputante
649 1773 765 1806 servata
790 1774 885 1807 sunt.
913 1774 1022 1816 Qam
1056 1784 1107 1805 ra·-

95 1819 222 1851 tionem
247 1817 392 1859 quamvis
417 1817 585 1850 Sennertus
608 1819 622 1856 (
641 1815 661 1849 b
682 1821 698 1859 )
720 1838 729 1856 ‚
764 1816 961 1850 diffimulato
994 1817 1109 1850 3υᾶὶο-

93 1874 145 1902 re,
169 1860 292 1894 secutus
315 1860 387 1894 esset
402 1883 410 1897 ,
436 1871 519 1893 nunc
544 1870 648 1894 tamen
673 1861 1030 1904 pleriqueignorarent‚
1057 1861 1108 1893 ni-

98 1905 121 1938 si
148 1905 236 1937 inter
261 1904 362 1936 Italos
386 1904 449 1937 Vir
475 1904 600 1939 Doctus
623 1927 637 1944 ,
668 1903 817 1947 idemque
845 1903 885 1939 de
918 1904 1107 1940 Pleuritidis

94 1948 286 1982 tra&atione
310 1946 387 1979 bene
411 1948 542 1981 meritus
566 1948 600 1981 in
622 1947 709 1981 bono
733 1948 853 1982 lumine
885 1945 1069 1981 collocasset
1093 1972 1106 1989 ,

97 1993 169 2025 imo
192 1989 394 2035 probabilem
430 1989 613 2025 reddidisset
639 2014 652 2031 ,
685 1990 864 2025 Erasistrati
899 1991 1001 2024 verbis
1039 2003 1105 2026 non

98 2035 200 2069 modo
224 2034 263 2068 ad
286 2044 369 2070 nunc
393 2035 557 2078 cognitam
581 2034 741 2077 sanguinis
765 2035 1029 2069 circumitionem
1054 2046 1105 2069 ac-

93 2077 332 2118 commodatis,
372 2077 422 2111 sed
445 2079 543 2111 etiam
577 2089 633 2121 per
655 2078 885 2112 Brouchialem
919 2080 1068 2112 arteriam
1092 2103 1106 2120 ,

95 2134 194 2165 quam
218 2119 408 2157 Erafistrato
430 2131 564 2162 notam,
584 2133 619 2154 ac
635 2122 786 2163 Caleno,
809 2122 894 2156 secus
919 2133 952 2154 ac
977 2123 1107 2163 respon-

94 2167 225 2201 dentem
245 2165 296 2198 illi
320 2175 454 2205 venam,
477 2164 579 2200 sermo
602 2165 769 2208 utriusque
791 2168 805 2205 (
829 2178 845 2198 c
867 2170 881 2205 )
905 2164 978 2198 satis
1003 2164 1106 2198 osten-

99 2210 171 2247 dit,
196 2208 388 2252 singillatim
411 2208 586 2251 expositis:
610 2220 672 2250 qua
698 2210 731 2240 in
753 2207 964 2249 >expositione
997 2217 1104 2241 tamen

94 2265 170 2288 curn
194 2254 255 2287 alia
282 2249 438 2293 fortasse,
459 2261 530 2284 tum
556 2251 637 2285 illud
659 2260 745 2283 certe
768 2259 880 2292 optare
915 2250 1007 2292 poffis
1024 2274 1037 2291 ,
1068 2261 1104 2284 ut

98 2308 155 2340 per
180 2305 347 2330 concavam
369 2294 520 2328 arteriam
540 2305 605 2327 non
630 2293 1084 2336 Brouchialisintelligeretur
1096 2319 1109 2335 ,

98 2339 151 2374 sed
197 2339 316 2381 Magna
338 2350 349 2377 3
394 2347 468 2370 nam
498 2340 531 2373 &
554 2348 630 2370 vena
654 2338 742 2380 quod
765 2338 904 2371 maxima
927 2336 988 2376 fit,
1013 2337 1051 2371 ob
1075 2339 1108 2371 id

98 2382 201 2426 ipsum
223 2392 303 2415 cava
325 2381 507 2414 nominatur
526 2402 535 2418 ,
559 2390 594 2414 ut
619 2393 635 2413 a
657 2381 784 2413 Caleno
805 2380 883 2413 alibi
915 2384 929 2419 (
953 2381 971 2413 d
994 2384 1008 2419 )
1039 2388 1105 2413 tra-

101 2426 208 2460 ditum
233 2423 295 2458 est.
320 2426 409 2457 Inter
431 2434 569 2457 recentes
596 2432 704 2457 autem
737 2423 824 2466 sputi
858 2422 948 2457 illius
980 2425 1106 2457 cruenti

100 2467 280 2513 explicandi
305 2468 465 2507 rationes,
493 2476 527 2500 ut
551 2466 685 2501 vetustas
709 2467 807 2506 alias,
830 2478 908 2509 quas
933 2466 1107 2500 Schneide-

100 2525 153 2548 rus
176 2515 192 2553 (
213 2512 261 2556 e)
284 2510 349 2555 jam
373 2510 446 2543 satis
471 2509 645 2550 refutavit,
669 2520 873 2554 praeteream,
902 2508 1047 2553 nihilque
1070 2510 1108 2543 de

98 2557 194 2591 ramis
217 2552 337 2589 venosis
358 2552 463 2586 dicam
478 2578 487 2593 ‚
511 2566 527 2587 a
550 2554 659 2597 pleura
684 2555 718 2587 in
741 2565 845 2589 ramos
867 2552 1001 2586 venosos
1034 2554 1108 2598 pul-

99 2601 206 2636 monis
229 2597 483 2643 pertinentibus,
506 2598 545 2631 ab
568 2599 760 2632 nonnemine
784 2599 816 2630 in
842 2608 908 2630 rem
941 2596 1024 2630 hauc
1056 2598 1108 2630 iu-

100 2644 240 2679 dicatis;
265 2650 300 2675 ut
324 2638 431 2680 nihil,
456 2641 609 2684 inquam,
632 2641 671 2674 de
704 2643 745 2675 iis
778 2642 875 2675 ramis
909 2639 1016 2673 dicam
1047 2639 1106 2673 nisi

100 2687 188 2731 quod
213 2684 234 2720 si
257 2685 306 2718 vel
329 2682 426 2718 essent
451 2686 621 2728 perpetui,
644 2685 808 2728 quidquid
831 2683 987 2718 inferrent
1004 2709 1013 2724 ,
1044 2685 1109 2717 mi-

101 2733 186 2766 nime
210 2727 293 2763 illud
315 2728 347 2761 in
371 2728 580 2771 pulmonibus
604 2728 802 2769 subsisteret,
824 2731 944 2772 quippe
980 2728 1018 2761 ab
1052 2739 1109 2761 an-

102 2775 199 2818 gustis
244 2774 278 2806 in
324 2771 453 2805 latiores
497 2771 617 2815 semper
639 2784 731 2806 venas
753 2783 827 2806 cum
851 2772 975 2815 reliquo
997 2783 1110 2806 eorum

105 2817 254 2860 sanguine
277 2816 491 2858 perre&ui·um
512 2839 524 2855 ,
548 2817 612 2849 alio
634 2816 885 2854 traducendum3
911 2825 942 2849 at
957 2827 1026 2848 eam
1036 2827 1109 2858 pro-

105 2862 192 2896 fecto
216 2859 372 2894 rationem
396 2858 458 2894 sine
480 2859 570 2894 laude
592 2860 743 2893 omittere
769 2871 834 2892 non
855 2857 979 2902 possum
1000 2884 1009 2900 ‚
1034 2859 1108 2902 qui-

105 2903 240 2940 busdam
262 2904 296 2935 in
318 2901 437 2938 casibus
460 2902 588 2937 fortasse
620 2903 728 2938 locum
763 2901 947 2936 habituram
968 2926 980 2943 ,
1014 2914 1110 2945 quam

106 2959 162 2992 per
184 2946 315 2980 tubulos
336 2946 419 2979 inter
442 2947 567 2980 Venam
589 2945 651 2981 fine
675 2947 742 2990 pari
756 2970 769 2988 ,
792 2949 823 2979 &
848 2947 997 2979 arteriam
1007 2946 1113 2990 Aspe-

106 3003 176 3026 ram
198 2989 429 3031 injefflonibus
450 2988 593 3024 detectos
617 2990 700 3025 mihi
724 2988 885 3033 quondam
919 2989 1113 3032 fignificavit

109 3031 273 3069 Lancifius
295 3029 398 3077 (f).
530 3035 655 3069 Verum
688 3042 724 3067 ut
759 3033 873 3068 summi
905 3035 981 3068 Viri
1018 3035 1112 3077 inge-

108 3080 224 3118 nium,
248 3079 279 3110 &
302 3075 504 3118 diligentiam
528 3078 658 3120 probem
680 3090 691 3116 3
735 3086 818 3111 certe
855 3077 1114 3120 'quotiescunque

109 3123 300 3167 pulmonem
322 3119 426 3163 ipsum
450 3119 506 3155 esse
529 3121 789 3156 inflammatione
812 3118 961 3154 affe&um
985 3120 1080 3154 sciam
1103 3133 1115 3160 3

107 3177 175 3203 ,non
200 3163 293 3198 facile
315 3174 375 3207 ego
397 3164 431 3196 in
454 3163 561 3205 pleura
583 3166 781 3209 expeetorati
803 3163 965 3207 sanguinis
988 3164 1114 3199 causam

110 3219 275 3254 quaeram,
299 3218 354 3242 nec
377 3207 429 3239 via
454 3207 558 3247 reeta,
580 3209 825 3253 ampliffimaque
848 3209 960 3243 relif'ta
986 3233 999 3250 ,
1030 3208 1115 3241 obli-

111 3264 214 3297 quos,
238 3248 447 3295 angustosque
472 3253 615 3287 tramites
641 3254 747 3296 sequar
793 3252 970 3296 praesertim
1015 3251 1115 3286 donec

112 3298 291 3334 meminero
313 3305 419 3329 earum
443 3292 740 3335 Observationum,
767 3308 844 3340 quas
869 3297 952 3331 olim
984 3298 1018 3330 in
1051 3295 1118 3329 dis-

114 3341 281 3386 putatione
307 3349 451 3376 mecum,
474 3346 509 3372 ut
532 3337 669 3382 solebat,
692 3342 792 3374 amice
817 3340 928 3375 habita
952 3341 985 3373 in
1010 3340 1118 3373 Bono-

114 3383 211 3419 niensi
236 3384 446 3417 Scientiarum
470 3381 644 3418 Academia
655 3384 823 3428 proposuit
836 3385 1008 3420 Nannius,
1032 3382 1119 3425 pres-

115 3430 144 3465 se
166 3429 304 3463 nimium
326 3428 359 3461 in
381 3434 484 3459 vetere
508 3424 564 3459 illa
586 3426 698 3462 scheda
723 3428 909 3470 indicatas,
931 3440 969 3461 ex
980 3438 1042 3470 qua
1056 3438 1117 3460 una

2005 225 2096 262 221

1154 289 1266 333 potuit
1289 288 1354 321 Vir
1374 288 1571 330 caeteroquin
1594 297 1661 321 non
1698 285 1803 319 minus
1847 285 1985 328 diligens
2008 308 2021 326 ‚
2062 296 2161 329 quam

1154 332 1293 371 doftus,
1317 332 1371 373 qui
1396 341 1479 365 nunc
1506 340 1621 372 magno
1646 329 1702 363 suo
1724 329 1841 361 merito
1864 330 1915 364 illi
1938 327 2122 364 Academiae
2145 339 2163 360 a

1155 377 1284 412 secretis
1305 374 1347 407 est
1363 398 1374 413 ‚
1397 375 1430 405 in
1455 373 1592 416 ejusdem
1616 373 1866 408 Commentariis
1889 376 1943 417 (g
1964 376 1979 413 )
2010 370 2169 406 describe·
2189 408 2193 411 .

1156 432 1187 453 re
1204 444 1211 450 .
1236 418 1388 452 Nannius
1411 418 1500 449 enim
1522 416 1564 450 fic
1588 417 1760 455 narrabat,
1782 424 1818 449 nt
1841 426 1902 458 ego
1946 416 2007 449 illo
2050 412 2166 448 eodem

1154 463 1208 497 die
1232 462 1394 498 memoriae
1418 459 1510 493 causa
1533 458 1616 493 mihi
1641 458 1814 494 adnotavi:
1839 460 1872 492 in
1894 470 1929 492 ea
1952 455 2166 502 pleuritidum

1156 505 1313 548 epidemia
1336 506 1369 536 in
1393 515 1454 546 qua
1478 504 1532 536 vix
1556 514 1655 539 unum
1679 512 1733 538 aut
1755 501 1890 538 alterurn
1914 502 2023 544 pleura
2037 500 2167 535 dumta-

1155 558 1211 583 xat
1237 547 1304 581 laesa
1327 546 1559 590 deprehendit,
1582 546 1703 591 hosque
1726 554 1872 580 mortuos
1894 545 1956 579 sine
1980 546 2075 589 sputo
2098 543 2168 579 san-

1158 594 1302 634 guineo,
1325 600 1359 625 ut
1382 592 1416 623 in
1439 592 1694 625 Commentariis
1718 590 1875 633 scripturn
1917 588 1960 623 est
1979 612 1991 629 ‚
2034 596 2167 624 caeteros

1156 636 1217 675 (id
1241 634 1327 678 quod
1351 634 1397 666 ibi
1422 634 1554 667 minime
1579 635 1691 677 leges)
1713 634 1748 666 in
1770 632 1890 677 quibus
1914 632 2079 674 pulmones
2112 641 2170 671 po-

1166 680 1320 712 tiffimum
1344 677 1434 711 laesos
1458 676 1654 715 offenderat,
1676 678 1733 719 qui
1756 676 1826 712 sane
1846 676 2078 719 quamplurimi
2102 672 2172 707 fue-

1167 732 1266 763 runt,
1288 733 1400 755 omnes
1424 722 1551 763 praeviis
1573 722 1715 755 cruentis
1740 720 1842 766 sputis
1863 718 2035 752 decessisse.
2069 718 2169 753 Nunc

1166 768 1272 809 itaque
1298 766 1454 807 intelligis
1476 773 1546 797 turn
1568 775 1664 807 quare
1688 763 1743 796 sibi
1769 774 1834 800 non,
1854 761 2074 796 omittendum
2111 771 2171 803 pu-

1159 811 1301 849 taverit,
1325 812 1358 842 in
1381 807 1503 844 duobus
1527 808 1615 847 illis,
1637 806 1793 850 ejusmodi
1818 807 1909 849 sputa
1924 804 2077 844 defuisse,
2101 812 2172 836 turn

1160 853 1240 895 quid
1264 852 1346 886 mihi
1372 854 1410 885 ab
1432 850 1498 894 ejus
1520 850 1799 887 observationibus
1825 852 1859 885 in
1883 860 1949 884 rem
1985 847 2173 895 praesentem

1159 895 1298 932 indicari
1323 895 1485 930 videatur.

1202 951 1256 984 43.
1282 939 1406 973 Eodem
1430 939 1481 973 die
1505 940 1638 972 memini
1661 950 1732 982 quae
1755 939 1790 972 in
1815 936 2021 972 Nosocomio
2045 935 2076 968 S.
2101 933 2175 968 Ma-

1162 983 1218 1017 riae
1244 983 1281 1016 de
1305 984 1385 1016 Vita
1410 983 1476 1025 ipse
1500 983 1642 1017 videram
1664 983 1698 1015 in
1721 982 1848 1018 duobus
1881 977 2170 1021 adolescentibus,

1163 1026 1213 1060 sed
1238 1029 1272 1059 in
1295 1026 1361 1059 alio
1385 1026 1450 1060 alio
1473 1035 1640 1068 tempore,
1672 1037 1745 1059 cum
1769 1022 1954 1065 ,Academia
1989 1023 2175 1056 communi-

1161 1068 1260 1104 casse.
1396 1069 1490 1101 Alter
1515 1081 1554 1102 ex
1580 1068 1700 1112 frigore
1725 1077 1858 1102 externo
1879 1075 2045 1109 correptus
2069 1065 2174 1100 fuerat

1161 1113 1343 1156 perforante
1366 1113 1479 1146 dolore
1500 1114 1586 1145 circa
1610 1111 1752 1148 medium
1776 1111 1885 1147 lateris
1916 1110 2042 1145 dexteri
2062 1132 2075 1149 ,
2117 1108 2176 1152 qui

1160 1160 1195 1191 in
1239 1169 1278 1191 eo
1300 1181 1308 1195 ‚
1340 1167 1436 1199 quem
1468 1157 1622 1198 exiguum
1646 1155 1797 1192 tenebat,
1822 1155 1897 1188 loco
1920 1154 1949 1189 se
1971 1163 2121 1193 movere,
2143 1154 2177 1184 δε

1159 1200 1369 1235 circumferre
1393 1199 1582 1240 videbatur,
1604 1200 1714 1233 linteis
1736 1198 1851 1234 calidis
1873 1197 2016 1233 admotis
2039 1206 2105 1228 non
2130 1206 2179 1228 re-

1159 1246 1337 1286 mittebat,
1361 1243 1525 1286 tangendo
1549 1252 1656 1277 autem
1680 1242 1866 1282 crescebat,
1889 1250 1926 1278 ut
1949 1243 1983 1274 in
2024 1237 2059 1273 id
2093 1239 2177 1272 latus

1159 1301 1241 1332 aeger
1266 1287 1453 1323 decumbere
1477 1298 1540 1322 non
1563 1286 1684 1329 posset.
1709 1286 1824 1321 Noetu
1846 1285 1946 1322 febris
1971 1282 2090 1318 acceffit
2105 1293 2179 1316 cum

1165 1332 1289 1376 frigore
1312 1333 1493 1374 incipiens,
1517 1342 1591 1366 cum
1614 1329 1729 1366 sudore
1753 1340 1861 1364 autem
1884 1328 2025 1362 definens
2050 1353 2056 1358 .
2092 1326 2177 1369 Qae

1160 1376 1217 1410 etsi
1241 1386 1305 1409 erat
1329 1377 1572 1415 intermittens3
1595 1383 1704 1408 tamen
1730 1385 1802 1408 cum
1826 1373 1941 1407 rediret
1966 1371 2097 1414 singulis
2121 1381 2180 1403 no-

1161 1421 1293 1461 ctibus,
1316 1419 1412 1453 dolor
1435 1429 1541 1453 autem
1566 1418 1654 1452 idern
1680 1417 1855 1461 perstaret3
1878 1418 1912 1451 in
1936 1414 2179 1450 Nosocornium

1159 1466 1249 1497 venit
1274 1462 1473 1498 adolescens:
1499 1462 1555 1496 ubi
1578 1463 1728 1505 sanguine
1751 1458 1863 1495 emisso
1886 1472 1903 1494 e
1926 1458 2065 1494 brachio
2088 1483 2097 1498 ,
2112 1502 2119 1508 ·
2134 1458 2184 1491 la-

1158 1516 1227 1541 tere
1252 1516 1358 1541 autem
1381 1507 1517 1542 inunCto
1540 1517 1579 1539 ex
1600 1507 1674 1539 oleo
1697 1505 1805 1539 calido
1841 1503 1880 1538 de
1913 1504 1975 1537 lini
2008 1501 2181 1537 seminibus

1159 1550 1305 1595 expresso
1318 1574 1331 1592 ,
1353 1550 1455 1585 sedem
1478 1549 1612 1593 quidem
1637 1550 1778 1583 mutavit
1802 1547 1898 1582 dolor
1918 1571 1932 1588 ,
1964 1550 1998 1581 &
2033 1555 2182 1580 naturam

1161 1595 1338 1635 haetenus,
1361 1603 1398 1628 ut
1422 1595 1532 1636 potius
1555 1592 1743 1636 gravando,
1765 1603 1864 1635 quam
1887 1589 2085 1634 perforando
2110 1600 2186 1623 mo-

1162 1639 1284 1672 lestiam
1318 1636 1480 1676 afferret3‘
1512 1646 1663 1670 caeterum
1698 1644 1889 1670 mucronata
1918 1634 2112 1676 cartilag03
2146 1631 2187 1666 ad

1161 1694 1236 1717 eum
1258 1683 1344 1715 enim
1368 1682 1477 1715 locum
1501 1679 1709 1719 tranfiverat3
1734 1690 1867 1713 manum
1901 1679 2065 1722 tangentis
2104 1676 2185 1710 ferre

1161 1738 1227 1759 non
1252 1734 1402 1769 poterat.
1430 1727 1517 1758 Cum
1541 1723 1607 1759 haec
1632 1735 1719 1757 nono
1741 1723 1806 1767 jam
1830 1722 1884 1756 die
1907 1722 1945 1757 ab
1968 1722 2067 1755 initio
2090 1720 2186 1754 dolo-

1163 1772 1209 1805 ris
1232 1772 1280 1802 ita
1304 1769 1332 1802 se
1356 1768 1534 1805 haberent;
1556 1779 1595 1800 ex
1618 1767 1800 1811 improviso
1831 1766 1901 1801 tuffi
1934 1766 2050 1799 oborta
2072 1787 2083 1804 ‚
2114 1766 2186 1800 san-

1160 1815 1271 1858 guinis
1294 1824 1447 1856 grumum
1473 1810 1664 1848 foetentem.
1688 1809 1820 1853 majoris
1843 1810 1992 1845 castaneae
2016 1809 2185 1851 magnitu-

1162 1859 1239 1892 dine
1262 1868 1346 1899 aeger
1372 1856 1502 1898 rejecit.
1530 1856 1609 1895 Qo
1631 1854 1754 1897 ejeffiio,
1781 1856 1890 1888 omnia
1903 1865 1974 1897 quae
1987 1852 2074 1887 dieta
2087 1852 2185 1892 sunt,

1161 1902 1292 1942 abiere,
1316 1909 1352 1934 ut
1376 1911 1430 1934 nec
1457 1899 1552 1932 febris
1577 1899 1671 1932 noete
1695 1899 1869 1941 proxima,
1895 1897 1947 1931 sed
1971 1895 2100 1931 sudores
2125 1907 2186 1939 po-

1162 1947 1228 1979 tius
1252 1943 1424 1981 redierint,
1449 1942 1562 1977 deinde
1586 1954 1659 1974 vero
1682 1953 1719 1975 ne
1743 1941 1779 1975 hi
1791 1941 1940 1986 quidem.
2076 1941 2187 1983 Igitur

1161 1988 1368 2032 quaerebam,
1393 1987 1473 2021 unde
1498 1987 1524 2020 is
1547 1984 1704 2028 grumus?
1729 1996 1803 2020 nam
1835 1997 1875 2020 ex
1907 1985 2023 2019 arteria
2059 1984 2184 2027 Aspera

1165 2044 1230 2066 non
1254 2031 1422 2066 videbatur
1444 2044 1478 2065 ea
1512 2029 1736 2073 magnitudine
1768 2028 1944 2073 provenisse
1970 2042 1978 2063 .·
2011 2040 2027 2061 e
2059 2028 2188 2064 naribus

1163 2085 1271 2109 autem
1295 2076 1421 2108 intimis
1438 2098 1451 2116 ,
1474 2073 1530 2108 etsi
1554 2085 1608 2116 per
1632 2075 1769 2107 extimas
1794 2073 1880 2109 haud
1903 2075 1952 2107 ita
1976 2072 2103 2116 pridem
2115 2071 2186 2105 san-

1160 2121 1235 2162 guis
1257 2118 1445 2161 prodiisset,
1468 2129 1553 2161 :eger
1578 2116 1694 2152 venisse
1717 2116 1898 2152 constanter
1923 2117 2082 2160 negabat3
2115 2125 2187 2150 tum

1161 2174 1235 2205 quae
1261 2160 1501 2204 praecesserant,
1524 2172 1699 2205 eorumque
1731 2161 1834 2195 subita
1871 2161 1994 2196 solutio
2015 2184 2025 2198 ,
2059 2160 2187 2204 aliaque

1164 2215 1311 2247 praeterea
1335 2214 1372 2239 ut
1395 2205 1453 2248 ipsi
1478 2205 1662 2245 crederem,
1685 2204 1868 2239 faciebant.
1894 2204 2151 2248 Relinquebatur
2175 2229 2188 2245 ‚

1163 2258 1200 2282 ut
1223 2261 1239 2281 e
1262 2250 1463 2283 ventriculo:
1487 2250 1633 2292 quamvis
1657 2248 1744 2282 nulla
1768 2249 1807 2283 ad
1830 2248 1926 2292 hujus
1938 2250 2102 2291 regionem
2115 2260 2187 2283 mo-

1163 2291 1251 2325 lestia
1276 2293 1390 2334 primis
1414 2291 1525 2327 diebus
1551 2291 1730 2335 praesertim
1763 2292 1794 2326 se
1826 2292 2017 2335 prodidisset
2041 2316 2051 2332 ‚
2084 2304 2186 2337 neque

1163 2336 1229 2382 ulla
1253 2335 1388 2375 nausea,
1413 2335 1480 2371 ulla
1504 2336 1543 2370 ad
1566 2336 1729 2371 vomitum
1754 2336 1925 2380 propensio
1947 2337 2049 2381 ipsam
2072 2339 2183 2381 grumi

1161 2379 1372 2420 rejeffionem
1395 2378 1614 2414 antecessisset.
1747 2381 1844 2414 Certe
1868 2390 1975 2416 autem
2000 2382 2038 2416 ad
2061 2383 2185 2415 ventri-

1161 2422 1273 2455 culum
1297 2423 1452 2457 attinebat
1474 2422 1560 2466 quod
1585 2425 1618 2456 in
1642 2423 1743 2458 altero
1777 2424 1934 2458 acciderat
1963 2427 2087 2471 Juvene
2112 2451 2120 2460 .
2153 2427 2185 2460 Ις

1162 2467 1250 2498 enim
1274 2465 1386 2499 dolore
1410 2467 1538 2503 lateris,
1562 2467 1630 2501 tulli
1649 2490 1658 2506 ‚
1684 2468 1866 2511 caeterisque
1889 2470 2074 2512 pleuritidis
2097 2469 2185 2503 indi-

1163 2509 1225 2541 ciis
1270 2507 1400 2543 affeeius
1418 2534 1432 2557 ξ
1477 2513 1510 2543 &
1556 2509 1669 2557 dehis
1692 2511 1861 2546 dumtaxat
1885 2513 2096 2556 conquestus,
2122 2513 2183 2548 nifi

1164 2551 1253 2595 quod
1277 2561 1383 2600 tamen
1408 2553 1500 2587 simul
1525 2554 1634 2587 nausea
1658 2555 1862 2593 tentabatur,
1886 2568 1960 2591 cum
1988 2558 2027 2591 ab
2054 2559 2094 2592 iis
2107 2570 2179 2602 quae

1162 2604 1296 2629 caeteros
1320 2608 1426 2638 juvare
1450 2598 1640 2639 pleuriticos
1666 2598 1767 2632 solent
1783 2623 1794 2639 ‚
1819 2600 1867 2632 vel
1893 2600 1981 2643 pejus
2015 2600 2043 2635 se
2087 2602 2184 2636 habe-

1162 2649 1234 2678 ret5
1258 2639 1394 2683 denique
1418 2640 1536 2682 rejeeto
1559 2642 1643 2675 inter
1665 2644 1829 2676 vomitum
1854 2643 2060 2686 sanguineum
2085 2656 2183 2681 terete

1163 2683 1350 2725 lumbrico,
1374 2683 1481 2718 statim
1505 2685 1543 2718 ab
1565 2685 1627 2727 iis,
1649 2697 1719 2729 quae
1743 2686 1831 2720 dista
1854 2687 1951 2729 sunt,
1974 2690 2182 2725 omnibusli-

1163 2726 1219 2760 ber
1264 2727 1305 2762 est
1349 2726 1454 2763 faetus
1477 2753 1485 2760 .
1620 2730 1693 2762 Nec
1739 2741 1815 2763 vero
1851 2729 1934 2764 hanc
1968 2733 2183 2768 Observatio-

1162 2782 1236 2805 nem
1259 2782 1298 2804 eo
1320 2770 1372 2805 die
1396 2773 1713 2814 commemorabam,
1735 2774 1825 2817 quod
1848 2786 1949 2809 raram
1972 2774 2055 2817 esse,
2076 2778 2182 2811 cense-

1162 2826 1249 2848 rem:
1274 2826 1374 2859 neque
1395 2818 1481 2849 enim
1505 2827 1554 2849 me
1577 2815 1722 2858 fugiebat
1740 2840 1753 2857 ‚
1797 2828 1837 2850 ex
1880 2830 1946 2861 quo
1991 2819 2181 2856 Gabucinus

1164 2862 1179 2898 (
1201 2858 1258 2900 h)
1285 2871 1382 2894 unam
1406 2859 1638 2903 ejusdemmodi
1672 2859 1879 2902 proposuerat
1897 2886 1910 2902 ,
1943 2873 2013 2905 quae
2045 2866 2182 2898 Donato

1163 2905 1177 2941 <
1200 2902 1213 2934 i
1234 2906 1248 2943 )
1272 2902 1349 2936 adeo
1393 2904 1552 2937 mirabilis
1596 2902 1660 2936 visa
1686 2913 1773 2943 erat,
1797 2914 1879 2947 quot
1902 2906 2041 2948 proditae
2085 2907 2181 2942 esseut

1165 2946 1235 2979 aliae
1260 2955 1330 2979 tum
1354 2947 1392 2980 ab
1415 2948 1456 2980 iis
1478 2958 1558 2989 quos
1583 2945 1689 2981 laudat
1712 2948 1931 2983 Ettmt'jllerus
1954 2953 1968 2989 (
1989 2950 2008 2991 k
2033 2955 2073 2991 ),
2109 2962 2179 2987 tum

1166 2990 1207 3023 ab
1230 2989 1328 3030 aliis,
1350 2991 1407 3033 qui
1432 2992 1464 3022 in
1490 2989 1698 3034 Sepulchreto
1720 2994 1735 3031 (
1757 2990 1770 3024 l
1790 2994 1805 3029 )
1843 3002 2062 3028 memorantur
2085 3008 2096 3028 .-
2140 2996 2181 3031 ad

1167 3044 1245 3075 quas
1268 3032 1325 3066 esse
1348 3045 1418 3074 quae
1442 3032 1517 3067 addi
1539 3034 1675 3077 poliint‚
1698 3045 1762 3068 non
1785 3036 1912 3078 ignoras
1935 3037 2114 3079 praesertim
2139 3052 2178 3074 ex

1166 3076 1316 3126 Hardero
1335 3121 1341 3126 .
1361 3080 1374 3116 (
1396 3089 1427 3111 m
1451 3081 1461 3116 )
1487 3101 1500 3127 .’
1545 3079 1698 3121 Raygero
1732 3080 1786 3122 (n
1808 3084 1846 3120 ),
1869 3091 1908 3113 ex
1931 3081 2084 3125 Virisque
2107 3083 2180 3117 aliis

1166 3119 1378 3158 Clarissimis,
1404 3123 1598 3155 nominatim
1617 3123 1742 3165 Joanne
1766 3122 1907 3165 Baptista
1932 3125 2040 3158 verna
2065 3130 2080 3165 (
2103 3138 2120 3160 ο
2141 3130 2180 3166 )‚

1168 3166 1200 3199 ὃς
1221 3162 1365 3208 Josepho
1386 3165 1536 3198 Antonio
1559 3165 1665 3208 Pujati
1691 3167 1746 3208 (p
1767 3169 1782 3206 )
1804 3166 1964 3200 Auditore
1998 3168 2083 3202 olim
2116 3180 2179 3202 no-

1168 3206 1253 3246 stro,
1277 3218 1360 3240 nunc
1382 3208 1521 3250 Collega
1566 3209 1791 3249 meritissimo,
1814 3222 1830 3242 a
1852 3221 1917 3252 quo
1941 3222 2005 3243 uno
2028 3213 2177 3255 plurimae

1168 3249 1281 3288 docte,
1307 3260 1343 3284 ut
1367 3249 1464 3292 solet,
1490 3262 1700 3296 accurateque
1723 3251 1894 3295 propofitae
1919 3251 1990 3287 sunt
2009 3280 2016 3288 .
2053 3257 2180 3291 Verum

1169 3294 1243 3327 ideo
1266 3295 1585 3337 commemorabam,
1607 3295 1696 3340 quod
1720 3296 1822 3329 sermo
1845 3296 1883 3329 de
1908 3296 2083 3333 Pletiritide
2107 3309 2175 3333 erat

1168 3350 1206 3370 eo
1228 3337 1280 3371 die
1303 3340 1336 3372 in
1359 3337 1534 3373 Academia
1555 3340 1720 3374 institutus
1743 3339 1786 3371 ob
1808 3339 1932 3372 litteras
1955 3343 2181 3376 aCremonen.

1169 3381 1191 3427 si
1215 3382 1370 3422 Medico,
1394 3383 1470 3416 dum
1493 3385 1633 3424 viveret,
1656 3382 1963 3427 Experientiffimo,
1984 3387 2042 3429 qui
2065 3386 2180 3421 condi-

1170 3426 1310 3467 scipulus
1333 3438 1420 3460 meus
1443 3425 1568 3466 fuerat,
1594 3427 1725 3470 Ignatio
1752 3427 1904 3460 Pedratto
1928 3426 1966 3461 ad
1989 3440 2040 3462 me
2064 3429 2177 3473 datas,

2017 3474 2051 3505 in
2072 3474 2144 3516 qui-

260 3689 297 3713 ne
311 3687 382 3713 ctus·
398 3687 506 3714 diuturn.
523 3689 608 3714 Affefl.
625 3690 643 3715 1.
661 3697 683 3714 1.
700 3695 723 3713 e.
742 3697 763 3717 ⁹-
781 3719 788 3724 ·
825 3690 833 3717 (
847 3697 865 3720 y
879 3690 894 3720 )
910 3698 933 3715 n.
952 3691 990 3720 38.
1008 3692 1031 3714 8:
1044 3688 1109 3720 seqq.

259 3726 312 3748 cap.
328 3723 364 3746 16.
380 3720 423 3746 cit.
439 3721 526 3749 supra,
542 3720 571 3745 ad
588 3728 611 3745 n.
630 3729 665 3750 39·
682 3727 723 3749 qu.
741 3728 763 3750 3.
781 3728 807 3745 in
822 3720 865 3745 fin.
928 3720 938 3749 (
954 3728 966 3744 t
985 3721 992 3748 )
1006 3728 1057 3749 cap.

258 3750 352 3775 Dissert.
368 3751 397 3776 de
413 3751 591 3780 Pleutipneum.
607 3759 628 3775 c.
648 3759 666 3776 ι.
684 3751 697 3781 §

267 3783 408 3807 Comment.
425 3782 454 3806 de
472 3781 595 3806 Lumbi-ic.
611 3789 633 3807 c.
651 3791 687 3811 ¹3-

265 3813 344 3838 schol.
360 3812 389 3836 ad
406 3813 463 3838 ΟΜ.
482 3814 520 3842 38.
536 3812 608 3840 hujus
629 3814 692 3838 Seet.
754 3814 767 3842 (
787 3819 809 3835 m
825 3813 839 3841 )
856 3813 936 3842 Apiar.
954 3812 1014 3836 Obs.
1033 3817 1072 3841 96.

265 3845 343 3870 Princ.
362 3844 442 3870 moi-b.
459 3849 523 3869 aaut.
541 3843 639 3869 Pleurit.
656 3847 683 3869 Ρ.
702 3851 724 3873 3-
744 3851 767 3868 c.
785 3851 819 3868 11.
838 3851 863 3867 n.
884 3850 918 3872 ις,
935 3844 956 3867 ἃ
974 3843 1036 3874 seqq.

173 3684 245 3743 {2²3

175 3744 251 3808 {23
701 3758 813 3786 ·33·3‚4·

177 3805 249 3840 (ι)

180 3836 248 3882 (οἱ)

1075 3729 1098 3750 3.
1114 3720 1188 3745 modo
1202 3722 1246 3745 cit.
1263 3721 1326 3745 infra
1344 3719 1453 3745 medium
1468 3738 1475 3745 .

876 3749 886 3781 (
901 3751 914 3777 f
928 3751 943 3779 )
958 3751 1052 3775 Differt.
1070 3753 1099 3775 de
1116 3753 1184 3776 Vena
1199 3751 1249 3776 sine
1265 3752 1331 3781 pari.

750 3782 764 3811 (
778 3789 787 3805 t
807 3784 815 3811 )
831 3784 868 3807 De
883 3781 976 3806 Medic.
994 3782 1053 3806 Hist.
1072 3782 1162 3806 Mirab.
1179 3782 1196 3806 1.
1214 3792 1240 3810 4.
1257 3791 1276 3808 e.
1293 3788 1317 3808 6.

1172 3686 1217 3718 (z
1235 3690 1243 3720 l
1259 3689 1332 3720 Epist.
1350 3696 1389 3712 20.
1407 3698 1432 3714 n.
1451 3698 1490 3715 10·
1552 3692 1567 3721 (
1582 3699 1597 3715 a
1616 3691 1623 3719 )
1639 3693 1675 3715 De
1691 3692 1749 3715 Loc.
1767 3690 1806 3715 affi
1823 3691 1841 3716 l.
1857 3700 1878 3722 5.
1896 3698 1919 3718 c.·
1937 3701 1959 3724 3.

1538 3720 1547 3749 (
1564 3722 1580 3746 A
1596 3722 1610 3750 )
1627 3724 1661 3745 De
1678 3723 1765 3746 Venar.
1783 3721 1830 3746 διο.
1847 3723 1934 3749 dissest.
1952 3731 1976 3748 c.
1993 3732 2018 3749 τι.

1394 3754 1404 3776 (
1418 3759 1436 3781 g
1452 3752 1466 3780 )
1482 3754 1557 3777 Torn.
1579 3760 1596 3776 1.
1621 3752 1684 3777 inter
1700 3752 1800 3777 Medica
1811 3769 1819 3776 .

1381 3782 1394 3809 Ε
1409 3782 1426 3806 k
1443 3784 1451 3814 )
1468 3785 1538 3808 Prax.
1555 3786 1572 3808 1.
1593 3791 1612 3807 ι.
1631 3785 1646 3807 S
1675 3784 1709 3806 18.
1726 3787 1773 3807 arti
1793 3791 1816 3812 9.

1136 3814 1145 3844 (
1163 3821 1178 3836 η
1196 3811 1204 3839 )
1221 3814 1278 3838 Vid.
1296 3813 1349 3838 Ast.
1369 3812 1430 3846 Lips.
1450 3815 1479 3837 A.
1499 3818 1567 3843 1691.
1587 3814 1623 3837 M.
1642 3815 1713 3843 Janu⁴
1738 3813 1760 3838 in
1775 3813 1817 3838 fin.
1834 3813 1863 3839 ad
1884 3814 1942 3840 Obs.
1959 3818 1999 3840 16-

1098 3846 1141 3876 (p
1157 3845 1166 3874 )
1183 3844 1244 3869 Dec.
1263 3854 1312 3870 rar.
1332 3843 1425 3868 Medic.
1444 3842 1501 3869 Obs.
1519 3854 1542 3873 7.
