2498 4075
448 247 604 315 Epist.
641 245 807 300 Anat.
838 243 1041 298 Medica
1072 242 1218 299 LlXa
1254 240 1373 297 Art.
1406 257 1485 298 20n
1519 245 1574 302 ὅ(
1608 256 1685 296 213

38 335 93 361 aut
124 326 194 369 post
204 326 470 370 {deglutitionem
491 327 593 363 dolor
607 326 642 357 in
664 336 729 363 ore,
741 334 794 360 aut
817 324 964 360 faucibus
977 336 1051 369 per-

37 379 148 412 ceptus
170 370 228 404 fit.
256 374 305 406 Ut
328 373 413 404 enim
437 369 578 413 improbi
601 369 701 412 Regis
724 367 824 403 Persei
850 369 868 411 (
885 380 903 401 a
926 372 939 407 )
972 369 1046 412 pol-

38 412 254 448 licitationem
279 423 459 458 praeteream
482 414 591 447 veneni
634 411 825 457 uodwnecKz‘n
847 412 946 445 dando
959 435 972 452 ,
994 423 1049 446 nec

39 456 148 490 datum
171 457 234 492 ullo
251 457 538 501 figno'deprehendi
555 423 655 500 poffet
671 480 680 493 ‚
707 458 741 489 δε
763 453 818 489 hic
842 466 969 499 quoque
985 456 1046 489 alia

40 510 114 542 quae
137 500 203 534 dici
228 501 371 544 possent,
393 501 566 539 omittam,
588 510 626 532 ex
649 500 727 532 meis
750 497 840 541 supra
862 502 875 538 (
896 497 916 530 b
937 502 952 538 )
973 509 1046 532 nar-

41 544 119 576 ratis
142 544 428 578 Observationibus
451 543 524 577 satis
545 542 727 584 intelligis,
761 542 810 575 vel
846 542 908 574 sine
931 543 972 575 iis
994 543 1046 576 in-

41 586 136 619 diciis
158 587 354 631 deglutitum
375 586 433 622 esse
453 597 607 620 venenum
633 609 641 616 -
667 586 782 628 Neque
812 594 922 622 contra
945 597 984 618 ex
1006 597 1046 619 eo

41 630 131 672 quod
168 632 283 664 animal
319 630 494 674 quodpiam
526 629 565 663 ab
596 630 637 663 iis
671 640 740 672 quae
779 630 904 662 vomitu
939 628 1053 674 rejeffit

43 675 116 706 sunt
138 694 149 711 ‚
183 673 340 708 devoratis
363 674 442 708 male
465 672 576 707 habeat
604 695 614 710 ‚
650 671 853 706 inferendum
889 671 946 705 esse
977 684 1053 706 curn

40 716 115 751 aliis
138 738 149 754 ‚
181 719 342 751 vomitum
364 718 459 755 illum
482 726 546 749 non
569 716 608 749 ab
630 716 781 752 interno,
805 713 855 749 sed
878 714 916 748 ab
938 714 1051 750 assum-

46 769 106 801 pto
130 756 187 794 esse
210 771 351 801 veneno,
373 758 537 804 propofita
559 759 719 801 noviffime
740 758 936 794 Observatio
965 762 980 799 (
1000 772 1016 794 c
1039 764 1051 800 )

43 802 119 837 satis
141 803 280 838 indicat.

89 856 139 879 20.
163 847 223 882 Sed
246 850 279 881 δε
300 857 335 880 ea
355 857 426 888 quae
448 846 483 879 in
507 846 686 880 ventriculo
720 854 924 880 mortuorum
959 857 1053 889 appa-

43 899 136 929 rent,
159 897 194 923 ut
217 892 383 932 imponere
394 888 567 932 aliquando
580 888 823 932 poffint,d0cet
846 889 880 922 id
902 890 992 933 quod
1013 889 1051 924 de

42 932 179 967 Falckio
208 933 303 976 paulo
337 941 408 966 ante
436 934 451 972 (
472 935 493 967 d
512 934 796 973 >commemoravi
821 957 828 965 .
862 933 1050 976 Eodemque

43 976 138 1009 addes
158 976 247 1019 quod
271 989 309 1010 ex
332 976 483 1013 Ballonio
503 979 518 1015 (
542 986 558 1010 e
579 980 590 1016 )
608 1000 620 1016 ,
656 978 798 1020 itemque
834 986 873 1010 ex
908 977 1051 1010 Riolano

41 1022 61 1065 (
71 1017 100 1062 f
115 1021 127 1057 >
159 1020 195 1052 in
217 1019 459 1062 Sepulchretum
482 1020 655 1054 retulerunt
678 1042 691 1059 ‚
720 1020 755 1054 in
779 1020 881 1052 toxici
905 1018 973 1053 dati
997 1020 1049 1055 su-

43 1063 186 1105 spicione
208 1073 282 1097 cum
304 1063 498 1105 ventriculus
532 1062 766 1096 exanthemati's
796 1062 915 1097 obsitus
948 1075 1052 1106 reper-

43 1110 97 1140 tu's
120 1104 214 1144 esset,
238 1117 350 1150 parum
373 1102 503 1141 abfuisse
518 1128 527 1144 ‚
549 1108 627 1148 quin
648 1105 831 1140 constanter
854 1106 973 1140 Medici
997 1107 1050 1141 su-

44 1148 223 1192 spicionem
245 1150 335 1184 illam
355 1149 603 1189 confirmarent,
627 1148 686 1183 nisi
710 1149 872 1185 admoniti
895 1147 1025 1184 fuissent
1039 1177 1049 1192 ,

46 1203 83 1226 ea
115 1192 339 1227 exanthemata
373 1205 390 1227 a
421 1193 580 1227 morbillis
612 1191 690 1229 esse,
714 1194 865 1236 quicum
888 1204 1051 1236 erumpere

46 1238 80 1271 in
103 1245 176 1270 cute
197 1237 328 1280 quidem
347 1234 538 1278 coepissent,
577 1236 629 1271 sed
652 1236 696 1270 ob
729 1237 847 1271 virium
879 1236 1052 1272 infirmita-

47 1288 114 1314 tem
138 1290 201 1313 non
224 1278 449 1322 perrexissent,
471 1280 685 1315 ventriculum
708 1289 959 1323 occupaverant.-
981 1292 1052 1314 ean-

48 1323 182 1366 demque
204 1321 413 1365 suspicionem
436 1325 471 1357 in
504 1324 616 1358 multis
654 1324 760 1357 subito
790 1324 941 1360 eminetis
971 1322 1052 1358 falso

47 1367 122 1402 inde
152 1364 210 1400 esse
243 1376 349 1404 ortam
373 1391 384 1409 ‚
412 1366 501 1410 quod
532 1366 626 1402 fundi
649 1366 818 1401 ventriculi
855 1367 1053 1409 potiffimum

48 1422 122 1454 pars
143 1408 262 1444 sinistra
283 1412 369 1444 intus
383 1434 394 1451 ‚
418 1419 567 1454 extraque
593 1410 780 1453 nigresceret
802 1421 814 1449 3
836 1421 908 1445 cum
930 1409 964 1445 id
988 1422 1054 1445 non

50 1464 194 1492 veneno,
219 1452 270 1487 sed
293 1454 438 1498 sanguini
461 1453 534 1488 esset
558 1453 786 1494 tribuendum,
816 1454 864 1488 ibi
897 1454 981 1488 intra
1004 1466 1057 1488 ve—

49 1499 138 1533 nulas
161 1496 320 1531 restitanti
342 1509 411 1540 quae
436 1496 474 1531 ad
507 1508 631 1533 ramum
663 1498 822 1539 pertinent
845 1519 856 1536 ‚
888 1506 946 1531 »as
976 1498 1059 1532 olim

50 1541 142 1576 breve
163 1550 402 1585 nuncupatum.
434 1540 494 1574 Sed
517 1552 617 1583 neque
639 1552 655 1574 e
686 1541 849 1574 contrario
870 1542 992 1583 quaevis
1024 1543 1058 1576 in

51 1584 233 1618 ventriculo
255 1583 480 1619 animadversae
505 1584 635 1618 maculae
680 1585 917 1619 contemnendae
953 1583 1025 1618 sunt
1049 1609 1057 1616 .

53 1629 177 1662 Verum
213 1628 297 1662 inter
318 1626 448 1664 oculos,
483 1629 517 1660 δε
547 1627 650 1661 lucem
680 1627 902 1667 expandendus
933 1637 1057 1670 apertus

50 1671 244 1705 ventriculus
267 1670 310 1703 est
326 1695 334 1702 .
356 1667 413 1704 'Sic
436 1670 525 1703 enim
546 1671 603 1714 qui
625 1669 758 1704 maculis
781 1670 953 1704 dumtaxat
984 1674 1058 1713 qui.

50 1715 181 1750 busdam
205 1712 342 1757 aspersus
365 1712 552 1751 videbatur,
577 1713 734 1752 eundem,
767 1713 922 1747 referente
945 1713 1057 1747 Ballo-

49 1761 107 1792 nio
128 1761 182 1801 (g
204 1756 218 1797 )
241 1780 254 1798 ,
285 1757 431 1792 minimis
455 1755 666 1791 foraminibus
690 1756 853 1798 pertusum
886 1755 1058 1799 deprehen-

45 1802 188 1840 derunt,
211 1802 320 1834 veneni
343 1799 495 1833 indiciis:
517 1809 698 1843 quanquam
721 1809 798 1834 tunc
821 1799 1058 1844 quoquedispi-

50 1844 202 1881 ciendum
223 1855 263 1877 ex
284 1843 415 1877 indiciis
437 1843 511 1876 aliis
533 1842 750 1882 crediderim,
772 1844 923 1884 externi,
945 1854 983 1876 an
1008 1844 1057 1876 in-

50 1890 153 1922 terni.
178 1887 270 1926 Quin
292 1885 464 1930 aliquando
486 1896 549 1919 non
574 1885 775 1921 manifestum
797 1886 896 1920 modo
914 1909 927 1927 ‚
950 1885 1000 1920 sed
1023 1888 1057 1919 &

49 1942 202 1974 magnum
224 1930 313 1964 ulcus
337 1931 370 1962 in
393 1929 571 1964 ventriculo
594 1929 723 1972 reperiri
749 1930 873 1971 potest,
906 1928 995 1972 cujus
1020 1942 1058 1962 o-

48 1976 165 2011 rieinis
188 1974 289 2016 prima
311 1971 396 2015 signa
419 1973 517 2006 toxici
541 1971 789 2015 deglutitionem
811 1973 978 2006 consecuta
1000 1971 1057 2006 esse

48 2014 242 2057 videantur,
266 2027 366 2060 neque
389 2027 435 2049 res
458 2024 564 2049 tamen
587 2015 649 2049 fine
671 2014 873 2050 dubitatione
895 2015 972 2050 esse.
1003 2016 1056 2048 Sic

48 2065 84 2096 in
107 2063 224 2106 Iuvene
245 2059 283 2093 de
306 2071 372 2102 quo
395 2058 559 2097 Fabricius
582 2058 744 2094 Hildanus
767 2058 787 2102 (
803 2059 823 2094 h
844 2063 859 2100 )
892 2058 962 2102 post
985 2059 1053 2093 lau-

48 2102 121 2140 tum
143 2103 328 2140 convivium
352 2103 470 2145 primus
494 2102 649 2136 stomachi
674 2102 769 2136 dolor
803 2104 984 2145 inceperat,
1015 2113 1056 2135 ex

50 2161 117 2192 quo
144 2147 299 2191 paulatim
323 2146 439 2183 aneto,
464 2147 497 2178 &
521 2145 715 2182 acerbiffimo
738 2144 831 2179 faeta
849 2156 925 2180 cum
954 2145 1058 2179 obiis-

51 2194 118 2231 set,
141 2200 356 2237 magnumque
377 2189 467 2223 ulcus
501 2189 666 2223 inventum
701 2187 774 2222 esset
797 2211 806 2226 ‚
841 2200 859 2223 a
899 2188 1058 2230 superiore

50 2234 221 2269 ventriculi
244 2233 373 2266 orificio
395 2233 428 2265 in
452 2231 537 2266 hunc
559 2232 706 2267 deorsum
730 2232 758 2266 se
781 2231 952 2265 extendens
966 2259 974 2273 ,
998 2234 1059 2265 Pa-

52 2289 155 2312 rentes
177 2276 307 2320 quidem
330 2274 366 2309 id
389 2274 428 2308 ab
450 2274 599 2308 exhibito
621 2285 741 2308 veneno
763 2276 967 2318 repetebant3
992 2275 1058 2317 ipse

52 2331 159 2356 autem
193 2319 357 2353 Fabricius
388 2320 455 2352 veri
486 2317 621 2353 similius
653 2317 820 2358 censebat,
853 2318 893 2352 ab
926 2318 1058 2353 officulo

53 2366 166 2408 aliquo
187 2362 365 2397 acutiffimo
388 2360 478 2396 ulcus
500 2359 666 2404 incepisse,
688 2360 790 2396 infixo
812 2361 846 2394 in
869 2373 905 2397 ru
928 2373 979 2396 am
1002 2363 1057 2395 ali-

52 2419 150 2452 quam
182 2407 271 2440 illius
302 2404 449 2439 orificii:
484 2415 556 2440 nam
580 2404 602 2437 si
626 2415 642 2437 a
667 2415 788 2439 veneno
811 2404 903 2448 sump
921 2418 942 2439 o
972 2403 1057 2440 fasta

53 2449 127 2486 esset
148 2449 345 2484 exulceratio
367 2461 378 2488 ς
411 2458 445 2480 ea
468 2470 477 2485 ‚
514 2449 649 2491 inquit,
667 2449 772 2489 potius
795 2448 828 2481 in
859 2448 923 2494 ipso
937 2446 1062 2491 fundo,

53 2505 147 2539 quam
169 2495 202 2527 in
224 2503 275 2526 ore
296 2490 470 2526 ventriculi
492 2514 501 2529 ‚
524 2489 678 2534 extitisset
702 2517 709 2525 .
735 2492 893 2526 Attamen
915 2493 972 2535 qui
996 2491 1061 2525 dis-

53 2539 170 2572 sentire
193 2548 209 2571 a
232 2536 378 2571 Fabricio
397 2535 537 2575 vellent,
558 2535 696 2576 obiicere
721 2533 843 2576 possent
866 2534 943 2569 duas
974 2534 1064 2577 puel-

53 2582 100 2616 las
123 2592 187 2615 non
208 2579 272 2613 fine
295 2576 438 2612 veneficii
461 2577 641 2621 suspicione
663 2587 803 2621 mortuas
818 2600 827 2614 ‚
859 2579 895 2611 in
929 2589 1061 2621 quarum

54 2625 150 2659 altera
169 2624 312 2670 Joannes
334 2622 372 2657 de
395 2621 542 2658 Muralto
565 2625 580 2665 (
601 2622 613 2655 ἰ
633 2625 649 2662 )
672 2621 763 2664 juxta
787 2621 873 2657 idem
897 2620 1062 2656 orificium

55 2677 125 2702 atra
147 2667 286 2711 quinque
309 2666 456 2708 stigmata
480 2664 579 2699 inusta
604 2666 722 2706 reperit
729 2688 744 2709 ,
775 2665 807 2698 in
832 2665 928 2698 altera
954 2666 1062 2701 Petrus

54 2712 200 2745 ‘Paawius
224 2715 234 2751 (
258 2708 306 2750 k)
331 2709 411 2745 illud
434 2709 540 2752 ipsum
561 2707 723 2743 orificium
747 2706 870 2746 duobus
894 2707 973 2741 locis
997 2719 1068 2741 ero-

59 2753 129 2790 sum
153 2752 381 2796 deprehendit:
406 2761 436 2785 at
462 2763 500 2786 ue
522 2760 557 2787 ut
593 2752 698 2788 virum
723 2750 849 2787 filerent
885 2751 922 2786 ab
958 2751 1066 2785 eodem

58 2798 189 2830 Paawio
210 2799 225 2835 (
247 2796 258 2829 l
279 2800 293 2835 )
315 2795 358 2829 ob
381 2806 436 2835 ean
460 2806 510 2828 em
533 2793 745 2836 suspicionem
781 2804 929 2839 apertum
958 2795 1065 2838 (nam

58 2846 173 2883 praeter
195 2837 315 2873 orificii
337 2839 426 2872 illius
453 2836 576 2873 erosarn
588 2837 797 2881 substantiam
811 2862 823 2879 ‚
845 2837 968 2872 erosam
979 2848 1066 2880 quo-

57 2894 118 2926 que
141 2881 257 2916 habuit
282 2881 436 2959 reliquam
457 2881 618 2917 internam
640 2882 808 2917 ventriculi
832 2881 946 2918 faciem
968 2884 983 2920 )
1013 2891 1067 2914 ca-

61 2937 134 2960 nem
158 2935 262 2958 tamen
277 2935 344 2966 pro

63 2969 134 3004 fero
157 2971 236 3013 (m)
257 2966 353 3001 editis
369 2992 377 3008 ,
401 2969 457 3010 qui
478 2979 553 3004 cum
575 2967 752 3002 arsenicum
776 2967 975 3011 devorasset,
1008 2977 1068 3009 po-

63 3012 172 3048 stridie
196 3021 360 3049 mortuus,
395 3021 488 3055 atque
522 3011 640 3044 incisus
662 3034 676 3051 ,
705 3012 787 3044 circa
812 3010 1003 3051 stomachum
1035 3011 1068 3045 in

65 3056 241 3092 ventriculo
266 3052 460 3098 superficiem
481 3053 606 3088 rubram
628 3051 908 3097 &inflammatam
920 3052 1070 3095 ostendit;

63 3101 100 3134 in
114 3096 215 3141 fundo
238 3108 341 3141 autem
354 3097 530 3132 ventriculi
546 3098 589 3132 &³
610 3097 692 3131 circa
710 3096 856 3139 pylorum
877 3098 999 3132 nullum
1021 3097 1071 3130 in-

61 3141 291 3188 flammationis
312 3140 493 3182 vestigium.
516 3141 664 3185 Denique
688 3150 724 3175 ut
747 3141 861 3174 melius
886 3152 925 3183 ap
949 3147 1033 3173 areat
1058 3162 1069 3179 ,

68 3196 167 3230 quam
188 3184 316 3218 difficile
339 3185 372 3217 in
394 3182 451 3217 hac
476 3184 606 3217 materia
627 3183 786 3227 judicium
808 3182 860 3224 sit,
884 3185 914 3217 vi
942 3185 986 3217 eri
1009 3183 1069 3218 ali-

63 3226 198 3273 ‘quando
238 3227 342 3271 potest
372 3229 405 3259 in
439 3225 622 3269 hujusmodi
655 3225 884 3267 suspicionibus
914 3238 1067 3262 venenum

70 3272 177 3314 ipsum
198 3272 231 3305 in
254 3270 434 3305 ventriculo
454 3269 511 3305 esse
534 3270 785 3311 deprehensum,
808 3271 890 3308 utin
915 3271 1066 3307 Matrona.

71 3316 110 3349 de
121 3326 182 3357 qua
206 3314 320 3348 Bened.
345 3314 514 3348 Silvaticus
534 3315 594 3356 (n),
615 3313 811 3357 pulvesculus
833 3313 1010 3348 illecoloris
1020 3315 1068 3348 ci-

65 3358 183 3395 'nericii
204 3358 344 3393 ulceratae
364 3357 533 3392 ventriculi
551 3358 639 3400 par-ti
668 3356 870 3401 adhaerefiens
904 3366 965 3399 pro
985 3356 1072 3391 lucu.

369 2933 515 2962 ucerent,
540 2923 579 2958 de
600 2935 668 2967 quo
689 2925 723 2958 in
749 2924 902 2962 Historiis
925 2936 942 2957 a
966 2923 1067 2967 Wep-
1090 2924 1093 2927 ’

1951 244 2038 298 383

1098 321 1260 365 lentzffi'mo
1293 324 1420 366 praebiti
1454 325 1564 358 veneni
1598 321 1714 357 indicio
1745 328 1912 365 aceeptus,
1941 324 2107 362 velutin

1096 365 1238 401 Muralti
1262 367 1367 409 puella
1391 368 1488 411 paulo
1509 377 1581 400 ante
1604 375 1800 405 memorata,
1823 364 2019 408 pulvisculus
2051 370 2107 404 ille

1098 410 1177 443 alter
1199 410 1365 452 arenosus,
1398 413 1455 454 qui
1478 422 1517 444 ex
1551 409 1743 445 humoribus
1775 408 1810 442 in
1843 410 2025 445 ventriculo
2056 414 2108 446 in-

1099 453 1200 486 ventis
1219 476 1231 493 ,
1256 456 1289 486 &
1321 456 1442 489 mundo
1463 453 1532 487 vase
1554 454 1696 496 exceptis
1719 451 1878 488 subsedit.
1901 454 2024 491 Verum
2047 454 2108 489 nisi

1096 495 1304 538 deprehensus
1339 499 1442 541 pulvis
1475 509 1508 531 ea
1539 499 1633 539 copia
1668 495 1732 537 fit,
1764 503 1801 530 ut
1832 508 1848 530 a
1869 498 1983 539 peritis
2003 498 2109 541 ¹probe:

1095 540 1295 580 examinari,
1317 543 1350 575 δε
1374 551 1432 584 pro
1455 552 1573 574 veneno
1598 540 1724 583 agnosci
1745 549 1841 582 queat
1855 560 1866 576 ‚
1910 551 1965 575 aut
1987 541 2046 575 nisi
2070 542 2113 576 il-

1095 581 1158 617 lius
1180 584 1344 625 particulae
1365 607 1378 625 ‚
1410 583 1505 619 erosis
1529 583 1698 618 ventriculi
1738 583 1859 617 tunicis
1881 583 2076 620 adhaerentes
2098 608 2112 626 ,

1105 625 1260 669 ejusmodi
1284 627 1367 666 sint,
1390 637 1426 661 ut
1450 627 1557 669 perse
1580 627 1672 661 facile
1684 626 1711 659 se
1726 625 1874 668 prodant,
1894 637 1929 660 ut
1948 628 2029 671 gilla
2050 628 2109 664 illa

1105 681 1201 713 quam
1223 670 1264 703 iis
1287 670 1497 704 adhaerentem
1519 671 1666 705 Heersius
1688 672 1703 707 (
1724 681 1742 703 o
1763 672 1774 707 )
1806 670 1930 703 invenit
1952 694 1964 711 ‚
1984 670 2048 706 sive
2071 681 2108 707 ut

1106 712 1239 747 arsenici
1263 713 1326 747 albi
1350 713 1478 747 frustula
1502 736 1511 750 ‚
1545 725 1616 757 quae
1638 712 1750 746 iisdem
1772 712 1958 747 inhaerentia
1990 715 2074 749 vidit
2095 739 2110 757 ‚

1104 758 1137 789 δε
1160 757 1217 790 vix
1239 757 1349 791 evulsit
1374 755 1557 791 Salmuthus
1580 760 1634 799 (p
1654 759 1693 796 )‚
1716 759 1746 788 δι
1770 756 1803 788 in
1828 756 1962 790 muliere
1983 769 2112 801 quoque

1103 798 1143 832 de
1166 811 1226 841 qua
1251 800 1293 834 est
1315 802 1416 843 prima
1450 798 1544 843 hujus
1576 798 1729 842 Epiiiolae
1763 797 1958 833 Observatio
1987 803 2001 839 (
2022 812 2041 843 q
2059 805 2078 841 )
2100 823 2111 839 ‚

1103 841 1197 892 facile
1220 853 1418 885 agnoverunt
1451 856 1463 883 3
1494 842 1579 877 nihil
1600 842 1674 877 inde
1696 852 1757 884 pro
1779 850 1869 877 certo
1891 842 2003 877 licebit
2034 855 2113 888 pro·

1101 896 1269 920 nunciati.

1145 939 1196 964 21.
1221 926 1304 967 Quae
1326 927 1457 971 omnia,
1480 938 1574 973 atque
1596 930 1655 964 alia
1678 940 1748 973 quae
1770 929 1983 968 Etmiilleru53
2006 928 2110 967 filium

1101 969 1209 1011 dico3
1253 974 1288 1015 in
1324 974 1563 1014 Programmate
1586 974 1751 1016 perpendit
1790 973 1905 1016 Lipfiae
1940 974 2032 1007 edito
2066 975 2111 1008 A.

1104 1024 1198 1059 1729.
1224 1016 1366 1056 erudite,
1389 1018 1421 1048 δε
1444 1016 1612 1060 prudenter
1631 1016 1818 1054 ostendens,
1841 1027 1938 1059 quam
1962 1016 2110 1058 arduum,

1100 1062 1132 1092 δε
1157 1058 1368 1101 periculosum
1391 1059 1430 1093 fit
1452 1060 1530 1094 certi
1555 1059 1677 1103 aliquid
1714 1062 1747 1093 in
1771 1057 1928 1101 ejusmodi
1963 1060 2114 1104 quaestio-

1100 1102 1193 1136 nibus
1215 1102 1417 1141 constituere;
1441 1114 1525 1146 quae,
1548 1104 1704 1146 inquam,
1729 1105 1838 1139 omnia
1862 1103 2110 1147 quotiescunque

1100 1156 1224 1180 mecum
1246 1145 1311 1187 ipse
1333 1144 1518 1185 considero,
1551 1149 1651 1180 toties
1674 1146 1777 1179 sentio
1793 1169 1806 1187 ,
1839 1146 1906 1189 J'ure
1930 1148 2113 1190 meritoque

1101 1189 1158 1223 esse
1181 1201 1196 1222 a
1220 1200 1268 1222 me
1300 1187 1443 1226 factum,
1477 1200 1551 1228 curn
1584 1191 1617 1222 in
1649 1189 1839 1233 quibusdam
1872 1188 2113 1224 disseffionibus

1125 1243 1179 1266 uas
1203 1231 1257 1267 hic
1280 1243 1457 1275 proponere
1481 1232 1880 1275 potuiffem,alibiautem
1901 1232 1980 1266 adte
2004 1233 2113 1275 scripfi

1102 1244 1156 1319 ἓν
1176 1279 1215 1316 ),
1239 1286 1394 1311 venenum
1416 1277 1618 1319 ingenitum,
1642 1288 1679 1309 an
1703 1274 1858 1319 ingestum
1892 1275 1984 1315 esset,
2013 1277 2112 1310 -nolui

1103 1319 1311 1361 pronunciare
1334 1344 1341 1351 .
1376 1321 1416 1353 In
1439 1330 1473 1352 ea
1504 1329 1610 1353 tamen
1643 1320 1676 1352 in
1711 1331 1772 1363 qua
1803 1330 1866 1352 non
1898 1321 2114 1355 ventriculum

1104 1361 1229 1403 modo,
1251 1364 1284 1396 &
1308 1361 1502 1397 Duodenurn
1525 1362 1709 1397 intestinum
1730 1385 1743 1403 ‚
1768 1362 1820 1396 sed
1843 1364 1875 1396 δε
1900 1362 2113 1407 oesophagum

1106 1405 1232 1439 erosum
1252 1405 1444 1449 deprehendi
1467 1408 1481 1446 (
1497 1404 1524 1448 s
1535 1409 1550 1448 )
1572 1429 1586 1448 ,
1617 1407 1718 1447 magis
1739 1405 1851 1441 audere
1876 1405 2065 1448 potuissem,
2090 1407 2114 1441 fi

1108 1460 1168 1492 pro
1190 1458 1280 1482 certo
1302 1459 1417 1483 notum
1439 1448 1545 1484 fuisset
1569 1472 1578 1487 ,
1613 1449 1714 1485 nullas
1747 1447 1884 1485 extitisse
1914 1452 2114 1485 ‘vomitiones

1108 1503 1164 1535 per
1185 1504 1263 1535 quas
1286 1491 1440 1535 rejefflim
1463 1504 1637 1530 venenum,
1672 1491 1802 1527 fortasse
1825 1493 2008 1535 ingenitum
2028 1518 2041 1534 ‚
2074 1506 2113 1527 ex

1108 1544 1198 1577 parte
1221 1536 1325 1578 aliqua
1348 1535 1755 1580 restitando,oesophagum
1777 1534 2010 1571 fortelaefifset.
2033 1538 2115 1570 Non

1109 1579 1175 1611 leve
1197 1579 1300 1621 igitur
1323 1581 1430 1619 veneni
1453 1578 1597 1613 devorati
1622 1580 1784 1613 indicium
1806 1589 1898 1613 erunt
1929 1581 2111 1615 ‘ventriculi

1108 1620 1264 1655 erofiones
1284 1647 1292 1662 ‚
1331 1621 1354 1655 si
1379 1622 1464 1657 nulla
1485 1621 1615 1666 quidem
1636 1632 1710 1656 cum
1734 1623 1914 1655 vomi-tione
1940 1646 1952 1663 ,
1986 1626 2019 1657 δε
2041 1635 2116 1658 cum

1106 1663 1275 1708 oesophagi
1297 1673 1403 1699 tamen
1425 1663 1486 1699 sint
1508 1664 1650 1699 erosione
1671 1663 1871 1707 conjunetae,
1895 1665 2072 1707 praesertim
2095 1668 2117 1701 si

1106 1709 1140 1741 in
1164 1719 1203 1741 eo
1225 1709 1443 1751 reperiantur,
1464 1710 1520 1752 qui
1544 1719 1615 1743 curn
1639 1708 1727 1742 sanus
1751 1707 1901 1746 hactenus
1924 1708 2047 1750 fuerit,
2068 1711 2117 1744 ni-

1107 1750 1218 1795 hilque
1240 1753 1274 1789 in
1298 1752 1400 1786 vifius
1425 1754 1550 1785 ratione
1571 1753 1746 1794 peccaverit
1760 1775 1772 1792 ,
1794 1760 1920 1795 repente
1931 1752 2001 1795 post
2021 1754 2113 1797 inge-

1107 1793 1194 1829 stum'
1211 1794 1404 1838 quidpiam,
1427 1795 1551 1829 insoliti
1574 1794 1768 1838 potissimum
1793 1794 1937 1837 saporis,
1958 1805 2014 1831 aut
2036 1797 2115 1831 odo-

1108 1839 1175 1879 ris,
1197 1836 1352 1878 stomachi
1374 1836 1562 1879 doloribus,
1589 1848 1642 1877 aut
1666 1838 1860 1882 angoribus,
1875 1838 2018 1883 aliisque
2033 1840 2116 1875 sum-

1104 1882 1159 1924 pti
1182 1882 1298 1915 veneni
1322 1881 1417 1924 signis
1439 1892 1623 1926 correptus,
1647 1882 1731 1918 intra
1757 1882 1903 1924 perbreve
1915 1891 2039 1925 tempus
2061 1884 2118 1918 ob-

1109 1925 1204 1958 ierit.
1248 1925 1330 1958 Non
1355 1925 1454 1964 levis,
1478 1927 1633 1968 inquam,
1666 1936 1705 1958 ex
1727 1923 1814 1960 hisce
1845 1926 2018 1966 omnibus,
2058 1936 2118 1962 aut

1107 1967 1262 2012 plerisque
1285 1970 1318 2002 in
1341 1979 1440 2003 unum
1465 1967 1582 2011 junffis
1604 1967 1790 2012 conje&ura
1812 1967 1961 2003 ducetur.
1985 1970 2045 2003 Sed
2069 1982 2117 2004 res

1106 2020 1193 2045 certa
1214 2012 1297 2051 erit,
1320 2011 1376 2045 ubi
1401 2013 1434 2045 in
1460 2013 1657 2051 ventricu10,
1689 2022 1744 2047 aut
1768 2014 1922 2056 proximis
1956 2013 2118 2052 intestinis

1106 2065 1261 2089 venenum
1284 2054 1386 2097 ipsum
1409 2057 1582 2098 reperietur
1606 2055 1702 2090 facile
1725 2055 1977 2099 agnoscendum.
2015 2057 2118 2092 Vide-

1107 2097 1145 2132 fis
1167 2096 1359 2133 Hoffmanni
1380 2110 1510 2142 quoque
1531 2102 1545 2139 (
1569 2106 1584 2133 t
1604 2103 1619 2139 )
1641 2099 1760 2133 indicia
1784 2098 1873 2140 super
1894 2100 2036 2135 historiis
2058 2102 2121 2138 ali-

1130 2150 1211 2182 uot‚
1232 2141 1343 2185 dignis
1364 2153 1433 2184 quae
1457 2144 1491 2176 in
1516 2142 1758 2184 Sepulchretum
1781 2141 1982 2178 referantur:
2018 2146 2063 2179 ita
2087 2148 2120 2179 &

1108 2192 1324 2227 'ymptomata
1341 2207 1353 2225 ‚
1387 2187 1419 2218 ὃ(
1442 2183 1643 2220 diffeffiones
1672 2196 1883 2230 proponunt,
1919 2189 2051 2222 minime
2082 2200 2121 2222 o-

1108 2227 1203 2263 miffis
1225 2228 1402 2262 rationibus
1425 2229 1508 2263 nnde
1533 2230 1617 2262 inter
1639 2238 1731 2264 notas
1755 2230 1884 2272 praebiti
1904 2233 2017 2265 veneni
2041 2256 2054 2274 ,
2086 2234 2120 2266 &

1110 2272 1302 2306 nominatim
1338 2271 1470 2305 arsenici
1495 2295 1507 2312 ,
1541 2273 1688 2314 pluribus
1709 2284 1895 2308 communes
1911 2295 1920 2311 ‚
1957 2274 2033 2309 huic
2054 2286 2121 2309 non

1109 2312 1199 2348 fuisse
1222 2337 1231 2353 ,
1265 2316 1330 2348 illis
1353 2313 1443 2349 fuisse
1465 2315 1576 2349 datum
1599 2327 1774 2355 venenum,
1801 2317 2036 2360 intelligamus.
2062 2317 2122 2353 Sed

1109 2359 1304 2400 praecipuum
1326 2358 1408 2393 illud
1430 2357 1497 2392 dati
1521 2361 1630 2392 veneni
1654 2360 1900 2400 testimonium,
1921 2360 1988 2405 ejus
2012 2363 2122 2405 portio

1112 2404 1144 2433 in
1168 2402 1338 2436 visceribus
1364 2411 1489 2444 reperta
1512 2413 1585 2437 cnm
1621 2414 1680 2446 pro
1704 2405 1789 2436 varia
1824 2414 2020 2439 venenorum
2042 2416 2118 2440 con-

1110 2443 1237 2478 ditione
1259 2468 1271 2484 ‚
1296 2445 1408 2488 exigua
1431 2446 1525 2488 copia
1548 2470 1561 2486 ‚
1592 2457 1666 2480 curn
1689 2446 1824 2490 aliisque
1847 2446 1938 2482 rebus
1974 2449 2119 2483 mistione

1112 2497 1177 2520 non
1200 2487 1278 2530 saepe
1301 2500 1469 2528 occurrat3
1493 2488 1616 2523 idcirco
1638 2490 1757 2524 indicia
1798 2489 1923 2524 aliunde
1953 2492 2123 2536 quaerenda

1113 2529 1207 2570 sunt,
1229 2543 1370 2576 quorum
1393 2532 1452 2565 alia
1473 2542 1546 2566 curn
1569 2532 1607 2566 ad
1626 2533 1761 2578 Judices
1792 2543 1896 2567 rerum
1930 2537 2121 2578 capitalium

1113 2576 1270 2608 attineant
1288 2598 1301 2614 ,
1334 2587 1350 2608 a
1383 2586 1446 2619 me*
1464 2578 1755 2617 praetermittuntur
1776 2599 1789 2617 ,
1823 2577 1909 2612 aliud
1934 2589 2059 2619 autem,
2083 2579 2123 2615 ad

1115 2616 1265 2651 Medicos
1278 2619 1437 2661 spestans,
1448 2630 1510 2652 non
1525 2619 1567 2653 est
1580 2621 1788 2658 reticendum,
1799 2623 1947 2662 quamvis
1959 2634 2012 2665 per
2024 2623 2052 2657 se
2064 2622 2125 2657 ob-

1112 2663 1221 2700 vium.
1245 2664 1278 2699 &r
1300 2674 1315 2694 a
1341 2673 1389 2695 me
1412 2662 1526 2700 semel,
1550 2663 1727 2707 iterumque
1739 2663 2010 2701 animadversum.
2035 2667 2125 2700 Nam

1119 2714 1233 2746 praeter
1254 2705 1287 2738 id
1310 2703 1399 2749 quod
1422 2707 1464 2739 A.
1494 2716 1585 2748 ¹711-
1611 2719 1626 2740 a
1651 2720 1701 2741 me
1721 2706 1824 2741 visum
1842 2730 1855 2747 ,
1877 2710 1908 2741 δε
1933 2708 2022 2752 supra
2053 2713 2125 2751 (u)

1121 2746 1307 2783 adnotatum
1355 2748 1399 2783 est
1422 2772 1432 2788 ‚
1468 2760 1541 2784 cum
1578 2749 1725 2784 videlicet
1756 2760 1819 2789 tres
1853 2751 1911 2793 qui
1944 2764 1982 2786 ex
2015 2752 2123 2787 eadem

1120 2792 1207 2833 pulte
1230 2791 1436 2825 comedissent
1455 2815 1467 2832 ‚
1496 2803 1606 2826 omnes
1639 2794 1726 2827 brevi
1761 2792 1830 2836 post
1862 2793 1980 2837 sumpti
2012 2797 2125 2831 veneni

1119 2832 1392 2877 symptomatibus
1432 2834 1615 2871 laborarunt
1638 2859 1648 2874 ,
1680 2835 1746 2880 jam
1779 2845 1869 2869 antea
1892 2847 2048 2872 autumno
2080 2841 2123 2873 A.

1122 2887 1213 2920 1709.
1237 2880 1414 2918 acciderat,
1442 2888 1479 2912 ut
1501 2889 1550 2911 me
1575 2879 1681 2921 plures
1705 2891 1852 2914 meorum
1884 2881 2005 2915 civium
2041 2884 2125 2916 intra

1118 2930 1233 2962 paucos
1256 2922 1324 2955 dies
1348 2920 1557 2960 advocarent,
1582 2934 1662 2964 quos
1686 2934 1760 2958 cum
1783 2922 1893 2956 scirem
1918 2923 2124 2959 familiariter

1117 2964 1202 2998 inter
1236 2964 1265 2997 se
1302 2965 1449 3005 versari,
1482 2966 1516 2998 δε
1547 2967 1708 2999 convivari
1731 2977 1958 3010 nonnunquam
1988 2969 2125 3009 solitos;

1116 3018 1320 3043 communem
1351 3009 1490 3053 aliquam
1524 3020 1634 3043 eorum
1667 3013 1700 3043 in
1732 3020 1831 3045 unum
1875 3020 1997 3055 tempus
2041 3015 2125 3047 inci-

1119 3050 1264 3088 dentium
1298 3053 1547 3095 aegrotationum
1586 3050 1710 3086 causam
1744 3054 1917 3095 suspicatus
1940 3079 1952 3096 ,
1986 3058 2123 3091 interro-

1119 3096 1225 3137 gando
1253 3098 1397 3137 comperi
1441 3118 1451 3134 ‚
1497 3108 1535 3130 ex
1571 3107 1637 3140 quo
1669 3096 1832 3131 noviffime
1876 3097 1967 3133 fimul
2014 3110 2123 3133 omnes

1118 3139 1239 3181 epulati
1273 3137 1368 3173 essent
1403 3162 1413 3177 ,
1449 3142 1591 3181 primum
1624 3140 1731 3175 minus
1761 3139 1841 3174 bene
1873 3141 1901 3174 se
1938 3142 2081 3177 babuisse
2116 3164 2127 3180 ,

1118 3192 1197 3218 mox
1232 3191 1336 3216 autem
1367 3191 1523 3225 aegrotare
1557 3182 1684 3226 ccepisse
1709 3208 1716 3216 .
1751 3183 1893 3222 Qaefivi
1917 3207 1929 3224 ,
1965 3196 2002 3218 an
2045 3197 2127 3228 prae-

1115 3235 1163 3260 ter
1194 3225 1279 3271 ipsos
1314 3226 1370 3259 alii
1393 3228 1428 3260 in
1451 3236 1489 3258 eo
1509 3228 1662 3260 convivio
1685 3224 1814 3262 fuissent
1839 3251 1846 3259 .
1880 3228 1966 3263 Cum
1990 3231 2024 3262 ἅτ
2046 3228 2126 3263 fuis·

1115 3269 1146 3304 se
1171 3293 1184 3310 ,
1205 3272 1237 3303 &
1258 3277 1423 3313 quotquot
1446 3267 1572 3303 fuerant
1593 3291 1604 3308 ,
1628 3269 1692 3313 jam
1717 3280 1827 3303 omnes
1853 3294 1862 3309 ,
1895 3282 1932 3303 ne
1965 3282 2030 3306 uno
2051 3272 2127 3315 qui-

1120 3313 1192 3348 dem
1216 3321 1369 3354 excepto,
1394 3324 1433 3346 ex
1456 3313 1573 3345 morbo
1594 3312 1779 3349 decumbere
1793 3336 1802 3352 ‚
1826 3313 2009 3355 accepissem
2035 3337 2045 3352 ‚
2068 3325 2126 3348 nec

1118 3368 1298 3400 quenquam
1321 3366 1425 3390 tamen
1446 3366 1501 3393 aut
1525 3356 1596 3399 plus
1619 3368 1714 3399 aequo
1727 3379 1737 3396 ,
1759 3364 1813 3390 aut
1835 3358 2000 3402 quidpiam
2021 3358 2126 3435 nsiinus

2051 3413 2084 3435 a·

134 3621 148 3646 (
163 3626 179 3643 a
193 3619 208 3649 )
222 3616 278 3644 vid.
295 3617 348 3644 Liv.
364 3617 425 3643 nist.
442 3617 459 3642 1.
474 3625 513 3647 42·
575 3619 589 3646 (
604 3617 618 3642 b
634 3618 646 3648 )
661 3626 687 3643 n.
702 3626 730 3648 7.
789 3621 804 3651 (
818 3627 831 3645 e
845 3618 854 3647 l
870 3626 899 3644 n.
917 3619 956 3643 18.
1017 3618 1032 3647 (
1046 3618 1087 3649 d)
1106 3625 1133 3643 n.
1152 3624 1189 3647 19.
1251 3615 1291 3644 (ο
1304 3614 1320 3645 )
1338 3614 1402 3650 Sest-
1420 3614 1465 3641 lm:
1481 3622 1520 3641 ro.
1536 3614 1734 3647 Obs.4.§.1o.

135 3651 151 3680 (
163 3649 201 3679 f)
222 3650 237 3673 Ι.
255 3655 278 3677 3.
297 3650 319 3673 S.
336 3657 359 3678 7.
376 3650 400 3672 in
416 3649 495 3673 Schol.
513 3648 542 3672 ad
559 3648 618 3673 obs.
639 3656 674 3672 ιο.
735 3650 745 3680 (
760 3652 809 3680 g‘)
824 3649 885 3675 sest.
902 3649 954 3674 ead.
970 3648 1029 3673 obs.
1047 3658 1083 3678 ¹7·
1101 3648 1124 3677 ἦ.
1145 3656 1168 3672 1.
1233 3646 1269 3674 (b
1285 3649 1298 3675 )
1317 3645 1380 3671 lbnd.
1397 3646 1460 3671 ΟΜ.
1479 3655 1500 3676 ς.
1518 3654 1574 3672 eum
1591 3648 1671 3671 Schol.

135 3682 147 3708 t
165 3682 174 3704 a·
190 3680 205 3710 )
220 3682 239 3705 ι.
255 3679 307 3703 uod.
323 3686 344 3708 3.
363 3680 479 3708 Sepulehr
506 3681 529 3703 S.
545 3681 570 3703 8.
587 3678 645 3703 Obs.
661 3687 685 3707 7.
747 3681 761 3709 (
777 3680 793 3705 k
809 3681 823 3709 )
839 3681 856 3705 l.
873 3688 897 3710 4.
915 3679 1037 3708 Sepulchr.
1059 3681 1083 3703 S.
1102 3680 1146 3704 hae
1163 3687 1201 3705 xo.
1218 3676 1276 3702 ΟΜ.
1292 3684 1317 3705 4.
1337 3676 1357 3706 §.
1375 3684 1398 3705 7.
1460 3677 1475 3706 (
1489 3677 1499 3702 l
1515 3678 1530 3706 >
1551 3677 1611 3703 ibid.
1630 3677 1654 3709 §.
1671 3679 1697 3703 Β.

137 3714 150 3735 r
167 3719 191 3734 m
208 3712 217 3741 )
235 3709 295 3733 lbid.
313 3709 337 3732 in
356 3709 475 3734 Additum.
492 3709 550 3733 Obs.
571 3716 604 3739 ¹3.
621 3709 683 3734 Hist.
702 3716 735 3733 12.
799 3712 813 3741 (
828 3719 844 3735 a
860 3712 873 3738 )
889 3710 949 3735 Ead.
966 3711 989 3733 S.
1007 3717 1043 3733 ιο.
1058 3709 1118 3734 Obs.
1135 3718 1156 3740 ς.
1219 3711 1228 3732 (
1244 3715 1256 3731 0
1276 3707 1288 3735 )
1304 3705 1427 3736 Sepulchr.
1444 3708 1461 3733 l.
1479 3715 1501 3737 3.
1519 3709 1544 3733 S.
1561 3711 1584 3733 8.
1602 3708 1660 3733 obs.
1676 3710 1701 3741 8.

138 3742 152 3769 (
168 3748 184 3770 ρ
204 3743 211 3769 )
229 3739 291 3764 ibid.
309 3740 361 3764 Ob(
388 3750 409 3770 ς.
472 3741 485 3769 (
502 3747 517 3768 q
535 3739 543 3769 )
560 3747 585 3765 n.
601 3747 623 3770 ς,
685 3739 694 3770 (
710 3748 721 3763 r
739 3741 836 3772 )1-:pist.
852 3749 891 3771 ²9·
911 3748 934 3764 n.
953 3741 990 3764 18.
1006 3742 1029 3763 ἃ
1045 3739 1106 3769 seqq.
1168 3738 1232 3768 (s)
1249 3737 1313 3763 lbid.
1328 3745 1351 3761 n.
1367 3745 1405 3761 ιο.

139 3772 147 3800 s
164 3779 176 3796 ε
192 3771 205 3802 )
221 3771 313 3797 Medic.
333 3772 389 3797 Rat.
406 3772 480 3797 ”rom¹
498 3778 513 3802 4
540 3771 565 3795 P.
584 3778 605 3803 ³·
623 3772 644 3798 s.
662 3779 684 3797 π..
702 3778 721 3797 e.
738 3776 761 3800 8.
777 3771 801 3797 in
819 3775 929 3804 Enattaz,
947 3769 1029 3797 Morb.
1049 3769 1107 3796 ΟΜ.
1124 3776 1146 3796 2·
1163 3777 1184 3800 3·
1207 3778 1229 3799 ο·
1292 3769 1300 3797 ί
1316 3775 1332 3792 1⁴
1343 3767 1364 3797 ⁷)
1377 3775 1403 3793 n·
1419 3774 1443 3797 7·
1460 3767 1483 3793 ἃ
1500 3766 1545 3800 seq-
