2498 4075
407 228 517 284 430„

342 307 454 336 more,
477 298 508 330 δέ
533 294 630 338 paulo
653 294 724 337 post
750 306 833 329 mors
857 294 1023 329 accessere.
1050 295 1087 327 In
1113 295 1236 329 Ventre
1257 307 1338 338 prae-

348 350 396 373 ter
421 351 537 383 aquam
562 364 571 377 ,
603 340 633 370 &
668 342 724 379 pus
746 350 781 371 ea
806 342 900 381 copia
933 350 1004 380 quae
1027 348 1123 372 tantae
1146 338 1337 372 distentioni

340 385 557 418 conveniebat
581 406 590 419 ‚
625 381 737 422 ingens
759 391 869 415 tumor
902 383 1020 416 viscera
1055 382 1200 424 operiens
1223 384 1335 415 inven-

344 437 396 459 tus
420 427 460 460 est
485 448 498 466 ³
535 424 689 468 plurimas
711 427 879 458 continens
900 425 999 468 cystes
1023 426 1084 458 alia
1109 425 1187 458 alias
1210 428 1334 468 magni-

340 471 453 504 tudine
469 494 477 507 ,
504 470 628 509 aliaque
653 467 788 509 fingulas
811 468 877 502 fere
900 470 1031 502 materia
1056 470 1183 510 plenas.
1207 470 1332 503 Tumo-

342 516 384 546 ris
411 522 518 545 autem
557 513 740 544 communis
773 514 882 545 tunica
906 513 966 545 etsi
990 513 1153 554 contiguis
1186 514 1332 553 partibus

340 557 482 597 unc-'ique
507 567 562 596 per
587 558 785 588 membranas
820 557 1004 589 nectebatur
1035 579 1042 592 ‚
1080 554 1231 597 sanusque
1264 566 1332 589 erat

339 608 472 636 uterum
497 608 605 631 tamen
629 609 702 631 curn
727 608 859 637 tumor,
883 608 918 632 ut
941 600 975 630 in
1001 600 1128 632 vivente
1151 599 1333 641 inceperat,

338 644 383 675 ita
408 645 441 674 in
467 652 593 675 mortua
615 641 740 674 dicatur
766 642 971 683 peculiariter
988 641 1049 683 sub
1073 643 1196 684 inguine
1215 641 1335 685 fimstro

337 684 431 721 fuisse
455 684 666 726 conspectum
692 696 755 717 non
780 698 794 718 a
821 687 885 718 veri
909 684 1121 718 similitudine
1155 686 1266 727 procul
1301 698 1334 718 a-

337 730 449 768 bibis,
475 728 495 760 si
522 740 539 761 e
564 728 688 762 sinistro
712 733 827 761 ovatio
851 738 960 762 ortum
983 728 1205 762 existimabis:
1230 740 1333 770 quan-

338 784 436 814 quam
461 771 593 805 fortasle
627 770 665 805 ad
689 772 836 806 Saccatos
860 772 939 805 alios
970 797 977 811 ,
1013 775 1044 804 ὃς
1081 772 1206 805 aliunde
1240 782 1333 806 natos

340 815 504 857 hydropes
529 814 645 848 referre
669 815 766 847 males
792 842 798 847 .
836 817 953 855 Qalis
977 825 1062 848 certe
1085 825 1153 849 erat
1187 818 1213 848 is
1236 826 1332 857 quem

340 869 405 891 non
443 862 487 891 ita
520 857 643 900 pridem
678 859 741 900 legi
783 859 868 891 inter
904 858 1156 892 Observationes
1191 859 1331 892 Medicas

337 905 350 939 (
371 913 387 933 c
409 901 424 943 )
449 901 502 936 Cl.
528 901 727 942 Weszpremi
750 903 784 934 in
810 903 872 935 viri
895 902 1047 935 cadavere
1070 903 1127 945 qui
1163 913 1217 943 per
1241 902 1333 935 bien—

338 947 427 978 nium
453 957 513 985 pro
545 945 678 978 ascitico
715 945 844 978 habitus
869 971 878 984 ‚
901 946 1139 986 graveolentem
1163 945 1332 980 humorem

335 990 368 1021 in
392 1000 458 1031 quo
482 999 604 1030 magnae
629 988 796 1032 liydatides
822 990 975 1022 natabant
991 1015 1000 1029 ‚
1023 989 1211 1023 conclusum
1236 991 1338 1024 osten-

343 1031 391 1064 dit
418 1033 502 1064 intra
526 1034 699 1065 immanem
723 1032 809 1073 quasi
842 1032 979 1065 vesicam
1002 1056 1014 1072 ,
1050 1032 1142 1074 cujus
1175 1044 1242 1067 erat
1266 1035 1336 1067 col-

335 1076 403 1107 lum
427 1077 512 1108 inter
536 1075 669 1109 vesicam
693 1086 820 1112 veram,
845 1079 875 1108 &
900 1077 1039 1110 Reetum
1064 1076 1248 1111 intestinum
1272 1081 1335 1111 im-

336 1119 540 1161 plantatum,
567 1132 638 1153 cu-rn
664 1130 734 1161 pars
759 1119 883 1161 reliqua
899 1131 955 1161 per
979 1120 1164 1153 cellulosum
1189 1130 1334 1155 tantum-

333 1161 432 1195 modo
455 1172 646 1197 contextum
680 1163 794 1196 vicinis
830 1164 973 1206 partibus
1004 1164 1251 1197 annecteretur:
1295 1169 1326 1199 &

332 1206 459 1248 qualem
485 1229 494 1243 ,
528 1207 585 1239 nisi
611 1206 698 1249 quod
733 1206 827 1239 nullae
851 1208 883 1239 in
919 1218 998 1249 aqua
1024 1207 1154 1247 limpida
1177 1209 1325 1241 contine-

332 1249 450 1282 bantur
473 1248 666 1290 hydatides‚
688 1248 781 1283 fuisse
805 1269 815 1285 ‚
853 1260 937 1282 nunc
961 1249 1055 1282 video
1090 1262 1128 1282 ex
1150 1249 1280 1285 historia
1297 1258 1323 1285 'a

331 1293 385 1324 Cl.
413 1293 548 1326 Steubio
571 1294 625 1332 (d
647 1296 660 1332 )
685 1292 862 1325 accuratius
886 1293 1063 1334 descripta,
1088 1292 1267 1337 hydropem
1292 1296 1332 1329 il-

332 1337 398 1369 lum
423 1337 455 1367 in
478 1347 544 1377 quo
568 1331 645 1369 alias
667 1337 680 1372 <
703 1347 717 1369 e
739 1340 753 1375 >
777 1338 893 1369 merito
916 1335 1067 1370 hoese-ram
1082 1359 1090 1374 ,
1114 1348 1228 1379 nempe
1251 1338 1333 1372 Vir-

330 1380 413 1422 ginis
437 1379 528 1420 cujus
552 1389 661 1412 venter
685 1391 740 1421 per
762 1378 953 1413 decennium
980 1379 1144 1418 tumidus,
1169 1381 1223 1414 etsi
1249 1393 1265 1413 a
1290 1381 1331 1414 si-

331 1423 436 1456 nistris
459 1422 622 1456 eminebat
648 1423 768 1465 magis,
793 1434 895 1464 neque
919 1425 1025 1456 ascitis
1049 1433 1159 1461 notas,
1183 1426 1250 1457 imo
1270 1436 1329 1457 co-

331 1467 432 1499 lorem
457 1465 548 1499 faciei
574 1465 732 1499 floridum
757 1465 969 1508 conjunfitum
1005 1467 1143 1501 habebat
1166 1479 1177 1506 >¹
1215 1477 1325 1502 tamen

329 1521 404 1544 cum
429 1512 548 1543 temere
570 1512 601 1543 ἃ
627 1509 774 1542 asciticus
797 1509 1001 1548 crederetur,
1026 1513 1056 1544 &
1082 1510 1167 1544 ferro
1192 1522 1326 1553 propte-

327 1565 379 1586 rea
404 1553 651 1595 pertunderetur
673 1578 682 1593 ,
715 1556 745 1586 &
770 1554 869 1585 nimia
894 1555 1000 1587 statim
1035 1566 1123 1596 aquae
1154 1556 1245 1596 copia
1269 1567 1324 1588 ex-

328 1596 533 1633 hauriretur,
558 1595 663 1638 sicque
686 1596 784 1629 citam
809 1596 934 1630 afferret
960 1606 1099 1630 mortem
1126 1620 1135 1635 ,
1170 1609 1323 1640 magnum

331 1650 439 1673 tamen
462 1639 688 1673 diffecantibus
711 1638 836 1672 obtulit
860 1640 1103 1674 membraneum
1128 1641 1250 1675 saccum
1287 1644 1322 1675 in

329 1695 395 1726 quo
422 1695 503 1724 aqua
534 1682 638 1715 fuerat
670 1706 680 1721 ,
714 1683 811 1715 nullis
843 1682 913 1716 aliis
946 1695 1105 1717 annexum
1148 1686 1291 1726 partibus
1313 1709 1324 1725 ‚

328 1738 425 1769 quam
449 1727 549 1765 lieni,
572 1728 601 1758 δι
625 1726 693 1759 reni
717 1724 863 1765 sinistro,
885 1726 1116 1768 quibuscum&
1142 1727 1211 1761 vasa
1235 1741 1328 1762 com-

328 1770 437 1803 munia
461 1768 627 1809 habebat,
649 1771 694 1801 ita
718 1768 855 1802 firmiter
879 1770 1081 1804 cohaerebat.
1112 1771 1158 1804 Ut
1181 1771 1244 1804 tibi
1269 1774 1327 1815 igi.

327 1825 382 1847 tur
407 1814 481 1847 alias
503 1814 691 1846 ovariorum
727 1810 883 1854 hydropis
915 1815 954 1847 de
982 1826 1049 1856 quo
1079 1813 1228 1848 dubitare
1262 1827 1327 1849 non

328 1855 708 1899 poffis,Observationes
732 1856 930 1894 indicemus3
955 1858 993 1890 ad
1017 1859 1139 1899 eosqui
1165 1857 1232 1891 suas
1254 1858 1327 1900 post

329 1901 536 1934 Ludovicum
561 1900 789 1933 Salzmannum
814 1899 1026 1944 vulgarunt,
1060 1900 1157 1934 sicuti
1181 1902 1329 1943 promisi-

327 1956 420 1984 mus,
444 1948 607 1977 veniamus
632 1968 639 1976 .
678 1943 756 1975 Abr.
781 1943 921 1978 Vaterus
944 1941 1030 1985 (f)
1054 1944 1225 1978 foeminam
1249 1958 1326 1988 pro-

328 1988 458 2031 posuit,
484 2000 555 2031 quae
581 1999 645 2020 non
670 1996 706 2019 ut
731 1985 825 2024 duae,
848 1986 885 2020 de
910 1989 1030 2028 quibus
1058 1988 1151 2030 paulo
1176 1998 1251 2022 ante
1273 1989 1323 2023 di-

330 2033 420 2065 &tum
444 2031 510 2071 est,
535 2031 670 2072 aliaeque
699 2052 708 2067 ‚
746 2032 775 2062 δέ
799 2031 831 2063 in
857 2032 897 2063 iis
920 2030 1030 2064 Vidua
1054 2053 1067 2071 ,
1098 2032 1136 2064 de
1158 2044 1220 2073 qua
1246 2045 1321 2066 mox

329 2075 476 2112 dicetur,
504 2086 588 2108 anno
612 2073 717 2106 morbi
743 2075 850 2120 primo
874 2075 907 2107 in
931 2073 1008 2107 falsa
1032 2074 1238 2117 graviditatis
1272 2077 1322 2109 su-

330 2119 472 2160 spicione
496 2118 579 2159 apud
604 2115 749 2150 Medicos
776 2119 926 2157 luerunt,
950 2129 1022 2160 quae
1046 2129 1093 2151 res
1116 2120 1324 2159 quantolon-

328 2165 399 2205 gius
422 2166 622 2196 curationem
646 2159 755 2193 differt
781 2182 791 2198 ‚
824 2171 917 2194 tanto
942 2160 1047 2194 reddit
1072 2161 1288 2196 difficiliorem
1313 2185 1323 2201 ,

329 2218 416 2242 uon.
440 2207 597 2247 inquam,
622 2203 780 2245 ejusmodi
808 2204 986 2246 suspicione
1020 2205 1143 2247 aspergi
1180 2208 1287 2248 pot-uit
1314 2233 1324 2248 ‚

329 2262 400 2283 cum
425 2261 465 2283 ex
489 2250 561 2282 viro
585 2249 661 2284 suo,
686 2258 749 2281 non
776 2249 833 2281 alii
859 2247 979 2288 modo,
1002 2247 1052 2282 sed
1076 2251 1105 2281 δι
1127 2248 1192 2291 ipsa
1216 2253 1325 2292 gravi-

330 2293 401 2328 dam
426 2293 454 2325 se
480 2294 620 2326 crederer
645 2314 654 2329 ‚
688 2291 817 2334 jamque
853 2293 1002 2325 mammis
1035 2291 1170 2325 humore
1195 2317 1204 2333 ,
1237 2294 1329 2327 laetis

330 2349 394 2371 non
418 2336 484 2369 dzffi
495 2338 561 2369 mili
587 2335 790 2377 turgentibus
811 2358 822 2375 ,
855 2344 951 2368 notos
975 2336 1020 2368 ibi
1046 2347 1085 2368 ex
1108 2347 1174 2378 quo
1211 2338 1329 2378 gemel-

331 2383 401 2418 los,
429 2392 580 2423 perquam
605 2378 732 2411 difficili
766 2387 859 2420 partu
884 2379 1006 2416 editos,
1032 2387 1125 2411 utero
1160 2380 1294 2421 gesserat
1316 2403 1329 2420 ‚

330 2424 465 2457 infantis
491 2434 598 2457 motus
623 2423 671 2455 vel
695 2433 792 2455 manu
816 2421 946 2454 admota
962 2421 989 2454 se
1003 2423 1185 2464 percipere,
1211 2426 1329 2457 confir-

331 2478 432 2501 maret
480 2479 561 2511 quos
586 2475 694 2499 motus
717 2464 783 2507 post
807 2466 988 2506 graviorem
1014 2465 1135 2506 lapsum
1160 2477 1234 2500 cum
1260 2479 1328 2500 am-

332 2512 415 2554 plius
440 2521 502 2543 non
528 2512 682 2546 sentiret,
708 2518 873 2541 mortuum
899 2509 958 2542 esle
984 2508 1102 2552 foetum
1136 2509 1242 2552 quoad
1277 2512 1329 2542 vi-

331 2565 406 2593 x1t3
432 2557 514 2586 vixit
541 2564 646 2586 autem
670 2561 732 2585 tres
756 2562 855 2584 annos
877 2563 950 2584 cum
974 2551 1115 2584 dimidio
1135 2564 1149 2592 ;
1181 2563 1245 2585 non
1268 2553 1329 2587 du-

332 2599 458 2632 bitabat
483 2620 489 2633 1
523 2607 652 2630 tumore
677 2596 798 2627 vrntris
829 2594 959 2627 duriore
983 2597 1116 2636 quidem
1142 2620 1149 2634 ‚
1188 2595 1237 2629 secl
1261 2598 1327 2639 pri-

334 2654 421 2676 mum
447 2653 512 2673 non
538 2641 614 2673 adeo
640 2637 840 2680 ponderosm
868 2649 1091 2678 permanente,
1114 2639 1225 2671 deinde
1250 2651 1326 2672 vero

334 2687 455 2720 mirum
483 2686 512 2715 'en
539 2683 670 2716 modum
697 2683 789 2714 aneto
810 2702 821 2719 ‚
852 2684 881 2713 ἃ
907 2681 1037 2714 molesto
1060 2708 1067 2714 .
1105 2682 1194 2715 Huic
1228 2683 1331 2725 igitur

335 2741 408 2763 cum
434 2729 572 2761 maxima
595 2725 805 2760 foetidiffimae
832 2736 922 2765 aquae
943 2726 1036 2767 copia
1062 2725 1254 2768 praegrandis
1278 2737 1331 2759 tu-

335 2785 406 2807 mor
430 2774 561 2810 insat,
588 2781 650 2803 non
675 2771 712 2802 ad
740 2777 888 2804 uterum,
913 2780 1009 2808 quem
1037 2770 1069 2801 in
1095 2771 1241 2811 vaginam
1275 2770 1331 2802 suo

337 2819 469 2859 ponder(
501 2815 675 2847 detruserat
703 2835 713 2849 ,
747 2810 798 2844 sed
822 2822 959 2844 omnino
990 2812 1027 2844 ad
1061 2811 1228 2845 dexterum
1254 2824 1331 2845 ova-

336 2862 420 2894 rium
447 2860 605 2894 attinens,
631 2857 720 2899 quod
744 2856 776 2887 in
802 2856 956 2888 rotundas
980 2855 1121 2896 capsulas
1147 2866 1253 2890 totum
1278 2856 1331 2888 ab·

337 2907 439 2942 ierat,
464 2900 608 2938 v=sc1d0‚
634 2911 668 2933 ac
694 2899 867 2940 purulento
891 2900 1015 2940 liquore
1050 2901 1196 2941 oppletas
1221 2925 1226 2932 .
1273 2900 1330 2932 Sed

338 2946 516 2988 Iongiffime
539 2955 699 2977 tumorem
727 2942 812 2975 hunc
836 2951 945 2975 tumor
972 2941 1097 2984 superat
1129 2944 1162 2975 in
1187 2944 1239 2976 Cl.
1266 2944 1331 2974 Ni-

338 2992 421 3024 colai
446 2989 540 3024 Wiln
566 2985 800 3021 Differtatione
825 2989 834 3024 (
856 2996 875 3026 g
900 2989 909 3024 )
935 2986 1085 3028 legendus
1107 3009 1115 3017 .
1140 2988 1226 3020 Cum
1249 2988 1334 3020 enim

340 3036 373 3067 in
400 3034 507 3066 Vidua
534 3030 646 3064 sensim
671 3040 791 3063 tumere
817 3029 959 3070 coepisset
985 3029 1140 3062 abdomen
1171 3056 1178 3069 ‚
1213 3031 1336 3063 viribus

340 3081 459 3111 interea
480 3106 481 3111 ,
507 3076 536 3106 &
552 3073 696 3113 appetitu
720 3073 879 3113 integris,
903 3075 1048 3113 corporis
1071 3072 1186 3106 habitu
1209 3085 1335 3106 nonca-

338 3121 505 3155 che-cvm„
535 3121 559 3150 ὃ
590 3119 672 3150 lotio
706 3114 878 3150 secundum
904 3126 1050 3148 naturam
1073 3114 1220 3161 fluente)
1240 3119 1335 3159 quin..

340 3177 402 3200 que
437 3172 594 3196 annorum
621 3161 726 3203 spatio
764 3169 918 3200 majorem
950 3161 983 3191 in
1024 3160 1142 3193 molem
1166 3162 1303 3193 accrevit
1328 3185 1336 3200 ,

339 3201 527 3248 i'nffqudem
552 3214 678 3241 tamen3
703 3214 774 3236 nam
801 3215 816 3234 a
839 3202 961 3235 dextris
985 3204 1335 3246 magjsfpromineban

340 3263 441 3293 nequa.
466 3260 538 3281 ,cum
563 3250 597 3280 in
621 3249 705 3280 lecto
730 3246 767 3279 de
794 3247 891 3278 latere
916 3248 948 3277 in
975 3247 1055 3280 latus
1069 3258 1334 3288 converteretur,

339 3295 439 3328 ullun*¹
467 3292 689 3325 fluctuationis
715 3290 839 3323 sensum
863 3287 999 3323 faciebat
1023 3314 1029 3321 .
1065 3290 1159 3331 Qin
1194 3302 1265 3324 cum
1288 3292 1336 3323 in·

339 3348 387 3370 tra
413 3347 511 3369 annos
537 3335 660 3376 aliquot
688 3334 726 3366 lic
761 3331 832 3365 esset
858 3336 987 3366 auctum
1012 3354 1020 3369 ‚
1057 3344 1090 3366 ut
1114 3335 1147 3365 in
1181 3344 1336 3376 perpetuo

340 3383 485 3421 corporis
511 3379 606 3418 paulo
632 3379 745 3410 altiore
770 3376 921 3408 decubitu
946 3376 983 3409 ad
1008 3375 1173 3417 spithamae
1198 3378 1342 3418 longitu—

339 3426 445 3457 dinem
470 3421 554 3455 insra
584 3432 684 3462 genua
709 3444 719 3459 3
756 3421 947 3460 procerioris
980 3420 1124 3461 alioquin
1159 3421 1302 3453 mulieris
1325 3442 1334 3457 ,

338 3466 574 3510 propenderet,
599 3475 654 3497 nec
680 3464 873 3505 pedeserant
898 3462 1036 3500 tumidi,
1062 3474 1117 3496 nec
1131 3463 1226 3497 facies
1251 3464 1335 3496 rnul-

691 216 852 270 Liber
887 215 960 273 V.
990 216 1075 268 De
1108 214 1358 268 addendis
1392 214 1462 267 ad
1496 213 1681 267 Libros
1714 214 2001 281 superiores

1389 303 1458 328 tum
1480 292 1632 330 decolor,
1656 303 1712 327 nec
1736 294 1895 336 appetitus
1916 290 2079 333 dejefflis,
2105 301 2162 328 nec
2185 295 2251 330 fitis
2275 297 2289 336 ,”
2318 300 2379 335 nisi

1388 338 1555 371 matutinis
1577 336 1687 374 horis,
1709 339 1740 370 δε
1764 336 1813 370 vel
1836 345 1912 370 tunc
1936 335 2014 367 levis
2037 359 2046 374 ‚
2078 346 2135 370 nec
2158 337 2281 374 febrilis
2306 344 2381 384 pul-

1386 382 1459 419 sus3
1484 380 1609 414 somnus
1635 391 1742 414 autern
1765 389 1893 422 pacatus
1910 402 1917 410 .
1943 378 2000 412 Sed
2011 378 2125 412 morbo
2149 381 2222 415 dein
2246 383 2286 418 acl
2299 385 2382 420 duo..

1384 425 1550 458 decimum
1572 424 1668 466 usque
1693 435 1811 456 annum
1836 422 2016 465 persistente
2040 446 2050 461 ,
2073 423 2246 460 abdomine
2271 437 2378 463 autem

1384 468 1485 509 magis
1507 477 1673 504 tumente,
1698 467 1845 509 pleraque
1857 466 1973 499 horum
1989 473 2110 499 mutata
2133 467 2204 500 sunt
2229 471 2354 505 tandem
2368 497 2381 513 ‚

1383 513 1414 544 &
1437 512 1583 553 quamvis
1609 524 1624 544 e
1648 509 1832 543 tumefactis
1857 534 1867 550 ‚
1901 507 2059 549 erolisque
2095 512 2230 551 pedibus
2266 526 2381 558 magna

1385 565 1477 596 aquae
1501 555 1548 588 vis
1573 554 1738 588 distillaret
1760 575 1770 591 ‚
1803 562 1913 586 ventre
1938 561 2043 585 tamen
2067 563 2132 585 non
2155 554 2378 592 detumescen-

1386 607 1442 636 te,
1466 597 1594 641 illisque
1617 608 1786 640 gangraena
1810 596 1967 638 correptis
1983 617 1993 633 ‚
2016 606 2101 629 mors
2124 597 2250 640 ingruit
2272 625 2280 634 .
2316 602 2382 635 Ni.

1386 639 1433 674 hil
1457 644 1589 683 aquaein
1616 650 1747 680 ventre,
1771 642 1804 673 in
1830 639 1983 675 thorace,
2007 639 2040 671 in
2066 641 2245 681 pericardio
2267 647 2382 680 inven-

1386 693 1457 717 tum
1482 684 1546 722 est5
1569 686 1702 717 immani
1727 682 1795 726 ejus
1817 683 1916 728 copia·
1935 685 2020 714 intra
2043 684 2285 721 membraneum
2311 688 2378 723 sac-

1384 739 1457 761 cum
1481 728 1617 760 omnino
1640 728 1788 761 conclusa
1808 752 1816 761 .
1849 727 1955 772 Cujus
1979 726 2059 774 sacci
2082 726 2202 768 duplex
2237 740 2304 764 erat
2327 742 2381 766 tu-

1387 772 1456 804 nica
1482 796 1490 810 ,
1514 774 1545 803 &
1569 773 1708 805 exterior
1732 770 1801 804 alba
1824 792 1833 807 ‚
1857 770 1952 802 crasla
1973 791 1985 808 ‚
2021 769 2176 812 fibrisque
2210 775 2379 809 tenacibus

1384 815 1574 856 compasta,
1596 826 1710 848 cavum
1734 825 1857 851 unum,
1883 813 1979 854 origo
2003 823 2085 851 una;
2111 816 2263 850 ovariun']
2288 820 2375 853 enim

1383 856 1548 891 dexterum
1572 859 1605 891 in
1630 867 1698 890 tarn
1723 859 1837 891 miram
1875 855 2123 898 amplitudinem
2156 869 2338 895 excreverat
2360 884 2373 902 ,

1383 902 1460 934 vasis
1485 902 1693 943 Spermaticis
1716 913 1787 944 quae
1813 900 1851 934 acl
1874 897 1978 941 ipsum
2004 900 2228 942 pertinebant,
2255 904 2376 940 duode-

1382 946 1477 986 cuplo
1500 956 1597 987 quarn
1621 945 1721 978 solent
1737 971 1746 984 ‚
1769 943 1992 978 craffioribus.

1431 1000 1477 1029 17.
1505 990 1542 1020 ln
1567 989 1675 1022 eadem
1697 999 1826 1031 quoque
1852 985 2083 1022 Dissertatione
2105 987 2192 1031 (h)
2226 991 2377 1027 collectas

1386 1032 1527 1065 invenies
1552 1042 1664 1071 notas,
1688 1043 1742 1073 per
1767 1042 1844 1073 quas
1867 1029 2011 1073 hydrops
2033 1031 2087 1066 hic
2120 1034 2272 1074 cognosci
2299 1057 2309 1073 ,
2342 1039 2375 1069 δε

1387 1078 1427 1110 ab
1451 1077 1540 1114 aliis,
1566 1077 1651 1109 uteri
1676 1074 1872 1117 praesertim,
1895 1072 2049 1116 distingui
2087 1074 2172 1118 posse
2203 1077 2346 1113 creditur
2368 1104 2379 1120 ,

1387 1129 1458 1153 tum
1481 1119 1580 1152 etiam
1603 1119 1685 1161 (i)
1716 1129 1812 1161 quarn
1848 1118 1955 1151 varius
1989 1119 2086 1151 variis
2117 1120 2150 1152 in
2185 1122 2377 1163 corporibus

1385 1164 1581 1205 reperiatur.
1606 1162 1690 1201 Quae.
1713 1164 1822 1195 omnia
1845 1171 1920 1195 curn
1945 1161 2109 1203 prodiretis
2152 1161 2228 1196 alias
2266 1189 2276 1205 ‚
2320 1175 2377 1200 aut

1383 1217 1468 1240 nunc
1493 1217 1508 1238 a
1531 1217 1581 1239 me
1604 1204 1756 1246 exemplis
1782 1205 1803 1237 si
1827 1202 1995 1242 conferass
2018 1204 2096 1248 quid
2119 1206 2378 1252 crebrius,quid

1379 1252 1481 1284 rarius
1505 1259 1574 1283 tum
1597 1250 1631 1281 in
1659 1248 1843 1282 viventibus
1859 1273 1866 1287 ,
1889 1257 1960 1281 tum
1983 1249 2016 1281 in
2043 1250 2183 1283 mortuis
2205 1262 2376 1293 occurrat,

1382 1295 1551 1336 perspicies
1577 1293 1727 1335 quidem:
1754 1292 1803 1325 sed
1828 1302 1891 1324 non
1916 1301 2082 1338 propterea
2100 1314 2110 1330 ,
2131 1291 2153 1325 si
2179 1303 2228 1326 me
2253 1295 2342 1329 audis
2364 1323 2376 1339 ‚

1380 1337 1558 1380 quidquam
1584 1347 1643 1378 pro
1666 1347 1755 1369 certo
1777 1337 1811 1368 in
1835 1334 1980 1376 diagnosi
2014 1335 2169 1370 affirmare
2208 1339 2341 1373 audebis
2367 1365 2380 1382 ,

1381 1381 1488 1414 multo
1513 1389 1616 1413 autem
1640 1380 1746 1412 minus
1768 1380 1806 1412 de
1831 1377 1951 1412 efficaci
1974 1399 1984 1414 ‚
2008 1379 2182 1421 praesertim
2206 1380 2374 1426 chirurgi-

1381 1436 1416 1456 ca
1438 1446 1447 1461 ‚
1470 1425 1636 1457 curatione
1661 1425 1848 1464 promittere
1871 1447 1879 1455 .
1911 1420 2084 1464 quuid
2108 1424 2195 1457 enim
2229 1423 2376 1462 scribant

1378 1467 1552 1505 nonnulli3
1576 1467 1732 1500 Eruditus
1765 1465 2007 1499 Differtationis
2031 1467 2159 1500 Austor
2193 1467 2259 1512 ipse
2291 1481 2377 1513 quo-

1375 1522 1438 1553 que
1461 1510 1575 1543 diserte
1598 1510 1717 1543 fatetur
1740 1512 1753 1548 (
1776 1508 1850 1551 k),
1873 1508 1994 1541 nullum
2017 1509 2204 1543 medentium
2226 1511 2373 1547 hacrenus

1371 1553 1504 1596 gloriari
1523 1552 1672 1599 potuiffe,
1689 1552 1723 1595 se
1747 1555 1779 1586 in
1801 1552 1933 1599 hydrope
1956 1551 2010 1584 hoc
2033 1553 2136 1586 orarii
2158 1553 2258 1587 multa
2277 1556 2376 1598 polli-

1375 1598 1472 1630 citum
1500 1596 1596 1640 fidem
1627 1595 1836 1638 adimpleviffe
1859 1608 1868 1627 .·
1899 1598 1931 1629 &
1964 1597 2112 1642 quamvis
2139 1596 2196 1629 ubi
2221 1597 2260 1632 de
2283 1611 2377 1642 para..

1376 1639 1493 1674 centeii
1520 1640 1670 1673 tentanda
1696 1640 1842 1681 loquitur
1865 1642 1879 1678 (
1901 1637 1913 1671 l
1936 1641 1972 1677 ),
1996 1638 2091 1681 hujus
2114 1650 2215 1682 neque
2239 1642 2348 1680 locum
2365 1669 2376 1686 ,

1379 1696 1480 1726 neque
1504 1684 1636 1717 modum
1657 1706 1670 1723 ,
1704 1694 1761 1716 nec
1798 1683 1956 1715 rationem
1979 1684 2139 1724 praecipue
2163 1687 2294 1719 omittat
2318 1699 2376 1721 cu-

1379 1728 1495 1765 randi,
1519 1735 1554 1760 ut
1579 1726 1718 1759 tumoris
1742 1727 1877 1768 parietes
1900 1726 1985 1757 inter
2018 1724 2047 1758 se
2080 1726 2256 1761 coalescant
2281 1726 2293 1766 i
2324 1739 2375 1764 ta-

1380 1782 1452 1804 men
1477 1772 1616 1812 primum
1639 1770 1787 1815 omniurn
1811 1777 1920 1802 monet
1944 1767 2110 1803 Medicum
2141 1790 2151 1806 ‚
2185 1773 2215 1804 &
2237 1771 2376 1808 Chirur-

1379 1826 1458 1857 gum
1481 1837 1494 1854 ,
1529 1824 1566 1847 ne
1589 1811 1715 1846 dubium
1748 1823 1816 1854 ejus
1838 1811 2014 1846 curationis
2046 1819 2191 1847 eventum
2210 1818 2375 1856 praedicere

1380 1858 1557 1891 omittant.
1582 1858 1688 1898 Urget
1725 1857 1838 1895 enim,
1860 1857 1891 1888 c&
1917 1855 2058 1889 inculcat
2091 1859 2104 1895 (
2126 1866 2157 1888 m
2180 1860 2191 1896 )
2226 1858 2307 1893 illud
2339 1861 2375 1893 in

1382 1902 1494 1943 primis
1520 1926 1530 1940 ‚
1564 1899 1650 1942 signa
1675 1898 1778 1933 adhuc
1812 1897 1983 1946 desiderari
2008 1910 2061 1941 per
2092 1911 2164 1943 quae
2187 1901 2374 1945 priusquam

1382 1956 1416 1978 ea
1440 1944 1631 1986 suscipiatur
1649 1968 1659 1982 ‚
1683 1943 1760 1976 scire
1785 1944 1875 1976 liceat
1898 1965 1908 1979 ‚
1945 1943 2023 1975 sitne
2059 1955 2139 1986 aqna
2164 1944 2251 1978 intra
2273 1957 2374 1981 unum

1375 1998 1490 2021 cavum
1513 1988 1670 2023 coneda,
1694 1998 1732 2019 an
1755 1985 1890 2028 dispersa
1913 1987 1946 2018 in
1970 1987 2058 2027 plura
2073 2013 2081 2020 .
2109 1986 2208 2022 Vides
2233 1998 2338 2023 autem
2360 2014 2374 2031 ,

1375 2032 1424 2064 vel
1449 2033 1537 2073 quod
1562 2039 1692 2064 venerat
1715 2031 1809 2063 nobis
1832 2032 1867 2062 in
1892 2039 2030 2063 mentem
2056 2030 2108 2072 (n
2131 2034 2146 2071 )
2169 2056 2178 2070 ,
2211 2043 2249 2066 ex
2284 2045 2373 2076 aquae

1376 2075 1587 2108 fluctuatione
1609 2084 1686 2108 tunc
1710 2073 1872 2111 sensibili,
1896 2084 1980 2107 nunc
2004 2084 2081 2107 vero
2094 2073 2180 2108 nulla
2203 2076 2236 2109 id
2260 2075 2374 2110 discri-

1376 2129 1448 2150 men
1473 2117 1635 2160 conjicere
1658 2141 1671 2157 ,
1702 2117 1841 2159 perlecta
1864 2117 1983 2163 Viduae
2007 2117 2174 2152 noviffime
2199 2120 2373 2161 propofitae

1377 2159 1509 2195 historia
1533 2160 1601 2205 esse
1616 2161 1727 2204 procul
1751 2160 1854 2194 dubio
1866 2160 2100 2201 abjiciendum.
2124 2163 2266 2197 Caeteras
2293 2165 2374 2198 mit-

1378 2215 1415 2238 to
1436 2205 1511 2238 satis
1535 2203 1786 2241 animadversas,
1808 2205 1839 2236 δε
1862 2205 1924 2236 tibi
1949 2204 2011 2237 alio
2034 2205 2109 2238 loco
2132 2217 2148 2238 a
2173 2216 2223 2240 rne
2247 2207 2373 2249 exposi-

1380 2256 1428 2282 tas
1452 2247 1685 2282 difficultates:
1709 2247 1827 2289 quibus
1858 2249 1968 2289 potius
2002 2259 2086 2282 nunc
2134 2250 2231 2283 velim
2278 2251 2373 2285 addas

1379 2303 1452 2334 quae
1475 2303 1513 2325 ex
1537 2291 1828 2325 observationibus
1849 2290 2022 2325 eliciuntur
2034 2291 2194 2326 Virorum
2208 2293 2258 2326 Cl.
2272 2296 2373 2328 Geor..

1380 2338 1428 2377 gii
1451 2334 1570 2369 Christ.
1605 2334 1751 2368 Brehmii
1785 2338 1799 2374 (
1823 2346 1839 2367 ο
1863 2337 1873 2372 )
1899 2355 1908 2371 ,
1941 2336 1971 2367 &
1995 2335 2147 2377 Stephani
2171 2338 2373 2380 Weszpremi

1381 2382 1395 2418 (
1415 2389 1437 2421 p
1459 2383 1498 2419 )‚
1520 2390 1656 2421 quarum
1679 2387 1827 2412 neutram
1852 2387 1942 2411 antea
1974 2380 2152 2413 memoravi
2177 2402 2185 2417 ‚
2217 2383 2372 2422 quoniam

1382 2421 1450 2455 haec
1474 2423 1518 2456 est
1553 2422 1615 2455 sine
1639 2422 1744 2455 morbi
1770 2421 1866 2463 fignis
1888 2443 1897 2458 ‚
1932 2421 1987 2455 illa
2022 2433 2094 2456 cum
2129 2423 2271 2465 plurium
2295 2426 2373 2459 Par—

1382 2467 1466 2499 tium
1489 2466 1611 2499 morbis
1634 2465 1675 2499 est
1700 2466 1893 2507 complicata
1916 2489 1923 2497 .
1955 2466 2049 2508 Quid
2083 2468 2167 2500 enirn
2190 2467 2373 2511 Chirurgus

1383 2517 1514 2550 ageret,
1537 2510 1560 2542 fi
1575 2531 1585 2546 ‚
1612 2518 1647 2542 ut
1673 2508 1846 2547 secundus,
1871 2519 2023 2550 magnum
2047 2510 2080 2543 in
2104 2510 2225 2544 saccum
2250 2512 2373 2546 incide-

1380 2562 1428 2588 ret
1449 2574 1460 2591 ,
1483 2563 1557 2585 curn
1581 2551 1700 2585 foetido
1724 2552 1860 2586 humore
1885 2564 1946 2585 non
1972 2564 2103 2594 parvam
2127 2557 2372 2589 concretionem

1380 2593 1497 2628 osseam
1519 2597 1761 2635 continentem,
1783 2607 1879 2638 quem
1903 2596 1940 2628 ad
1964 2598 2112 2630 ovarium
2137 2596 2298 2633 sinistrum
2323 2608 2373 2632 at-

1380 2638 1530 2676 tinuisse,
1556 2639 1689 2682 quidam
1713 2638 1798 2682 quasi
1823 2638 1983 2672 funiculus
2006 2638 2190 2673 ostendebat
2213 2653 2285 2677 cum
2311 2641 2374 2676 hoc

1383 2683 1561 2724 colligans,
1585 2682 1700 2725 majori
1725 2695 1763 2716 ex
1784 2691 1875 2724 parte
1897 2693 1958 2715 una
1981 2694 2054 2716 cum
2079 2686 2225 2726 proxima
2260 2685 2338 2719 tuba
2361 2709 2374 2726 ,

1383 2729 1413 2758 ἃ
1436 2726 1617 2767 ligamentis
1641 2727 1725 2760 uteri
1746 2724 1951 2768 μριιεῐεῑεκὲὶο,
1975 2729 2006 2759 &
2029 2726 2170 2761 lacerato
2194 2739 2204 2765 ;
2238 2738 2274 2762 ut
2297 2741 2371 2770 pro-

1384 2780 1462 2801 num
1487 2769 1560 2803 esset
1585 2770 1787 2811 intelligere,
1810 2769 1893 2804 unde
1915 2779 1988 2803 orta
2012 2770 2085 2804 eslet
2110 2772 2263 2812 Virginis
2286 2773 2375 2807 illius

1386 2813 1520 2846 ascires:
1548 2824 1599 2846 aut
1623 2814 1703 2854 quid
1728 2822 1834 2856 ageret
1856 2836 1866 2851 ,
1901 2812 2014 2854 sipost
2037 2825 2101 2847 non
2126 2825 2225 2856 pauca
2248 2815 2374 2851 Saccati

1385 2855 1542 2898 hydropis
1567 2856 1685 2889 indicia
1708 2879 1717 2893 ,
1754 2857 1840 2890 ferro
1870 2855 2061 2898 profundius
2093 2858 2126 2890 in
2159 2859 2373 2893 molliffimam

1383 2900 1519 2932 tumoris
1542 2907 1665 2942 partem
1690 2900 1820 2940 adaffito,
1844 2910 1941 2942 pauca
1964 2900 2126 2942 glutinosa
2149 2913 2251 2944 aqua,
2273 2902 2375 2945 hyda-

1386 2943 1468 2976 tides
1493 2952 1597 2976 autem
1634 2943 1780 2984 plurimae
1805 2944 1928 2976 exirent
1951 2955 1958 2974 =
1997 2954 2068 2985 quae
2102 2945 2170 2986 post
2194 2956 2331 2980 mortem
2356 2960 2374 2981 a

1389 2987 1543 3020 Brehmio
1576 2988 1713 3019 inventae
1752 2987 1822 3020 sunt
1855 2998 1985 3019 numero
2029 2998 2126 3030 prope
2158 2990 2375 3029 incredibili,

1387 3041 1459 3063 cum
1484 3028 1656 3064 craffiffima
1690 3029 1845 3063 scirrhosa
1864 3041 1961 3063 carne
1985 3029 2104 3071 singula
2128 3033 2260 3073 quidem
2293 3046 2372 3067 ova-

1389 3085 1433 3105 ria
1457 3075 1489 3106 in
1514 3074 1753 3115 magnitudinem
1777 3075 1904 3107 duorum
1933 3083 2104 3115 pugnorum
2135 3077 2338 3110 extendentes
2362 3084 2374 3118 ,’

1388 3117 1437 3149 sed
1462 3120 1492 3149 δι
1525 3119 1647 3150 ventris
1687 3128 1765 3159 pene
1788 3118 1898 3150 omnia
1921 3115 2038 3150 viscera
2059 3138 2068 3154 ‚
2103 3119 2133 3151 &
2157 3117 2371 3163 diaphragma

1387 3171 1514 3202 quoque
1537 3160 1733 3193 obsidentes.

1434 3204 1481 3236 18.
1507 3206 1612 3245 Igitur
1638 3205 1757 3237 Saccati
1790 3203 1949 3245 hydropis
1990 3214 2056 3237 non
2089 3205 2149 3239 alia
2184 3207 2375 3249 prudentius

1388 3249 1514 3280 curatio
1537 3246 1659 3280 laudari
1693 3247 1778 3290 posse
1802 3247 1929 3280 videtur
1955 3269 1967 3287 ,
2001 3259 2097 3289 quam
2130 3252 2261 3291 probata
2301 3252 2375 3286 alias

1389 3295 1399 3327 (
1424 3301 1441 3332 q
1464 3294 1477 3328 )
1511 3303 1526 3323 a
1552 3291 1645 3323 nobis
1669 3292 1832 3333 palliativa
1853 3315 1861 3323 .
1895 3291 1946 3324 Sic
1970 3292 2055 3324 enirn
2089 3292 2219 3333 saepius,
2243 3296 2274 3326 δε
2298 3307 2377 3338 pau-

1388 3335 1527 3367 cioribus
1549 3333 1683 3376 quidem
1698 3357 1706 3370 ,
1731 3332 1967 3377 levioribusque
1992 3346 2065 3368 curn
2088 3337 2304 3371 incommodis
2328 3341 2376 3372 vi-

1388 3387 1460 3409 vere
1483 3379 1601 3410 diutius
1625 3400 1633 3415 ‚
1669 3378 1853 3418 multosque
1878 3379 1915 3411 ad
1939 3389 2036 3411 annos
2072 3388 2246 3420 potuerunt
2271 3393 2374 3423 aegro-

1387 3428 1509 3457 tante53
1534 3421 1611 3461 quin
1636 3422 1731 3454 etiam
1756 3420 1852 3461 casn,
1876 3424 1905 3454 δι
1930 3431 2040 3454 natura
2062 3423 2268 3464 opitulante,
2291 3426 2377 3459 non‘-

1387 3473 1551 3505 nunquam
1576 3464 1676 3496 sanari
1704 3487 1711 3495 .
1747 3463 1833 3497 Vide
1864 3464 1901 3498 sis
1924 3464 2003 3507 quid
2028 3465 2177 3499 acciderit
2201 3466 2336 3510 Virgini
2361 3493 2372 3510 ‚

2243 3522 2334 3553 cnjus

399 3676 413 3704 (
429 3683 440 3698 c
454 3676 467 3703 )
485 3677 544 3701 Ob(⁴
564 3682 596 3699 11.
615 3674 666 3701 Cas.
686 3686 711 3702 1.
773 3675 781 3703 (
798 3673 814 3697 d
831 3675 841 3701 3
858 3673 952 3698 Differt.
969 3672 997 3697 de
1012 3672 1103 3698 infelici
1123 3673 1192 3703 hydr.
1211 3673 1293 3697 saccati
1312 3678 1389 3697 curat.
1450 3671 1460 3701 (
1476 3682 1487 3697 e
1505 3674 1518 3702 )
1533 3673 1607 3701 Epist.
1625 3675 1661 3702 38.
1679 3681 1701 3699 η,
1717 3680 1754 3705 63,
1772 3676 1796 3700 in
1815 3676 1855 3699 fin,

402 3706 410 3733 l
426 3704 440 3732 f
458 3711 463 3731 l
480 3708 573 3731 Differ-t.
591 3705 703 3737 inscripta
720 3705 858 3732 Gravidixas
876 3707 1012 3737 Apparens.
1074 3706 1117 3733 (g
1137 3708 1146 3731 >
1161 3705 1255 3728 Dissert.
1273 3703 1383 3732 inscripta
1401 3704 1653 3737 Stupendusnflbdom.
1669 3706 1766 3730 Tumor
1782 3716 1806 3730 n.
1826 3716 1846 3735 ς.
1905 3708 1919 3736 c
1936 3708 1950 3731 h
1967 3707 1975 3737 )
1992 3717 2017 3733 ῃ,
2034 3717 2056 3737 9,
2118 3711 2132 3740 (
2146 3710 2157 3734 t'
2171 3710 2185 3739 )
2201 3715 2226 3733 n,
2244 3716 2282 3734 10-

397 3735 404 3762 (
424 3735 439 3757 k
458 3738 469 3762 )
487 3746 507 3760 n.
529 3742 563 3760 16.
625 3738 637 3765 (
655 3740 663 3761 1
682 3744 692 3766 )
709 3747 732 3763 ῃ,
753 3739 785 3762 ,8,
847 3736 861 3764 ζ
876 3743 898 3757 m
917 3735 929 3762 )
948 3734 1008 3757 Ibid-
1026 3736 1047 3758 Sc
1065 3743 1086 3759 n.
1106 3739 1141 3759 16.
1204 3736 1218 3765 <
1233 3743 1248 3758 n
1264 3734 1276 3763 )
1294 3736 1366 3764 Epist.
1384 3736 1420 3764 38.
1438 3742 1462 3759 n.
1479 3739 1517 3764 64.
1535 3742 1560 3758 in
1577 3735 1617 3761 fin.
1677 3737 1690 3764 ί
1707 3746 1720 3761 ο
1738 3740 1747 3766 )
1764 3737 1856 3762 Dissert.
1873 3735 1900 3760 de
1919 3739 2060 3768 Hydatidib.

401 3767 409 3794 ί
425 3772 440 3793 Ρ
457 3766 470 3793 3
487 3767 545 3791 Obs.
564 3767 622 3790 Med
654 3777 663 3793 1
736 3772 774 3797 (q
792 3767 799 3797 )
818 3765 891 3795 Epist.
909 3768 948 3794 38.
965 3773 987 3789 n.
1005 3772 1043 3792 71.
