2498 4075
368 218 402 251 in
425 218 557 254 homine
577 227 717 261 unquam
742 216 888 260 vidisset3
912 216 1039 260 quando
1051 216 1195 259 alioquin
1206 217 1370 251 nihilma-

364 264 415 303 gis
439 264 524 295 inter
547 261 644 304 hujus
667 260 792 296 asseclas
815 262 861 297 est
881 265 1072 302 vulgatum,
1092 272 1189 303 quam
1211 260 1298 303 quod
1330 262 1369 293 li-

364 304 426 338 bro
449 307 493 339 V.
518 303 639 347 scripsit
662 306 697 338 de
722 306 808 340 Locis
828 304 971 346 Affetiis
994 306 1009 342 (
1031 315 1049 345 q
1073 306 1107 342 ).·
1127 303 1369 345 palpitationem

365 348 514 381 videlicet
538 348 639 381 cordis
662 355 719 380 aut
737 358 793 390 per
809 347 845 389 se
867 346 1010 385 evenire,
1034 354 1091 379 aut
1115 357 1184 380 cum
1213 346 1370 389 fignifica-

364 391 449 423 tione
472 390 627 432 quadam,
651 392 731 432 quod
753 391 784 424 in
805 391 932 424 humore
955 400 1006 422 cor
1039 388 1139 430 ipsum
1171 398 1333 423 moneatur
1359 403 1368 423 .-

362 442 457 475 neque
481 434 566 467 enim
587 435 704 468 mirum
727 434 830 466 videri
851 432 977 472 debere,
1001 439 1124 464 tantam
1136 431 1276 465 humoris
1287 432 1367 467 mul-

365 476 534 509 titudinem
561 476 715 510 cumulari
736 476 899 517 aliquando
921 476 953 509 in
977 474 1130 508 ambiente
1152 486 1204 508 cor
1227 477 1335 508 tunica
1356 500 1369 516 ,

366 526 403 551 ut
425 518 526 561 ipsam
540 544 552 561 ‚
578 530 614 553 ne
637 518 804 552 attollatur
826 519 974 561 impedire
994 518 1103 559 poffit3
1136 529 1209 551 cum
1232 541 1244 557 ,
1275 518 1368 552 sicuti

362 565 471 603 pergit
493 561 617 602 dicere,
640 565 672 594 &
697 562 871 604 plurimum
904 562 951 594 ibi
987 560 1154 593 humorem
1185 561 1302 593 viderit
1335 565 1368 595 in

361 599 503 639 diss'effis
527 605 746 644 animalibus,
769 607 798 637 ἃ
825 603 1016 647 hydatidem
1048 605 1081 635 in
1114 604 1202 636 simia
1224 627 1237 644 ,
1270 607 1299 637 ἃ
1334 606 1368 638 in

361 649 449 689 gallo
472 647 666 683 scirrhosum
689 658 871 686 tumorem,
896 648 973 680 unde
992 670 1005 686 ,
1028 646 1193 681 concludit
1220 673 1228 686 ‚
1263 648 1370 691 verifi-

361 690 467 725 milem
490 692 698 734 conjec‘luram
720 690 811 729 elici,
834 690 971 724 homines
996 689 1092 722 ctiam
1108 689 1269 732 fimilibus
1287 689 1370 734 poffe

358 731 525 779 affesl‘ibus
555 732 714 777 infestari.
741 733 900 766 Galerium
925 734 1029 775 igitur
1051 743 1115 765 non
1140 732 1239 766 modo
1259 733 1368 767 dehoc

358 776 478 810 morbo
501 788 566 811 non
589 776 717 818 prorsus
739 774 879 817 siluisse,
902 786 1012 809 verum
1036 777 1066 807 ἃ
1100 775 1251 818 sagaciter
1283 777 1368 811 hunc

355 818 547 864 conjecisse,
571 819 770 852 manifestum
795 818 860 855 est,
884 821 963 862 quin
990 819 1088 851 etiam
1105 828 1215 852 notam
1226 820 1364 863 aliquam

357 863 398 896 ad
421 863 526 904 ipsum
552 860 830 905 dignoscendum,
852 865 885 896 δέ
917 860 1078 904 quandam
1111 863 1270 896 rationem
1300 875 1365 907 qua

353 907 434 939 oriri
459 905 571 948 poffit‚
598 916 707 948 nempe
731 916 769 939 ex
792 906 894 947 ruptis
918 907 1001 938 intra
1026 905 1238 946 pericardium
1263 906 1364 950 hyda-

353 948 498 989 adibus,
523 949 606 983 mihi
655 949 785 990 uidem,
808 958 845 983 ut
867 949 969 990 postea
992 948 1153 982 ostendam
1174 954 1190 989 (
1211 961 1227 983 r
1249 955 1285 991 ),
1316 953 1364 983 vi-

354 994 451 1026 detur
475 993 615 1027 indicavi
644 1005 658 1026 e
674 1018 682 1028 .
708 994 780 1026 Pari
802 1001 907 1028 autem
930 993 1082 1036 aequitate
1105 992 1127 1026 fi
1149 1005 1222 1028 cum
1245 996 1363 1028 recenti

354 1036 513 1079 Medico,
537 1037 683 1079 alioquin
706 1036 828 1076 doeio,
851 1037 899 1069 uti
923 1048 987 1069 non
1012 1046 1103 1079 potes
1124 1061 1136 1077 ‚
1172 1038 1226 1071 cui
1258 1038 1364 1071 nescio

353 1079 522 1122 quomodo
545 1078 725 1120 exciderit,
750 1079 932 1123 hydropem
956 1079 1125 1122 pericardii
1149 1081 1181 1114 in
1205 1081 1363 1124 artificum

354 1125 456 1166 magis
480 1124 620 1157 inventis
633 1147 645 1163 ,
670 1134 764 1166 qnam
787 1132 906 1158 natura>
928 1123 1072 1164 operibns
1095 1125 1287 1165 quarendum
1317 1125 1361 1166 es-

345 1165 400 1208 se,
427 1175 459 1200 at
482 1176 566 1200 certe
591 1178 663 1202 cum
685 1167 789 1199 altero
813 1167 962 1209 egregio,
986 1170 1019 1202 &
1041 1167 1132 1208 supra
1155 1178 1171 1199 a
1186 1167 1360 1201 nobislan-

352 1208 430 1243 dato
455 1212 541 1243 Viro
565 1209 720 1252 agendum
744 1210 808 1250 est,
829 1211 884 1253 qui
910 1210 1088 1252 Hydropem
1110 1210 1287 1245 Pericardii
1308 1210 1359 1253 af-

342 1251 466 1297 feffitsm
489 1252 672 1296 rariffimmn
694 1251 752 1288 esse
774 1276 787 1293 ,
820 1252 984 1287 dumtaxat
1019 1254 1244 1295 pronunciavit
1265 1280 1272 1287 .
1307 1256 1359 1287 Sic

350 1298 438 1330 enim
461 1296 704 1338 intelligemus,
727 1294 813 1339 quasi
838 1295 989 1336 dixisset,
1013 1296 1202 1330 rarissimum
1225 1297 1281 1331 effe
1305 1309 1359 1341 per

351 1339 380 1373 se
404 1339 531 1378 solum3
556 1349 622 1372 non
645 1351 717 1373 cum
741 1340 813 1372 aliis
837 1338 979 1374 thoracis
990 1340 1110 1374 morbis
1122 1339 1355 1384 conjunfftum.

350 1386 438 1418 Cum
460 1384 511 1418 his
533 1385 704 1429 enim,qut
727 1384 831 1426 plnres
854 1384 935 1424 alii,
960 1385 1006 1416 ita
1030 1394 1087 1417 nos
1109 1395 1240 1428 quoque
1253 1384 1357 1427 saepis·

349 1428 424 1461 fime
447 1427 612 1465 vidimus,
639 1427 741 1461 solum
765 1436 870 1462 autem
892 1449 906 1467 ,
940 1426 1027 1469 quod
1060 1437 1145 1460 nunc
1177 1429 1359 1461 memineri-

349 1481 444 1513 mus,
469 1482 631 1513 nunquam
646 1496 653 1503 .
679 1471 789 1514 Quare
812 1473 844 1503 ἃ
866 1469 1099 1504 difficillimum
1122 1469 1164 1504 est
1187 1472 1359 1513 peculiaria

345 1514 413 1558 ejus
435 1513 520 1558 signa
544 1513 728 1551 decernere,
753 1516 785 1548 δε
809 1514 995 1556 diligentius
1019 1514 1089 1548 sunt
1113 1513 1178 1556 ejus
1212 1515 1359 1548 observa-

346 1561 451 1594 tiones
465 1582 478 1599 ,
500 1557 653 1600 fiquando
676 1557 760 1591 solus
783 1558 930 1597 inventus
952 1557 1018 1598 est,
1040 1557 1239 1592 attendendae
1272 1559 1357 1592 velut

346 1604 415 1638 hoec
440 1613 479 1634 ex
503 1600 650 1635 Valsalva
676 1600 803 1634 nostro.

393 1657 444 1679 21.
470 1645 555 1679 VIR
578 1642 733 1687 quidam,
755 1645 806 1678 cui
832 1644 871 1676 ab
895 1642 1004 1685 aliquo
1028 1643 1092 1688 jam
1124 1653 1271 1688 tempore
1303 1656 1358 1687 pe..

346 1689 399 1723 des
423 1688 579 1722 oedemate
604 1687 792 1728 tumebant,
817 1688 879 1720 levi
904 1688 1082 1729 corripitur
1105 1687 1286 1722 febricula.-
1309 1701 1358 1721 re—

348 1733 484 1776 spiratio
506 1730 646 1764 difficilis
671 1730 733 1771 fit,
754 1732 789 1764 in
811 1729 935 1773 diesque
960 1729 1127 1764 difficilior
1145 1756 1158 1772 ,
1190 1741 1226 1765 ut
1258 1733 1357 1765 cletta

347 1778 467 1810 cervice
489 1775 604 1820 spirare
617 1783 776 1818 cogatur.-
800 1773 883 1807 tussit
898 1797 910 1812 ,
932 1773 1141 1809 catari-halem
1153 1775 1276 1818 exspuit
1289 1786 1359 1808 ma-

346 1822 487 1859 teriam,
509 1819 686 1862 plurimum
710 1816 961 1859 sitit-Denique
984 1820 1143 1851 moritur.
1277 1820 1358 1851 CA-

346 1864 546 1900 DAVERE
569 1860 724 1903 diss'eeto,
747 1860 961 1906 pericardium
995 1872 1075 1905 aqua
1109 1861 1237 1905 plenum
1270 1864 1357 1895 inve—

350 1917 460 1944 intur.

397 1964 447 1986 22.
472 1952 570 1988 Nunc
591 1963 665 1985 vero
687 1961 720 1984 te
744 1950 921 1992 plurimum
945 1949 1079 1986 mirari,
1103 1948 1171 1982 scio
1195 1972 1208 1990 ,
1231 1949 1355 1982 nullum

349 1998 383 2030 in
408 1996 476 2029 solo
500 1995 670 2039 pericardii
695 1995 842 2037 hydrope
865 1992 988 2035 signum
1011 1993 1171 2035 legentem
1193 1994 1278 2035 quod
1305 1992 1356 2026 su-

346 2051 402 2083 pra
427 2050 491 2073 non
515 2040 625 2082 legeris
650 2040 682 2072 in
705 2038 814 2071 eodem
837 2048 909 2071 cum
934 2035 1077 2079 hydrope
1101 2036 1241 2070 thoracis
1277 2047 1356 2069 con-

346 2083 481 2128 junffiim
507 2083 575 2116 imo
597 2085 630 2116 δέ
653 2085 686 2115 in
711 2081 854 2124 hydrope
877 2081 1018 2114 thoracis
1054 2092 1070 2114 a
1095 2080 1265 2124 pericardii
1299 2078 1358 2124 hy-

348 2128 451 2170 drope
475 2125 640 2170 sejunffo.
675 2126 754 2167 Qo
778 2126 877 2166 magis
899 2124 1004 2157 credes
1024 2149 1032 2161 ,
1064 2135 1174 2158 verum
1207 2122 1356 2165 lcripfisse

349 2172 403 2204 Cl.
430 2171 616 2204 Graetzium
639 2170 672 2202 in
696 2167 925 2210 Disputatione
951 2166 1033 2208 (s)
1063 2179 1159 2210 quam
1183 2189 1192 2205 ,
1226 2164 1357 2200 Praefide

350 2213 577 2253 Hoffmanno,
599 2212 725 2252 edidit,
747 2223 820 2245 cum
844 2209 958 2249 diserte
982 2213 1133 2251 negavit,
1157 2210 1187 2243 se
1204 2219 1282 2252 pene
1305 2208 1355 2242 ul-

352 2261 382 2293 la
405 2256 623 2300 deprehendere
640 2256 727 2299 signa
752 2253 863 2296 quibas
885 2254 940 2287 hos
964 2253 1044 2287 duos
1068 2253 1228 2297 hydr-opes
1248 2251 1355 2291 distin-

347 2311 441 2346 guere
464 2300 525 2333 rite
545 2298 634 2342 poffit
658 2300 751 2332 ctiam
774 2296 1042 2339 exercitatzffimus
1065 2299 1227 2331 Medicus.
1270 2296 1351 2329 Haec

355 2355 461 2379 tamen
483 2346 642 2376 continuo
666 2341 819 2384 subjicit5
843 2341 898 2373 nii
913 2340 1027 2383 forsan
1049 2340 1256 2382 lipothymias
1281 2336 1354 2381 fre-

353 2388 551 2432 quentiores,
567 2385 709 2428 spirandi
729 2395 801 2417 vcro
824 2384 856 2416 di
860 2406 872 2426 J
888 2383 1037 2416 cultatem
1060 2383 1217 2416 mitiorem
1241 2383 1273 2414 in
1298 2381 1353 2423 lay-

353 2433 443 2473 drope
463 2428 631 2472 pericarclr'i
641 2451 653 2468 ,
675 2438 766 2470 qnam
789 2425 926 2459 thoracis
938 2423 991 2467 effe
1003 2448 1016 2465 ,
1039 2426 1109 2466 quis
1121 2425 1258 2470 dixerit,
1277 2433 1357 2465 prce-

353 2483 494 2516 certaque
517 2482 631 2514 agrum
651 2470 820 2513 peritas-dii
842 2468 975 2510 hydrope
1006 2466 1150 2512 affeti‘um
1177 2467 1359 2510 flubiuatio-

353 2529 405 2552 nes
428 2526 599 2559 aquarum,
622 2515 657 2548 de
679 2513 775 2547 latere
796 2514 829 2546 in
851 2506 936 2545 laras
949 2510 1239 2554 seseconnertendo
1251 2534 1263 2551 ,
1283 2510 1356 2543 adeo

355 2560 493 2601 distiniie
505 2580 517 2599 ‚
541 2568 577 2591 ac
600 2557 723 2600 quidem
746 2555 827 2589 alias
849 2556 880 2588 in
904 2554 1037 2596 hydrope
1060 2554 1197 2588 thoracis
1214 2552 1287 2596 fieri
1309 2552 1357 2594 as-

348 2605 451 2650 solet,
476 2613 533 2636 non
550 2600 670 2642 sentire
693 2598 851 2642 observet.
879 2598 986 2631 Solent
999 2605 1125 2638 tamen,
1147 2598 1256 2639 inquit
1270 2620 1280 2636 ‚
1307 2598 1356 2628 in-

353 2659 401 2681 ter
424 2647 518 2679 initia
543 2642 700 2686 hydropis
725 2641 896 2684 pericardii
916 2640 1098 2682 pleramque
1132 2640 1277 2674 cachexia
1309 2639 1357 2672 la-

354 2690 461 2724 borare
481 2687 637 2731 pituitosa
649 2710 661 2727 ,
683 2685 735 2719 nel
750 2684 927 2727 scorbutica
939 2707 951 2723 ,
977 2683 1096 2724 stipata
1121 2681 1240 2731 faciei·
1252 2681 1356 2731 plum-

353 2732 406 2768 beo
429 2732 550 2770 colore,
571 2730 693 2773 pallida
717 2728 897 2771 viscidaque
908 2727 998 2760 urina
1009 2749 1022 2766 ,
1045 2725 1298 2766 obstrut'lionzbus
1307 2736 1356 2758 vi-

349 2777 472 2820 scerum
495 2774 598 2808 variis
609 2796 622 2814 ,
638 2772 838 2817 funblionum
851 2770 987 2812 corporis
1000 2770 1114 2802 inertia
1126 2792 1137 2808 ,
1159 2769 1278 2802 virium
1290 2768 1357 2801 lan-

352 2829 467 2864 guore:
492 2817 645 2851 crescente
670 2825 775 2850 autem
799 2814 937 2852 morbo,
955 2812 1066 2855 pulsus
1086 2813 1177 2846 valde
1210 2812 1359 2860 diminui-

356 2871 412 2896 tur
423 2885 436 2901 ,
460 2862 549 2895 urina
567 2858 721 2901 pallida,
743 2860 869 2898 tenuis,
890 2866 989 2899 pauca
1014 2881 1022 2895 ‚
1049 2853 1232 2898 frequentes
1264 2862 1360 2887 inter-

355 2907 431 2939 dum
454 2902 667 2946 lipothymiae,
685 2902 804 2943 pondus
827 2912 878 2934 cor
887 2906 1082 2942 aggravans,
1106 2899 1143 2933 ὕ
1157 2898 1358 2939 constringens

350 2948 511 2992 sentitur,
537 2945 698 2989 respiratio
717 2943 812 2986 paulo
833 2942 935 2981 exiliit
957 2941 1130 2986 difficilior,
1146 2939 1251 2983 febris
1274 2940 1358 2990 lenta

355 3003 426 3026 cum
442 2990 500 3034 fiti
522 2989 605 3023 haud
628 2998 698 3021 raro
715 2987 898 3029 supervenit
913 3008 922 3023 ,
949 2995 1044 3028 atque
1066 2986 1131 3017 alia
1155 2996 1225 3026 qua:
1257 2993 1358 3016 omit-

356 3037 419 3076 tit,
441 3032 619 3068 truculenta
626 3042 640 3071 ,·
663 3040 700 3065 ut
724 3030 853 3063 morbus
876 3028 915 3062 ab
939 3029 1040 3062 initio
1062 3028 1357 3069 clanculumaggre-

355 3079 444 3112 diens
460 3101 470 3118 ,
492 3079 524 3110 &
541 3074 615 3118 succ
628 3073 705 3117 ffive
722 3072 892 3115 sensimque
913 3072 1033 3105 irruens
1056 3073 1090 3105 in
1124 3082 1192 3104 earn
1225 3069 1354 3104 demum

358 3134 428 3163 quae
463 3120 550 3154 dista
587 3084 652 3157 ess,
668 3116 919 3159 symptomatum
940 3114 1144 3150 acerbitatem
1177 3125 1320 3156 erumpat
1345 3141 1353 3147 .

357 3166 441 3204 Qae
463 3163 573 3197 omnia
594 3160 758 3200 recensui,
779 3169 817 3193 ut
841 3157 985 3192 conferas
1019 3169 1094 3192 cum
1126 3157 1268 3192 historiis
1291 3169 1354 3190 non

356 3207 456 3243 modo
480 3207 585 3240 allatis
609 3217 625 3239 a
649 3205 767 3244 nobis,
790 3210 844 3236 aut
867 3199 1054 3242 afferendis,
1079 3201 1130 3234 sed
1143 3201 1180 3234 ab
1195 3201 1358 3248 aliisquoT

383 3264 420 3286 ue
444 3248 639 3294 propositis,
663 3257 757 3291 atque
793 3245 870 3279 adeo
899 3256 973 3277 cum
1006 3257 1039 3277 ea
1076 3250 1085 3285 (
1109 3248 1159 3285 t)
1194 3257 1264 3287 quae
1297 3246 1356 3287 ipsi

356 3265 505 3330 graetzio
526 3291 721 3326 occasionem
744 3289 880 3333 praebuit
895 3289 985 3322 illam
996 3289 1257 3331 Disputationem
1283 3288 1357 3321 scri-

357 3337 472 3373 bendi.
501 3335 571 3370 Etfi
595 3334 806 3378 pericardium
830 3332 906 3366 adeo
929 3332 1090 3366 extensum
1111 3355 1120 3370 ‚
1155 3341 1191 3365 ut
1223 3340 1324 3379 totum
1346 3344 1355 3370 3

358 3380 400 3415 iic
423 3382 508 3414 enim
530 3381 596 3417 ait,
619 3377 756 3412 thoracis
781 3387 891 3410 canum
915 3374 1065 3416 repleret,
1090 3376 1129 3409 ab
1151 3386 1231 3417 aqua
1255 3376 1357 3409 suerat

358 3423 573 3466 ejuscemodi,
597 3432 668 3465 quae
701 3420 879 3454 universam
912 3418 1020 3451 cordis
1057 3421 1211 3453 extimam
1242 3418 1359 3451 faciem

358 3466 526 3507 exederat,
548 3465 689 3501 thoracis
714 3473 819 3498 autem
840 3473 953 3496 cavum
975 3472 1042 3495 erat
1074 3472 1240 3507 propterea
1272 3463 1361 3496 omni

950 138 1107 200 Liber
1141 137 1203 190 ΙΙ.
1236 138 1321 191 De
1355 138 1563 191 Morbis
1597 138 1860 194 Thoracis

1420 218 1489 249 sero
1510 227 1673 256 vacuum,
1696 217 1734 251 de
1757 217 1853 260 signis
1876 228 1981 251 tamen
2005 216 2073 251 haec
2096 215 2223 254 tantum
2246 221 2389 264 legimus
2409 225 2420 261 ,“

1420 270 1540 302 ccgrum
1560 262 1682 302 pondus
1699 262 1905 303 gravattvum
1928 263 1961 295 in
1982 260 2045 294 imo
2062 263 2200 304 pet't'oris
2215 263 2423 305 sentientem,

1420 302 1593 345 caterisque
1610 302 1878 346 symptomatibus
1899 304 2066 345 hydropem
2089 305 2227 340 thoracis
2260 307 2421 341 innuenti-

1420 344 1477 393 biis
1500 347 1553 378 din
1575 355 1747 392 potatum,
1768 346 1897 380 tandem
1919 344 2030 379 obiisse
2054 347 2138 389 quasi
2160 348 2292 396 hydrope
2314 349 2423 383 thora-

1418 400 1485 425 cis,
1511 396 1548 421 ut
1563 388 1790 432 judicabatur,
1811 388 2016 423 confestum.
2041 390 2143 431 Qod
2165 393 2188 424 11
2211 393 2250 425 ab
2272 404 2305 426 ea
2322 391 2423 425 disce-

1419 430 1469 463 dis
1495 431 1752 471 Observatione,
1776 435 1808 465 &
1832 432 2075 475 Sepulchretum
2097 435 2169 467 adis
2185 458 2195 474 ‚
2215 436 2250 468 in
2271 446 2336 477 quo
2348 436 2420 477 plu-

1422 485 1467 507 res
1517 474 1587 507 sunt
1633 475 1701 507 aliae
1747 474 1933 518 descriptae,
1953 475 2013 508 five
2037 488 2086 509 eas
2110 478 2259 520 inspicias
2282 480 2315 512 in
2345 479 2421 520 qui-

1421 517 1479 551 bus
1502 517 1563 551 alia
1586 529 1712 561 quoque
1736 519 1817 551 mala
1836 542 1849 558 ,
1881 522 1913 551 ἃ
1946 519 2140 554 nominatim
2169 521 2282 555 similis
2312 521 2420 556 cordis

1419 560 1521 593 exesio
1543 572 1615 594 curn
1638 572 1756 604 magno
1779 562 1948 603 pericardii
1970 561 2117 606 hydrope
2140 566 2353 606 proponitur,
2382 574 2420 597 ut

1421 605 1603 638 LXXXVI.
1630 606 1742 646 primae
1765 605 1799 637 in
1822 603 1884 638 hoc
1907 607 1953 639 Π.
1978 605 2062 639 libro
2085 608 2261 647 Sestionis5
2294 607 2419 643 urinam

1420 648 1553 689 quidem
1576 646 1669 681 fuisse
1680 672 1693 688 ‚
1715 647 1797 690 leges
1816 658 1972 690 paucam,
1995 647 2046 682 sed
2070 648 2228 684 turbidam
2247 674 2261 691 ‚
2283 655 2315 685 &
2344 650 2419 694 san-

1415 692 1542 732 guinem
1558 690 1796 733 scorbuticum;
1817 700 1849 724 at
1873 691 1966 724 missis
2004 692 2075 726 aliis
2097 704 2167 735 quae
2192 694 2256 726 alio
2287 695 2418 729 eviden-

1420 742 1470 764 ter
1493 734 1693 773 attinebant,
1716 744 1752 766 ut
1776 733 1886 767 dolore
1896 734 2012 768 sinistri
2024 734 2291 779 hypochondrii,
2315 750 2417 774 unum

1421 776 1547 809 restabit
1571 776 1710 816 asthma,
1733 777 1821 819 quod
1844 781 1876 810 ἃ
1912 789 1951 810 ex
1983 788 2071 820 parte
2103 779 2168 813 alio
2199 782 2377 823 pertinebat
2398 805 2412 822 ,

1418 819 1694 862 violentiffi‘mum
1719 819 1780 852 five
1803 832 1852 853 eas
1875 832 1999 863 quaeras
2020 823 2053 855 in
2088 823 2205 865 quibus
2239 823 2322 858 nihil
2356 824 2413 859 nisi

1418 864 1632 905 pericardium
1657 870 1853 897 memoratur
1878 864 2006 906 plenum
2036 867 2149 907 aquis,
2172 875 2226 900 aut
2249 869 2416 902 immanem

1416 908 1449 940 in
1474 914 1627 952 tumorem
1651 907 1788 944 elatum,
1808 907 1953 948 pluribus
1975 907 2066 941 libris
2096 920 2179 951 aquae
2215 909 2379 950 distentum
2402 921 2416 950 ς

1416 960 1477 992 pro
1498 950 1595 992 lignis
1617 951 1765 984 omnibus
1788 950 1856 984 haec
1880 952 2019 983 invenies
2033 974 2045 991 ,
2067 963 2117 985 cor
2138 952 2415 995 vehementerpal-

1411 991 1545 1036 pitaffe,
1569 1002 1623 1027 aut
1646 1005 1768 1036 aegrum
1790 993 1975 1035 jampridem
1994 993 2206 1036 palpitatione
2238 996 2383 1040 laborasse
2402 1021 2412 1035 ‚

1414 1037 1617 1079 &spirandi
1639 1036 1846 1080 difficultate,
1869 1048 1906 1071 ut
1930 1038 1962 1076 in
1985 1039 2013 1077 §.
2030 1047 2078 1070 1ο.
2103 1041 2175 1081 &4
2203 1038 2414 1074 Observatio-

1414 1080 1463 1112 nis
1485 1081 1572 1112 XXI.
1599 1080 1758 1113 Sefflionis
1783 1081 1883 1113 VIII.
1908 1081 1941 1112 in
1965 1092 2062 1123 quam
2073 1082 2273 1123 Sec‘tionem,
2295 1085 2413 1127 quippe

1411 1122 1450 1155 ad
1472 1124 1591 1156 Cordis
1616 1123 1865 1165 Palpitationem
1890 1123 2104 1165 spectantem,
2128 1126 2176 1158 vel
2200 1126 2303 1167 plures
2319 1138 2415 1169 quam

1412 1168 1445 1198 in
1468 1177 1536 1199 eam
1560 1167 1585 1198 I.
1612 1167 1716 1199 relatae
1741 1167 1811 1200 sunt
1835 1166 1993 1208 hydropis
2018 1166 2112 1210 hujus
2135 1167 2276 1202 historiae
2296 1194 2302 1200 .

1453 1220 1504 1252 23.
1531 1210 1697 1245 Quoniam
1723 1211 1759 1243 ad
1783 1208 1905 1251 fignum
1929 1219 2058 1244 ventum
2083 1210 2125 1244 est
2148 1234 2163 1252 ,
2193 1212 2309 1246 Galeni
2334 1236 2343 1251 ‚
2376 1222 2415 1247 ut

1411 1252 1501 1296 supra
1524 1255 1537 1290 (
1559 1264 1579 1285 n
1601 1256 1615 1293 >
1636 1252 1778 1286 diximus
1800 1253 1984 1296 conjectura
2007 1253 2185 1288 indicatum
2200 1266 2214 1295 ;
2234 1255 2271 1289 de
2296 1267 2356 1295 eo,
2380 1260 2414 1290 δε

1409 1295 1449 1329 de
1472 1296 1594 1336 altero,
1617 1296 1708 1330 simul
1732 1296 1880 1333 tradito,
1904 1297 2036 1338 quadam
2073 1296 2221 1331 videlieet
2251 1298 2413 1342 fignifica-

1409 1341 1513 1379 tione,
1538 1340 1616 1381 quod
1638 1341 1671 1372 in
1695 1339 1821 1373 hamore
1843 1351 1893 1373 cor
1926 1339 2027 1381 ipsum
2059 1350 2223 1375 moveatur
2241 1353 2254 1383 ,·
2288 1352 2326 1374 an
2364 1353 2414 1376 res

1409 1382 1520 1425 saepius
1543 1383 1593 1415 illi
1617 1382 1802 1426 respondeat
1827 1381 2037 1425 conjecsturae,
2060 1383 2231 1418 videndum
2252 1384 2313 1418 est.
2341 1386 2416 1419 No-

1408 1425 1467 1459 ster
1488 1426 1619 1469 quidem
1644 1428 1804 1464 Samniti,
1829 1436 1865 1460 ut
1889 1430 1922 1458 in
1956 1426 2162 1468 Sepulchreto
2197 1429 2254 1471 (x
2279 1432 2289 1467 )
2324 1428 2416 1463 vide..

1409 1471 1488 1509 bis,
1510 1468 1618 1503 cordis
1642 1482 1679 1503 ex
1703 1470 1766 1503 hoc
1791 1470 1907 1503 morbo
1930 1471 2119 1512 palpitantis
2142 1482 2215 1505 cum
2238 1470 2325 1514 signa
2356 1472 2411 1507 di-

1408 1523 1495 1547 ceret
1521 1513 1627 1555 pulsus
1649 1514 1813 1547 molliores
1827 1537 1838 1553 ,
1861 1514 2070 1556 spirationem
2095 1514 2319 1558 frequentem,
2341 1516 2415 1550 nul-

1409 1557 1474 1589 lam
1496 1555 1583 1589 fitim
1597 1580 1608 1595 ,
1630 1558 1742 1590 oculos
1763 1568 1944 1597 concavos,
1967 1566 2035 1589 tum
2054 1556 2173 1600 sentire
2196 1568 2297 1601 aegros
2308 1560 2413 1603 inpri-

1408 1602 1495 1638 mis,
1519 1599 1677 1640 tradidit,
1701 1611 1751 1633 cor
1774 1602 1806 1632 in
1829 1610 1909 1642 aqua
1941 1600 2027 1642 qnasi
2056 1609 2166 1634 natare
2194 1627 2204 1641 ‚
2238 1603 2333 1645 idque
2363 1614 2413 1636 re-

1408 1643 1490 1684 ferre
1514 1644 1645 1676 solitum
1669 1643 1726 1676 sibi
1752 1645 1927 1676 Patricium
1952 1644 2135 1684 venetum,
2159 1646 2413 1687 quiinpericar-

1410 1688 1459 1720 dio
1483 1696 1567 1728 aquae
1590 1697 1699 1729 magna
1724 1686 1811 1727 copia
1826 1710 1838 1726 ,
1862 1688 1894 1719 ici
1916 1687 1996 1727 quod
2014 1687 2111 1728 fetido
2133 1688 2260 1727 ostendit
2282 1711 2295 1728 ,
2326 1688 2413 1723 labo-

1409 1728 1517 1763 rabat.
1544 1730 1741 1763 Reimannus
1765 1739 1869 1762 autem
1892 1732 1957 1769 (y)
1980 1729 2033 1762 etsi
2060 1741 2098 1762 ex
2123 1730 2189 1763 alio
2211 1732 2331 1773 pariter
2353 1743 2414 1766 no-

1408 1773 1543 1807 strorum
1567 1771 1781 1806 Profefforum
1807 1773 1943 1812 sciebat,
1967 1772 2087 1806 sensum
2110 1773 2143 1806 in
2168 1773 2310 1816 quodam
2335 1776 2413 1809 Sene

1408 1816 1544 1853 eundem
1566 1815 1679 1855 suisse5
1704 1827 1820 1858 paucos
1845 1815 1902 1850 esse
1919 1838 1928 1852 ‚
1953 1818 2021 1856 ait,
2047 1815 2193 1851 homines
2216 1817 2319 1851 sensns
2342 1828 2412 1852 tam

1407 1860 1580 1902 exquisiti:
1608 1863 1638 1893 &
1664 1860 1734 1892 sane
1757 1861 1790 1891 in
1815 1869 1867 1892 tot
1892 1859 1988 1900 aliis,
2011 1871 2074 1892 non
2098 1861 2173 1892 dico
2185 1862 2413 1895 ratiocinatio-

1406 1905 1500 1937 nibus
1523 1906 1537 1942 (
1560 1915 1584 1947 z
1604 1907 1637 1944 >,
1664 1903 1713 1936 sed
1739 1902 2028 1936 Observationibns
2051 1905 2240 1944 memorari,
2265 1916 2329 1938 non
2364 1907 2413 1938 vi-

1406 1948 1536 1981 demus:
1561 1947 1814 1989 Palpitationem
1840 1956 1945 1980 autem
1969 1948 2002 1978 in
2029 1947 2088 1980 hoc
2111 1945 2227 1982 affestu
2251 1947 2413 1983 interdum

1408 1990 1528 2028 deesse,
1554 1990 1720 2032 produetis
1744 1989 1878 2023 ostendit
1904 1989 2066 2023 historiis.
2094 1990 2223 2035 Quibus
2247 1996 2256 2030 (
2282 2002 2318 2024 ne
2343 1991 2413 2025 for-

1408 2044 1438 2067 te
1463 2044 1600 2075 perraras
1623 2037 1736 2075 putes)
1760 2033 1827 2066 noli
1850 2033 1997 2066 oblivisci
2033 2043 2103 2067 tum
2136 2034 2227 2075 supra
2264 2046 2281 2067 a
2318 2036 2410 2071 nobis

1409 2077 1581 2118 descriptas
1606 2077 1783 2112 accensere,
1808 2075 2224 2118 tuminfradescribendas,
2249 2078 2385 2122 aliasque
2396 2104 2432 2120 ‚cc

1407 2118 1584 2163 praesertim
1609 2121 1644 2151 in
1669 2119 1914 2161 Sepulchretum
1947 2131 2073 2162 quoque
2108 2122 2194 2160 (a)
2228 2122 2340 2155 relatas
2372 2135 2412 2157 ex

1408 2162 1698 2198 Diemerbroeckio
1718 2184 1726 2199 ,
1751 2172 1882 2205 negante
1906 2165 1939 2195 in
1963 2164 2030 2196 ullo
2055 2165 2222 2205 omniurn,
2253 2177 2334 2208 quos
2365 2165 2411 2199 se—

1406 2209 1474 2241 cuit
1498 2206 1645 2249 hydrope
1667 2205 1730 2239 hoc
1764 2208 1863 2240 etiam
1895 2218 1961 2239 non
2002 2207 2210 2240 mediocriter
2244 2207 2373 2243 affectos
2399 2234 2411 2250 ‚

1406 2251 1505 2284 ullam
1531 2251 1653 2283 omnino
1677 2250 1780 2282 cordis
1801 2249 2042 2291 palpitationem
2066 2249 2181 2290 fuisse,
2213 2251 2264 2286 sed
2296 2261 2410 2285 contra

1409 2292 1594 2327 asseverante
1608 2318 1617 2333 ,
1637 2292 1764 2334 pulfhm
1787 2293 1966 2334 languidum
1982 2317 1995 2334 ,
2013 2306 2049 2326 ac
2072 2296 2220 2328 rariorem
2243 2295 2411 2339 inventam

1409 2337 1655 2380 palpitationem
1679 2343 1784 2367 autem
1808 2337 1944 2368 excitari
1963 2337 2072 2378 potius
2095 2349 2113 2370 a
2136 2338 2249 2380 quovis
2271 2339 2389 2381 liquore
2397 2364 2410 2380 ,

1410 2380 1464 2423 etfi
1488 2390 1606 2421 pauco,
1630 2379 1791 2412 dummodo
1816 2403 1823 2409 .
1840 2401 1848 2408 .
1863 2402 1870 2408 .
1886 2402 1893 2408 .
1918 2379 2025 2420 aliqua
2049 2379 2219 2414 vellicante
2253 2381 2409 2423 qualitate

1406 2434 1460 2456 eor
1483 2420 1624 2464 infestare
1643 2420 1752 2464 poffit.
1777 2422 1823 2454 Et
1845 2419 1968 2454 asseclas
1993 2423 2123 2463 quidem
2146 2424 2240 2456 habet
2263 2427 2411 2458 Dic-mer-

1406 2466 1579 2498 broeckius
1603 2476 1641 2497 ex
1664 2464 1897 2497 recentioribus
1921 2465 2049 2506 plures,
2074 2478 2113 2499 ex
2136 2467 2254 2508 quibus
2279 2477 2313 2502 ut
2345 2468 2411 2502 hoc

1407 2508 1546 2551 probant
1569 2519 1702 2547 omnes,
1725 2511 1772 2540 ita
1794 2508 1876 2541 illud
1901 2509 2001 2550 aliqui
2026 2508 2217 2542 confirmant
2240 2519 2409 2555 propterea

1407 2553 1482 2599 quia
1507 2563 1619 2595 magna
1643 2550 1859 2594 diuturnaque
1881 2554 1974 2592 copia
1998 2551 2138 2595 undique
2162 2554 2410 2598 alluentisaquae

1407 2595 1560 2629 fibrarum
1584 2594 1693 2628 cordis
1716 2598 1832 2628 tonu'm
1856 2597 1888 2627 &
1911 2594 2007 2628 robur
2031 2595 2169 2638 infringi
2193 2599 2325 2640 potius,
2349 2602 2410 2632 mi.

1407 2641 1461 2672 nui
1489 2651 1525 2672 ue
1541 2666 1549 2679 ,
1574 2650 1637 2671 non
1661 2637 1813 2671 dubitant
1828 2662 1835 2669 .
1861 2639 1982 2672 Verum
2006 2641 2037 2671 ὅ(
2063 2638 2313 2675 Observationes
2337 2642 2410 2677 sunt

1408 2694 1465 2715 cor
1491 2685 1517 2716 is
1542 2685 1575 2715 in
1601 2681 1662 2714 hoc
1689 2680 1833 2723 hydrope
1856 2692 1921 2713 non
1944 2682 2083 2715 vellicari
2121 2683 2222 2716 modo
2248 2708 2260 2724 ‚
2296 2685 2345 2719 sed
2378 2690 2410 2720 &

1408 2725 1511 2767 exesi,
1534 2728 1567 2759 in
1593 2725 1709 2769 quibus
1733 2725 1819 2758 nulla
1844 2725 2067 2766 palpitationis
2090 2725 2126 2759 fit
2148 2730 2270 2760 mentio
2292 2754 2300 2768 ,
2332 2741 2410 2771 qua-

1409 2769 1472 2802 lem
1497 2769 1708 2812 produximus
1732 2767 1823 2811 supra
1847 2770 1859 2806 (
1882 2768 1901 2800 b
1922 2772 1959 2808 )‚
1981 2768 2172 2812 qualesque,
2195 2772 2264 2804 imo
2288 2772 2410 2815 specsta-

1407 2812 1540 2845 biliores
1567 2815 1599 2845 in
1623 2811 1774 2844 Caesareae
1798 2811 1978 2845 Academiae
2004 2815 2161 2847 Centuria
2185 2814 2251 2847 JH.
2287 2819 2318 2849 ὃς
2345 2818 2407 2850 IV.

1410 2861 1419 2895 (
1444 2869 1459 2889 c
1484 2861 1494 2895 )
1519 2860 1551 2889 &
1575 2858 1607 2889 in
1633 2855 1842 2897 Sepulchreto
1864 2854 1934 2896 ipso
1969 2857 2022 2898 (d
2043 2861 2058 2896 )
2091 2859 2225 2900 reperies
2249 2882 2258 2896 ,
2297 2870 2411 2901 praeter

1409 2911 1476 2932 eam
1499 2911 1570 2942 quae
1593 2900 1683 2945 supra
1707 2902 1720 2938 (
1743 2909 1757 2932 e
1779 2902 1793 2939 )
1817 2898 1956 2932 indicata
1980 2900 2046 2933 est:
2072 2902 2106 2933 in
2129 2903 2244 2944 quibus
2279 2902 2300 2935 si
2325 2903 2410 2938 forte

1409 2941 1585 2976 erofionem
1610 2943 1710 2984 specie
1735 2943 1856 2984 magis,
1880 2953 1976 2984 quam
2002 2955 2032 2975 re
2047 2967 2060 2984 ,
2084 2944 2200 2985 fuisse,
2223 2945 2408 2989 suspiceris,-

1410 2995 1441 3017 at
1464 2987 1701 3019 vellicationem
1725 2986 1854 3021 saltem,
1888 2986 2100 3020 molestiamve
2139 3000 2155 3021 a
2189 2990 2310 3022 circum
2346 2990 2410 3024 hae-

1407 3038 1494 3062 rente
1517 3030 1648 3062 materia
1671 3028 1759 3062 cordi
1785 3028 1867 3062 hand
1891 3028 2022 3063 defuisse
2039 3053 2047 3068 ,
2072 3031 2200 3065 fatearis
2223 3057 2230 3065 .
2258 3035 2410 3067 Innume-

1406 3084 1448 3105 rae
1472 3083 1578 3106 autem
1601 3072 1850 3105 Observationes
1875 3071 1969 3114 sunt;
1991 3074 2078 3117 quod
2111 3076 2240 3118 ignorat
2278 3088 2374 3110 nemo
2398 3090 2408 3118 ς

1406 3118 1438 3148 in
1462 3118 1576 3159 quibus
1599 3127 1672 3150 curn
1696 3115 1903 3157 pericardium
1925 3127 2004 3158 aqua
2028 3129 2170 3160 careret,
2192 3120 2284 3162 longe
2307 3121 2409 3162 alios,

1406 3160 1574 3204 variosque
1614 3158 1742 3192 morbos
1772 3161 1927 3192 comitata
1965 3171 2029 3194 crat
2061 3162 2167 3196 cordis
2202 3164 2375 3206 palpitatio
2398 3189 2407 3197 .

1407 3203 1512 3245 Cujus
1536 3205 1580 3237 rei
1605 3201 1780 3236 meminisse
1803 3212 1936 3246 oportet
1958 3205 2214 3249 quandocunque
2237 3207 2300 3241 hoc
2324 3208 2410 3251 sym-

1408 3257 1519 3289 ptoma
1544 3258 1616 3280 cum
1640 3247 1808 3288 pericardii
1833 3246 1979 3289 hydrope
2014 3248 2223 3292 conjunctum
2257 3251 2376 3294 legitur
2399 3257 2412 3286 .‘

1408 3293 1542 3333 Legitur
1565 3299 1668 3324 autem
1685 3290 1853 3336 *persaepta
1882 3291 1968 3323 Nam
1993 3303 2003 3330 3
2036 3303 2072 3326 nt
2096 3293 2167 3326 aliis
2191 3304 2255 3327 non
2278 3304 2411 3329 utamur

1408 3335 1561 3377 exemplis
1589 3356 1598 3371 ,
1637 3333 1693 3365 nisi
1717 3345 1788 3376 quae
1810 3335 1842 3367 in
1867 3335 2085 3369 voluminibus
2109 3336 2249 3377 prostant
2274 3338 2409 3372 laudatae

1409 3378 1558 3410 Caesareae
1580 3375 1762 3410 Academiae
1783 3400 1796 3417 ,
1829 3389 1928 3420 neque
1961 3380 1994 3412 in
2027 3378 2269 3422 Sepulchretum
2300 3382 2410 3416 referri

1412 3429 1608 3462 potuerunt3
1633 3420 1801 3463 quinquies
1825 3423 1913 3464 (f)
1948 3421 1983 3455 id
2017 3424 2157 3456 invenies
2190 3426 2376 3459 adnotatum
2396 3451 2406 3458 .

1414 3463 1473 3497 Sed
1492 3464 1661 3506 quinquies
1685 3465 1800 3506 pariter
1823 3466 1986 3506 invenies,
2008 3465 2100 3499 simul
2124 3475 2178 3500 aut
2201 3470 2339 3501 Aortam
2362 3480 2411 3503 ar·

2254 3520 2368 3545 teriam

852 3658 866 3687 (
879 3657 918 3687 f)
934 3656 963 3682 de
980 3657 1057 3687 Hydr,
1074 3657 1190 3682 Pericard.
1209 3656 1231 3687 §.
1248 3665 1273 3683 a.

1336 3657 1350 3686 (
1366 3663 1377 3680 t
1392 3658 1406 3687 )
1422 3657 1448 3682 in
1466 3656 1605 3685 prooemio,
1623 3657 1646 3681 Sc
1679 3656 1702 3687 §.
1721 3666 1741 3686 3·
1758 3658 1809 3685 ejus
1825 3657 1917 3687 Disput¹

1978 3657 2144 3689 (ulmzo.

419 3659 531 3719 ἓὲἒῗ.
546 3667 570 3713 ἒ,
586 3690 608 3712 S.
626 3658 649 3712 ἑ.
667 3689 726 3713 Obs.
743 3697 756 3712 2
867 3696 884 3718 y
900 3688 914 3717 )
930 3687 983 3712 Ast.
1000 3690 1033 3712 N.
1051 3690 1079 3713 C.
1098 3690 1172 3713 Tom.
1194 3695 1212 3711 1.
1232 3687 1291 3711 ΘΜ,
1309 3694 1363 3717 170.
1426 3690 1440 3718 (
1456 3697 1474 3718 ζ
1489 3690 1501 3720 )
1518 3694 1544 3712 ut
1560 3689 1680 3716 Sepulchr.
1697 3688 1739 3712 cit.
1758 3690 1779 3713 S.
1799 3691 1820 3713 8.
1838 3688 1862 3712 in
1878 3688 1956 3713 Schol.
1973 3690 2003 3712 ad
2019 3688 2078 3712 Obs.
2095 3697 2130 3713 21..
2151 3690 2173 3719 §.
2190 3699 2210 3719 4.

419 3722 433 3749 (
449 3728 464 3744 a
478 3724 489 3747 )
505 3718 568 3744 Sezt.
592 3719 642 3742 ead.
659 3721 683 3743 8.
700 3719 758 3742 Obs.
774 3725 810 3742 22.
873 3719 880 3749 (
898 3718 911 3741 b
927 3718 941 3748 )
958 3727 982 3742 n.
1001 3726 1036 3746 17.
1098 3720 1112 3748 (
1128 3728 1139 3742 c
1157 3724 1164 3749 )
1181 3717 1238 3742 Obs.
1261 3725 1312 3746 ¹4¹·
1375 3719 1420 3747 (d
1438 3720 1484 3747 )1.
1500 3726 1524 3741 2.
1542 3720 1564 3742 S.
1582 3726 1602 3741 ²..
1622 3718 1681 3742 Obs.
1700 3727 1720 3749 3Δ
1741 3727 1796 3743 cum
1816 3720 1895 3743 Sehol-
1960 3721 1995 3743 (e
2011 3719 2024 3748 ζ)
2040 3727 2062 3744 n.
2080 3728 2114 3744 ια.

423 3750 488 3780 (f)
504 3752 563 3775 Dec.
581 3757 602 3778 3-
620 3751 650 3774 A.
667 3759 687 3779 5.
705 3748 766 3773 Obs.
785 3756 837 3778 154·
854 3751 926 3774 cent.
942 3752 965 3774 6.
983 3748 1040 3773 Obs.
1060 3757 1096 3779 5¹·
1114 3750 1166 3775 At}-
1183 3751 1257 3774 Tom.
1275 3748 1298 3773 ’1.
1315 3749 1374 3774 Obs.
1394 3758 1446 3779 ¹70·
1462 3751 1534 3774 Tom.
1553 3756 1574 3781 ²:—
1592 3750 1648 3773 ΟΜ.
1666 3758 1689 3779 7.
1707 3751 1780 3774 Tom.
1798 3754 1821 3773 ⁶.
1839 3749 1897 3773 obs.
1918 3756 1967 3780 143,
