2498 4075
435 215 535 263 270

359 277 429 320 est7·
454 280 506 313 sed
530 279 655 321 aliquot
677 279 756 312 locis
778 279 953 312 dilacerata
968 301 980 318 ,
1001 286 1069 324 aut
1082 279 1192 319 erosa,
1218 292 1272 323 per
1295 280 1361 314 haec

359 334 395 354 ea
420 324 532 364 copia,
555 333 657 364 eoque
680 323 803 364 impetu
830 322 1015 364 sanguinem
1039 333 1199 364 ejecerat,
1224 332 1258 356 ut
1292 335 1364 365 par-

360 367 421 398 tim
445 364 605 404 corrosis,
628 366 745 405 partim
771 364 959 398 cedentibus
984 364 1135 399 musculis
1157 389 1168 406 ‚
1215 368 1328 408 ingens
1352 392 1361 406 ‚

361 418 399 440 nt
421 409 584 446 diximus,
607 418 723 440 cavum
748 407 896 440 effecisset
914 430 921 443 ‚
946 408 1104 450 illumque
1127 409 1231 452 ipsum
1262 421 1359 452 quem

355 453 623 487 memoravimus,
648 461 785 485 nervum
809 451 851 482 sic
878 450 1036 490 erosisl‘et,
1062 455 1117 484 vix
1143 463 1177 486 ut
1201 464 1306 492 paucae
1320 452 1360 486 fi-

353 494 418 527 brae
442 493 657 536 superessent,
681 504 737 534 per
760 504 837 535 quas
862 495 1006 535 superior
1029 495 1094 534 ejus
1118 507 1188 537 pars
1211 507 1283 529 cum
1308 497 1358 528 in-

354 537 470 570 feriore
492 538 773 569 committeretur.
798 536 837 569 Id
861 548 955 569 omne
979 549 1092 571 cavum
1105 540 1277 581 coagulato
1289 538 1356 571 san-

352 581 470 622 guine‚
494 583 523 612 &
550 579 734 622 polypofis‚
759 587 794 612 ut
819 579 1011 614 videbantur
1035 603 1044 618 ‚
1091 583 1354 616 concretionibus

353 623 482 665 plenum
507 634 596 656 erat.

395 677 442 698 12.
459 665 619 699 Dissectio
628 667 754 699 causam
769 668 918 708 ptaeclare
928 667 1068 701 ostendit
1080 680 1191 702 eorum
1205 670 1351 703 omniurn

347 720 418 750 quae
432 709 533 742 homo
548 710 679 752 pertulit
690 733 697 739 .
717 711 802 743 Nam
817 711 986 754 postquam
1001 712 1188 753 aueurysma
1201 723 1239 746 ex
1250 713 1360 755 legiti-

349 763 402 784 mo
418 754 450 785 in
463 753 607 794 spurium
620 775 628 789 ‚
642 763 677 785 ut
690 751 832 794 spurium
846 754 976 796 quidem
990 756 1131 797 plerique
1142 756 1329 797 intelligunt
1344 778 1355 794 ,

346 795 550 836 degeneravit
566 821 574 835 ‚
599 797 631 829 id
656 795 696 828 est
719 796 860 830 dilatata>
886 800 1009 830 arteriae
1033 802 1149 832 tunicae
1170 809 1353 841 perruptae,

346 848 400 871 aut
426 839 520 872 erosae
544 840 729 879 sanguinem
754 839 915 873 effundere
941 844 973 874 in
992 841 1147 875 viciniam
1159 853 1327 884 coeperunt
1343 869 1351 883 ,

351 882 415 924 jam
439 893 539 923 neque
552 894 586 915 ea
601 885 652 919 vi,
678 893 780 925 neque
792 885 929 925 eacopia
955 885 1095 927 reliquus
1120 886 1246 928 sanguis
1273 888 1352 918 mit-

351 926 376 957 ti
401 927 510 967 potuit
535 927 568 958 in
594 925 747 966 subjectas
772 935 897 968 partes,
920 939 990 970 quae
1015 931 1063 961 vis
1080 950 1089 965 ‚
1111 932 1142 961 δε
1165 930 1259 971 copia
1303 941 1351 962 re-

344 971 520 1011 quiruntur
545 967 582 1002 ad
607 967 795 1002 servandum
820 969 885 1010 ejus
909 971 1094 1012 expeditum
1120 985 1176 1014 per
1200 984 1292 1006 venas
1303 985 1352 1005 re-

343 1014 468 1045 ditum:
493 1012 569 1044 hinc
592 1021 676 1045 artus
704 1015 828 1046 oederna
851 1037 857 1043 .
897 1013 1027 1047 Effusas
1073 1027 1179 1049 autem
1226 1016 1351 1057 sanguis

341 1056 418 1089 dum
444 1055 604 1089 musculos
627 1068 642 1088 a
668 1055 817 1089 musculis
842 1057 1044 1096 diducendo,
1067 1071 1141 1093 cum
1175 1060 1352 1101 interjec'tis

344 1099 535 1132 membranis
559 1100 707 1132 nervulos
731 1100 821 1133 simul
843 1100 1001 1134 lacerabat
1017 1127 1025 1141 ,
1051 1113 1105 1136 aut
1128 1102 1323 1137 distrahebat
1340 1126 1349 1141 ,

339 1143 468 1175 dolores
492 1143 643 1182 creabat,
671 1142 721 1175 sed
745 1143 846 1176 levius
871 1144 1038 1181 ferendos,
1061 1157 1155 1187 quam
1181 1147 1235 1180 ubi
1260 1147 1351 1179 deni-

338 1197 400 1227 que
426 1186 462 1219 ad
486 1185 704 1219 craffiffimum
729 1187 823 1220 illuni
848 1198 984 1221 nervum
1031 1189 1151 1222 acceffit
1174 1212 1184 1228 ‚
1221 1190 1348 1231 jamque

338 1240 430 1262 mora
454 1232 559 1262 acrior
583 1227 682 1261 facins
708 1232 809 1272 coepit
834 1230 963 1263 erodere
981 1255 989 1262 .
1014 1233 1162 1266 Tandem
1188 1234 1244 1266 ubi
1277 1244 1348 1265 nei·-

337 1283 395 1304 vus
419 1271 516 1314 usque
543 1273 621 1304 adeo
648 1273 754 1305 exesus
778 1272 821 1305 est
838 1298 846 1312 ‚
871 1273 954 1306 unde
999 1276 1081 1307 rami
1126 1276 1192 1310 fere
1236 1288 1346 1309 omnes

336 1317 532 1356 proveniunt
559 1315 737 1352 sentiendi,
774 1318 992 1359 movendique
1035 1316 1225 1353 facultatem
1271 1320 1345 1360 pedi

336 1357 527 1397 afferentes‚·
549 1356 684 1391 facultas
708 1368 845 1401 utraque
871 1361 903 1392 in
929 1360 988 1393 hoc
1013 1363 1133 1401 periit,
1159 1364 1178 1396 si
1205 1375 1276 1397 eum
1288 1374 1344 1395 ex-

334 1403 436 1443 cipias
460 1402 569 1435 locum
593 1403 650 1443 qui
676 1413 775 1444 prope
801 1402 986 1437 malleolum
1011 1406 1174 1440 internum
1199 1407 1240 1440 est
1262 1418 1275 1446 ‚·
1306 1406 1343 1439 ad

334 1444 421 1477 hunc
443 1446 530 1478 enim
558 1446 665 1478 locum
691 1457 796 1478 ramus
819 1447 958 1488 pertinet
982 1449 1039 1489 qui
1063 1459 1127 1481 non
1153 1450 1342 1484 aPos'terio-

333 1498 370 1520 re
398 1488 477 1528 illo,
502 1488 551 1522 sed
575 1489 614 1521 ab
636 1491 816 1523 Anteriore
841 1500 941 1522 nervo
966 1491 1097 1523 Crurali
1143 1492 1306 1535 profectus
1332 1517 1342 1532 ,

332 1531 412 1564 solet
437 1531 615 1575 Saphenam
641 1543 752 1565 venam
778 1534 1089 1567 comitari.Caetera
1104 1537 1270 1578 quomodo
1295 1537 1343 1569 as-

333 1573 440 1608 fiduos
489 1576 615 1609 dolores
662 1576 770 1608 secuta
818 1577 882 1608 sint
915 1599 924 1614 ,
985 1579 1144 1619 explicare
1189 1591 1253 1613 non
1301 1580 1343 1613 est

330 1630 433 1660 opus.
460 1619 587 1652 Praestat
612 1630 651 1651 ex
674 1618 827 1654 illorum,
852 1620 1030 1663 mortisque
1061 1622 1157 1664 ipsius
1190 1624 1343 1657 consecu-

332 1666 423 1695 tione
447 1662 704 1696 animadvertere
722 1687 729 1698 ,
754 1662 810 1694 ubi
845 1665 1066 1703 aneurysmata
1114 1666 1163 1698 vel
1213 1677 1342 1700 externa

330 1708 458 1745 nervis,
483 1714 537 1738 aut
562 1706 635 1738 aliis
673 1707 755 1737 acris
790 1705 892 1737 sensus
917 1709 1060 1747 partibus
1085 1710 1233 1749 proxima
1259 1710 1341 1747 sint,

334 1749 459 1782 tametsi
486 1760 539 1790 per
550 1748 997 1790 disruptionem&sauguinis
1021 1750 1239 1791 profusionem
1253 1753 1343 1785 illico

330 1803 395 1825 non
407 1792 555 1825 occidant
565 1814 573 1829 ,
590 1803 643 1834 per
655 1791 866 1824 acerbiffimos
879 1803 981 1825 tamen
992 1795 1150 1827 cruciatus
1163 1796 1344 1832 interficere

330 1836 462 1869 demum
487 1834 590 1876 posse.
615 1835 717 1877 Quod
742 1834 804 1867 tibi
830 1835 1071 1870 confirmabunt
1096 1861 1108 1876 ,
1142 1848 1257 1879 praeter
1291 1841 1339 1872 lii-¹

332 1879 463 1913 storiam
487 1890 584 1921 quam
609 1889 707 1918 nuper
732 1879 800 1910 vidi
824 1890 839 1911 a
863 1879 1035 1912 Guattano
1057 1883 1071 1919 (
1090 1892 1112 1921 g
1135 1885 1149 1920 )
1182 1882 1302 1915 editam
1329 1905 1338 1918 ,

327 1934 403 1956 cum
426 1922 484 1956 hac
510 1924 670 1956 Valsalvae
694 1920 941 1963 conferendam,
966 1925 1112 1966 quaedam
1138 1924 1185 1957 M.
1211 1926 1338 1958 Aurelii

329 1967 471 1999 Severini
496 1965 551 2008 (h
573 1969 588 2005 )
609 1966 641 1997 in
665 1976 769 2006 graeco
793 1964 949 2005 homine,
974 1971 1004 2000 ἃ
1030 1968 1063 2000 in
1088 1967 1194 2001 sutore
1219 1969 1338 2002 Obier-

330 2012 494 2043 vationes.
520 2009 578 2041 Sed
600 2020 696 2051 quam
722 2007 771 2041 his
796 2009 987 2051 interjecit,
1023 2010 1259 2052 aneurysmatis
1303 2014 1336 2045 in

326 2054 482 2087 Anselmo
507 2054 634 2094 Pagano
659 2050 938 2094 descriptionem,
964 2062 999 2087 ut
1032 2054 1172 2086 libenter
1219 2055 1302 2096 leges
1327 2080 1336 2095 ,

327 2099 450 2139 quippe
475 2096 565 2132 sede,
590 2094 839 2136 magnitudine,
864 2098 894 2128 δε
919 2096 1077 2138 ειεῌυηᾶἱε
1092 2097 1249 2139 plerisque
1262 2101 1336 2132 aliis

326 2152 401 2173 cum
427 2153 464 2174 eo
485 2139 573 2182 quod
597 2139 695 2172 modo
718 2151 757 2171 ex
771 2139 919 2172 Valsalva
937 2140 1137 2182 propositum
1161 2141 1203 2174 est
1218 2165 1225 2178 ‚
1249 2154 1335 2175 com-

329 2185 484 2226 parandi;
509 2184 553 2215 ita
578 2193 652 2216 cum
677 2181 819 2224 ejusdem
846 2194 944 2224 prope
990 2184 1060 2217 dixi
1107 2185 1331 2218 incredibilem

328 2229 530 2260 curationem
554 2226 779 2268 perpenderis,
806 2226 972 2259 miraberis
996 2228 1173 2269 plurimum
1196 2253 1205 2267 ,
1247 2230 1331 2262 inter

327 2271 530 2313 problemata
555 2269 646 2310 super
670 2268 728 2301 hac
753 2268 791 2301 ab
816 2271 965 2303 Severino
997 2271 1155 2312 explicata
1180 2294 1190 2309 ‚
1221 2274 1331 2314 praeci-

328 2325 428 2356 puum
452 2313 532 2347 illud
556 2324 619 2345 non
645 2311 733 2344 fuisse
757 2312 949 2350 dilucidius,
975 2317 1005 2346 δι
1039 2316 1218 2348 accuratius
1250 2327 1329 2348 eno-

327 2357 458 2394 datum,
484 2358 640 2389 nimirum
663 2353 905 2398 computrefaciia
920 2379 929 2393 ,
966 2354 1110 2399 dissoluta
1133 2380 1141 2394 ‚
1187 2356 1331 2401 dz'ffrafft‘a

328 2399 419 2442 juxta
442 2402 560 2442 inguen
585 2399 729 2431 Cruralis
757 2400 871 2431 arteria
895 2400 1061 2442 quomodo
1095 2410 1240 2442 potuerit
1278 2402 1334 2435 acl-

327 2446 413 2477 rnoti
436 2445 520 2485 ignis
545 2443 575 2475 vi
602 2441 671 2474 suos
694 2443 811 2474 iterum
835 2443 970 2484 parietes
996 2455 1200 2484 recuperare,
1226 2452 1261 2478 ut
1284 2456 1333 2477 ar-

330 2496 381 2520 tus
406 2488 458 2520 ille
481 2498 544 2519 non
568 2484 671 2517 solum
697 2486 823 2521 vivere,
852 2484 900 2518 sed
926 2498 962 2518 eo
987 2487 1041 2518 vix
1065 2486 1184 2520 humili
1217 2489 1334 2521 baculo

329 2530 565 2572 aliquantulum
590 2530 703 2566 nixus,
740 2529 844 2561 rectus
887 2528 1031 2562 incedere
1077 2529 1175 2564 horno
1221 2540 1334 2572 potue-

329 2583 373 2608 rit
389 2599 395 2606 .
876 2590 880 2596 ¹

384 2627 432 2660 13·
461 2619 511 2650 De
534 2616 602 2649 aliis
625 2615 808 2650 tumoribus
832 2616 888 2658 qui
915 2616 950 2648 ad
983 2615 1065 2649 hanc
1098 2616 1230 2658 quidem
1264 2617 1334 2659 spe-

329 2663 416 2695 &tent
441 2659 642 2702 Epistolam,
662 2669 781 2700 ,praeter
805 2670 838 2690 ea
862 2670 932 2701 quae
956 2659 1048 2705 supra
1095 2661 1181 2693 dicta
1228 2662 1299 2693 sunt
1323 2686 1332 2700 ,

329 2704 410 2737 nihil
437 2704 586 2736 Valsalva
611 2704 766 2745 scripturn
791 2703 944 2743 reliquit,
967 2703 1024 2734 nisi
1048 2703 1132 2735 forte
1158 2704 1219 2737 huc
1232 2704 1334 2737 refer-

328 2759 362 2781 re
385 2748 520 2780 velimus
546 2758 698 2788 perpauca
723 2745 816 2777 verba
841 2757 911 2786 quae
936 2747 968 2778 in
995 2746 1134 2779 Medicis
1159 2746 1333 2788 Responsis

329 2791 455 2824 duobus
478 2791 587 2823 obiter
612 2789 745 2831 injecit.
772 2789 810 2821 In
836 2789 936 2821 altero
964 2801 1074 2823 eorum
1095 2790 1184 2832 quod
1219 2791 1263 2824 est
1296 2793 1333 2823 de

328 2834 638 2867 Haemorrhoidibus
651 2855 659 2870 ‚
685 2831 830 2874 quaedam
855 2843 928 2865 cum
940 2832 1159 2875 hisdescripta
1172 2834 1331 2877 condylo-

328 2887 414 2911 mata
439 2875 496 2917 effe
521 2876 629 2918 posse,
654 2878 723 2911 ait,
748 2887 842 2909 caecas
866 2876 1142 2912 haemorrhoides,
1179 2888 1214 2911 ut
1260 2890 1332 2918 qua:

330 2921 409 2962 saepe
435 2918 531 2952 craffa
556 2920 642 2961 quasi
668 2920 778 2953 tunica
790 2931 828 2953 ex
843 2921 1041 2961 pinguedine
1065 2920 1213 2953 obduciae
1227 2923 1335 2954 viden-

329 2973 383 2997 tur
406 2962 463 2996 effe
488 2974 552 2995 non
577 2962 666 3000 vasa,
693 2972 728 2994 ut
754 2962 847 3000 sunt,
870 2961 1023 3000 dilatata,
1050 2963 1101 2997 sed
1127 2963 1253 2997 alterius
1278 2976 1333 2997 na-

330 3018 410 3041 turae
433 3008 672 3041 excrescentiae.
698 3005 737 3037 ln
762 3005 1060 3047 Responsossautem
1095 3008 1197 3040 altero
1244 3007 1333 3050 super

329 3053 467 3091 antiquo
492 3049 528 3082 ad
552 3061 634 3092 genu
660 3059 784 3081 tumore
809 3060 868 3090 pro
891 3049 1025 3082 cxostoli
1051 3048 1191 3089 habito,
1225 3051 1331 3084 credi·-

328 3091 393 3126 bile
416 3093 478 3132 est,
501 3094 609 3134 inquit
626 3114 635 3131 ,
660 3103 732 3125 curn
757 3101 864 3125 tumor
890 3091 995 3125 [latim
1022 3094 1092 3134 post
1117 3093 1328 3135 retropulsarn

328 3137 468 3170 scabiem
492 3138 524 3168 in
548 3147 631 3177 qua,
659 3135 795 3176 suspicio
819 3135 880 3174 est,
906 3137 1017 3168 veneni
1043 3137 1167 3180 aliquid
1202 3139 1328 3171 venerei

329 3179 452 3213 latuisse
468 3205 475 3218 ,
501 3177 628 3220 prodire
651 3179 811 3219 coeperit,
837 3181 1010 3220 particulas
1032 3191 1102 3222 quae
1148 3180 1333 3221 sanguinem

330 3233 421 3256 antea
447 3224 620 3258 vitiantes,
644 3222 779 3256 scabiem
806 3221 1044 3262 producebant,
1073 3224 1109 3257 ad
1135 3224 1229 3257 illum
1254 3226 1334 3257 arti-

328 3267 438 3299 culum
462 3276 658 3304 remoratas‚
682 3266 803 3299 tumori
830 3267 990 3307 originem
1016 3265 1260 3307 praebuiffe,aut
1294 3267 1333 3300 fi-

330 3311 401 3343 bras
424 3309 591 3342 lacerando
617 3308 797 3353 substantiae
821 3307 910 3341 osseae
937 3321 1000 3342 non
1020 3313 1116 3344 alecus
1161 3322 1194 3344 ac
1239 3322 1332 3353 quer-

329 3364 426 3386 cuum
450 3352 540 3386 fibris
565 3352 757 3385 inse&orum
783 3352 892 3384 aculeo
915 3356 1100 3394 perruptis,
1122 3354 1215 3394 gallae
1249 3354 1332 3386 obo-

331 3398 479 3432 riuntur,
506 3405 559 3428 aut
585 3407 657 3428 cum
682 3395 893 3434 humoribus,
919 3408 972 3437 per
998 3396 1170 3429 articulum
1196 3394 1332 3431 fluenti-

332 3440 389 3472 bus
415 3438 628 3477 subsistendo,
651 3451 721 3481 quse¹
748 3450 795 3470 res
819 3437 925 3471 facilis
950 3441 990 3473 est
1012 3440 1057 3471 ob
1104 3439 1253 3474 vasorum
1298 3441 1331 3473 in

331 3483 483 3523 ejusmodi
511 3483 588 3515 locis
612 3484 811 3523 angustiam3
837 3482 876 3515 fic
899 3485 982 3515 enim
1010 3495 1081 3517 curn
1116 3483 1299 3525 ligamentis
1322 3505 1333 3522 ‚

333 3536 428 3567 atque
452 3525 636 3559 tendinibus
661 3524 877 3559 ferruminatae
909 3536 1122 3570 utrorumque
1154 3526 1334 3560 craffitudi-

482 3742 538 3764 Hist.
556 3751 577 3765 2.
595 3742 736 3771 Aneurysm.
755 3744 815 3768 Hm.
835 3753 856 3767 2.

507 3773 577 3795 nien.
594 3774 621 3794 de
638 3773 758 3796 ‘rumoni—1
785 3775 871 3803 Cysiic.
889 3773 1030 3800 sineularib.
1049 3782 1070 3796 n.
1088 3781 1123 3802 ξιτ..

390 3742 465 3800 {aa

394 3803 470 3833 (Μ)

920 3744 933 3772 (
951 3745 964 3767 b
981 3743 989 3772 >
1007 3745 1041 3767 De
1061 3745 1158 3769 recond.
1174 3744 1273 3768 Absceff.
1294 3749 1342 3767 nat.
1361 3745 1376 3770 1.
1397 3754 1419 3772 4.
1436 3752 1456 3768 c.
1473 3753 1495 3773 7.
1695 3774 1700 3776 b

1188 3776 1225 3803 (l
1245 3775 1257 3801 ζ·
1276 3776 1414 3798 coniurent.
1434 3775 1457 3798 in
1477 3773 1562 3798 Boerh.
1580 3773 1668 3801 Aphor.
1689 3777 1710 3803 g).

483 3774 526 3826 IlDe
542 3802 626 3827 nociva
643 3805 728 3828 Cancri
746 3804 848 3829 inveter.
866 3805 1041 3835 exstirpatione
1059 3821 1064 3828 .
1078 3805 1137 3830 Hirr.
1156 3805 1288 3834 praesertim
1307 3813 1329 3834 3.
1349 3808 1370 3830 ἃ
1388 3805 1486 3829 Obseiv.
1505 3804 1576 3828 addit.
1596 3803 1617 3834 3}-
1637 3811 1671 3832 17.
1689 3807 1709 3828 ἃ
1729 3804 1789 3833 seqq.

665 196 823 251 Liber
839 198 930 251 IV.
950 192 1034 249 De
1060 197 1259 251 Morbis
1276 198 1598 267 Chirurgicis
1616 237 1630 258 ,
1672 199 1726 251 &
1754 195 2149 252 Universalibus

1413 292 1484 315 nem
1501 306 1508 319 ‚
1531 282 1561 311 &
1582 277 1735 311 duritiem
1761 277 1971 316 adauxerint3
1993 277 2227 320 quamobrem,
2260 278 2283 311 si
2319 289 2415 313 manu

1413 326 1695 362 comprimuntur,
1718 320 1788 353 offis
1811 320 2053 354 similitudinem
2077 324 2213 353 omnino
2236 321 2377 357 referunt
2401 346 2411 360 ‚

1414 378 1598 411 quanquam
1626 375 1679 405 per
1701 362 1919 405 diffeffionem
1944 365 2207 406 inquirentibus,
2230 366 2318 406 quod
2354 366 2413 399 ali-

1412 411 1542 453 quando
1568 408 1645 441 mihi
1664 430 1674 445 ,
1698 408 1832 448 inquit,
1856 407 1956 442 facere
1979 409 2118 449 contigit
2139 430 2158 446 ,.
2184 408 2411 448 repraesentant

1410 453 1816 487 substantiaminteriorem
1829 452 1943 484 radicis
1955 451 2139 488 arundinis;
2163 459 2197 484 ut
2220 450 2317 485 craffa
2333 463 2412 494 qua-

1409 498 1482 530 dam
1503 495 1742 537 comparatione
1767 503 1858 526 utar.

1454 550 1502 582 14.
1527 540 1569 572 Et
1594 538 1661 571 haec
1683 536 1814 579 quidem
1840 537 1989 570 Valsalva
2012 537 2158 580 scripsit.
2193 537 2271 571 Alia
2303 549 2409 573 autern

1404 584 1551 625 quaedam
1573 593 1588 614 a
1613 583 1641 614 se
1665 576 1748 612 faeta
1764 605 1772 619 ,
1796 583 1827 612 δε
1850 581 2014 614 observata
2040 581 2119 614 mihi
2144 583 2308 621 narravit,
2332 593 2383 615 aut
2399 605 2408 620 ‚

1405 639 1455 660 me
1479 625 1628 669 praesente
1645 649 1653 663 ‚
1676 622 1881 663 observavit,
1904 627 1932 657 &
1957 624 2059 664 fecit,
2086 635 2155 666 quae
2181 635 2268 658 nunc
2302 636 2409 658 tecum

1410 668 1681 704 communicabo.
1705 666 1860 708 Quorum
1885 669 2025 709 primum
2051 667 2197 701 conferre
2232 668 2409 709 quadante-

1409 725 1467 746 nus
1492 714 1611 755 poteris
1634 716 1706 744 tum
1731 722 1763 742 ea
1788 711 1925 743 Fabricii
1950 712 2048 743 nostri
2061 711 2298 745 Observatione
2310 723 2409 754 quam

1409 759 1442 789 in
1467 755 1664 789 Adversariis
1688 755 1733 786 II.
1759 757 1772 792 (
1795 755 1807 786 i
1827 757 1840 793 )
1862 754 1943 786 olim
1958 753 2131 794 indicavi,
2153 765 2208 788 aut
2231 766 2303 788 cuni
2328 755 2407 788 alte-

1407 812 1440 833 ra
1489 799 1562 831 Viri
1608 797 1742 831 Illustris
1764 797 1903 830 Heisteri
1928 802 1938 836 (
1963 796 1981 836 l<
2010 801 2042 836 )‚
2067 799 2115 831 vel
2142 801 2250 840 potius
2278 823 2286 837 ‚
2319 798 2341 831 fi
2365 799 2405 831 ad

1405 842 1533 885 ganglia
1557 851 1725 883 utramque
1748 840 1860 873 harum
1884 841 1999 873 referre
2022 843 2113 876 malis
2134 864 2146 881 ,
2192 841 2283 883 poffis
2327 853 2408 882 qua-

1405 887 1559 919 dantenus
1584 910 1592 925 ,
1636 894 1672 918 ut
1695 883 1840 918 dicebam
1862 906 1874 923 ,
1917 894 1991 916 cum
2036 897 2069 918 ea
2093 883 2239 918 conferre
2262 910 2270 924 ‚
2308 896 2405 926 quam

1405 928 1583 964 Archiater
1611 926 1836 970 Ampliffimus
1860 927 2045 961 Swietenius
2069 929 2116 971 (l
2136 932 2150 967 )
2172 939 2406 962 commemora-

1405 984 1473 1007 vrt.

1451 1026 1499 1056 15.
1525 1015 1745 1056 VIRGINI,
1772 1012 1874 1053 ajebat
1900 1013 2052 1048 Valsalva
2072 1040 2080 1053 ‚
2116 1013 2208 1056 fuisse
2253 1015 2403 1056 exiguam

1405 1059 1441 1093 ad
1466 1059 1650 1092 malleolum
1674 1057 1928 1091 extuberantiam
1945 1083 1954 1097 ,
1976 1069 2046 1100 quae
2071 1058 2109 1090 ab
2132 1060 2220 1091 annis
2243 1059 2311 1100 plus
2338 1057 2405 1091 sex-

1402 1103 1506 1135 decim
1530 1111 1639 1134 tantos
1663 1101 1741 1141 saepe
1764 1109 1882 1134 crearet
1906 1099 2056 1141 dolores,
2081 1111 2115 1134 ut
2139 1113 2202 1133 non
2216 1101 2331 1138 semel,
2354 1103 2404 1134 ni-

1401 1145 1423 1177 si
1447 1144 1612 1180 domestici
1636 1142 1893 1187 prohibuissent,
1915 1155 1988 1177 eum
2014 1145 2070 1177 sibi
2085 1144 2195 1186 pedem
2219 1143 2323 1178 fuisset
2347 1145 2404 1178 ab-

1403 1188 1550 1222 scissura.
1679 1187 1840 1220 SECTIS
1863 1185 1911 1219 ibi
1945 1187 2116 1221 secundum
2159 1189 2261 1221 cruris
2293 1188 2400 1231 longi-

1401 1231 1549 1265 tudinem
1575 1230 1801 1265 communibus
1824 1231 2075 1271 integumentis,
2101 1231 2284 1272 glandulam
2309 1231 2348 1264 ab
2373 1233 2403 1266 se

1399 1274 1625 1317 deprehensam
1649 1274 1706 1307 esse
1733 1285 1885 1315 parvam,
1909 1272 2014 1307 forma
2038 1275 2149 1314 ovali,
2177 1274 2402 1316 seddepresla,

1397 1322 1527 1354 colore,
1552 1322 1581 1351 &-
1607 1328 1737 1354 natura‚
1767 1325 1802 1350 ut
1829 1317 1998 1350 videbatur
2021 1320 2103 1351 inter
2146 1317 2367 1358 Conglobatas
2391 1340 2403 1355 ,

1397 1364 1428 1393 δι
1451 1363 1724 1404 Conglomeratas
1749 1360 1851 1394 media
1865 1384 1872 1391 .
1898 1360 1971 1394 Hac
1983 1360 2131 1404 adempta
2145 1360 2315 1402 glandula,
2329 1362 2403 1395 nul-

1395 1404 1462 1437 lum
1489 1406 1625 1445 amplius
1649 1404 1797 1438 dolorem
1820 1402 1962 1437 rediisse.
2233 1417 2235 1419 ’

1441 1451 1488 1480 16.
1515 1448 1707 1482 MULIER
1734 1447 1889 1481 rusticana
1905 1470 1914 1484 ,
1938 1459 2035 1490 quarn
2057 1459 2131 1481 cum
2156 1448 2331 1489 aspiceres,
2355 1448 2402 1482 se-

1396 1493 1451 1524 nio
1475 1492 1654 1524 confectam
1680 1491 1901 1530 existimares,
1922 1490 2038 1524 debilis
2054 1514 2062 1528 ‚
2087 1491 2262 1533 squallida,
2286 1490 2399 1525 exsuc-

1395 1548 1454 1575 ca,
1479 1537 1546 1568 imo
1570 1536 1605 1567 ad
1631 1545 1807 1567 extremam
1832 1533 1984 1576 perdufta
2030 1536 2164 1568 maciem
2210 1537 2242 1568 in
2291 1535 2401 1569 Bono-

1396 1579 1493 1612 niensi
1520 1579 1755 1611 Incurabilium
1778 1577 1983 1611 Nosocomio
2026 1578 2151 1618 jacebat
2175 1602 2183 1610 .
2229 1579 2397 1619 Malorum

1393 1624 1542 1655 omnium
1566 1621 1659 1654 causa
1684 1632 1821 1654 mamma
1846 1630 1912 1653 erat
1935 1620 2085 1659 dextera,
2111 1632 2183 1662 quae
2216 1623 2249 1655 in
2285 1631 2397 1655 turno-

1397 1677 1463 1697 rem
1489 1675 1670 1698 excreverat
1686 1688 1696 1703 ,
1721 1664 1849 1704 forma,
1873 1667 1905 1697 δε
1951 1664 2178 1706 magnitudine
2222 1666 2398 1698 humanum

1393 1709 1559 1741 cerebrum
1583 1706 1789 1741 referentem.
1815 1709 1846 1741 Is
1872 1718 1981 1740 tumor
2006 1709 2167 1749 undique,
2207 1710 2237 1740 &
2270 1711 2397 1751 penitus

1396 1752 1617 1788 exulceratus,
1643 1753 1727 1783 inter
1751 1751 1882 1784 rubram
1907 1753 1937 1783 &
1962 1749 2397 1791 sanguinolentamsubstan-

1396 1797 1474 1826 tiam
1499 1794 1552 1827 hic
1576 1794 1643 1827 illic
1666 1794 1848 1827 ostendebat
1875 1793 1979 1833 plures
2006 1793 2092 1834 quafi
2117 1794 2304 1835 glandulas,
2330 1806 2397 1827 ma-

1394 1839 1492 1871 ximis
1515 1849 1584 1870 uvae
1608 1838 1707 1871 acinis
1731 1848 1836 1878 pares,
1863 1835 1913 1869 sed
1937 1836 2046 1876 albas,
2068 1837 2223 1879 oblongas
2239 1861 2248 1876 ,
2270 1837 2362 1870 laeves
2385 1862 2395 1870 .

1391 1882 1477 1914 Cum
1501 1881 1610 1917 aliud,
1633 1881 1677 1914 ob
1700 1882 1819 1913 virium
1844 1878 2020 1922 praesertim
2045 1879 2290 1919 infirmitatem,
2325 1891 2396 1915 ten-

1391 1933 1458 1956 tare
1481 1935 1546 1956 non
1570 1924 1702 1960 liceret;
1728 1924 1888 1957 Valsalvae
1909 1924 2000 1955 ¹venit
2024 1924 2057 1957 in
2083 1934 2222 1957 mentem
2257 1927 2394 1959 tumoris

1391 1966 1489 2000 basim
1513 1978 1582 2009 quae
1609 1968 1713 2009 ampla
1738 1976 1805 2000 erat
1828 1965 1980 2008 quidem,
2007 1966 2057 2000 sed
2092 1968 2218 2009 reliquo
2265 1977 2390 2002 tumore

1388 2012 1516 2049 minus,
1540 2011 1744 2052 circumjesta
1768 2011 1874 2043 instita
1912 2008 2060 2043 haetenus
2094 2009 2292 2052 adstringere
2321 2024 2395 2054 *quo

1387 2055 1426 2087 ad
1449 2053 1529 2087 ferre
1554 2055 1668 2087 mulier
1692 2053 1813 2096 posset.
1840 2053 1915 2092 Qa
1940 2052 2055 2086 affidua
2070 2054 2301 2088 constritftione
2316 2067 2396 2098 pau-

1386 2098 1479 2130 latim
1503 2100 1537 2130 in
1561 2098 1627 2130 dies
1651 2098 1763 2134 austa,
1785 2096 1868 2130 illud
1892 2095 2227 2137 consequebatur‚·ut
2253 2109 2316 2130 01⁴ae
2341 2109 2395 2132 tu-

1388 2142 1511 2180 moris,
1535 2142 1734 2175 nutrimento
1756 2141 1914 2177 orbatae,
1942 2141 2152 2173 circumcirca
2198 2151 2354 2175 emortuae
2378 2166 2390 2182 ,

1386 2184 1555 2218 forficibus
1578 2182 1641 2217 fine
1651 2185 1785 2222 dolore,
1811 2183 2018 2225 &sanguinis
2040 2182 2188 2217 effufione
2201 2185 2393 2220 circumcidi

1386 2226 1530 2269 possent,
1554 2227 1634 2261 basis
1656 2237 1761 2261 autem
1786 2226 1925 2261 ambitus
1948 2229 2050 2269 magis
2074 2226 2237 2270 magisque
2271 2230 2395 2263 minue-

1382 2280 1472 2306 retur
1495 2295 1502 2303 .
1548 2271 1621 2304 Hac
1665 2273 1794 2305 ratione
1832 2271 1871 2304 ad
1917 2268 1992 2304 satis
2018 2272 2152 2313 longum
2175 2280 2301 2313 tempus
2333 2273 2395 2306 ser-

1383 2325 1457 2347 vata
1481 2338 1490 2352 ,
1536 2315 1648 2355 ingens
1691 2315 1747 2348 ille
1793 2324 1904 2349 tumor
1949 2313 1988 2347 acl
2020 2314 2171 2357 exiguam
2195 2315 2316 2349 molem
2343 2327 2394 2349 re-

1384 2357 1495 2391 daftus
1519 2380 1530 2396 ,
1576 2360 1607 2389 &
1653 2368 1727 2392 tuto
1769 2356 1907 2400 denique
1953 2368 2136 2399 amputatus
2183 2358 2244 2392 est.
2279 2361 2395 2400 Itaque
2429 2400 2431 2402 q

1385 2402 1535 2435 cicatrice
1557 2400 1695 2434 obdufta
1719 2424 1731 2441 ,
1775 2410 1913 2434 recreata
1956 2403 2077 2436 interea
2120 2404 2236 2435 mulier
2280 2402 2395 2436 disces·
2428 2405 2433 2412 ²

1388 2445 1426 2477 iit
1450 2469 1457 2476 .
1502 2445 1611 2480 Quam
1657 2454 1734 2478 tunc
1778 2457 1811 2478 ea
1858 2443 1989 2487 quidem
2014 2454 2101 2487 parte
2125 2446 2320 2488 persanatam
2344 2446 2393 2479 es-

1386 2489 1439 2527 se,
1462 2498 1501 2519 ne
1524 2486 1673 2528 dubites‚·
1697 2498 1731 2521 ut
1752 2499 1865 2523 caetera
1890 2499 1961 2530 quae
1986 2490 2133 2526 narravi,
2157 2490 2314 2530 ita,uno‚
2338 2498 2392 2523 aut

1388 2531 1489 2563 altero
1511 2531 1682 2563 interieffi'to
1706 2543 1788 2565 anno
1811 2532 1872 2565 hoc
1896 2533 1991 2565 etiam
2017 2533 2134 2566 accidit
2158 2543 2192 2566 ut
2229 2533 2391 2566 viderem.

1387 2576 1473 2607 Cum
1498 2575 1583 2606 enim
1608 2572 1691 2609 forte
1714 2586 1789 2608 cum
1813 2574 1963 2608 Valsalva
1989 2577 2022 2608 in
2047 2576 2252 2614 Nosocqmio
2277 2576 2390 2616 efferii,

1388 2630 1459 2650 ecce
1482 2617 1628 2659 quaedam
1652 2617 1832 2660 supervenit
1856 2618 1990 2651 fcemina
2005 2642 2013 2657 ‚
2036 2630 2107 2659 quae
2132 2620 2258 2660 ipsum,
2283 2622 2314 2651 δε
2340 2631 2389 2652 me

1388 2672 1542 2702 quoque,
1568 2669 1604 2693 ut
1628 2671 1744 2701 notos,
1770 2661 1909 2700 salutat,
1930 2664 2059 2702 optimo
2083 2665 2227 2704 corporis
2251 2662 2365 2696 habitu
2381 2686 2391 2700 ‚

1388 2709 1418 2736 'cxc
1443 2704 1550 2736 colore
1576 2703 1708 2746 praedita
1723 2727 1735 2743 ‚
1758 2716 1791 2737 ea
1804 2714 1931 2743 autern,
1947 2706 2389 2748 quanttiniapparebat‚aeta-

1388 2757 1418 2779 te
1435 2756 1490 2786 ,ut
1505 2747 1592 2779 illius
1604 2747 1732 2781 alterius
1745 2758 1841 2790 quam
1855 2748 1952 2780 modo
1964 2748 2109 2789 descripsi
2123 2774 2132 2788 ‚
2157 2749 2244 2787 filia,
2271 2750 2319 2782 vel
2333 2761 2391 2792 po-

1386 2792 1450 2823 tius
1473 2791 1576 2832 neptis
1601 2790 1704 2824 videri
1729 2792 1848 2832 posset.
1874 2793 1918 2824 Ea
1933 2791 2084 2832 veroipsa
2102 2803 2165 2825 erat
2190 2793 2391 2834 quaedescri-

1386 2843 1440 2875 pta
1451 2833 1494 2867 est
1506 2856 1514 2870 ‚
1527 2837 1557 2866 ἃ
1570 2845 1640 2875 quae
1656 2834 1685 2866 se
1699 2845 1761 2867 non
1776 2834 1905 2876 agnosci
1920 2834 2130 2875 mirata‚jam
2154 2848 2222 2877 qnae
2239 2834 2294 2869 fim
2308 2863 2316 2876 ,
2339 2838 2391 2869 in-

1387 2879 1458 2919 quit
1473 2903 1480 2916 ‚
1494 2877 1650 2916 noscetis,
1667 2878 1722 2910 ubi
1736 2878 1857 2911 causam
1871 2890 1926 2911 cur
1941 2878 2000 2911 huc
2015 2877 2112 2911 modo
2138 2891 2278 2913 venerim
2292 2903 2299 2916 ‚
2313 2892 2386 2922 ape-

1388 2932 1502 2953 ruero:
1526 2923 1556 2952 &
1578 2932 1652 2953 cum
1677 2920 1767 2954 dicto
1793 2922 1899 2963 peftus
1923 2921 2062 2954 ostendit
2088 2921 2152 2955 fine
2177 2935 2335 2960 mamma,
2359 2932 2391 2956 at

1387 2963 1497 2997 sanum
1522 2975 1538 2996 a
1562 2963 1707 3005 dextris,
1730 2976 1745 2996 a
1769 2963 1897 2997 sinistris
1920 2976 2048 3007 quoque
2065 2987 2074 3001 ,
2120 2966 2176 2998 nisi
2222 2967 2388 3001 modicum

1388 3007 1444 3041 sub
1488 3018 1633 3039 mamma).
1677 3018 1750 3041 cute
1782 3008 1899 3041 exstare
1924 3010 2078 3050 inciperet
2107 3010 2219 3044 tuber.
2245 3011 2316 3050 Sic,
2339 3012 2391 3043 in-

1387 3052 1460 3092 quit
1477 3076 1485 3088 ,
1508 3051 1597 3091 prior
1620 3051 1675 3083 ille
1700 3061 1810 3085 tumor
1832 3061 1997 3092 coeperat:
2024 3054 2093 3084 veni
2119 3054 2243 3095 igitur,
2270 3064 2305 3088 ut
2331 3066 2390 3087 no-

1382 3105 1438 3127 vus
1462 3094 1514 3126 bic
1531 3117 1541 3132 ,
1564 3103 1731 3136 antequam
1754 3092 1874 3127 crescat
1898 3095 2083 3128 excidatur.
2109 3097 2206 3132 Quod
2232 3099 2390 3138 proximis

1383 3138 1496 3170 diebus
1520 3149 1535 3169 a
1562 3136 1712 3170 Valsalva
1737 3138 1859 3170 factum
1884 3137 1944 3177 est,
1970 3141 2120 3180 quamvis
2145 3150 2272 3173 verente
2307 3164 2315 3177 ,
2349 3152 2386 3172 ne

1386 3181 1466 3213 alius
1492 3180 1618 3221 postea,
1643 3191 1735 3222 atque
1759 3180 1839 3214 alius
1865 3184 2035 3221 existeret,
2059 3185 2090 3217 &
2114 3184 2162 3216 vel
2181 3207 2182 3211 ,
2200 3183 2257 3218 hac
2304 3195 2389 3226 quo-

1384 3235 1446 3265 que
1470 3224 1597 3256 demum
1622 3224 1766 3266 adempta
1794 3235 1952 3262 mamma,
1978 3225 2038 3258 alia
2063 3227 2172 3268 aliqua
2207 3228 2239 3259 in
2286 3228 2355 3260 sede
2377 3248 2388 3263 ‚

1385 3269 1415 3298 δι’
1442 3267 1619 3308 praesertim
1643 3269 1675 3299 in
1699 3278 1793 3300 utero
1818 3270 2016 3302 exoriretur.
2045 3270 2081 3302 Id
2107 3282 2181 3304 vero
2217 3280 2281 3302 non
2325 3269 2388 3302 fine

1383 3310 1472 3343 causa
1499 3312 1634 3342 veritum
1660 3309 1738 3350 esse,
1762 3311 1857 3344 nimis
1881 3310 1950 3344 sane
1961 3312 2071 3345 crebra
2085 3313 2272 3346 observatio
2286 3313 2388 3346 osten-

1383 3354 1453 3385 dit:
1478 3356 1557 3394 quin
1585 3353 1692 3394 pejora
1716 3356 1817 3386 vereri
1843 3353 1998 3395 potuisse,
2023 3356 2232 3390 eruditissima
2256 3356 2385 3390 docebit

1384 3396 1524 3428 Illustris
1550 3398 1624 3428 Viri
1650 3397 1786 3430 Trilleri
1810 3397 2000 3432 Dissertatio
2043 3401 2107 3442 (m
2129 3403 2166 3439 ):
2200 3411 2262 3441 qua
2286 3400 2386 3441 perle-

1384 3439 1455 3477 eta,
1477 3441 1508 3470 &
1531 3440 1570 3472 iis
1592 3451 1663 3482 quae
1687 3440 1782 3482 longe
1806 3442 1965 3475 atrociora
1990 3445 2103 3475 veteris
2137 3444 2245 3476 cancri
2279 3441 2386 3475 exstir-

1386 3483 1550 3522 pationem
1573 3494 1609 3515 ut
1635 3483 1809 3525 plurimum
1834 3484 2096 3527 consequuntur,
2121 3486 2287 3526 spectatis,
2317 3485 2384 3516 Chi·

1385 3525 1512 3558 slimare
1557 3527 1654 3565 licet,
1679 3538 1754 3560 num
1778 3537 1867 3561 tanta
1889 3529 2055 3571 insequens
2080 3531 2236 3563 malorum
2261 3528 2376 3560 atroci-

2291 3580 2338 3604 tas

1559 3744 1572 3772 (
1588 3744 1597 3766 i
1612 3743 1625 3770 3
1643 3743 1755 3767 Animad.
1773 3751 1810 3771 24.

1731 3776 1799 3802 1084.
