2498 4075
417 165 512 214 124

351 228 480 268 dimus,
503 226 546 262 fic
569 224 730 269 explicare
755 230 787 259 te
809 222 895 266 poss'e
910 243 919 258 ,
944 221 1051 254 credas
1074 241 1085 258 ,
1108 226 1144 252 ut
1169 219 1364 258 Bierlingius

352 277 368 313 (
389 284 405 306 r
428 276 442 313 )
465 270 623 306 indicavit
638 291 646 305 ‚
668 268 725 310 qui
745 276 804 309 per
827 274 877 299 tot
895 262 1004 307 saecula
1028 269 1079 294 tot
1097 262 1259 295 Auliores
1281 262 1365 294 dece-

348 323 436 361 ptos,
449 314 470 349 fi
495 325 560 347 non
573 313 707 355 semper,
721 320 751 343 at
767 309 930 342 multoties
945 331 954 346 ,
965 305 1112 339 censebat
1125 329 1134 343 ,
1151 305 1229 340 dum
1241 315 1364 346 magnae

351 360 443 393 illius
465 359 500 391 in
523 366 635 391 centro
659 353 839 388 mesenterii
862 351 1021 393 glandulae
1048 359 1157 382 verum
1182 349 1275 382 usum
1298 369 1309 385 ‚
1332 349 1365 379 &

351 402 442 444 chyli
467 398 704 442 receptaculum
727 399 913 439 ignorantes
939 419 947 433 ‚
981 403 1022 425 cx
1045 390 1107 425 hoc
1130 392 1199 434 post
1223 399 1365 425 mortem

351 445 453 488 chylo
475 444 576 478 etiam
599 451 670 475 tum
694 440 839 482 repleto,
861 440 894 470 &
915 433 1236 476 diffec‘toplerumque
1250 432 1366 476 absceſs-

346 490 419 534 sum
441 481 798 532 mesenteriifeciffent;
822 481 910 524 quasi
934 488 989 513 aut
1013 476 1168 511 abscessus
1190 489 1270 519 quos
1295 477 1362 519 ple-

349 535 445 574 rique
469 528 691 572 proposuere,
718 537 782 559 non
807 526 902 567 longe
926 523 990 556 alio
1015 533 1049 554 ac
1073 519 1188 562 chylus
1211 520 1275 558 est,
1300 521 1361 553 hu-

351 587 441 611 more
464 574 550 616 pleni
575 570 827 608 describerentur
847 590 855 604 ‚
879 578 931 602 aut
956 565 1139 607 magnailla
1162 563 1311 606 glandula
1325 571 1360 595 ut

352 615 654 661 inquadrupedum
677 624 811 656 genere,
837 611 878 645 lic
903 612 999 644 etiam
1023 606 1095 641 effet
1120 608 1155 639 in
1178 606 1320 641 humano
1345 628 1354 636 .

351 663 459 697 Mitto
483 659 578 693 aliam
602 658 686 692 haud
712 668 785 690 raro
807 653 1011 697 quorundam
1029 647 1224 684 abscessuum
1246 653 1278 683 δε
1302 659 1356 682 tu-

351 716 482 741 morum
506 702 610 736 sedem
633 727 643 741 ‚
678 704 710 734 δε
735 700 962 742 plerorumque
986 705 1039 729 aut
1063 703 1231 728 numerum
1260 717 1269 733 ,
1301 699 1356 725 aut

351 748 611 792 magnitudinem
637 745 687 777 vel
712 746 745 777 in
769 742 851 774 vivis
874 738 1148 773 animadversam.
1174 736 1246 770 Nec
1268 733 1357 778 quod

351 793 406 826 Cl.
430 791 580 824 Hallerus
603 787 687 830 (s)
710 786 871 820 existimat
895 806 904 821 ,
939 782 1105 825 aliquando
1127 790 1256 822 magnas
1288 780 1358 821 qui-

354 839 424 870 dem
449 857 457 870 ‚
485 832 542 878 sed
563 842 600 866 ex
623 837 746 871 recepta
769 829 802 861 in
831 824 1011 868 junioribus
1044 825 1108 867 lege
1136 821 1357 866 glandularum

351 876 623 920 conglobatarum,
648 872 831 907 mesenterii
856 870 1023 912 glandulas
1042 876 1100 909 pro
1125 863 1269 908 morbosis
1301 864 1358 897 ha-

351 921 438 957 bitas
459 917 513 963 effe
538 941 548 957 ,
586 929 656 951 cum
679 913 772 962 effent
787 913 948 957 fizniffimae
972 935 983 951 ‚
1015 910 1140 945 inficias
1173 909 1231 942 ibo
1255 933 1263 943 .
1297 908 1358 942 Sed

351 975 424 1001 cum
448 972 503 997 aut
528 963 634 997 multo
661 970 799 1001 majores
825 957 899 992 sunt
922 967 1019 999 quam
1041 966 1076 989 ea
1107 954 1159 987 lex
1187 952 1323 995 riquirit
1348 977 1358 992 ‚

351 1019 408 1045 aut
433 1007 575 1041 duriores
598 1019 608 1043 3
644 1014 708 1037 non
731 1000 776 1036 est
798 1010 887 1035 certe
909 999 985 1033 huic
1023 997 1200 1040 suspicioni
1235 996 1326 1029 locus
1349 1018 1358 1034 ,

351 1064 387 1088 ut
412 1060 490 1094 puta
514 1052 548 1084 in
574 1049 629 1082 illa
655 1046 746 1090 pueri
770 1068 781 1084 ,
812 1055 911 1088 quain
937 1054 975 1076 ex
999 1041 1180 1076 Benivenio
1204 1039 1362 1081 produxi-

348 1107 421 1130 mus
442 1097 456 1134 (
478 1101 492 1127 t
517 1097 527 1132 )
551 1091 755 1126 diffeecione.
780 1089 849 1121 Hic
872 1089 957 1121 enim
980 1085 1096 1119 callum
1119 1094 1183 1117 non
1208 1081 1364 1123 appellas-

349 1139 417 1177 set,
444 1148 546 1180 neque
569 1147 607 1173 eo
631 1134 759 1167 dixisset
783 1143 876 1165 venas
901 1129 1088 1164 mesaraicas
1120 1127 1297 1160 obstructas
1329 1136 1363 1157 0-

349 1191 438 1216 mnes
460 1179 552 1215 fuiss'e
566 1208 575 1220 ,
597 1176 655 1211 nisi
680 1186 846 1210 tumorem
870 1175 952 1207 inter
974 1173 1048 1208 illas
1072 1181 1166 1204 venas
1199 1167 1361 1211 reperisset

347 1235 420 1259 turn
443 1223 584 1260 durum,
608 1231 678 1254 turn
704 1220 777 1252 satis
792 1217 958 1260 amplum.
1093 1214 1258 1247 Caeterum
1270 1212 1360 1254 quod

348 1268 387 1303 ad
409 1267 564 1303 duritiem
589 1265 731 1299 attinet,
755 1262 843 1296 varia
865 1262 899 1293 in
924 1259 974 1292 his
997 1258 1181 1292 tumoribus
1193 1255 1360 1297 spectanda

348 1312 393 1348 est
418 1322 489 1345 tum
500 1319 615 1343 natura
629 1331 638 1345 ,
663 1316 734 1339 turn
746 1315 841 1339 aetas.
868 1304 977 1345 Qam
993 1302 1071 1343 saepe
1085 1300 1140 1333 illa
1154 1298 1192 1332 ad
1207 1300 1359 1333 steatoma

347 1356 498 1392 accedat,
522 1364 561 1386 ex
586 1350 753 1395 productis
780 1348 939 1389 plerisque
962 1343 1259 1380 observationibus
1291 1344 1359 1375 ani-

346 1399 546 1434 madvertere
569 1393 703 1438 potuisti
727 1419 735 1426 .
768 1393 814 1425 Et
838 1390 915 1423 alias
947 1399 1054 1422 tamen
1078 1387 1120 1421 est
1144 1388 1239 1429 longe
1263 1386 1324 1418 alia
1349 1408 1357 1415 .

347 1443 436 1476 Vide
451 1465 463 1482 ‚
486 1439 624 1481 exempli
647 1435 740 1471 causa
765 1458 775 1474 ,
809 1434 976 1469 Themata
999 1433 1055 1465 illa
1080 1431 1208 1464 Medica
1233 1429 1359 1472 egregii

346 1486 538 1523 Anatomici
562 1484 743 1518 Salomonis
765 1479 894 1512 Alberti
919 1498 928 1513 ,
959 1488 1031 1518 quae
1055 1487 1130 1508 curn
1154 1473 1260 1507 tribus
1293 1483 1359 1514 ejus

347 1528 567 1564 Orationibus
594 1525 679 1559 edita
708 1526 780 1558 sunt
804 1544 813 1559 ‚
844 1521 884 1554 ad
908 1520 1047 1554 Morbos
1072 1517 1263 1552 Mesenterii
1286 1538 1295 1553 ‚
1328 1518 1360 1548 &

346 1574 532 1607 Pancreatis
557 1570 730 1612 spectantia
746 1591 753 1599 .
777 1567 862 1599 Cum
876 1565 936 1598 alia
959 1564 1126 1603 invenies,
1148 1562 1267 1604 quibus
1280 1571 1359 1593 non-

347 1618 434 1651 nulla
460 1614 696 1649 confirmantur
720 1621 793 1653 quae
817 1609 910 1651 supra
933 1611 946 1648 (
969 1618 989 1639 u
1011 1610 1026 1647 )
1049 1606 1229 1648 scripsimus
1252 1628 1265 1645 ,
1288 1613 1360 1637 tum

347 1660 417 1696 haec
442 1658 621 1700 praesertim
647 1669 655 1687 :
696 1654 861 1687 Humores
885 1653 920 1684 in
945 1650 1136 1685 mesenterio
1161 1658 1327 1691 putrentes
1349 1671 1359 1686 ‚

346 1711 564 1744 nonnunquam
589 1699 695 1741 ipsum
719 1697 750 1729 in
774 1704 929 1729 tumorem
952 1692 1096 1728 attollere
1116 1716 1125 1731 ‚
1162 1692 1271 1725 laxum
1290 1691 1360 1732 pri-

346 1758 430 1781 mum
454 1745 635 1785 mollemque
659 1741 750 1775 illum
775 1762 784 1776 ‚
816 1735 952 1781 processu
977 1736 1127 1777 temporis
1148 1744 1225 1768 vero
1246 1733 1359 1769 bumo-

346 1789 435 1823 rihus
452 1787 564 1831 fienfim
581 1781 836 1829 ficcescentilms‚
861 1781 934 1816 adeo
956 1781 1069 1813 durum
1092 1778 1251 1819 tafft'uique
1276 1777 1358 1810 reni-

345 1841 484 1870 tentem,
509 1839 545 1866 ατ
566 1831 598 1865 in
618 1825 766 1870 partibus
788 1826 828 1859 ad
851 1821 1198 1858 medicamen-imum
1220 1829 1361 1854 ventrem

345 1874 577 1915 attinentibus,
607 1872 659 1905 vel
681 1882 715 1903 os
737 1891 746 1906 ‚
779 1868 830 1906 vel
852 1866 1008 1902 calculum
1032 1863 1213 1907 concrevisse
1231 1872 1328 1906 putes
1351 1889 1360 1897 .

346 1922 439 1955 Alias
463 1930 540 1952 vero
565 1926 677 1952 contra
703 1912 848 1952 accidit,
871 1920 908 1945 ut
931 1921 1002 1953 quae
1024 1907 1224 1944 erantdura‚
1250 1915 1359 1948 putre.

347 1965 462 2002 scendo
485 1959 731 1996 remollescant.
755 1957 860 1996 Qo,
885 1957 969 1987 inter
991 1950 1359 1992 caeteras‚Observatio

349 2011 448 2043 etiam
473 2006 614 2049 pertinet
639 2001 779 2037 Andreae
807 1997 975 2040 Vestphali
996 1999 1009 2036 (
1032 2006 1053 2030 x
1074 1999 1087 2036 )
1110 2017 1122 2035 ‚
1144 1995 1202 2037 qui
1225 2004 1299 2027 cum
1323 1995 1357 2027 in

347 2063 440 2094 aegrae
464 2059 593 2086 ventre,
620 2048 759 2080 maxime
785 2054 892 2078 autem
915 2043 1000 2076 circa
1024 2040 1217 2073 umbilicum
1250 2038 1360 2079 depre-

348 2094 505 2131 hendiil'et
530 2101 667 2127 tumores
692 2091 785 2123 duros
796 2087 932 2125 multos,
954 2084 1008 2127 qui
1019 2083 1140 2116 demum
1163 2080 1267 2114 tracia
1279 2089 1360 2113 tem-

344 2142 433 2183 poris
457 2133 689 2181 emollescebant
713 2144 725 2172 ,-
760 2135 793 2164 in
819 2141 947 2164 mortua
981 2125 1146 2169 glandulas
1170 2124 1356 2157 mesenterii

345 2181 509 2227 plerasque
533 2178 728 2216 exulceratas
749 2173 913 2213 offendit,
935 2170 1018 2205 alias
1039 2180 1111 2203 vero
1133 2167 1233 2201 adhuc
1264 2168 1357 2202 indu-

350 2235 459 2261 ratas.
593 2221 654 2255 Sed
677 2219 740 2262 jam
765 2218 805 2253 de
830 2219 869 2250 iis
900 2217 958 2258 qui
979 2214 1026 2248 ‘ad
1058 2212 1206 2247 infimam
1230 2212 1365 2246 Ventris

350 2279 475 2315 partem
502 2274 641 2301 attinent
656 2287 664 2301 ,
689 2262 873 2297 tumoribus
894 2261 1080 2292 videamus.

398 2324 443 2347 12.
467 2307 717 2348 FOEmlNA
742 2305 958 2349 quadraginta
983 2311 1084 2336 annos
1106 2308 1199 2339 nata,
1221 2297 1305 2333 olim
1325 2310 1365 2333 ex

351 2357 522 2393 abortione
544 2353 645 2387 scetus
668 2349 768 2383 ferme
781 2346 1072 2391 quinquemcstris,
1094 2343 1248 2377 duritiem
1261 2354 1364 2385 quan-

352 2403 426 2436 dam
459 2401 545 2433 circa
576 2405 707 2429 uterum
740 2394 845 2434 coepit
869 2394 1149 2425 animadvertere,
1172 2386 1360 2428 ibidemque

352 2451 518 2488 pungente
540 2440 652 2474 dolore
676 2460 689 2477 ,
712 2436 775 2469 levi
797 2436 930 2477 quidem
955 2455 964 2470 ‚
990 2431 1043 2466 sed
1067 2429 1186 2464 affiduo
1209 2451 1218 2466 ,
1252 2439 1361 2462 tenta-

352 2489 382 2523 ri
407 2514 415 2522 .
440 2484 635 2527 Aliquoties
660 2479 864 2513 febricitavit
890 2501 897 2509 .
932 2476 1065 2508 Tumor
1100 2474 1220 2506 interea
1253 2483 1361 2506 excre-

352 2532 402 2566 vit
424 2553 436 2571 ‚
459 2528 501 2563 fic
525 2536 653 2563 tamen,
679 2533 715 2557 ut
740 2520 813 2556 esset
838 2519 995 2556 mobilis;
1020 2527 1093 2550 nain
1118 2516 1216 2551 modo
1240 2517 1274 2549 in
1299 2527 1363 2550 me-

352 2575 411 2609 dio
434 2595 444 2611 ,
478 2571 577 2606 modo
601 2568 638 2602 ad
663 2568 758 2600 latera
783 2564 1020 2608 percipiebatur
1043 2583 1051 2592 .
1088 2559 1235 2593 Multum
1258 2561 1364 2602 capite

353 2617 488 2653 dolebat
512 2628 519 2649 :
540 2625 615 2649 cum
639 2612 748 2644 labore
773 2608 881 2642 alvum
906 2603 1097 2640 exonerabat
1112 2616 1122 2634 .-
1147 2603 1290 2636 vomitus
1314 2605 1364 2635 in-

357 2660 486 2696 terdum
509 2656 659 2692 molestus
682 2663 749 2686 erat
776 2666 784 2685 ι
819 2653 914 2685 dolor
938 2659 1045 2683 autem
1067 2648 1101 2679 in
1134 2655 1263 2680 tumore
1285 2646 1364 2680 adeo

355 2701 530 2747 aliquando
554 2697 758 2735 excruciabat
782 2720 791 2736 ,
822 2693 1000 2738 praesertim
1025 2702 1100 2725 cum
1132 2691 1172 2723 ab
1196 2691 1300 2724 animi
1325 2701 1364 2722 ae-

364 2746 588 2792 gritudinibus
611 2742 787 2784 augebatur
809 2761 821 2779 ,
859 2747 894 2771 ut
918 2736 1083 2771 ardentem
1108 2732 1230 2767 febrem
1255 2745 1363 2766 accen,

359 2794 450 2827 deret
472 2813 483 2828 ,
517 2788 661 2829 ferrique
686 2786 742 2818 vix
764 2780 863 2825 poffet
888 2807 897 2816 .
931 2781 1012 2813 Haec
1036 2789 1109 2820 qua:
1140 2778 1226 2811 dicta
1259 2778 1330 2810 sunt
1348 2799 1367 2815 ⁷,

356 2837 445 2870 intra
467 2832 659 2868 decennium
682 2829 851 2868 contigere
877 2837 887 2858 .·
919 2836 985 2867 quo
1019 2832 1164 2863 tempore
1202 2831 1367 2862 nunquam

356 2879 510 2920 concepit
535 2902 541 2910 .
568 2875 717 2914 Denique
740 2869 907 2903 immobili
931 2867 1019 2902 fano
1051 2875 1181 2898 tumore
1203 2888 1215 2904 ‚
1248 2866 1277 2896 &
1309 2864 1371 2897 do·-

361 2924 431 2956 lore
456 2933 466 2954 :
494 2931 529 2953 ac
554 2916 643 2950 febre
667 2916 813 2948 acutiore
839 2912 1047 2945 saevientibus
1069 2933 1079 2949 ,
1110 2920 1127 2942 e
1150 2909 1235 2940 vivis
1258 2907 1366 2940 exces-

358 2966 422 3001 sit.
553 2961 587 2992 V
610 2959 639 2992 E
663 2959 695 2990 N
722 2958 756 2991 T
778 2957 811 2989 R
835 2957 865 2989 E
897 2955 1072 2998 adaperto,
1096 2953 1234 2986 tumoris
1255 2952 1367 2992 ingens

361 3008 464 3044 moles
488 3018 504 3040 a
526 3003 680 3038 Valsalva
703 3010 867 3042 comperta
891 2999 932 3033 est
956 3024 963 3033 0
989 3007 1024 3030 ut
1049 2995 1235 3039 praegrande
1259 2994 1366 3028 homi-

360 3054 412 3087 nis
435 3056 577 3093 aequaret
599 3053 696 3088 caput
721 3067 731 3076 .
755 3045 834 3076 Erat
859 3045 893 3075 in
918 3042 1092 3084 posteriore
1116 3040 1201 3074 uteri
1224 3040 1367 3081 pariete,

363 3095 508 3130 Κεᾶιιη]
535 3088 722 3125 intestinum
743 3087 948 3120 vehementer
972 3094 1117 3126 premens
1140 3106 1149 3122 ,
1176 3085 1207 3116 ἃ
1230 3084 1369 3115 circum-

362 3140 459 3183 jectis
481 3136 631 3179 partibus
656 3132 739 3165 arcte
762 3130 915 3175 alligata.
939 3126 1084 3160 Carnosa
1107 3129 1246 3160 exterius
1278 3127 1369 3157 colo-

364 3195 398 3216 re
419 3181 552 3224 quidem
584 3176 790 3214 videbatur;
817 3173 875 3207 led
908 3172 1078 3205 substantia
1108 3170 1237 3204 firmior
1270 3179 1335 3202 erat
1358 3178 1368 3205 3

363 3228 513 3267 intraque
537 3222 619 3256 hanc
643 3218 781 3252 sinuosas
803 3227 912 3250 caveas
937 3216 1124 3248 continebat
1148 3213 1226 3247 duas
1247 3234 1260 3252 ,
1291 3223 1371 3254 qua-

369 3279 440 3302 rum
476 3269 612 3309 parietes
646 3273 773 3296 carnem
807 3260 970 3302 putridam
1007 3257 1188 3291 referebant
1214 3281 1221 3287 .
1260 3256 1373 3290 Altera

369 3313 476 3346 inanis
498 3317 566 3343 erat
589 3320 600 3347 5
623 3308 658 3340 in
681 3307 779 3339 altera
801 3301 904 3337 serosa
929 3305 1062 3336 materia
1086 3300 1338 3334 concludebatur
1363 3323 1371 3331 .

370 3357 574 3388 Ovariorum
609 3361 739 3394 quoque
773 3348 879 3382 sedern
914 3345 967 3379 hic
1011 3354 1122 3378 tumor
1163 3343 1375 3384 occupabat.

370 3400 484 3440 Itaque
518 3396 644 3430 nullum
675 3403 789 3426 eorum
823 3390 991 3431 vestigium
1029 3391 1197 3421 inventum
1222 3387 1299 3423 est,
1323 3385 1374 3417 ni-

368 3441 390 3474 si
414 3440 501 3484 quod
524 3441 566 3473 ad
588 3438 725 3471 tumoris
750 3436 846 3468 latera
871 3431 1017 3466 vericulae
1041 3430 1110 3465 sero
1133 3429 1273 3471 turgida:
1298 3439 1375 3462 con-

370 3484 483 3527 speaae
515 3482 610 3521 sunt,
635 3491 773 3523 quarum
795 3476 959 3518 nonnullae
981 3486 1045 3510 ovo
1068 3474 1260 3509 columbino
1282 3481 1372 3507 erant

379 3622 1780 3643 W

434 3701 450 3730 t
465 3693 505 3728 vj
521 3700 583 3733 epia.
599 3701 634 3723 N.
652 3700 684 3724 c.
699 3700 757 3723 nec.
776 3704 795 3722 ι.
814 3698 846 3721 Α.
864 3703 887 3720 2.
902 3694 960 3720 oss.
978 3701 1032 3725 152.

436 3734 450 3760 ζ
467 3738 481 3754 x
498 3730 511 3758 )
528 3730 622 3753 oulen.
641 3730 671 3753 de
687 3734 754 3757 parte
769 3727 846 3751 intest.
863 3725 944 3756 Jejuni
961 3727 982 3749 8:
998 3730 1052 3749 caet.
1068 3731 1089 3748 c.
1109 3732 1130 3752 3.
1150 3724 1173 3753 §-
1190 3726 1229 3747 60.

435 3763 449 3790 ξ
465 3769 484 3789 z
499 3769 507 3789 )
524 3762 590 3785 Part.
608 3761 629 3784 1.
646 3759 675 3784 ad
691 3758 794 3784 Gliffo'n.
809 3755 892 3783 T-ei.
907 3756 936 3781 de
952 3755 1062 3781 Venzrie.
1081 3753 1105 3778 ἃ
1121 3754 1203 3780 lntest.
1219 3760 1242 3778 t.
1260 3761 1283 3778 τ.

1093 3692 1156 3723 (s)
1173 3696 1225 3717 not.
1241 3700 1263 3716 ².
1280 3691 1309 3715 ad
1329 3692 1352 3721 §.
1372 3693 1425 3717 128.
1444 3691 1550 3716 Praelen.
1568 3689 1655 3714 Boerh.
1674 3689 1797 3723 inglnstit.

1293 3723 1307 3752 (
1320 3731 1336 3753 y
1356 3724 1367 3749 )
1384 3731 1405 3746 C·
1427 3730 1466 3750 44-
1483 3722 1550 3750 supra
1567 3721 1594 3744 ad
1614 3728 1628 3743 n

1346 3754 1361 3782 (
1376 3760 1391 3777 a
1407 3752 1421 3781 )
1436 3754 1450 3781 (
1465 3752 1479 3778 h
1498 3752 1507 3782 )
1522 3751 1643 3781 sepulcrm
1661 3749 1722 3775 Sest.
1740 3749 1783 3774 hac
1801 3757 1838 3774 ιι.
1855 3747 1913 3773 Obs
1930 3757 1973 3780 μ,
1992 3749 2016 3772 ὅς
2031 3749 2071 3778 48,

941 138 1096 194 Liber
1117 129 1219 192 ³111.
1257 141 1335 191 De
1373 134 1580 191 Morbis
1612 136 1827 187 Ventris

1414 222 1505 254 pares
1529 235 1537 244 .
1573 210 1724 261 Golleeca
1753 223 1794 244 ex
1828 211 1868 261 iis
1892 206 1952 244 seri
1975 221 2046 253 pars
2066 211 2138 255 igni
2161 213 2311 255 imposita
2335 217 2380 252 est
2403 224 2415 256 ,‘

1414 252 1615 331 {iggscraeiztl'iiitfis
1639 254 1739 288 acidis
1762 255 1864 290 succis
1888 254 2020 289 admista
2043 279 2051 288 .
2076 256 2206 291 Neutra
2229 258 2300 293 ullo
2322 260 2423 296 modo
2448 311 2451 313 Β

1462 350 1512 383 ²3-
1537 339 1641 373 Nulla
1675 350 1745 383 eget
1777 340 1832 375 hic
1867 340 1954 375 casus
1987 341 2187 383 expositione

1418 385 1425 392 “
2211 355 2222 376 .·
2245 344 2324 378 adeo
2347 356 2424 388 quae

1415 396 1450 418 in
1484 393 1613 417 mortua
1646 394 1771 426 reperta
1805 384 1877 418 sunt
1903 411 1911 423 ‚

1515 428 1521 434 ⁶
1594 429 1599 434 ¹
1944 386 1983 418 iis
2018 384 2183 419 evidenter
2207 386 2420 430 respondent,

1414 438 1487 478 quae
1512 438 1546 460 in
1571 436 1700 459 vivente
1723 426 1852 461 fuerant
1877 427 2094 463 animadversa
2119 454 2127 461 .
2160 431 2292 465 Scilicet
2325 431 2422 466 abor-

1414 480 1542 504 tionem
1564 469 1736 503 consecuta
1757 471 1894 504 durities
1916 497 1924 511 ‚
1954 475 1984 505 &
2016 471 2111 506 dolor
2135 497 2144 513 ,
2177 476 2210 507 &
2233 473 2421 518 manifestus

1411 513 1542 564 demum
1566 524 1675 547 tumor
1699 535 1709 551 ‚
1732 516 1763 546 δε
1786 514 1905 548 horum
1929 513 2015 548 sedes
2039 537 2049 553 ,
2081 518 2113 549 δι
2136 516 2226 550 nulla
2251 518 2338 553 intra
2359 517 2417 552 de-

1412 568 1564 607 cennium
1587 580 1600 596 ‚
1622 567 1768 603 quainyis
1793 557 1929 592 florente
1951 567 2046 591 aetate
2068 579 2078 594 ‚
2101 561 2277 602 conceptio
2302 583 2315 601 ,
2346 561 2421 595 satis

1413 611 1498 651 ntneri
1520 610 1684 649 tumorem
1708 599 1933 642 significabant
1948 614 1957 632 :
1981 613 2038 635 nec
2060 600 2155 636 dolor
2178 604 2295 646 capitis
2316 625 2328 642 ‚
2361 615 2422 638 vo-

1409 654 1530 695 mirus,
1556 647 1801 693 &cruciatuum
1823 646 1856 676 in
1880 654 2027 678 tumente
2051 655 2140 687 parte
2164 647 2204 681 ab
2216 649 2315 681 animi
2339 654 2423 690 p'rae-

1409 687 1521 722 sertim
1546 687 1689 721 tristibus
1712 684 1883 720 affeetibus
1916 688 2152 723 incrementum
2183 690 2248 724 alio
2281 681 2423 734 pertine-

1408 733 1509 765 bant.-
1528 732 1737 781 ‘cruciatuum
1761 740 1866 764 autem
1891 732 2073 772 acerbitas,
2097 736 2129 766 δε
2154 732 2262 768 febres
2285 746 2419 777 pravam

1409 785 1551 824 tumoris
1574 784 1723 807 naturam
1748 775 1957 815 indicabant,
1980 785 2015 809 ut
2039 778 2247 819 exonerandae
2271 778 2336 811 alvi
2360 789 2420 821 po-

1407 828 1473 851 tius
1495 840 1507 857 ‚
1532 828 1628 867 quam
1651 818 1783 853 veficae‚
1807 817 1979 851 difficultas
2000 822 2052 853 cui
2081 811 2277 862 pot'iffimum
2300 819 2421 855 infide-

1407 871 1456 912 re't
1480 870 1564 895 uteri
1590 863 1672 903 parti
1697 884 1705 892 .
1731 861 1846 894 Unum
1869 871 1937 894 erat
1961 863 2019 899 ‚fi
2043 863 2217 898 Arantium
2242 867 2295 909 (y
2318 868 2329 904 )
2365 877 2420 899 au-

1411 905 1494 955 dires
1515 928 1525 943 ,
1560 905 1649 945 quod
1684 915 1749 936 non
1772 905 1846 937 latis
1868 907 2061 939 conveniens
2091 907 2325 950 videri‘posset
2347 932 2354 940 .
2387 910 2420 942 Is

1412 958 1498 998 enim
1521 959 1595 982 cum
1620 946 1778 990 proferret
1803 958 1895 981 notas
1920 960 1974 990 per
2006 961 2084 991 quas
2107 964 2123 985 a
2148 952 2332 986 mesenterii
2367 961 2419 985 tu·

1412 993 1558 1042 moribus
1582 993 1666 1026 uteri
1689 1001 1831 1025 tumores
1865 991 2079 1027 discernamus
2101 1017 2112 1033 ,
2146 995 2179 1029 hi
2203 995 2305 1029 dolent
2329 1020 2338 1035 ‚
2369 997 2420 1028 in-

1412 1045 1508 1078 quit,
1530 1035 1661 1077 aequales
1683 1057 1693 1073 ,
1717 1034 1802 1068 ovali
1816 1032 1924 1077 forma
1945 1036 2070 1077 praediti
2085 1036 2165 1078 sunt
2189 1063 2196 1075 ‚
2227 1049 2321 1081 neque
2353 1037 2420 1071 loco

1410 1078 1537 1128 prorsus
1560 1087 1725 1112 moventur
1747 1103 1754 1110 .
1787 1077 1909 1111 Noster
1931 1079 1986 1112 diu
2013 1080 2146 1114 mobilis
2178 1080 2243 1115 fuit
2265 1104 2277 1120 ,
2313 1083 2420 1115 multo

1412 1122 1535 1156 diutius
1557 1144 1569 1161 ,
1591 1124 1623 1153 &
1646 1121 1768 1170 semper
1792 1121 1923 1156 sortaffe
1945 1121 2073 1156 futurus
2118 1123 2175 1158 nifi
2201 1125 2286 1157 ariste
2310 1125 2341 1158 se
2363 1124 2420 1159 de-

1412 1166 1564 1215 mumqad
1616 1176 1756 1198 roxxmas
1780 1175 1886 1207 partes
1910 1166 2063 1208 alligasset
2089 1193 2095 1197 .
2124 1169 2180 1202 An
2204 1168 2308 1210 igitur
2330 1170 2364 1201 in
2387 1180 2421 1202 e-

1412 1208 1568 1258 jusmodi·
1603 1219 1751 1241 umtaxat
1773 1210 1974 1250 praegrandes
1997 1208 2063 1252 jam
2088 1209 2191 1245 faustos
2209 1235 2217 1249 ,
2251 1214 2281 1244 δι
2306 1212 2420 1251 alliga-

1411 1263 1463 1286 tos
1487 1262 1568 1286 uteri
1594 1261 1739 1301 tumores
1766 1254 1922 1285 Arantius
1946 1253 2130 1286 inciderat?
2153 1266 2193 1288 an
2217 1254 2323 1289 verbis
2345 1249 2421 1290 usus

1411 1295 1477 1336 est,
1496 1308 1571 1347 *quae
1595 1304 1696 1337 magis
1719 1294 1848 1329 fortaffe
1871 1307 1969 1337 quarn
1992 1298 2024 1328 in
2045 1300 2154 1331 animo
2178 1297 2334 1338 haberet,
2357 1301 2423 1332 im-

1413 1341 1550 1374 mobiles
1574 1349 1717 1373 tumores
1740 1339 1834 1374 hosce
1860 1340 2039 1380 significare
2062 1340 2232 1375 videantur
2255 1345 2265 1374 ?
2290 1342 2424 1376 Utcun-

1412 1395 1476 1428 que
1500 1383 1625 1433 id.est’'
1647 1383 1742 1427 longe
1766 1381 1894 1415 facilius
1918 1393 1984 1416 erat
2009 1385 2041 1416 in
2067 1386 2231 1427 proposita
2256 1385 2388 1420 historia
2412 1407 2423 1423 ‚

1412 1439 1517 1478 quam
1533 1438 1566 1460 in
1592 1439 1627 1459 ea
1651 1438 1723 1468 quae
1745 1427 1895 1469 proxime
1920 1427 2086 1468 sequitur,
2112 1427 2423 1463 antediffec‘tionem

1412 1471 1595 1514 intelligere
1612 1491 1622 1506 ‚
1655 1482 1728 1512 quae
1750 1481 1819 1512 pars
1842 1471 1875 1502 in
1900 1471 1969 1503 imo
1992 1472 2115 1505 ventris
2139 1481 2300 1505 tumorem
2337 1471 2424 1506 face-

1412 1522 1461 1548 ret
1487 1527 1494 1548 :
1529 1525 1631 1556 neque
1656 1512 1719 1547 hoc
1743 1523 1850 1546 tamen
1875 1512 2081 1555 sagacitatem
2107 1514 2267 1549 Valsalvae
2298 1514 2387 1559 fugit

1412 1555 1687 1602 quemadmodum
1713 1559 1863 1599 protinus
1887 1557 2082 1601 cognosces.
2253 1587 2254 1590 ,
2407 1539 2422 1558 ³

1461 1613 1510 1651 ¹4:
1533 1602 1616 1634 ΜΟ
1632 1602 1658 1634 L
1674 1602 1771 1633 [ER
1794 1601 1922 1643 gracilis
1946 1624 1956 1640 ‚
1997 1612 2155 1635 annorum
2186 1602 2316 1636 circiter
2340 1613 2421 1646 qua-

1410 1649 1582 1696 draginta,
1601 1656 1680 1690 *cum
1704 1644 1871 1686 hystericae
1894 1643 2062 1678 affectioni
2088 1645 2229 1680 multum
2253 1644 2328 1680 ess‘et
2359 1646 2423 1680 ob-

1412 1701 1508 1740 noatia
1533 1711 1541 1725 ‚
1576 1688 1707 1735 ejusque
1740 1686 1918 1729 presertim
1955 1689 2162 1729 gravioribus
2188 1691 2388 1732 paroxysmis
2412 1712 2423 1727 ,

1411 1744 1469 1776 qui
1493 1732 1689 1765 convullivis
1712 1732 1856 1763 motibus
1881 1730 2065 1765 universum
2087 1743 2205 1771 corpus
2231 1755 2239 1768 ‚
2263 1736 2424 1775 praecipue

1412 1786 1522 1811 autem
1545 1775 1664 1808 ventris
1688 1774 1805 1807 viscera
1830 1775 2062 1808 concutiebant
2086 1798 2095 1812 ‚
2120 1786 2260 1817 cumque
2283 1778 2425 1811 nonnul-

1412 1821 1460 1853 los
1482 1817 1610 1852 tandem
1633 1828 1822 1852 caeterorurn
1844 1817 2044 1860 graviffimos
2065 1816 2146 1860 passa
2160 1818 2254 1857 effet3
2279 1820 2425 1853 animad-

1411 1872 1537 1897 vertere
1559 1863 1662 1905 coepit
1687 1860 1886 1895 manifestam
1910 1863 2071 1903 quandam
2096 1873 2172 1896 cum
2195 1863 2228 1895 in
2253 1863 2424 1906 epigastri—

1410 1919 1447 1941 ca
1474 1907 1603 1948 regione
1625 1905 1857 1947 depreffionem
1882 1930 1892 1943 ‚
1924 1914 1995 1937 tum
2020 1908 2052 1938 in
2077 1904 2306 1948 hypogastrica
2329 1917 2425 1941 extu-

1410 1951 1634 1984 berationem.
1660 1949 1722 1981 Illa
1744 1958 1918 1994 nunquam¹
1937 1949 2146 1986 mutabatur;
2171 1949 2239 1982 haec
2264 1949 2345 1992 saepe
2370 1952 2425 1984 in-

1409 2003 1459 2028 tra
1484 2004 1583 2027 unum
1608 1992 1717 2025 diem.
1742 1991 1830 2024 Nam
1855 2002 2032 2032 majorem,
2055 1995 2085 2025 δι
2109 1992 2290 2035 praedurum
2314 2002 2424 2027 tumo-

1410 2049 1478 2071 rem
1502 2048 1575 2071 cum
1598 2035 1774 2069 ostenderet
1800 2048 1809 2071 3
1835 2033 2054 2077 sepenumero
2078 2035 2131 2069 hic
2159 2046 2286 2077 repente
2308 2039 2422 2077 conci-

1411 2082 1526 2114 debat.
1552 2079 1637 2113 Item
1661 2090 1735 2112 curn
1759 2079 1909 2111 alimenta
1935 2080 2142 2113 sumebantur
2164 2090 2178 2120 ,·
2207 2080 2273 2113 haec
2308 2080 2424 2115 eodem

1413 2124 1512 2167 usque
1536 2124 1730 2167 praecipitari
1755 2123 1869 2156 mulier
1895 2123 2051 2156 sentiebat
2078 2146 2089 2162 ,
2122 2134 2220 2165 eaque
2243 2135 2314 2165 pars
2334 2125 2425 2158 'inde

1412 2172 1515 2214 magis
1539 2168 1769 2204 attollebatur,
1794 2176 1989 2208 graViorque
2014 2166 2109 2199 fiebat
2134 2170 2283 2208 ponsieris
2307 2167 2425 2210 sensus,

1416 2215 1474 2255 qui
1499 2214 1619 2253 iemper
1643 2211 1762 2243 ibidem
1787 2219 1856 2243 erat
1881 2221 1888 2242 .·
1915 2212 2092 2251 interjeffis
2116 2219 2220 2243 autem
2246 2221 2388 2253 quatuor
2411 2235 2425 2252 ‚

1417 2265 1473 2289 aut
1496 2256 1640 2304 quinque
1664 2254 1752 2287 horis
1777 2276 1786 2290 ,
1809 2254 1936 2287 dolores
1961 2253 2152 2287 acerbissimi
2167 2276 2175 2290 ,
2199 2257 2228 2286 ἃ
2256 2257 2399 2289 tormina
2414 2277 2425 2292 ,

1417 2302 1449 2332 δι
1473 2296 1791 2346 animndefecliones
1815 2297 2062 2331 excitabantur.
2086 2300 2183 2334 AEgra
2200 2297 2289 2340 —saepe
2312 2309 2428 2339 quere,—

1416 2343 1512 2375 batur
1530 2364 1539 2379 ‚
1571 2342 1632 2387 libi
1663 2343 1772 2374 omnia
1798 2342 1941 2378 viscera3
1966 2341 2007 2374 lic
2031 2352 2117 2374 enim
2128 2334 2245 2381 ‘„Jeb‚ar
2270 2352 2280 2379 3
2314 2353 2330 2372 e
2363 2343 2427 2376 suis

1416 2386 1544 2419 sedibus
1567 2385 1624 2432 esle
1648 2384 1819 2427 prolapsa.
1842 2384 2017 2417 Coffiones
2030 2384 2200 2417 manifesto
2226 2395 2355 2418 Vltraras
2368 2385 2427 2421 ha-

1411 2430 1529 2464 bebat:
1555 2428 1786 2461 febricitabat:
1812 2437 1877 2461 erat
1902 2427 1993 2461 valde
2018 2438 2173 2461 emaciata
2199 2454 2205 2460 .
2244 2428 2334 2462 Cum
2358 2439 2423 2464 tres

1413 2471 1534 2506 menses
1546 2472 1587 2505 sic
1600 2495 1609 2509 ,
1633 2481 1670 2505 ut
1680 2471 1824 2504 diximus
1836 2494 1845 2508 ,
1859 2468 1969 2503 affecta
1981 2470 2292 2508 vixiffet3cleceffit.

1415 2516 1477 2550 IN
1511 2514 1845 2550 CANDAVERE
1867 2514 1898 2547 id
1924 2516 2092 2547 inventum
2119 2514 2161 2548 est
2185 2526 2228 2556 qu
2241 2517 2274 2549 nd
2299 2516 2425 2549 Valsal-

1414 2562 1497 2594 vain
1509 2560 1648 2593 consilio
1673 2558 1881 2600 praedixerat,
1905 2561 2102 2592 ventriculus
2127 2558 2165 2592 acl
2178 2557 2426 2601 hypogastrium

1416 2603 1581 2647 prolapsus
1594 2624 1602 2638 ‚
1628 2603 1683 2634 vix
1699 2610 1735 2634 tit
1747 2600 2062 2642 quatuortrausverfi
2075 2602 2173 2644 digiti
2197 2596 2400 2645 interipsum
2414 2626 2424 2642 ‚

1417 2647 1601 2690 pubemque
1625 2647 1858 2678 intercederent
1883 2670 1890 2678 .
1926 2645 1992 2677 Hic
2030 2656 2134 2678 autem
2160 2645 2261 2678 alium
2281 2645 2428 2681 'habebat

1418 2692 1562 2732 pofitum
1586 2701 1619 2722 ac
1644 2688 1795 2722 Editores
1819 2687 2014 2721 Bibliothecae
2036 2689 2238 2723 Anatomfcae
2264 2689 2358 2733 (z)
2386 2702 2428 2724 ex

1417 2734 1556 2776 quadam
1580 2733 1721 2773 Virgine
1745 2732 2032 2773 repraesentarunt.
2059 2734 2131 2765 l'ars
2157 2736 2245 2766 enim
2272 2733 2325 2766 illa
2350 2745 2428 2767 ven-

1417 2777 1612 2820 triculitiuze
1637 2776 1720 2817 gulae
1734 2775 1904 2816 respondet
1918 2798 1928 2813 ‚
1952 2774 2004 2807 hic
2029 2774 2127 2816 essue
2144 2774 2221 2809 ideo
2243 2779 2276 2808 in
2292 2777 2428 2819 longum

1419 2822 1575 2863 produch
1598 2829 1685 2858 erat,
1710 2829 1746 2852 ut
1772 2818 1891 2853 fundus
1914 2827 2002 2851 totus
2028 2819 2101 2852 eliet-
2127 2821 2158 2851 in
2185 2819 2429 2862 hypogastffio.

1468 2875 1518 2906 15.
1547 2866 1630 2898 Rara
1665 2864 1799 2905 quidem
1832 2862 1898 2895 haec
1932 2861 2092 2902 diagnoiis
2127 2863 2290 2899 Vmsalvae
2326 2863 2427 2902 fuir;

1421 2910 1470 2942 sed
1504 2919 1568 2941 non
1603 2909 1710 2941 minus
1745 2917 1812 2939 rara
1843 2905 2040 2939 Observatio
2062 2931 2070 2939 .
2106 2907 2157 2939 Ut
2191 2911 2229 2939 ab
2264 2908 2321 2940 hac
2344 2909 2430 2941 itici-

1418 2963 1504 2998 piam
1528 2963 1539 2989 5
1572 2951 1804 2983 animadvertas
1829 2971 1837 2986 ‚
1872 2949 1968 2983 velim
1995 2974 2003 2988 ‚
2039 2949 2249 2985 multifariam
2273 2950 2333 2983 effe
2358 2951 2431 2993 pos-

1417 2998 1446 3028 ie
1472 2995 1688 3028 ventriculum
1711 2996 1745 3026 in
1769 2992 1984 3034 hypogastrio
2010 3018 2017 3024 .
2055 2993 2244 3035 Aliquando
2284 3005 2369 3027 enim
2395 3007 2429 3029 ea

1416 3039 1460 3072 est
1484 3039 1701 3080 amplitudine
1724 3059 1733 3073 ,
1768 3045 1803 3068 ut
1827 3039 1860 3068 in
1887 3038 2020 3069 muliere
2043 3047 2140 3078 quam
2165 3039 2198 3071 in
2224 3037 2429 3072 Nosocornio

1419 3082 1484 3115 hoc
1508 3082 1591 3127 secui
1616 3083 1702 3115 circa
1737 3079 1877 3112 medium
1906 3080 2115 3113 Decembrem
2152 3083 2191 3115 A.
2220 3092 2313 3123 17¹7*
2350 3093 2431 3115 ven-

1420 3127 1530 3159 triculi
1555 3126 1689 3159 fundum
1713 3133 1778 3155 non
1803 3133 1902 3164 magis
1917 3125 1955 3156 ab
1978 3123 2147 3165 offepubis
2168 3125 2305 3164 distare,
2330 3136 2429 3167 quam

1424 3171 1457 3202 in
1482 3170 1615 3203 soemina
1640 3168 1737 3201 modo
1762 3167 1925 3208 proposita
1950 3191 1960 3206 ,
1985 3165 2145 3205 viderim,
2173 3172 2202 3201 ἃ
2227 3170 2267 3200 iis
2290 3171 2349 3211 qui
2371 3170 2430 3202 ad-

1429 3224 1536 3250 eram,
1563 3211 1759 3245 ostenderim
1785 3211 1922 3244 tantoid
1937 3212 2037 3253 magis
2061 3213 2299 3245 admirantibus
2323 3234 2331 3247 ,
2351 3214 2431 3250 Quia

1424 3255 1624 3290 ventriculus
1655 3263 1722 3289 erat
1755 3254 1858 3299 inanis
1881 3278 1888 3285 .
1927 3255 2016 3288 Cum
2050 3255 2136 3287 enirn
2173 3265 2227 3289 aut
2262 3256 2392 3288 flatibus
2416 3279 2429 3295 ,

1425 3310 1480 3333 aut
1504 3297 1702 3336 humoribus
1719 3296 1847 3329 inclusis
1867 3309 1978 3338 praeter
2002 3309 2134 3331 omnem
2155 3298 2289 3332 modum
2312 3299 2429 3332 disten-

1425 3342 1517 3393 ditur
1540 3365 1549 3379 ,
1575 3341 1660 3384 posse
1684 3353 1723 3373 eo
1746 3344 1914 3382 pervenire
1937 3363 1946 3378 ‚
1971 3351 2006 3374 ut
2032 3340 2177 3375 foemina:
2200 3353 2255 3376 aut
2279 3354 2338 3379 oro
2361 3342 2431 3383 jain

1425 3389 1482 3419 diu
1507 3386 1749 3428 praegnantibus
1772 3406 1785 3422 ,
1809 3394 1863 3419 aut
1888 3396 1946 3425 pro
1969 3385 2061 3419 asciti
2074 3386 2109 3418 :is
2135 3386 2306 3419 {rabuntur
2335 3406 2345 3420 ‚
2371 3398 2430 3418 ri:-

1426 3439 1496 3479 tum
1518 3429 1574 3479 ‘est
1609 3440 1647 3461 ex
1681 3426 1976 3461 Observationibus
2008 3429 2228 3462 Mum-theri>
2265 3433 2275 3468 ζ
2302 3448 2309 3457 2
2338 3430 2353 3466 )
2399 3429 2432 3460 in

1425 3483 1542 3515 primis
1562 3494 1572 3511 ‚
1597 3474 1627 3506 Sc
1647 3471 1787 3515 Jodonii
1810 3474 1824 3510 (
1846 3470 1866 3503 b
1888 3474 1902 3510 )
1925 3493 1935 3509 ,
1969 3483 2113 3514 quorum
2137 3472 2190 3507 hic
2218 3473 2431 3506 vendovera

2335 3526 2393 3556 pr

1553 3648 1556 3662 l

1859 3688 2008 3719 (t)n.7.
2069 3688 2308 3719 (ir)n.4.&7.

1653 3728 1673 3749 7,
1694 3726 1734 3743 cit,
