2498 4075
415 155 480 208 34

345 214 395 256 gii
418 214 507 256 judic
518 214 585 249 ium
607 214 646 249 de
669 212 851 248 examinata
873 211 915 247 ab
942 213 1015 255 ipso
1038 211 1125 254 quasi
1149 212 1351 246 membrana-

345 269 402 291 cea
426 261 542 303 vagina
577 258 716 299 quadam
738 281 748 298 ‚
784 259 824 291 ab
855 255 989 290 Rustica
1022 254 1145 297 dejecta
1165 279 1174 293 ,
1206 254 1352 297 quamvis

338 300 479 343 figuram
501 301 638 340 intestini
658 301 724 334 coli
746 311 817 334 cum
850 298 991 332 valvulis
1015 298 1252 332 conniventibus
1274 298 1353 330 adae-

342 350 477 387 quaret.
501 346 624 377 Contra
641 367 651 385 ,
674 347 707 378 in
730 345 796 377 alio
808 343 939 385 Apitius
964 346 974 380 (
999 339 1019 374 b
1042 345 1052 380 )
1078 343 1212 374 minime
1224 341 1354 374 dubita-

344 388 417 429 vit,
442 389 520 431 quin
543 388 653 430 egestae
680 387 873 421 membranae
899 383 996 418 essent
1021 384 1254 418 frustaintimae
1265 384 1354 417 tuni-

344 442 388 465 cae
413 430 667 465 intestinorum:
691 433 723 464 &
748 432 839 472 plura
902 427 1009 461 uidem
1035 429 1084 462 vel
1108 439 1145 462 ex
1171 439 1280 461 earum
1304 428 1355 459 in-

339 474 500 520 spefflone
525 476 664 518 protulit
688 486 744 508 cur
768 474 802 506 id
824 483 875 506 cre
901 480 1029 504 eretur.-
1053 482 1237 513 quanquam
1270 469 1352 503 illud

339 519 432 560 quod
455 519 562 562 primo
587 518 661 552 loco
686 516 795 560 posuit
819 515 911 550 fuisse
930 514 1075 557 tubulofa
1091 513 1198 557 forma
1223 512 1352 555 exafiis-

338 565 415 610 fime
433 563 608 605 praeditas,
631 571 702 595 tum
727 573 760 594 ea
783 570 855 602 quae
879 558 979 591 modo
1011 557 1140 591 laudata
1173 556 1215 591 est
1236 578 1245 593 ‚
1281 565 1352 589 tum

343 607 546 642 Observatio
569 616 701 648 quoque
724 601 868 637 infirmat
882 602 937 633 Cl.
956 599 1135 635 Verdriefii
1160 600 1176 642 (
1195 611 1211 632 c
1229 600 1246 640 )
1261 624 1269 638 ‚
1294 600 1352 641 qui

342 653 409 687 alio
432 654 465 685 in
503 651 576 684 viro
600 649 744 690 penitius
768 644 1006 687 contemplatus
1032 670 1040 682 ,
1073 655 1140 677 non
1172 643 1259 676 aliud
1294 641 1352 676 effe

341 706 440 740 quam
457 691 627 738 fistulosam
647 691 806 733 pituitam
839 688 1092 721 manifestislime
1115 686 1349 729 deprehendit,

341 751 416 784 quae
438 737 629 780 conci·efiens
642 757 654 774 ‚
678 733 717 766 ad
739 731 929 767 continentis
952 730 1089 770 intestini
1099 729 1237 773 figuram
1253 728 1288 771 se
1298 740 1352 762 ac-

339 782 611 819 commodaverat.
635 778 694 811 Sed
719 787 796 810 num
820 774 984 811 dicemus,
1007 775 1134 815 inquies
1146 795 1159 813 ,
1177 773 1268 814 idem
1303 784 1353 806 ac-

337 825 448 862 cidisse
471 828 556 858 intra
580 823 716 855 Caecum
738 818 952 854 intestinum,
973 817 1063 860 quod
1087 817 1169 850 olim
1194 816 1353 850 Beckerus

340 876 354 912 (
375 868 428 912 d)
452 879 530 911 pene
554 863 733 898 affirmabat
750 885 762 903 ‚
784 862 814 895 se
840 861 954 895 vidiffe
991 859 1157 903 dejectum
1183 881 1193 897 ,
1229 862 1354 903 quippe

340 924 453 958 corpus
476 906 726 951 membranosum
741 930 753 947 ‚
776 905 871 948 digiti
893 904 1024 945 majoris
1049 903 1274 946 longitudinem
1307 902 1351 935 (9*

336 956 541 993 latitudinem
564 953 747 994 adaequans,
770 947 917 991 patulum
941 948 983 981 Θ
1005 945 1121 989 erasum
1144 946 1183 980 ab
1205 957 1265 980 una
1280 971 1289 985 ‚
1312 944 1351 978 ab

337 1001 439 1036 altera
461 1009 535 1032 vero
554 1004 646 1038 parte
670 989 832 1037 clausum?
854 992 936 1025 Haec
949 991 1036 1024 enim
1060 991 1222 1023 continuo
1246 989 1353 1031 subje-

339 1046 387 1079 cit
399 1066 409 1083 ‚
433 1041 554 1084 triplici
574 1039 680 1073 tunica
694 1064 703 1079 ,
728 1036 814 1072 tenui
825 1058 833 1073 ,
857 1033 981 1077 carnosa
992 1057 1005 1075 ,
1027 1046 1063 1067 ac
1076 1033 1184 1076 rugosa
1197 1033 1349 1072 constans.

339 1090 416 1123 Iino
439 1085 520 1130 quid
541 1084 706 1122 dicemus,
730 1083 782 1115 aio
804 1090 864 1121 ego
890 1078 927 1112 ad
953 1089 1014 1112 tres
1038 1078 1114 1110 alias
1137 1076 1354 1109 Observatio-

337 1143 419 1173 nes»,
443 1133 477 1164 in
500 1129 620 1172 quibus
641 1136 707 1160 non
732 1120 967 1158 Vermiformis
989 1120 1165 1163 Appendix
1187 1131 1258 1161 quae
1278 1120 1352 1152 ala-

336 1187 408 1211 tere
432 1176 476 1208 est
499 1171 678 1209 videlicet,
702 1168 753 1202 sed
779 1168 880 1210 ipfius
912 1165 1142 1199 intestinorum
1174 1163 1248 1196 tubi
1286 1173 1352 1196 non

337 1220 447 1255 brevis
471 1226 541 1260 pars
553 1226 608 1258 per
620 1224 716 1247 anum
732 1211 831 1254 ejecta
843 1204 1068 1252 proponitur?
1089 1207 1231 1240 Utinam
1242 1206 1353 1239 Geor-

333 1266 394 1308 gio
417 1263 540 1296 Franco
563 1262 574 1297 (
601 1267 615 1291 e
640 1260 673 1294 )·,
697 1266 772 1289 nam
796 1254 862 1295 ejus
886 1263 994 1295 aeger,
1018 1262 1107 1290 non,
1130 1259 1166 1285 ut
1189 1249 1351 1287 Beckeri,

337 1309 572 1348 aliorumque,
598 1298 750 1342 superstes
771 1296 858 1335 fuit,
889 1296 940 1330 ied
974 1295 1085 1339 paucis
1118 1294 1159 1328 ab
1191 1293 1350 1336 ejusmodi

335 1350 494 1395 egestione
517 1345 607 1381 horis
629 1343 778 1380 deceffit,
802 1339 989 1383 permissum
1014 1337 1122 1372 fuisset
1142 1338 1176 1371 in
1198 1336 1350 1371 cadavere

337 1397 445 1431 sedem
472 1387 724 1433 recognoscere,
748 1386 832 1418 unde
844 1385 965 1426 integra
977 1383 1082 1415 tenuis
1106 1380 1243 1420 intestini
1250 1391 1351 1423 pars,

328 1438 496 1485 spithamas
519 1432 710 1475 longitudine
734 1429 776 1462 (φ
800 1428 886 1461 ultra
921 1437 991 1460 cum
1023 1435 1145 1459 annexa
1175 1423 1352 1466 mesenterii

335 1483 436 1517 adhuc
452 1478 620 1523 portione,
643 1472 749 1509 avulsa
773 1470 871 1508 esset,
894 1481 992 1512 quam
1017 1467 1082 1511 ipse
1104 1467 1149 1501 ob
1171 1468 1353 1513 conniven-

335 1537 406 1564 tes,
429 1524 549 1565 quibus
572 1522 659 1553 intus
683 1516 822 1562 praedita
847 1524 938 1555 erat,
961 1512 1128 1558 valvulas,
1164 1523 1202 1545 ex
1229 1510 1352 1559 Jejuno

335 1571 423 1610 esse,
447 1564 692 1610 suspicabatur:
717 1569 905 1604 quanquam
941 1554 965 1590 fi
1001 1554 1192 1598 hujusmodi
1229 1555 1352 1587 avulsio

337 1611 488 1649 miranda
499 1610 563 1648 est;
585 1607 725 1640 coalitus
741 1604 786 1637 est
809 1603 907 1644 longe
921 1601 1024 1642 magis
1048 1599 1232 1635 mirandus,
1256 1609 1354 1640 quem

332 1661 423 1695 inter
445 1664 496 1689 eas
518 1650 664 1684 intestini
679 1656 803 1691 partes,
827 1645 911 1678 unde
924 1643 1117 1676 intermedia
1138 1643 1251 1684 portio
1263 1643 1355 1675 avul-

332 1704 369 1739 {a
393 1700 458 1737 est,
481 1696 653 1739 concipere
675 1697 807 1734 oportet
831 1689 865 1721 in
890 1687 1018 1721 duobus
1040 1686 1111 1718 aliis
1132 1686 1247 1726 aegris,
1271 1696 1356 1726 quo-

335 1757 413 1781 :rum
438 1750 571 1777 neuter,
596 1737 618 1771 si
643 1748 681 1770 ex
705 1731 868 1768 intestinis
892 1739 1021 1774 apertus
1044 1728 1149 1762 aditus
1172 1730 1206 1761 in
1231 1728 1355 1760 ventris

333 1800 449 1827 cavum
475 1783 604 1818 renerus
627 1779 722 1820 esset,
747 1777 901 1818 superstes
934 1771 992 1807 esse
1028 1770 1202 1814 potuisset.
1227 1772 1354 1804 Verum

332 1837 390 1882 Jo.
414 1834 528 1865 Petrus
554 1822 713 1859 Albrecht
739 1819 823 1865 (f)
847 1821 878 1852 ἃ
901 1815 1048 1865 Andreas
1072 1813 1240 1865 Westphal
1263 1816 1318 1863 (g
1339 1817 1355 1854 )

335 1889 415 1915 cum
437 1882 549 1909 eorum
572 1868 723 1904 historias
746 1862 977 1907 protulerunt,
1001 1857 1164 1904 ingeniose
1187 1866 1356 1906 excogita.

332 1930 441 1961 xunt,
465 1913 647 1960 praeceffiffe
671 1906 984 1955 intususceptionem
999 1928 1010 1944 ,
1034 1899 1357 1951 sive-prolapsumin-

334 1964 439 2002 'versae
463 1958 635 2002 superioris
649 1953 792 1988 intestini
804 1957 1002 1993 partisintra
1015 1955 1199 1989 proximam
1222 1943 1356 1985 sequen-

334 2020 410 2046 :em
433 2006 475 2040 sic
499 2013 536 2037 ut
559 2012 614 2043 per
637 1993 958 2032 inflammationem,
981 1993 1012 2023 δε
1032 1998 1238 2031 gangraenam
1261 1987 1357 2037 abru-

334 2054 416 2099 Ptio
441 2044 597 2093 prolapsae
621 2042 723 2086 partis
737 2049 803 2073 non
823 2045 901 2087 *ante
912 2034 1090 2084 contigerit
1105 2055 1115 2070 ,
1140 2042 1236 2073 quarn
1251 2031 1355 2072 aliqua

333 2097 416 2133 esset
440 2097 473 2127 in
498 2086 702 2130 abruptionis
723 2084 798 2117 loco
821 2089 908 2114 inter
922 2088 1105 2118 excipienS,
1125 2084 1359 2121 exceptumque

336 2139 539 2177 *intestinum
563 2128 828 2173 conglutinatio.
854 2124 947 2173 Nam
967 2120 1056 2169 quod
1080 2130 1113 2152 ea
1136 2131 1209 2169 quae
1233 2117 1356 2159 dejecta

338 2171 341 2177 Ι
433 2191 505 2215 vera
517 2176 614 2211 fuerit
635 2171 779 2206 intestini
794 2176 906 2212 portio
922 2188 931 2203 ‚
954 2170 1010 2198 etii
1022 2172 1181 2204 nonpaucz
1195 2161 1302 2205 ‚quod
1318 2161 1357 2194 ad

623 2215 898 2251 observationem
922 2207 1129 2246 dubitarunt,
1153 2206 1357 2239 Bruchman-

338 2283 405 2307 :nus
439 2277 570 2304 autem,
592 2265 624 2296 &
649 2258 894 2294 Hoffmannus,
918 2250 1009 2295 quod
1023 2251 1060 2284 ad
1085 2249 1255 2299 secundam
1270 2272 1279 2288 ,
1303 2257 1359 2296 aut

339 2313 487 2351 intestini
513 2310 683 2343 dumtaxat
707 2303 874 2337 tunicam,
899 2306 956 2330 aut
980 2305 1133 2345 mutum,
1167 2301 1287 2326 tunicae
1320 2293 1360 2325 si-

341 2360 460 2395 milem
503 2351 736 2388 crediderunt·‚
761 2354 870 2376 tamen
896 2352 953 2373 nec
974 2350 1091 2388 primae
1127 2337 1215 2386 testes
1249 2335 1360 2369 defue-

341 2411 422 2440 runt
471 2381 502 2432 {Sc
527 2395 627 2430 Docti
642 2392 696 2425 alii
709 2389 786 2421 Viri
800 2410 808 2423 ,
835 2387 868 2417 in
882 2380 1062 2426 primisque
1075 2380 1272 2428 Magnificus
1292 2380 1360 2411 Or-

344 2448 391 2482 do
415 2424 622 2479 N'ledicorum
646 2428 1032 2476 Gryphiswaldenfium,
1057 2424 1094 2457 ad
1117 2434 1198 2465 quos
1230 2420 1359 2456 miffum

342 2489 440 2526 ‘fuisse
464 2486 584 2521 dicitur
608 2475 858 2514 examinandum
888 2469 976 2511 quod
1000 2469 1033 2501 in
1059 2466 1193 2501 secunda
1217 2466 1357 2508 egestum

345 2534 391 2569 est
437 2543 496 2575 pro
520 2524 618 2569 hujus
629 2524 766 2556 veritate
787 2514 1061 2561 pronunciarunt.
1086 2512 1203 2543 Unum
1215 2508 1360 2558 animad-

346 2555 434 2613 ver'ti
458 2572 548 2618 quod
571 2568 763 2609 excogitatae
789 2556 1063 2598 intususceptioni
1085 2555 1117 2587 in
1151 2563 1262 2604 neutra
1285 2552 1360 2586 satis

347 2620 539 2664 respondere
565 2612 667 2646 videri
693 2607 802 2651 poffit.
828 2604 919 2636 Nam
944 2599 1082 2649 valvulae
1099 2623 1107 2637 ‚
1132 2607 1176 2646 ut·
1193 2609 1225 2631 in
1250 2607 1359 2646 inver-

344 2667 383 2702 {0
428 2655 702 2706 quemadmodum
727 2657 876 2694 ponunt,
899 2643 1060 2692 intestino·
1078 2652 1143 2675 non
1165 2649 1306 2674 interiori
1324 2651 1359 2672 in

351 2688 435 2745 :fac'ie
450 2729 462 2747 ,
486 2704 537 2738 sed
562 2703 595 2734 in
619 2695 773 2732 exteriori
787 2701 954 2726 occurrere
965 2683 1168 2736 debmssent,
1193 2695 1295 2726 neque
1305 2693 1360 2717 ex-

346 2753 449 2788 terius
474 2747 637 2782 adhaerens
659 2738 813 2776 omenti,
836 2743 891 2769 aut
916 2728 1261 2771 mesenteriiquaedam
1285 2738 1360 2769 por-

347 2798 400 2831 tio
448 2793 500 2827 sed
523 2789 680 2823 interius:
706 2790 888 2825 quanquam
899 2776 967 2810 dici
980 2772 1085 2816 potest
1100 2798 1109 2812 ,
1133 2782 1199 2806 non
1222 2781 1259 2804 ut
1283 2780 1362 2804 tunc

350 2822 442 2875 erant
466 2847 508 2870 eae
528 2832 624 2866 facies
637 2854 646 2869 ‚
670 2827 720 2860 secl
737 2835 772 2859 ut
785 2834 858 2858 ante
869 2818 1044 2855 secundum
1056 2826 1203 2866 naturam
1216 2814 1358 2866 fuerant,

349 2882 412 2919 esse
436 2878 613 2913 indicatas,
638 2883 693 2905 aut
716 2869 905 2903 intestinum
927 2875 967 2897 ex
989 2859 1117 2896 inverso
1140 2859 1277 2893 fuissem
1300 2858 1359 2891 sta-

348 2937 423 2963 tum
447 2921 619 2967 pristinum
642 2913 828 2949 revolutum
854 2908 917 2945 five
940 2907 1016 2956 dum
1040 2914 1097 2948 per
1127 2903 1287 2945 reliquum
1318 2901 1358 2934 ad

349 2980 451 3006 anum
473 2965 571 3006 usque
594 2958 736 2994 canalem
750 2980 762 2996 ,
785 2957 868 2987 inter
891 2948 1107 2986 acerbiffimos
1124 2947 1254 2981 dolores
1273 2944 1358 2994 mult

349 3013 498 3048 tisariarn
523 3006 554 3040 se
566 2997 1025 3047 agitantem‚devolveretur‚
1051 2992 1115 3026 five
1136 2989 1216 3024 dum
1240 2998 1357 3031 perani

349 3054 509 3100 angustias
532 3050 632 3083 exiret
647 3069 656 3083 ‚
677 3044 740 3078 sive
763 3041 894 3075 tandem
917 3039 1084 3080 postquam
1117 3036 1238 3087 exierat
1258 3055 1271 3073 ,
1302 3043 1357 3080 per

349 3109 464 3138 manus
487 3094 570 3138 ipsas
592 3087 874 3125 examinantium.
913 3083 1092 3123 Utcunque
1123 3078 1157 3128 ¹.d
1191 3076 1234 3128 est
1256 3103 1265 3118 ,
1300 3075 1358 3108 ubi

355 3144 468 3179 cuneta
484 3135 655 3182 perlegeris
667 3155 679 3172 ‚
701 3128 861 3174 quidquid
873 3125 957 3160 hisce
968 3121 1265 3157 Observationibus
1277 3119 1357 3153 dan.

353 3189 433 3225 dum
458 3178 710 3217 existimaveris:
733 3184 788 3217 per
812 3183 861 3205 me
883 3171 970 3203 enim
996 3168 1059 3201 tibi
1090 3166 1230 3200 liberum
1253 3162 1294 3196 est
1318 3161 1358 3195 si,

351 3245 393 3267 ve
416 3239 489 3263 cum
502 3220 754 3267 accipientibus,
776 3216 839 3250 sive
850 3224 924 3248 cum
936 3210 1187 3260 dubitantibus,
1209 3206 1272 3241 sive
1283 3217 1356 3257 cum

352 3272 476 3317 aliquid
500 3265 753 3302 concedentibus
777 3259 900 3296 facere,
924 3258 1052 3296 minus,
1075 3263 1194 3297 opinor
1211 3275 1224 3292 ,
1258 3261 1357 3300 mii-a-

353 3320 460 3354 beris,
485 3313 506 3347 fi
530 3321 610 3355 quos
632 3305 852 3350 dysentericos
875 3301 925 3334 vel
950 3301 1118 3342 postquam
1141 3307 1231 3329 veras
1243 3304 1355 3344 eit-in-

353 3361 479 3397 testinis
505 3364 558 3390 aut
584 3352 784 3387 membranas
811 3373 818 3388 ‚
851 3353 907 3379 aut
943 3341 1129 3377 carunculas
1162 3339 1354 3382 egesserint‚

340 2184 407 2222 est,

336 2229 484 2273 primam
495 2223 612 2257 attinet

937 132 1092 187 Liber
1125 131 1214 186 111.
1248 135 1329 186 oe
1366 108 1575 187 Morbis
1607 128 1822 184 ventris

1404 209 1502 242 initio
1526 207 1753 241 constitueram
1770 232 1778 246 ‚
1804 217 1910 241 tamen
1934 206 2123 251 priusquam
2158 207 2254 241 finem
2287 205 2373 241 facio
2396 209 2411 245 3

1404 251 1529 294 aliquid
1552 251 1655 293 placet
1678 252 1793 285 addere
1815 252 1853 284 de
1876 251 2059 287 'senesii-io,
2088 262 2154 283 non
2178 262 2213 284 ut
2235 252 2267 283 in
2301 251 2415 293 Sepul-

1404 296 1518 329 chi-eto
1543 297 1556 334 (
1579 294 1599 327 ly
1623 298 1633 332 )
1658 293 1712 327 hic
1735 294 1803 328 fieri
1830 294 1946 331 video,
1970 296 2011 326 ab
2035 295 2106 326 aliis
2130 295 2251 333 caufis,
2275 293 2313 326 de
2337 296 2412 336 qui-

1406 341 1466 373 bus
1488 338 1568 371 alibi
1590 337 1736 374 dicetur,
1761 335 1810 370 sed
1835 339 1873 371 ab
1897 338 2078 379 dysenteria
2101 338 2272 371 dumtaxat
2296 338 2389 370 illato
2406 361 2414 369 .

1405 382 1516 417 Credo
1541 380 1688 423 equidem
1712 382 1747 413 in
1770 379 1901 423 hujusce
1925 380 2035 414 fluxus
2057 380 2119 414 fine
2145 381 2178 413 id
2202 391 2267 423 quo
2290 380 2414 414 intesti-

1406 438 1485 460 num
1509 426 1651 458 Rectum
1676 423 1714 457 ad
1738 424 1929 465 egerendum
1952 426 2123 464 irritatur,
2148 425 2227 466 saepe
2259 424 2291 454 in
2327 424 2413 456 vitio

1406 467 1551 512 ejusdem
1572 468 1717 501 intestini
1741 478 1806 500 non
1830 469 2018 508 consistere,
2042 467 2091 501 sed
2116 468 2157 500 ab
2181 467 2325 507 reliquiis
2336 478 2412 507 pro-

1403 513 1513 546 venire
1536 513 1658 544 acrium
1684 522 1852 545 mucorum
1871 535 1880 549 ,
1905 514 1935 544 &
1960 511 2147 553 sanguinis,
2170 510 2192 543 fi
2213 508 2311 549 hujus
2336 520 2415 549 prae—

1404 557 1512 590 sertim
1535 553 1700 588 obsoletus
1726 558 1759 588 in
1785 556 1887 587 mucis
1909 552 1948 587 fit
1971 556 2083 593 color,
2108 557 2142 586 in
2154 553 2281 588 cellulis
2306 554 2416 593 proxi-

1404 601 1450 634 mi
1475 599 1618 631 intestini
1642 599 1720 631 Coli
1745 596 1994 639 reststanfibus,
2017 599 2058 631 ab
2082 597 2189 640 iisque
2222 596 2376 638 paulatim
2402 621 2414 635 ‚

1405 646 1435 677 ἃ
1460 640 1641 675 identidem
1665 653 1719 684 per
1743 642 1880 675 Reemm
1905 641 1943 673 ad
1964 651 2088 684 partem
2112 640 2207 683 hujus
2238 643 2357 676 imam,
2381 640 2415 671 δε

1403 686 1598 720 irritationis
1623 686 1727 718 minus
1762 686 1939 726 patientem
1963 686 2120 719 demiffis.
2159 684 2286 717 Mirum
2318 682 2412 715 distu

1403 730 1468 769 est,
1491 740 1589 771 quam
1613 729 1670 762 diu
1692 729 1864 769 quaedam,
1889 739 1951 760 non
1966 740 2065 770 pauca
2088 730 2207 765 etiam,
2233 736 2290 759 nec
2316 736 2371 767 per
2384 724 2415 758 se

1404 772 1524 807 viscida
1539 798 1546 811 ,
1570 774 1604 804 in
1628 772 1708 805 Coli
1730 771 1853 804 cellulis
1878 770 2046 805 substitisse
2069 771 2261 805 videantur.
2286 767 2414 805 Quaesi-

1406 827 1477 852 tum
1501 816 1543 849 est
1568 827 1606 849 ex
1629 827 1681 849 me
1706 816 1751 848 A.
1780 825 1874 858 1744.
1898 814 2011 855 doen,
2037 825 2133 859 atque
2148 813 2280 857 ingenui
2307 809 2417 844 Medi-

1406 863 1437 895 ci
1461 861 1592 894 nomine
1609 884 1618 900 ,
1643 858 1776 892 ubinam
1799 857 1979 899 censerem,
2002 862 2140 892 comesta
2173 857 2238 901 pisa
2271 857 2417 898 quinque

1403 904 1491 949 ipsos
1516 902 1635 937 menses
1648 904 1681 934 in
1707 901 1849 934 hominis
1864 912 1976 935 ventre
1987 904 2104 935 morari
2119 898 2287 945 potuiffe?
2311 899 2416 932 Affir-

1406 949 1514 983 mahat
1538 948 1626 980 enim
1649 945 1701 978 sua
1726 946 1759 977 in
1783 946 1921 978 civitate
1936 948 2042 978 virum
2055 943 2114 979 esse
2126 948 2183 988 qui
2209 955 2282 978 cum
2303 943 2411 986 Junio

1405 992 1510 1026 mense
1534 991 1697 1030 multum,
1721 1000 1756 1022 ac
1783 987 2109 1030 saepiusillaediffet,
2134 996 2299 1029 correptus
2311 986 2419 1018 octo-

1404 1037 1456 1070 bri
1479 1034 1682 1076 dysenteria,
1707 1035 1738 1065 &
1762 1032 1925 1074 singultu,
1950 1044 2014 1065 non
2026 1043 2098 1065 ante
2122 1032 2223 1064 sanari
2248 1030 2416 1075 potue-rit,

1402 1090 1526 1123 quam,
1552 1076 1726 1110 Decembri
1749 1076 1904 1115 ineunte,
1926 1075 1993 1118 pisa
2018 1076 2055 1110 ad
2078 1076 2156 1109 duas
2180 1076 2276 1109 libras
2299 1072 2419 1113 dejecit

1403 1125 1531 1163 integra
1554 1120 1656 1156 adeo,
1679 1128 1715 1152 ut
1740 1130 1756 1151 a
1781 1119 1928 1161 pluribus
1953 1120 2145 1154 mirantibus
2169 1116 2314 1151 Medicis
2326 1116 2418 1157 plura

1406 1166 1469 1199 sint
1491 1175 1610 1198 eorum
1634 1162 1774 1195 servata.
1802 1161 1891 1196 Idem
1917 1173 2025 1197 autem
2037 1162 2103 1206 ejus
2115 1164 2181 1195 viri
2205 1161 2287 1204 patri
2311 1160 2391 1192 olim
2407 1179 2418 1195 ,

1401 1209 1454 1244 sed
1477 1208 1515 1242 ad
1527 1207 1691 1249 pauciores
1705 1205 2005 1245 menses,accidisse
2020 1234 2029 1248 ‚
2051 1206 2247 1240 narrabant.
2270 1202 2419 1243 Respon-

1402 1254 1458 1294 di,
1481 1253 1506 1286 fi
1530 1250 1598 1284 haec
1622 1261 1695 1282 vera
1718 1247 1840 1289 essent‚·
1862 1260 1962 1292 neque
1987 1252 2073 1284 enim
2099 1260 2167 1282 rem
2191 1249 2273 1281 inea
2298 1247 2416 1278 civita-

1403 1307 1458 1334 te,
1482 1296 1592 1329 multis
1615 1292 1832 1330 testantibus,
1857 1295 2085 1337 pervulgatam
2102 1318 2110 1331 ‚
2136 1302 2248 1333 negare
2283 1287 2418 1322 honeste

1404 1350 1549 1384 poteram
1564 1361 1573 1376 5
1600 1336 1775 1379 psaesertim
1801 1338 1856 1377 qui
1870 1338 1975 1371 multo
1995 1336 2181 1370 difficiliora
2192 1334 2319 1379 creditu
2334 1330 2420 1372 apud

1403 1385 1539 1418 idoneos
1563 1381 1725 1416 Auditor&
1749 1379 1914 1422 legissem
1938 1384 1969 1414 &
1992 1380 2016 1413 fi
2043 1379 2169 1413 duobus
2194 1376 2291 1411 illish
2318 1376 2419 1409 mini-

1403 1428 1462 1462 bus
1490 1427 1598 1459 eadem
1622 1422 1696 1458 esset
1721 1436 1791 1465 qua?
1808 1425 1955 1463 caeteris,
1979 1423 2176 1460 ventriculi,
2202 1421 2419 1463 &integgino-

1403 1483 1475 1506 rum
1499 1470 1679 1504 struEtura3
1705 1479 1769 1501 non
1795 1467 1904 1500 videre
1917 1479 1986 1506 me,
2011 1468 2067 1501 ubi
2085 1469 2193 1500 minus
2204 1462 2418 1505 difficilehae-

1403 1526 1472 1549 rere
1495 1514 1552 1547 illa
1576 1510 1777 1555 potuissent,
1800 1521 1899 1552 quarn
1924 1512 1957 1543 in
1992 1512 2069 1545 Coli
2106 1510 2251 1544 intestini
2288 1506 2421 1540 cellulas

1403 1559 1587 1602 complures
1610 1553 1803 1597 dispertita:
1830 1553 2004 1595 conjuneta
2027 1555 2116 1588 enim
2132 1556 2218 1586 viam
2242 1550 2311 1593 ejus
2334 1552 2420 1583 inte-

1404 1602 1500 1642 stini,
1524 1599 1641 1634 nedum
1666 1599 1855 1636 Tenufflm,
1880 1597 2108 1631 obstruxissent
2123 1623 2130 1636 ‚
2154 1596 2341 1630 ventriculo
2362 1604 2420 1626 au-

1406 1656 1473 1680 tem
1495 1643 1589 1678 oneri
1612 1641 1817 1683 graviffimo,
1844 1643 1874 1673 &
1900 1642 2116 1674 molestissimo
2140 1638 2293 1676 fuissent,
2319 1638 2419 1679 quip-

1405 1701 1445 1731 pe
1469 1688 1507 1721 ad
1532 1686 1565 1719 id
1590 1685 1715 1726 pondus
1730 1709 1739 1723 ,
1762 1696 1818 1716 nec
1844 1685 1949 1717 mansa
1965 1709 1974 1723 ,
1997 1694 2032 1717 ut
2057 1696 2105 1718 res
2128 1683 2335 1717 ostendebat,
2363 1691 2421 1713 nec

1407 1732 1482 1765 satis
1503 1727 1635 1764 fortasse
1659 1738 1750 1760 antea
1774 1728 1889 1767 εοᾶε,
1915 1738 1972 1760 nec
1996 1739 2035 1760 ex
2058 1726 2239 1762 viridibus,
2265 1729 2294 1758 &
2331 1733 2422 1756 tene-

1409 1775 1570 1811 rioribus,
1600 1771 1648 1804 sed
1673 1783 1712 1805 ex
1734 1770 1983 1803 flavescentibus
2006 1771 2090 1812 jam,
2118 1768 2422 1802 &durescentibus-

1407 1818 1481 1853 Effe
1505 1815 1640 1851 forfitan
1665 1816 1705 1847 iis
1728 1813 1918 1848 hominibus
1945 1815 2016 1847 illas
2040 1814 2171 1847 cellulas
2207 1823 2320 1845 natura
2360 1812 2423 1844 ali-

1406 1871 1531 1905 quanto
1555 1858 1748 1900 ampliores,
1774 1860 1805 1890 &
1830 1857 2011 1890 laxioribus
2036 1857 2147 1893 fibi-is,
2172 1855 2223 1889 secl
2247 1865 2333 1889 certe
2346 1865 2424 1896 pro-

1407 1904 1585 1949 pemodum
1609 1903 1648 1935 iis
1670 1899 1729 1935 esse
1751 1901 1785 1933 in
1810 1901 1891 1934 tubo
1915 1901 2144 1934 intestinorum
2170 1898 2387 1933 viscidiffimas
2409 1920 2424 1937 2

1408 1944 1683 1987 tenaciffimasque
1707 1944 1879 1984 materias,
1906 1953 1942 1977 ut
1968 1953 2042 1986 pote
2067 1945 2125 1986 qui
2150 1954 2263 1985 parum
2290 1942 2425 1976 adeoci-

1407 1993 1468 2026 bos
1492 1990 1640 2024 mandere
1662 1986 1880 2026 consuessent3
1904 1999 1959 2029 per
1983 1999 2032 2020 eas
2056 1988 2158 2030 igitur
2183 1987 2309 2020 irretita
2334 1985 2423 2027 pisa,

1408 2038 1439 2068 ὅς
1463 2032 1553 2075 quasi
1580 2031 1782 2074 agglutinata
1805 2031 1844 2065 ad
1882 2031 2076 2064 cellularum
2109 2031 2245 2071 parietes
2264 2052 2277 2070 ,
2309 2029 2423 2063 tandiu

1410 2075 1605 2115 substitisse,
1627 2074 1730 2109 donec
1752 2073 1945 2117 dysenteriae
1967 2074 2184 2114 torminibus,
2210 2075 2241 2106 δε
2265 2072 2426 2116 dejicien÷

1410 2122 1444 2156 cli
1468 2119 1642 2155 conatibus
1667 2119 1937 2152 deturbarentur.

1458 2170 1509 2198 28.
1535 2163 1657 2196 Verum
1681 2161 1737 2196 etsi
1762 2164 1796 2195 in
1821 2161 1966 2195 tenesmo
1988 2160 2047 2194 illo
2067 2161 2263 2204 explicando
2282 2162 2339 2204 qui
2360 2160 2424 2203 dy-

1410 2208 1581 2243 senteriam
1606 2207 1728 2249 excipit
1742 2231 1751 2243 ,
1775 2204 1854 2248 saepe
1872 2228 1881 2243 ‚
1907 2204 2183 2248 quemadmodum
2194 2205 2326 2243 vidisti,
2346 2216 2423 2238 cum

1412 2249 1631 2296 Sydenhamio
1650 2254 1660 2289 (
1685 2251 1697 2283 i
1719 2252 1734 2289 )
1755 2251 1802 2282 ita
1826 2249 1969 2288 faciam,
1992 2258 2027 2281 ut
2052 2249 2140 2282 ulcus
2161 2250 2195 2282 in
2221 2249 2424 2281 Reciointe-

1414 2298 1498 2331 stino
1524 2295 1657 2341 minime
1681 2292 1876 2334 agnoscam3
1900 2293 1970 2325 noli
1995 2303 2099 2326 tamen
2117 2293 2268 2332 credere,
2291 2303 2340 2326 me
2356 2291 2424 2334 ejus

1412 2340 1563 2382 dogmati
1585 2339 1625 2371 {ic
1650 2336 1833 2376 adhaerere,
1864 2346 1901 2370 ut
1924 2336 2088 2369 interdum
2114 2348 2178 2370 non
2213 2346 2318 2368 verear
2341 2361 2351 2376 ,
2384 2346 2425 2368 ne

1414 2385 1524 2419 ulcus,
1549 2391 1603 2414 aut
1628 2380 1715 2413 aliud
1738 2381 1786 2413 ibi
1807 2391 1903 2422 grave
1928 2381 2046 2412 vitium
2071 2379 2287 2421 dyienteriam
2311 2378 2424 2413 conse-

1411 2435 1550 2469 quatur,
1577 2423 1641 2466 jam
1662 2424 1763 2469 'usque
1786 2425 1826 2457 ab
1849 2422 2059 2457 adolescentia
2082 2426 2211 2457 edoctus
2244 2424 2335 2456 exitu
2365 2435 2423 2456 cu-

1410 2469 1536 2513 jusdam
1559 2468 1627 2510 post
1649 2466 1865 2509 dysenteriam
1889 2469 1923 2499 in
1956 2467 2014 2499 illo
2037 2466 2193 2501 intestino
2216 2466 2360 2503 doloris,
2383 2466 2426 2500 de

1411 2514 1505 2555 cujus
1528 2511 1621 2544 causa
1645 2512 1705 2543 alia
1730 2512 1785 2542 alii
1822 2522 1966 2544 meorum
2002 2513 2240 2552 Praeceptorum
2264 2510 2423 2545 sententia

1412 2556 1539 2591 fuerat.
1564 2555 1653 2589 Cum
1678 2555 1766 2586 enim
1789 2556 1821 2586 in
1846 2555 1993 2586 Foemina
2010 2553 2165 2586 Primaria
2188 2553 2257 2596 post
2269 2555 2334 2587 dies
2358 2556 2423 2587 cir-

1413 2603 1494 2635 citer
1517 2596 1703 2641 quindecim
1728 2608 1783 2637 per
1807 2597 1834 2630 se
1847 2597 1987 2630 desiisset
1998 2596 2179 2638 dysenteria
2196 2620 2205 2635 ,
2231 2608 2421 2640 quereretur

1411 2654 1519 2679 autem
1542 2643 1597 2675 illa
1621 2641 1659 2675 de
1681 2640 1788 2674 infimi
1812 2641 1954 2673 intestini
1979 2641 2111 2679 dolore,
2136 2640 2256 2683 semper
2288 2642 2422 2685 quidem

1413 2699 1489 2722 cum
1514 2694 1707 2721 recrementa
1729 2693 1893 2727 egereret,
1929 2683 1982 2717 sed
2014 2694 2122 2718 tamen
2152 2684 2287 2718 subinde
2320 2687 2421 2719 etiam

1413 2728 1850 2776 puiietioni'busquibusdam
1865 2727 2020 2767 molesto,⁴
2043 2726 2193 2761 credebat
2209 2730 2288 2761 alter
2301 2752 2310 2768 ,
2333 2729 2420 2763 hunc

1416 2775 1498 2815 esse,
1521 2785 1556 2808 ut
1581 2775 1614 2806 iii
1639 2773 1776 2805 delicata
1800 2773 1956 2811 muliere,
1981 2772 2420 2806 ablevidumraxatintimae

1409 2820 1528 2852 tunicae
1541 2815 1725 2855 abrafione3
1753 2816 1834 2850 alter
1858 2825 1963 2849 autem
1978 2838 1990 2855 ,
2013 2815 2047 2849 id
2071 2816 2112 2849 est
2124 2817 2337 2854 Albertinus,
2361 2817 2420 2858 qui

1411 2862 1703 2899 animadverteret,
1728 2872 1802 2894 curn
1826 2871 1863 2892 eo
1886 2858 1998 2904 dolore
2031 2859 2188 2902 conjungi
2221 2869 2336 2902 praeter
2370 2859 2419 2894 fe-

1408 2907 1523 2946 brem,
1548 2904 1701 2938 affiduum
1727 2904 1878 2946 ponderis
1901 2902 2023 2936 sensum
2038 2925 2046 2940 ‚
2071 2914 2136 2937 non
2151 2903 2365 2945 finequodam
2379 2904 2419 2938 ad

1410 2949 1552 2989 femora,
1574 2948 1722 2990 imosque
1746 2947 1873 2980 lumbos
1896 2946 2070 2987 consensu,
2096 2946 2275 2980 tenesmum
2310 2957 2419 2982 autem

1410 2994 1537 3027 nullum
1553 3016 1562 3033 ,
1587 3001 1640 3025 aut
1665 2991 1730 3025 fere
1754 2991 1899 3026 nullum3
1923 2993 2051 3032 gravius
2076 2991 2200 3033 aliquid
2224 2991 2417 3029 verebatur,

1410 3037 1512 3070 donec
1537 3036 1628 3069 aucta
1653 3034 1736 3068 febri
1760 3045 1832 3068 cnm
1860 3035 1964 3076 rigore
1987 3056 1995 3070 ,
2029 3044 2135 3076 aperte
2168 3033 2232 3076 jam
2264 3035 2417 3069 abscessus

1410 3079 1708 3114 manifestationem
1731 3077 1900 3123 praedixit.
1927 3078 2034 3114 Quam
2068 3078 2315 3120 praediofti'onem
2347 3080 2418 3112 cito

1410 3124 1639 3168 comprobavit
1663 3123 1783 3161 exitus,
1807 3120 1934 3162 dejecit)
1960 3133 2035 3164 pure
2059 3121 2097 3155 ad
2121 3122 2230 3155 uncias
2262 3121 2360 3162 duas,
2385 3125 2418 3155 &

1410 3180 1447 3200 eo
1470 3169 1527 3210 qui
1553 3165 1756 3205 diffinierat,
1780 3174 1817 3200 ut
1842 3166 1942 3197 Senex
1965 3175 2034 3198 erat
2058 3167 2235 3206 ingenuus,
2268 3177 2332 3199 non
2364 3164 2415 3199 fa-

1409 3221 1497 3244 tente
1522 3213 1621 3244 morio
1637 3235 1646 3249 ,
1670 3210 1740 3245 sed,
1764 3208 1796 3241 id
1819 3208 1906 3251 quod
1932 3207 2181 3251 paucifaciunt‚
2204 3220 2309 3242 veram
2332 3208 2412 3242 alte-

1408 3257 1475 3287 rius
1499 3254 1741 3296 praedictionem
1754 3252 1903 3285 laudante
1918 3276 1925 3283 .
2057 3253 2109 3286 De
2121 3253 2264 3294 graviori
2279 3261 2385 3286 autem
2399 3274 2410 3290 ,

1408 3300 1440 3331 &
1464 3299 1572 3331 minus
1594 3298 1627 3343 in
1652 3297 1766 3337 vulgus
1790 3305 1870 3329 noto
1893 3293 2034 3338 ejusdem
2056 3295 2200 3329 intestini
2233 3297 2315 3330 vitio
2346 3296 2410 3328 ser-

1407 3351 1539 3374 monem
1571 3341 1741 3382 inJiciendi
1772 3338 1896 3375 occasio
1931 3339 2063 3374 dabitur
2095 3339 2228 3374 Litteris
2248 3339 2409 3383 proximis

351 3403 481 3451 posthac
504 3397 664 3433 audiveris
687 3389 831 3442 evasisse.
1153 3427 1160 3433 ⁸
1407 3383 1462 3428 (ἃ
1481 3387 1495 3425 )
1518 3384 1624 3420 Vale.

350 3483 356 3494 ι
396 3457 449 3490 27.
474 3442 546 3480 Etsi
568 3442 606 3477 de
627 3439 818 3482 Dysenteria
841 3432 947 3467 multo
978 3430 1069 3473 plura
1100 3426 1233 3470 scripsi,
1256 3435 1355 3469 quam

2272 3515 2367 3547 EPI-

338 3616 1972 3658 ffi——ffl———n-—WQ

411 3698 425 3726 (
441 3696 454 3720 b
470 3696 483 3724 )
499 3697 553 3719 Dec.
572 3694 615 3718 cit.
631 3695 660 3717 Α,
680 3701 700 3721 9.
717 3692 740 3715 Β(
759 3680 870 3715 1οῇοὺίῖ
892 3695 940 3717 ¹79·

413 3729 428 3756 (
442 3735 454 3750 e
470 3726 483 3754 )
500 3724 603 3749 Eaiurid.
621 3725 679 3746 Dec.
698 3731 718 3751 3.
735 3723 764 3746 Α.
782 3731 802 3752 5.
822 3723 843 3744 ει
860 3722 883 3743 6.
901 3714 959 3742 obs.
978 3724 1029 3746 ¹77-

406 3759 420 3787 ί
435 3757 450 3782 h
466 3760 477 3787 )
493 3755 550 3782 Obs.
567 3761 605 3785 29.
621 3755 645 3780 ἃ
661 3752 725 3782 seqq,

1004 3687 1018 3716 (
1033 3695 1044 3711 c
1064 3688 1072 3717 )
1089 3685 1190 3716 Ephem.
1206 3683 1303 3709 earund.
1321 3687 1391 3710 cent.
1412 3691 1430 3708 i.
1449 3684 1508 3710 Obs.
1527 3691 1568 3714 90.

1094 3719 1107 3746 (
1120 3716 1137 3745 f
1150 3718 1163 3746 )
1178 3717 1236 3740 Dec.
1252 3715 1302 3739 ead.
1321 3719 1351 3740 Α.
1369 3724 1389 3746 3.
1407 3715 1468 3741 obs.
1485 3723 1537 3744 1²9·

787 3753 798 3783 (
814 3752 824 3776 ι’
840 3751 854 3779 )
870 3746 935 3782 Obsi
952 3748 1020 3774 Med.
1037 3748 1099 3774 circa
1115 3746 1194 3775 morbi
1212 3751 1275 3772 aeut.
1295 3748 1318 3773 S.
1335 3755 1361 3777 4.
1376 3754 1397 3773 c.
1414 3753 1441 3776 3,

1630 3684 1645 3713 (
1660 3683 1676 3708 d
1692 3681 1702 3713 )
1719 3684 1825 3708 Earund.
1842 3685 1900 3708 Dec.
1918 3690 1940 3707 1.
1957 3684 1988 3707 A.
2004 3690 2026 3712 4.
2042 3680 2105 3714 ΟΜ..
2118 3681 2156 3704 68.

1621 3716 1666 3771 3⁶.)
1681 3714 1777 3742 Disput,
1795 3722 1848 3745 quae
1862 3718 1956 3744 partem
1971 3713 2051 3739 intest.
2068 3711 2150 3743 Jeiurri
2166 3710 2210 3737 &c-

1503 3745 1545 3777 (k
1561 3744 1576 3775 >
1592 3712 1618 3771 d.
1672 3746 1696 3770 ἃ
1711 3744 1774 3776 seqq.
