2498 4075
425 219 427 221 ¹
475 196 625 262 Epist.
659 196 820 249 Anat.
853 199 1066 252 Medica
1102 199 1235 252 XX,
1271 200 1448 254 Art.8.
1473 219 1515 268 9.
1537 206 1591 257 &
1617 221 1692 256 ιο.

1958 223 2045 283 193

71 280 137 314 nies
158 287 232 309 cum
255 275 402 317 sanguine
424 274 596 317 effluebat,
620 277 718 318 nigrae
729 284 835 309 autem
848 276 901 310 hic
923 278 992 310 illic
1008 289 1061 319 per
1110 278 1164 313 dat
1190 281 1319 312 materia
1334 304 1341 311 .
1368 282 1406 313 In
1430 291 1518 317 tanta
1541 295 1616 317 vero
1640 295 1709 326 quae
1734 287 1766 319 in
1801 288 1908 322 cadem
1943 298 2007 322 erat
2040 287 2110 330 pul-

70 322 136 366 ejus
159 318 360 353 substantiam
372 320 500 353 maculae
514 319 790 361 conspiciebantur
801 345 808 351 .
938 322 1062 354 Ventre

70 373 203 407 aperto,
229 364 263 394 in
285 361 434 401 testibus,
458 361 661 395 vesicularum
683 360 799 395 humor
822 372 912 396 totus
932 374 1064 396 concre-

71 418 122 441 tus
145 403 398 448 deprehenditur
422 417 491 445 non,
509 405 591 439 secus
616 416 650 437 ac
679 404 701 437 li
726 405 764 437 ad
797 407 903 447 ignem
937 404 1065 440 fuissent

68 452 195 484 coetae:
222 447 302 482 unde
327 450 392 480 veri
417 447 517 481 simile
540 448 601 487 est,
625 447 691 491 ejus
714 447 970 483 infoecunditatis
992 462 1067 485 cau-

68 494 133 528 sam
155 492 310 526 extitiffe.

114 538 144 569 8.
170 538 262 571 Hanc
284 546 410 578 quoque
433 533 525 576 adjun
551 545 581 566 es
605 534 643 567 ad
666 535 1065 570 caeterasinfoecunditatis

67 580 193 615 causas.
219 582 269 613 De
293 578 408 620 quibus
430 588 504 609 cum
527 546 580 620 ᾖξε
605 589 668 611 non
694 578 731 610 lit
756 579 864 620 agendi
891 580 1004 620 locus;
1027 579 1065 613 ad

67 623 232 660 historiam
259 622 386 654 alterius
410 619 609 653 transibimus
634 621 795 658 foeminae,
814 634 884 664 quae
900 622 977 664 saepe
988 635 1066 655 con-

66 676 213 711 ceperat,
237 668 268 698 &
292 664 330 697 ad
354 672 461 706 partus
485 674 608 705 tempus
632 665 817 702 accedebat,
841 677 914 698 cum
938 667 1063 708 pulmo-

65 713 115 745 nis
138 708 394 744 inflammatione
416 705 561 739 confecia
583 707 644 740 est.

113 767 142 795 9.
168 751 416 787 MATRONA
440 750 559 783 nobilis
580 773 591 790 ,
616 761 715 783 annos
748 761 822 784 nata
854 751 1064 795 quadraginta

65 799 231 842 quinque,
255 794 469 837 praepinguis,
495 793 563 826 sero
587 793 749 827 abundans
772 818 784 834 ,
819 796 870 828 cui
904 796 951 828 vel
986 796 1064 829 sanae

66 841 172 882 gravis
195 862 205 878 ‚
241 836 416 880 praesertim
439 848 454 868 a
478 846 594 877 motu,
619 837 786 878 respiratio
809 848 873 871 erat
912 838 1032 882 semper
1057 865 1066 879 ,

67 879 150 917 levis
174 892 276 916 autem
300 879 383 912 tuffis
407 891 471 912 non
491 891 589 920 raro,
613 880 819 922 crebrumque
843 882 990 924 sputum,
1031 895 1065 916 ac

65 938 144 971 pene
166 923 313 969 quotidie
336 921 402 965 post
426 923 619 956 laboriosum
643 925 835 958 noffiturnum
853 925 998 959 somnum
1007 937 1066 959 vo-

65 971 165 1003 mitus
189 978 277 1002 mane
300 964 402 998 crassae
426 991 437 1005 ,
470 966 660 1009 viscidaeque
690 969 828 1001 materiae
851 991 863 1008 ,
895 969 977 1002 unde
1022 970 1067 1002 le-

67 1015 135 1046 vari
158 1011 342 1047 videbatur,
376 1009 438 1052 jam
462 1011 565 1051 plures
588 1011 680 1043 enixa
704 1010 788 1043 filios
809 1033 821 1050 ,
846 1011 1010 1054 pluresque
1021 1022 1067 1046 et-

66 1057 131 1090 iam
155 1053 236 1098 passa
248 1054 426 1087 abortiones
438 1076 449 1092 ,
461 1064 535 1086 cum
545 1053 726 1096 deniqueA.
744 1054 834 1095 1689.
848 1065 967 1088 nonum
982 1067 1067 1093 [nen-

67 1099 133 1133 sem
157 1100 195 1131 ab
221 1108 300 1130 nova
321 1097 404 1130 uteri
429 1096 602 1138 gestatione
616 1095 790 1130 inchoasset
807 1122 816 1137 ,
839 1099 1071 1142 aeriquesrigi-

66 1143 152 1177 diori
175 1143 357 1183 importune
381 1139 410 1172 se
431 1137 641 1181 exposuisset,
676 1150 794 1182 magno
825 1148 899 1174 toto
932 1153 1066 1184 corpore

67 1187 177 1228 rigore
199 1193 347 1226 correpta
369 1182 431 1223 est,
462 1195 557 1225 quem
594 1195 649 1225 par
679 1183 869 1217 consecutus
902 1185 943 1218 est
976 1186 1066 1219 calor

61 1240 135 1264 cum
158 1229 281 1272 ingenti
304 1226 379 1265 siti,
402 1226 540 1268 spirandi
564 1226 776 1267 difficultate,
798 1228 977 1261 molestiore
999 1230 1067 1263 tus-

65 1272 114 1312 si,
137 1272 303 1314 gravativo
325 1270 435 1303 dolore
458 1271 490 1302 in
513 1270 641 1303 dextera
674 1270 816 1303 thoracis
861 1281 947 1313 parte
968 1296 980 1312 ,
1023 1272 1064 1306 ad

65 1315 224 1358 scapulam
247 1323 417 1354 vergente,
440 1313 531 1355 pulsu
555 1312 714 1355 frequenti
740 1337 753 1354 ,
784 1314 878 1348 celeri
904 1339 916 1355 ,
949 1316 1031 1348 duro
1054 1342 1063 1356 ‚

62 1360 191 1392 vomitu
227 1352 346 1391 biliobso
380 1357 454 1399 (ex
486 1368 551 1399 quo
586 1357 717 1400 aliquod
750 1359 784 1390 in
815 1356 950 1400 speciem
980 1359 1063 1392 leva-

60 1406 160 1442 men)
181 1404 213 1435 δε
237 1414 270 1435 ea
295 1413 363 1444 quae
387 1400 624 1443 insequentibus
648 1402 745 1436 etiam
768 1400 879 1434 diebus
903 1402 1062 1444 permole-

59 1445 105 1479 sta
129 1445 214 1484 fuit,
239 1443 460 1488 inquietudine
480 1466 491 1482 ,
514 1455 547 1476 ac
573 1444 674 1477 totius
698 1444 844 1485 corporis
866 1443 1058 1486 imitatione.

60 1489 151 1523 Secta
174 1490 207 1521 in
231 1486 364 1522 brachio
387 1487 519 1520 dextero
541 1498 614 1519 vena
638 1486 681 1521 est
699 1510 711 1527 ,
733 1498 789 1522 nec
809 1497 919 1520 caetera
943 1501 982 1523 ex
1013 1500 1061 1522 ar-

60 1541 94 1565 te
116 1531 247 1566 omissa.
274 1533 400 1564 Tamen
429 1529 558 1562 saeviore
581 1530 671 1563 fafio
695 1529 801 1563 morbi
824 1532 947 1573 impetu
967 1555 981 1573 ,
1013 1533 1059 1565 al-

58 1585 129 1608 tero
150 1575 201 1608 die
226 1575 264 1608 ad
287 1577 391 1616 prima
413 1573 469 1606 illa
494 1572 598 1614 pulsus
621 1574 700 1606 vitia
723 1574 911 1607 intermiffio
932 1586 1059 1618 quoque

59 1619 202 1657 acceslit,
226 1621 258 1653 δε
282 1618 382 1650 ετεέὶα
405 1616 526 1649 cervice
550 1615 728 1659 respirandi
761 1617 919 1651 neceffitas
939 1642 952 1659 ‚
983 1630 1058 1652 cum

59 1661 208 1705 aquosae‚
236 1658 267 1694 ’δε
291 1659 398 1692 lividae
422 1669 477 1700 per
511 1658 640 1701 sputum
662 1682 676 1700 ,
709 1660 833 1694 biliosae
866 1670 970 1696 autern
1003 1674 1059 1705 per

61 1704 209 1739 seceslum
232 1704 372 1737 materiae
405 1701 561 1745 ejedkione
585 1727 592 1735 .
734 1705 852 1737 Tertio
886 1704 938 1738 die
971 1708 1062 1739 aubia

62 1748 203 1790 spirandi
229 1746 429 1786 difficultas,
451 1744 564 1777 stertor
584 1771 594 1786 ‚
619 1744 709 1788 sputa
744 1749 776 1780 ὃς
810 1750 963 1790 pauciora
984 1773 993 1788 ,
1029 1753 1062 1783 &

59 1791 152 1826 valde
175 1788 269 1824 crassa
284 1813 296 1829 ,
321 1788 440 1829 densa,
464 1788 672 1826 albescentia,
695 1790 855 1824 interdum
879 1796 910 1825 ἃ
943 1792 1028 1826 flava
1051 1807 1059 1826 ε

57 1835 183 1868 iteratae
229 1832 422 1876 dejeffitiones
449 1845 458 1863 .-
491 1832 600 1874 pulsus
622 1833 670 1865 vel
717 1836 819 1877 magis
862 1836 1031 1879 inaequalis
1054 1861 1062 1869 .

61 1878 178 1912 Missus
201 1879 321 1911 iterum
345 1875 387 1910 est
410 1875 558 1917 sanguis,
583 1876 709 1919 aliaque
733 1879 766 1911 in
789 1877 882 1912 usum
905 1880 1006 1913 tradita
1017 1892 1065 1913 re·-

57 1920 187 1960 media;
211 1920 262 1954 sed
285 1919 460 1953 incassum.
594 1920 684 1953 Nam
716 1920 768 1954 die
805 1930 922 1964 quarto
957 1923 1066 1967 pejora

57 1964 146 1998 faeta
168 1973 256 1998 erant
279 1964 411 1996 omnia:
435 1960 576 1997 thoracis
599 1973 704 1998 autem
727 1965 781 1998 ille
791 1965 908 2006 dolor,
930 1969 1065 2010 quigra-

57 2019 138 2042 vans
154 2030 164 2046 ,
189 2017 225 2042 ut
249 2007 391 2041 diximus
408 2031 416 2046 ‚
440 2005 567 2047 suerat,
591 2017 734 2050 pungens
756 2007 821 2052 jam
854 2020 918 2043 erat
934 2033 951 2050 ,
985 2022 1065 2054 prae-

56 2053 171 2087 :sertim
193 2063 266 2085 cum
290 2061 372 2094 aegra
395 2049 514 2083 tuffiret
539 2071 549 2087 ,
583 2059 636 2083 aut
659 2062 775 2094 corpus
799 2062 942 2086 moveret
969 2066 976 2087 :
1010 2056 1064 2087 cui

57 2094 265 2137 postmodum
288 2105 354 2127 non
378 2092 529 2126 abfirnilis
552 2092 657 2127 infimi
679 2097 800 2129 ventris
823 2096 851 2129 se
883 2097 977 2130 dolor
1010 2097 1064 2130 ad-

54 2136 188 2182 junxit,
212 2148 249 2172 ut
273 2136 419 2170 instantis
442 2145 552 2178 partus
573 2137 692 2170 faceret
715 2138 929 2181 suspicionem
952 2167 959 2173 .
997 2141 1061 2173 Ve-

53 2193 128 2216 rum
151 2182 291 2216 insecuta
315 2181 408 2213 no&e
431 2181 514 2212 inter
535 2181 656 2213 crebras
679 2182 932 2224 inaequalitates‚
957 2186 987 2215 &
1010 2184 1061 2216 in-

54 2225 262 2259 termiffiones
286 2223 418 2258 deficere
442 2222 548 2263 pulsus
571 2224 696 2265 coepit,
729 2227 762 2257 &
793 2224 970 2268 consopitis
1001 2225 1060 2259 do-

54 2269 202 2308 loribus,
226 2265 351 2302 remiffa
375 2264 485 2299 affidua
508 2266 563 2298 illa
587 2268 690 2300 totius
722 2269 865 2309 corporis
908 2268 1060 2312 jaetatio-

55 2323 119 2352 ne,
142 2311 305 2354 suppreffis
328 2308 453 2351 sputis,
475 2309 698 2344 fatiscentibus
724 2310 848 2345 viribus
869 2333 879 2350 ,
923 2313 1059 2355 quincsffi

55 2357 189 2389 ineunte
211 2354 288 2394 die,
311 2352 439 2387 vivendi
462 2351 533 2387 finis
556 2353 598 2386 est
621 2353 725 2386 factus
747 2378 755 2386 .
897 2356 930 2388 V
952 2357 982 2389 E
1005 2356 1058 2388 N-

57 2399 92 2432 T
117 2400 147 2432 R
171 2400 202 2431 E
247 2397 338 2429 illico
360 2403 497 2438 aperto,
532 2395 682 2428 nonnihil
720 2396 943 2430 inflammatus
988 2407 1059 2431 ute-

53 2452 131 2479 ruS,
157 2443 190 2473 in
215 2439 276 2474 hoc
299 2446 405 2473 autem
426 2439 529 2481 puella
553 2438 620 2480 jam
653 2448 779 2473 mortua
816 2443 946 2473 inventa
982 2441 1059 2482 est,

54 2484 145 2527 cujus
170 2484 316 2526 alioquin
340 2482 480 2518 viscera,
506 2490 541 2515 ut
565 2485 597 2515 &
620 2492 732 2516 caetera
753 2495 822 2526 quae
847 2485 880 2516 in
912 2493 1058 2518 materno

54 2535 142 2560 erant
166 2535 297 2566 ventre,
321 2524 489 2559 secundum
512 2535 657 2558 naturam
682 2525 711 2558 se
732 2526 889 2561 habebant
912 2552 920 2558 .

54 2570 114 2604 Sed
139 2570 287 2604 Thorace
311 2570 423 2602 matris
446 2565 599 2608 dissecto,
624 2569 738 2611 pulmo
760 2570 870 2604 dexter
883 2571 1056 2604 immanem

51 2612 350 2647 inflammationem
374 2623 409 2645 ac
432 2610 612 2653 duritiem,
634 2614 667 2646 δε
691 2612 754 2648 sub
780 2613 833 2649 his
864 2615 1055 2649 inchoatum

52 2657 116 2700 jam
141 2656 309 2691 abscessum
326 2655 488 2693 ostendit.

112 2712 160 2735 10.
206 2699 276 2734 Etsi
311 2712 329 2733 a
362 2700 470 2742 primo
506 2697 636 2733 fortasse
669 2699 857 2736 desiderabis
879 2726 892 2743 ,
926 2711 963 2737 ut
994 2713 1058 2745 qua

53 2745 228 2787 diligentia
280 2743 427 2776 morbum
464 2768 474 2783 ,
530 2743 639 2776 eadem
693 2744 842 2779 Valsalva
888 2755 1057 2779 anatomen

53 2789 198 2821 thoracis
245 2785 340 2829 hujus
383 2787 542 2820 Matronae
587 2785 793 2830 descripfisset
816 2801 828 2828 3
871 2798 979 2822 tamen
1003 2800 1057 2822 ne-

52 2843 113 2874 que
146 2831 282 2865 durities
316 2829 446 2873 pulsus,
469 2842 569 2873 neque
591 2829 686 2864 dolor
721 2842 760 2864 ex
789 2841 941 2875 gravante
975 2843 1056 2874 pun-

51 2885 132 2917 gens
162 2873 266 2909 fastus
284 2897 297 2913 ,
326 2872 498 2907 necessario
530 2872 701 2913 indicant,
725 2885 839 2916 praeter
871 2876 1056 2918 pulmonis,

52 2929 151 2961 quani
171 2917 363 2951 memoravit
386 2940 399 2956 ,
436 2916 755 2958 inflammationem,
780 2919 896 2962 pleurae
927 2931 1055 2966 quoque

51 2961 142 3005 cujus
176 2961 297 2995 nullam
319 2960 512 2994 mentionem
536 2958 640 3001 fecit,
663 2959 955 2996 inflammationem
977 2962 1054 2996 fuis-

52 3005 82 3038 se
106 3030 115 3037 .
254 3006 331 3044 Qo
368 3001 405 3036 de
435 3013 573 3048 utroque
609 3004 700 3047 signo
733 3017 806 3039 cum
830 3005 914 3039 infra
937 3007 1056 3039 iterum

50 3046 140 3091 (f)
181 3049 217 3081 in
259 3044 388 3080 eandem
434 3047 623 3081 sententiam
666 3047 824 3083 scribendi
858 3048 1054 3084 occasionem

52 3089 110 3125 {im
156 3091 324 3125 habiturus
348 3102 358 3128 5
403 3089 459 3123 hic
504 3091 543 3125 de
589 3091 723 3134 singulis
768 3094 823 3126 vix
865 3104 964 3136 pauca
990 3101 1055 3128 rat-

52 3136 179 3178 tingam
214 3160 221 3167 .
283 3132 410 3167 Pulsum
453 3136 538 3167 enirn
584 3134 701 3170 durum
746 3135 838 3170 fuisl'e
881 3138 918 3170 in
971 3138 1056 3179 peri-

53 3179 315 3222 pneumonici55
358 3187 493 3217 quoru-m
538 3178 645 3221 pleura
679 3180 742 3213 line
773 3181 838 3214 ulla
870 3179 1056 3214 inflamma-

50 3225 144 3255 tione
187 3231 309 3264 reperta
354 3219 393 3252 fit
415 3242 426 3256 5
470 3221 545 3254 alias
588 3225 676 3265 (g)
708 3222 831 3258 videbis
854 3237 864 3257 .-
897 3234 953 3257 nec
987 3225 1056 3258 Ga-

51 3267 140 3299 lenus
163 3289 173 3304 ,
216 3264 306 3309 cujus
350 3263 539 3298 auctoritate
583 3269 723 3300 maxime
767 3269 916 3301 nituntur
938 3269 994 3312 qui
1018 3269 1053 3301 in

53 3310 317 3352 peripneumonia
334 3349 341 3353 —
359 3306 487 3349 pulsum
528 3307 643 3343 durum
681 3308 739 3344 esl‘e
763 3336 773 3352 ‚
807 3320 922 3354 negant
943 3335 956 3352 ,
989 3310 1052 3345 hoc

52 3352 118 3394 ipse
140 3353 269 3396 negavit
294 3353 349 3395 (h
366 3350 407 3392 );
429 3352 497 3384 imo
517 3350 631 3387 diserte
653 3377 667 3394 ,
701 3364 736 3388 ut
770 3353 937 3389 admonuit
970 3354 1051 3388 Sch-

52 3395 195 3430 neiderus
239 3399 254 3434 (
274 3397 286 3429 ι’
307 3398 321 3435 )
346 3415 356 3430 ,
401 3404 473 3427 raro
513 3394 621 3430 saltem
662 3396 696 3430 id
742 3396 880 3431 accidere
914 3422 922 3438 ‚
961 3397 1054 3432 fassus

51 3438 94 3472 est
115 3464 129 3481 ,
160 3442 192 3473 ἃ
225 3450 299 3472 cum
323 3436 459 3475 biliosa,
484 3438 572 3473 velut
594 3441 627 3473 in
651 3439 817 3482 proposito
839 3441 933 3481 casu,
956 3441 1055 3475 abun-

137 3483 303 3525 Morgagni-
313 3482 348 3516 de
360 3481 427 3514 Sed.
443 3481 484 3515 Θ
494 3483 516 3512 C
517 3481 581 3524 aus.
592 3482 693 3518 Morb.
709 3485 806 3517 Tom.
821 3486 848 3519 I.

1113 325 1216 356 monis
1239 321 1496 359 inflammatione
1519 327 1601 360 haud
1625 329 1804 362 mirandum
1827 331 1890 372 est,
1912 331 2011 374 siejus
2030 343 2112 373 quo-

1117 377 1176 407 que
1212 369 1330 400 extima
1361 366 1561 402 inflammata
1595 370 1732 413 denique
1763 376 1942 407 membrana
1978 374 2077 407 fuerit
2100 396 2111 411 ‚

1117 407 1203 451 quod
1225 420 1297 443 cum
1322 409 1438 455 accidit
1461 435 1473 451 ,
1496 423 1685 454 pungentem
1711 414 1776 448 fieri
1799 415 1939 450 dolorem
1966 415 2049 460 posse
2071 416 2112 448 ob

1119 452 1268 485 nervulos
1289 454 1325 485 in
1347 454 1447 494 ipsam
1469 454 1624 489 immissos
1641 479 1653 496 ,
1699 468 1762 491 non
1804 460 1971 493 dubitabat
2004 458 2112 493 lauda-

1120 504 1171 527 tus
1210 494 1416 529 Schneiderus
1460 501 1473 536 (
1495 499 1513 538 l<
1536 502 1547 537 )
1570 523 1582 539 ‚
1627 499 1712 532 idem
1757 501 1859 544 postea
1903 501 2111 536 confirmante

1121 537 1305 571 Vieussenio
1326 542 1340 578 (
1363 538 1374 571 l
1395 543 1427 578 )‚
1453 542 1485 573 ἃ
1507 552 1636 575 ηεννεας
1670 545 1916 586 quamplurimas
1945 546 2044 588 fibras
2076 546 2110 578 in

1116 592 1182 612 earn
1205 580 1355 623 definere,
1378 581 1628 617 tradente.Nec
1649 585 1847 622 dubitaverat
1871 598 1961 621 antea
1986 592 2112 622 Senner-

1116 634 1167 658 tus
1189 627 1203 662 (
1226 635 1256 657 m
1278 628 1313 666 ),
1337 636 1392 658 nec
1415 625 1578 660 dubitavit
1601 629 1705 670 postea
1729 631 1856 665 Auctor
1879 630 2001 664 Scholii
2025 629 2112 673 quod

1115 669 1148 700 in
1173 667 1373 709 Sepulchreti
1395 667 1454 702 hac
1477 670 1538 703 IV.
1563 670 1711 705 sectione
1735 672 1885 716 adjicitur
1907 675 2116 708 Observatio-

1116 711 1149 743 ni
1174 710 1226 752 (n
1248 714 1262 749 )
1284 710 1398 752 (cujus
1420 712 1510 746 locus
1535 714 1616 756 apud
1642 717 1802 758 Tulpium
1829 728 1994 760 perperam
2027 716 2114 749 indi-

1115 752 1427 795 catur)“praescrtim
1449 753 1472 788 fi
1495 756 1546 790 'vel
1567 757 1664 799 tenfio
1680 759 1726 800 sit
1747 760 1876 798 valida,
1909 760 1961 794 vel
1993 757 2115 803 inflam-

1116 797 1213 829 matio
1235 808 1368 844 magna,
1390 797 1661 841 quemadmodum
1686 804 1719 835 in
1744 802 1801 836 hac
1827 805 1978 837 Matrona
1997 827 2004 835 .

1116 838 1173 873 Ad
1197 851 1288 881 cujus
1311 843 1446 875 exitium
1470 841 1541 875 vide
1563 852 1645 886 quot
1670 866 1679 881 ‚
1713 848 1745 878 ἅν
1777 848 1883 888 qualia
1913 847 2116 889 conspirave-

1119 883 1205 916 rint.
1234 884 1376 917 Primum
1399 894 1464 919 erat
1490 888 1707 929 praepinguis:
1730 901 1801 932 quae
1819 902 1864 924 res
1878 889 2034 932 significat
2046 900 2116 931 gra-

1117 926 1269 958 vissimam
1294 928 1399 961 morbi
1423 929 1572 968 caufam3
1596 931 1688 964 obesa
1721 933 1806 965 enirn
1841 945 1975 976 corpora
2010 933 2116 966 minus
2168 935 2170 937 ’

1119 969 1307 1011 pleuritidi‚
1330 974 1363 1004 δε
1387 973 1654 1013 peripneumoniae
1678 974 1751 1008 sunt
1775 976 1914 1010 obnoxia
1931 1000 1939 1014 ‚
1975 985 2010 1009 ut
2048 976 2116 1008 ani-

1119 1011 1289 1046 madvertit
1313 1025 1401 1056 aeque
1418 1015 1595 1057 Diligens,
1620 1028 1654 1050 ac
1678 1017 1834 1053 Eruditus
1857 1020 2005 1053 Medicus
2025 1019 2118 1052 Tril-

1119 1056 1199 1088 lerus
1222 1060 1233 1094 (
1257 1067 1273 1088 ο
1293 1059 1328 1094 ).·
1355 1057 1469 1099 quod,
1491 1069 1563 1091 cum
1587 1062 1742 1094 memoria
1765 1071 1874 1105 repeto
1891 1065 2120 1105 peripneumo-

1119 1100 1208 1132 nicos
1234 1110 1342 1132 omnes
1366 1112 1381 1132 a
1406 1111 1454 1132 me
1478 1111 1531 1134 aut
1556 1102 1659 1143 visos,
1685 1114 1739 1137 aut
1763 1115 1909 1143 curatos,
1935 1117 2046 1139 verum
2071 1104 2119 1137 es-

1119 1142 1170 1179 se,
1193 1141 1367 1184 intelligo,
1391 1144 1423 1176 &
1446 1143 1511 1186 ipse
1535 1148 1654 1186 poteris
1686 1147 1832 1187 perleaestis
1865 1160 1974 1183 eorum
2010 1149 2065 1190 qui
2103 1158 2119 1179 a

1119 1186 1289 1225 Valsalva,
1311 1187 1451 1228 itemque
1487 1198 1503 1219 a
1538 1199 1590 1220 me
1622 1188 1743 1223 disiecti
1779 1190 1908 1225 fuerunt
1931 1216 1943 1232 ,
1977 1190 2122 1224 historiis

1117 1230 1265 1269 cunffis,
1287 1227 1367 1269 hac,
1390 1232 1422 1261 δε
1447 1230 1540 1263 altera
1565 1234 1636 1273 (p)
1660 1233 1747 1266 illins
1771 1245 1926 1277 excepta,
1948 1234 2040 1267 facile
2064 1245 2122 1266 co-

1114 1273 1264 1315 gnoscere
1275 1296 1282 1304 .
1419 1274 1567 1307 Praeterea
1591 1276 1690 1309 nimia
1702 1278 1902 1318 pinguedinis
1915 1279 2008 1319 copia
2021 1287 2123 1320 quan—

1116 1325 1187 1349 tum
1210 1316 1440 1358 pulmonibus,
1463 1318 1495 1349 in
1519 1316 1782 1354 decumbentibus
1817 1321 1989 1363 praesertim
2011 1344 2023 1360 ,
2057 1321 2122 1353 loci

1115 1358 1243 1395 demat,
1267 1369 1451 1403 quantoque
1473 1360 1738 1404 respirationem,
1762 1367 1795 1397 ὃς
1828 1366 2124 1408 expeciorationem

1116 1402 1224 1435 reddat
1247 1401 1468 1444 difficiliores,
1493 1404 1568 1438 satis
1601 1405 1643 1439 est
1675 1406 1876 1442 manifestum
1899 1434 1905 1441 .
2047 1408 2125 1441 Huc

1114 1445 1281 1479 accedebat
1303 1458 1374 1489 qnae
1397 1448 1453 1480 ista
1477 1458 1603 1490 augeret
1624 1474 1633 1489 ,
1667 1452 1748 1483 uteri
1783 1450 1936 1485 distentio
1958 1475 1970 1491 ,
2003 1459 2124 1494 quanta

1113 1487 1178 1531 jam
1200 1500 1285 1522 nono
1309 1489 1411 1523 mense
1434 1491 1493 1524 est.
1521 1492 1591 1525 Nec
1616 1496 1752 1526 omnino
1777 1495 1882 1529 defuit
1908 1494 2124 1537 ejusdemure-

1113 1534 1140 1565 ri
1164 1532 1387 1566 inflammatio
1405 1557 1418 1573 ,
1441 1544 1539 1572 tunc,
1566 1537 1708 1576 opinor,
1731 1538 1903 1576 inchoata,
1928 1549 2003 1571 cum
2043 1548 2124 1580 pun-

1112 1586 1187 1618 gens
1210 1576 1264 1608 ille
1288 1576 1414 1610 infimus
1439 1577 1534 1610 dolor
1557 1579 1669 1612 falsam
1692 1582 1893 1615 imminentis
1931 1591 2039 1623 partus
2074 1590 2125 1613 at-

1113 1620 1191 1653 tulit
1215 1619 1453 1661 suspicionem.
1588 1623 1645 1656 Sed
1670 1626 1702 1656 &
1737 1624 1803 1667 ipsa
1837 1626 1919 1659 uteri
1952 1625 2087 1668 gestatio
2112 1648 2125 1664 ,

1113 1664 1169 1696 ubi
1195 1662 1320 1696 accedat
1344 1664 1629 1707 peripneumonia,
1654 1677 1777 1708 quanto
1801 1668 1904 1710 hanc,
1928 1670 1959 1701 δέ
1983 1668 2051 1702 haec
2084 1668 2124 1699 il-

1114 1707 1177 1739 lam
1201 1706 1459 1749 periculosiorem
1485 1707 1605 1749 faciat,
1639 1708 1701 1742 sive
1732 1712 1836 1745 morbi
1874 1713 2088 1755 symptomata
2111 1735 2126 1751 ,

1116 1748 1177 1783 five
1200 1752 1358 1791 praecipua
1381 1749 1517 1783 remedia
1551 1753 1668 1793 speeies
1687 1778 1700 1794 ,
1739 1766 1802 1788 non
1834 1756 1966 1790 difficile
2001 1767 2126 1798 cogno-

1118 1793 1206 1826 sces.-
1231 1793 1355 1827 crebras
1378 1794 1453 1827 dico
1477 1793 1551 1828 hinc
1575 1795 1660 1830 tuffis
1683 1798 1895 1834 concuffiones
1913 1825 1925 1841 ,
1950 1799 2125 1839 dolorem,

1118 1838 1290 1879 vigiliam3
1313 1837 1386 1870 inde
1412 1849 1487 1872 vero
1511 1850 1582 1872 curn
1608 1843 1694 1873 tenui
1717 1842 1828 1883 vic‘tu,
1853 1842 2012 1880 sanguinis
2046 1842 2125 1876 mis„

1118 1879 1237 1920 fiones,
1259 1881 1390 1923 quando
1412 1892 1467 1914 nec
1491 1881 1589 1916 foetui
1614 1883 1862 1920 subtrahendum
1889 1884 1932 1921 cst
1956 1888 2036 1921 unde
2062 1898 2124 1920 nu·-

1118 1925 1259 1964 triatur,
1283 1935 1337 1957 nec
1362 1924 1479 1967 ipfius,
1512 1929 1544 1959 δε
1577 1929 1688 1961 matris
1721 1930 1804 1962 vires
1837 1932 1881 1963 ita
1915 1931 2125 1964 extenuanda:

1119 1970 1211 2008 lunt,
1233 1976 1269 2001 ut
1293 1969 1401 2009 partui
1425 1979 1487 2001 non
1511 1969 1625 2011 possint
1649 1970 1784 2005 sufficere
1807 1995 1815 2009 ‚
1849 1976 1957 2008 vicino
1995 1975 2125 2017 praeser-

1116 2012 1202 2049 tim,
1225 2012 1311 2045 velut
1345 2010 1398 2044 hic
1421 2036 1428 2045 .
1575 2014 1734 2056 Qamvis
1767 2027 1872 2051 autem
1908 2020 2126 2062 Hippocratis

1115 2058 1130 2093 (
1151 2066 1169 2096 q
1192 2059 1207 2094 )
1229 2054 1382 2087 sententia
1397 2080 1405 2094 ,
1429 2055 1591 2096 mzdierem
1613 2066 1702 2092 utero
1720 2070 1878 2102 gerentem
1901 2063 1971 2105 capi
1994 2060 2034 2095 ab
2063 2062 2130 2095 ali-v

1115 2108 1174 2140 quo
1195 2096 1305 2131 morbo
1329 2106 1444 2138 acum,
1467 2099 1585 2133 lethale
1608 2100 1685 2144 effe,
1722 2113 1785 2136 non
1819 2105 1902 2139 secus
1939 2106 2126 2149 accipienda

1114 2140 1297 2187 sitaquam
1320 2141 1420 2173 latine
1444 2154 1459 2175 a
1483 2142 1581 2176 Celso
1604 2147 1663 2187 (r)
1688 2145 1812 2180 reddita
1835 2147 1902 2190 est,
1924 2158 2017 2184 acuto
2039 2161 2123 2184 mor-

1112 2182 1150 2216 bo
1164 2184 1265 2226 facile
1289 2184 1448 2226 consumi,
1472 2196 1572 2229 neque
1596 2186 1718 2230 semper
1733 2188 1835 2232 facile
1861 2203 1920 2235 pro
1943 2203 2028 2226 certe
2063 2205 2124 2235 po-

1112 2225 1202 2264 suit3
1225 2235 1280 2260 aut
1302 2226 1326 2261 fi
1348 2228 1394 2260 ibi
1419 2228 1546 2270 posuit,
1572 2239 1688 2265 veteres
1701 2234 1795 2274 illas,
1819 2238 2059 2278 praegnantibus
2072 2238 2123 2270 in-

1111 2270 1321 2311 tolerabiles,
1342 2272 1522 2305 curationes
1547 2273 1728 2316 specstavit3
1761 2288 1833 2312 nam
1865 2275 1967 2322 postea
2002 2284 2034 2314 &
2068 2289 2121 2314 tot

1111 2314 1204 2354 aliis,
1228 2324 1285 2347 nec
1307 2324 1380 2348 raro
1401 2314 1502 2357 adeo,
1525 2326 1560 2350 ut
1584 2317 1683 2361 aliqui
1717 2329 1854 2364 putant,
1880 2327 1913 2357 ὅς
1936 2325 2030 2358 nobis
2054 2337 2122 2358 me«

1112 2357 1254 2390 dicinam
1279 2356 1493 2399 facientibus,
1517 2361 1669 2404 tenuique
1693 2362 1901 2399 mediocriter
1932 2370 2021 2403 viditu
2041 2393 2053 2409 ,
2087 2373 2121 2403 &

1110 2400 1200 2442 ipsa,
1224 2400 1279 2434 ubi
1302 2413 1347 2435 res
1369 2403 1702 2450 cogerethanguinis
1726 2408 1892 2450 miffione,
1907 2410 1967 2451 ,scd
1991 2424 2084 2447 caute
2110 2438 2120 2451 ,

1112 2444 1277 2478 utentibus
1294 2470 1302 2484 ,
1325 2447 1399 2479 Deo
1422 2446 1498 2479 bene
1521 2457 1649 2489 juvante
1684 2449 1836 2486 haftenus
1874 2457 2016 2498 contigit
2038 2481 2050 2497 ‚
2083 2467 2119 2491 ut:

1111 2497 1245 2520 matrem
1269 2487 1460 2535 simul<cum
1485 2489 1569 2524 foetu
1593 2491 1784 2528 servaremus
1805 2497 1852 2529 vel
1877 2496 1992 2533 affefftu
2018 2501 2118 2534 inter-

1110 2529 1188 2564 dum
1212 2533 1333 2573 anginae
1357 2532 1477 2572 simili,
1500 2543 1536 2566 ut
1560 2535 1595 2566 in·
1618 2536 1733 2578 Jacoba
1758 2540 1899 2580 Severia,
1921 2554 1996 2576 cum
2019 2545 2119 2578 inter-

1108 2584 1147 2607 na
1171 2573 1312 2607 thoracis
1335 2574 1578 2611 manifesti-liima
1610 2574 1876 2618 'inflammatione
1908 2587 2083 2630 conj-unfro
2105 2602 2118 2629 ,·-

1108 2627 1174 2650 non
1198 2627 1285 2651 erant
1309 2627 1414 2652 tamen
1439 2620 1548 2654 nostrae
1581 2623 1684 2657 obesae
1704 2648 1713 2662 ‚
1748 2637 1845 2670 neque
1879 2628 1959 2663 laxis
1982 2655 1995 2671 ,
2027 2631 2117 2665 insir-

1109 2661 1233 2704 misque
1253 2662 1487 2704 pulmonibus,
1521 2674 1556 2698 ut
1589 2668 1741 2702 Matrona
1776 2670 1814 2704 de
1845 2684 1906 2715 qua
1940 2674 2116 2711 sermonem

1109 2703 1280 2750 habemus.
1304 2707 1387 2747 Qlae
1409 2718 1482 2741 cum
1506 2707 1578 2742 esset
1609 2710 1682 2753 jam.
1706 2713 1764 2747 diu
1794 2716 1864 2748 ruffi
1886 2741 1901 2758 ,
1932 2720 1963 2750 δε
1996 2720 2115 2754 crebris

1109 2749 1212 2790 sputis
1233 2751 1397 2788 obnoxia,-
1423 2752 1534 2799 procul
1555 2753 1656 2788 dubio
1679 2756 1725 2790 ita
1749 2768 1815 2791 erat
1839 2759 1876 2793 ad
1888 2762 2112 2805 peripneumo-

1108 2793 1196 2824 niam
1218 2792 1368 2842 disposita
1385 2820 1396 2834 ,
1419 2804 1454 2828 ut
1477 2795 1573 2837 hujus
1596 2803 1804 2841 praegravariti
1828 2804 1860 2835 vi
1885 2814 1940 2847 par
1964 2803 2022 2839 esse
2044 2818 2113 2840 non

1110 2843 1289 2877 potuerit,
1321 2848 1419 2880 neque
1450 2840 1540 2872 enim
1575 2851 1613 2873 ex
1646 2842 1769 2877 levibus
1807 2844 1906 2887 fuit',
1939 2857 1976 2881 ut
2022 2860 2112 2887 vetu-

1110 2876 1254 2913 stissimus
1277 2881 1426 2921 Austor,
1452 2891 1527 2922 aut,
1544 2883 1573 2915 ‘si
1606 2887 1706 2919 mavis
1729 2910 1742 2926 ,
1774 2888 1990 2932 Hippocrates
2026 2893 2112 2935 (s)

1108 2921 1282 2965 loquitur,
1309 2934 1347 2956 ex
1370 2935 1427 2957 non
1447 2926 1685 2969 perniciosarum
1707 2942 1842 2973 genere,
1866 2937 1898 2967 ἂν
1932 2935 2074 2970 mollium
2097 2962 2111 2979 ‚

1107 2965 1365 3010 quandoquidem
1390 2978 1453 3000 non
1465 2967 1579 3003 habuit
1596 2980 1717 3012 pauca,
1742 2983 1776 3007 ut
1795 2976 1863 3014 hae,
1888 2977 1939 3011 sed
1963 2979 2110 3022 pleraque

1108 3018 1212 3042 eorum
1249 3009 1408 3052 fignorum
1452 3022 1524 3054 quoe
1569 3014 1657 3048 idem
1702 3018 1838 3051 recenset
1864 3044 1873 3052 .
1921 3022 2001 3056 Erat
2024 3025 2111 3059 enirn

1101 3048 1206 3093 febris
1227 3062 1319 3099 acuta
1334 3076 1346 3093 ,
1363 3053 1499 3095 spiritus
1515 3053 1665 3099 frequens
1687 3072 1723 3094 ac
1746 3062 1889 3105 calidus,
1925 3066 1966 3098 Θ
1998 3068 2108 3101 anxie-

1107 3101 1158 3143 zjas
1170 3119 1183 3136 ,
1207 3096 1249 3129 ess
1267 3097 1428 3138 satiatio>
1447 3102 1489 3134 ἴα*
1511 3099 1599 3134 dolor
1613 3101 1673 3144 sub
1689 3104 1860 3147 scapulas,
1885 3111 1927 3144 (φ
1956 3111 2107 3152 gravitas

1105 3148 1139 3170 ιη
1158 3139 1301 3180 pem-re,
1325 3142 1355 3173 δε
1379 3139 1464 3182 tuffis
1487 3141 1677 3184 vehemens,
1698 3150 1731 3181 ὃς
1752 3158 1867 3191 praeter
1890 3149 1956 3185 haec
1981 3154 2040 3186 alia
2056 3155 2107 3186 in·-

1107 3180 1218 3230 super‚
1243 3193 1277 3217 ut
1300 3184 1405 3233 eredita
1422 3186 1542 3217 cervice
1564 3187 1737 3230 respirandi
1761 3193 1939 3232 neceffitas,
1974 3199 2006 3229 δι
2038 3196 2107 3234 sitis

1107 3235 1239 3266 ingens,
1263 3229 1295 3260 &
1318 3238 1426 3269 gravm
1450 3229 1597 3271 pulsuum
1619 3234 1723 3273 vitia,
1746 3238 1779 3268 δε
1801 3236 1899 3270 livida
1924 3238 2014 3280 sputa
2036 3263 2050 3280 ,
2073 3244 2107 3274 &

1105 3266 1177 3302 fusa
1200 3269 1286 3303 alvus
1310 3270 1472 3313 crebrius,
1495 3274 1637 3315 opinor,
1661 3280 1693 3310 &
1716 3278 1877 3321 copiosius
1896 3292 1992 3323 quam
2004 3294 2105 3325 opor-

1104 3320 1205 3350 teret,
1229 3322 1265 3346 ut
1288 3313 1328 3347 sic
1350 3311 1436 3358 infra
1458 3314 1583 3351 humore
1598 3318 1778 3360 secedente,
1801 3330 1837 3355 ut
1860 3322 1947 3358 idem
1966 3326 2102 3370 Hippo-

1101 3365 1200 3390 crates
1223 3360 1286 3396 (t)
1307 3358 1370 3397 ait,
1387 3358 1477 3401 sputi
1493 3361 1643 3402 purgatio
1656 3363 1781 3406 fiarsum
1803 3375 1863 3398 non
1879 3369 2043 3410 prodiret,
2067 3373 2102 3404 ἃς

1106 3398 1177 3432 sane
1201 3399 1313 3434 exinde
1350 3399 1434 3435 faeta
1467 3402 1538 3437 sunt
1584 3404 1675 3447 sputa
1719 3408 1870 3448 pauciora
1892 3433 1905 3450 ,
1937 3407 1972 3445 δι’
2013 3413 2104 3447 valde

1104 3442 1219 3478 crassa.
1246 3444 1464 3488 Qamobrem
1488 3446 1566 3480 alibi
1590 3452 1600 3487 (
1622 3458 1642 3480 u
1664 3452 1682 3488 >v
1701 3452 1926 3492 pronunciavit
1943 3477 1956 3494 ,
1979 3467 1997 3488 a
2020 3467 2103 3489 mor-

1624 3491 1650 3523 B
1674 3492 1695 3524 b
1955 3497 1992 3532 bo
2013 3498 2061 3533 la-

54 3594 2118 3626 Q

165 3688 174 3720 )
190 3696 215 3712 n.
236 3690 274 3718 38·
340 3689 355 3719 (
402 3689 416 3718 )
431 3690 505 3720 Epist.
522 3697 561 3715 21.
579 3698 602 3715 n.
621 3693 658 3716 16.
673 3692 696 3716 ἃ
712 3691 760 3722 seq.

172 3719 187 3747 3
203 3719 265 3754 [bid.
282 3726 305 3743 e.
325 3726 343 3744 ι.
362 3697 386 3750 ξ.
407 3727 458 3755 ιο..
505 3722 520 3750 (
535 3722 546 3744 t
560 3721 575 3750 )
591 3723 710 3750 Neurogr.
726 3726 746 3748 l.
765 3732 789 3754 3.
805 3732 827 3750 c.
843 3733 868 3755 4.

169 3749 184 3778 )
201 3750 255 3774 vid.
274 3751 412 3775 Commerc.
430 3752 517 3776 Litter.
534 3755 562 3777 A.
582 3760 650 3781 ¹74¹·
667 3752 745 3777 Hebd.
764 3763 785 3778 2.
803 3764 828 3781 n.
846 3764 870 3781 2.
887 3756 916 3780 ad
933 3756 998 3785 Aph.
1017 3765 1053 3786 14.

173 3781 180 3810 )
197 3782 233 3806 De
247 3781 342 3806 Medic.
358 3782 378 3806 l.
393 3789 413 3806 2.
432 3789 454 3807 ε.
472 3785 495 3807 6.
557 3783 571 3812 Ε
583 3782 621 3812 s)
637 3783 673 3807 De
688 3784 786 3812 Morbis
801 3787 818 3811 l.
834 3794 855 3816 3.
873 3794 898 3811 n.
918 3790 956 3811 16.

822 3696 837 3726 (
853 3695 868 3719 h
884 3692 894 3724 )
910 3696 946 3719 De
962 3694 1044 3720 Cauiis
1060 3696 1120 3720 Puls.
1137 3698 1157 3721 1.
1173 3705 1196 3725 4.
1214 3704 1235 3722 e.
1254 3706 1289 3724 1²·

931 3728 944 3754 (
959 3734 983 3749 m
999 3727 1013 3755 )
1030 3726 1120 3751 Medic.
1137 3729 1213 3755 Praei.
1230 3729 1246 3753 l.
1265 3738 1287 3754 2.
1302 3731 1328 3753 Ρ.
1346 3738 1369 3753 2.
1385 3737 1408 3753 e.
1426 3737 1447 3759 3.

1017 3787 1133 3818 (mna

1352 3699 1367 3728 (
1383 3699 1393 3722 i
1407 3699 1421 3728 )
1437 3699 1530 3725 Differt.
1546 3701 1575 3725 de
1591 3701 1793 3731 peripneumonia
1804 3713 1826 3733 G·
1843 3714 1865 3730 2.
1885 3707 1906 3737 §-
1924 3709 1965 3732 26,

1440 3759 1451 3786 (
1468 3768 1483 3789 q
1501 3732 1524 3790 3(
1532 3732 1766 3796 Snegsszti'gplisp„

1115 3757 1160 3812 (dp
1178 3759 1185 3788 )
1201 3760 1282 3790 infra,
1300 3768 1326 3784 n.
1341 3763 1378 3784 61.

1319 3792 1334 3821 Ε
1347 3799 1362 3814 ‘¹
1377 3790 1391 3819 Ἰ
1408 3791 1469 3821 Se&
1486 3798 1508 3819 6.
1527 3793 1593 3822 Aphf
1608 3798 1645 3819 16.

1154 3806 1158 3810 -
1177 3798 1202 3815 u.
1221 3800 1257 3822 17.
