2498 4075
416 166 476 212 50
492 165 495 168 ’
1022 148 1179 202 Liber
1213 156 1247 201 Ι.
1283 148 1368 203 De

353 225 458 263 Quod
485 234 591 259 tamer-1
625 222 743 257 diserte
790 224 923 266 negabat
972 225 1131 261 Henricus
1175 226 1371 260 Meibomius

352 269 568 305 Anatomicus
592 265 855 309 praestantiffimus
871 293 879 309 ,
916 278 989 300 cum
1030 266 1111 299 hanc
1147 268 1262 303 thesim
1299 281 1372 313 pro-

350 311 460 353 posuit
483 315 497 350 <
518 313 537 344 d
556 316 589 350 ).·
614 313 649 341 In
669 307 851 349 phrenitide
884 309 951 352 ipsa
975 308 1091 343 cerebri
1107 309 1279 352 substantia
1312 322 1370 345 non

351 351 565 395 inflammatur
582 378 589 385 .
615 354 690 394 Ego
712 361 791 384 vero
816 363 878 385 non
903 352 1001 387 modo
1034 353 1208 396 aliquando
1239 356 1369 389 inflam-

352 398 456 437 mari,
481 408 544 429 non
571 407 674 437 nego5
700 393 750 427 sed
777 394 815 427 ad
840 406 888 428 eas
911 398 981 436 quae
1004 397 1038 428 in
1050 397 1259 438 Sepulchreto
1272 399 1367 438 sunt,

350 438 589 473 observationes
613 437 723 471 addere
747 437 825 470 alias
853 438 1000 481 possum,
1025 447 1060 472 ut
1084 441 1232 474 Lanzoni
1255 445 1269 481 (
1291 453 1306 475 e
1327 445 1366 481 )‚

349 483 406 524 qui
431 483 464 514 in
489 481 685 516 adolescente
709 492 746 513 ex
771 481 911 524 maligna
937 481 1020 514 febri
1044 481 1196 517 delirante
1207 483 1365 519 cerebrum

348 524 482 558 maculis
505 527 605 568 nigris
628 525 823 565 undequaque
847 524 1062 567 conspersum,
1085 537 1155 560 cum
1176 526 1363 561 membranis

349 567 460 604 lividis
493 570 618 601 invenit
644 591 655 607 ‚
694 565 863 609 praegressae
898 568 1165 603 inflammationis
1195 569 1282 603 haud
1319 572 1366 602 ita

347 609 491 644 obscuris
515 612 669 650 iudiciis,
694 615 724 644 ἃ·
750 611 928 655 Moglingii
961 609 1069 653 (f),
1102 616 1157 655 qui
1184 612 1364 655 phrenetici

347 654 510 688 cerebrum
531 654 704 697 secundum
725 654 922 688 membranas
958 655 1091 697 undique
1111 655 1361 698 inflammatum,

348 699 381 730 δε
404 707 491 739 parte
529 698 634 740 aliqua
663 695 880 739 sphacelaturn
902 722 914 738 ,
950 697 1034 731 vidit
1067 710 1142 731 cum
1173 699 1362 733 ventriculis

343 741 445 773 multo
461 740 530 782 sero
554 741 701 782 repletis.
727 740 786 772 Sed
810 751 882 773 cum
911 739 966 774 has
981 764 989 778 ,
1018 741 1154 783 aliasque
1186 741 1360 782 addida-05

345 791 396 814 tot
418 783 489 816 illas
511 782 701 816 diffimulare
726 793 790 814 nou
816 793 953 825 potero,
977 785 1010 815 in
1035 784 1151 826 quibus
1189 786 1275 818 nulla
1310 786 1362 821 us.

343 836 439 867 quarn
463 828 497 859 in
520 826 647 860 cerebro
671 836 792 867 reperta
815 825 857 859 est
889 827 1105 861 inflammatio
1139 850 1149 865 ‚
1179 840 1250 871 quae
1274 853 1287 870 ,
1320 841 1358 862 ne

344 869 381 901 ab
407 869 615 910 Sepulchreto
638 867 822 906 discedam,
845 880 890 903 ecc
915 869 977 903 fere
999 881 1109 904 omnes
1127 870 1212 904 ‘sunt
1234 895 1243 910 ,
1277 885 1355 916 quas

341 910 482 954 proferri
506 911 599 947 video
621 913 659 945 ad
695 910 921 946 ostendendum
943 937 957 954 ,
989 912 1052 946 fine
1083 916 1270 958 meningum
1304 918 1356 950 in-

342 955 560 994 flammatione
594 953 684 988 fuisse
717 953 933 997 phrenitidem
957 982 964 989 .
1000 958 1089 999 Qas
1130 959 1246 1000 inter,
1289 973 1357 995 eam

342 998 541 1041 potiffimurn
567 997 710 1034 attendas
733 999 855 1040 velim,
878 1002 911 1033 in
935 1012 996 1042 qna
1018 1002 1160 1044 egregius
1181 1003 1356 1037 Anatomi-

341 1053 398 1077 cus
420 1043 571 1076 Coiterus
596 1046 607 1082 ζ
627 1054 648 1086 g
669 1046 683 1081 )
705 1041 825 1076 nullam
848 1067 858 1082 ‚
895 1044 1002 1087 inquit
1023 1068 1035 1085 ,
1070 1056 1124 1078 nec
1146 1046 1178 1079 in
1203 1047 1356 1081 membra-

345 1086 422 1124 nis,
446 1096 499 1118 nec
522 1087 554 1119 in
577 1084 696 1119 cerebri
721 1084 897 1128 substantia
935 1087 1152 1130 deprehendere
1184 1090 1275 1130 quim·
1306 1092 1355 1124 in-

335 1127 606 1172 flammationem.-
629 1128 691 1162 huc
725 1137 831 1162 autem
863 1128 1015 1173 adjungas
1045 1143 1115 1174 quse
1149 1131 1244 1166 solers
1277 1135 1356 1168 alter

341 1171 509 1204 Proseecor
552 1171 728 1219 observavit
750 1194 760 1210 ‚
802 1174 918 1247 potius
951 1186 1046 1217 quam
1079 1176 1112 1207 in
1146 1176 1354 1217 Sepulchreto

341 1214 424 1257 apud
449 1215 615 1249 Rhodium
640 1217 743 1258 ipium
765 1218 780 1255 <
809 1229 822 1249 :0
844 1220 857 1255 )
890 1217 1018 1259 legenda
1043 1242 1050 1249 .
1083 1216 1234 1252 Rhodius
1266 1223 1352 1256 enim

340 1269 414 1290 cum
438 1268 594 1300 repertam
618 1260 651 1290 in
667 1270 739 1291 ¹uno
763 1256 951 1299 phrenetico
973 1263 1156 1305 meningum
1180 1285 1192 1302 ,
1237 1266 1270 1297 &
1301 1276 1352 1297 ce-

338 1301 420 1339 rebri
444 1302 732 1336 inflammationem
755 1301 989 1345 proposuisset,
1015 1312 1049 1337 at
1083 1304 1245 1339 Fabricius
1274 1311 1350 1342 Bar-

342 1342 460 1378 toletus
483 1346 537 1378 Vir
571 1346 702 1388 diligens
735 1356 770 1378 ac
817 1346 967 1389 ingenuus
1014 1347 1094 1381 mihi
1129 1345 1233 1392 fassus
1274 1351 1313 1388 esi
1335 1375 1348 1392 ,

341 1389 449 1437 inquit
471 1411 483 1428 ‚
509 1388 544 1431 se
587 1390 620 1423 in
660 1387 811 1429 plurimis
852 1388 1100 1436 phreniticorurn
1143 1392 1347 1427 cadaveribus

341 1429 489 1475 invenisse
531 1433 620 1474 piam
665 1439 797 1477 matrem
835 1432 901 1474 sine
943 1435 1026 1468 omni
1056 1432 1173 1468 cerebri
1195 1446 1273 1471 noxa
1296 1438 1345 1470 in-

331 1471 554 1517 flammatam.
579 1474 679 1514 Qod
702 1475 722 1506 (ι
747 1473 834 1509 haud
858 1474 951 1508 facile
972 1477 1096 1515 credis,
1131 1486 1209 1513 tunc
1243 1481 1345 1513 corti-

336 1528 407 1550 cem
430 1518 539 1553 saltem
562 1518 682 1551 cerebri
705 1527 797 1551 noxae
821 1518 945 1562 aliquid
975 1531 993 1553 a
1016 1523 1166 1564 contigua
1198 1524 1344 1567 meninge

334 1572 401 1595 non
423 1561 638 1600 contraxiss‘e3
664 1572 737 1594 cave
760 1571 862 1596 tamen
886 1572 976 1606 putes
999 1587 1012 1604 ,
1034 1576 1107 1598 curn
1130 1565 1248 1598 cerebri
1272 1579 1345 1600 cor-

334 1613 390 1637 tex
413 1604 455 1638 est
479 1606 717 1644 inflammatus,
740 1605 862 1647 semper
895 1615 972 1639 tunc
1005 1606 1061 1641 effe
1092 1608 1309 1651 phrenitidem
1334 1636 1341 1645 .

335 1648 426 1682 Nam
451 1648 610 1682 Willilius
632 1647 717 1682 idern
739 1650 795 1691 qui
819 1648 928 1692 saepius
953 1650 1034 1684 hanc
1060 1650 1155 1686 abesse
1177 1652 1259 1686 vidit
1269 1666 1344 1688 cum

335 1690 430 1726 essent
453 1693 615 1734 meninges
647 1691 855 1725 inflammata>
876 1717 888 1733 ,
920 1692 1032 1727 docuit
1069 1694 1187 1729 ibidem
1229 1700 1243 1736 (
1266 1698 1311 1737 i)
1332 1722 1345 1740 ,

334 1745 412 1772 tunc
433 1736 532 1769 etiam
556 1733 688 1782 abfuisse
710 1745 945 1778 nonnunquam,
968 1749 1040 1771 cum
1062 1738 1179 1772 cerebri
1213 1742 1346 1775 exterio-

333 1790 401 1814 rem
422 1778 578 1813 ambitum
601 1776 738 1812 ostendit
762 1786 882 1815 tumore
913 1780 1129 1823 phlegrnonode
1166 1781 1309 1826 obsessum
1333 1809 1341 1818 .

334 1823 408 1861 Nec
432 1822 501 1856 aliae
524 1821 635 1857 desunt
659 1833 728 1867 quae
751 1820 784 1855 id
816 1823 1011 1857 confirment
1031 1848 1044 1865 ,
1075 1825 1308 1860 observationes
1332 1850 1343 1866 ‚

336 1866 372 1900 in
396 1865 508 1910 hisque
532 1877 565 1899 ea
588 1877 658 1909 quae
681 1874 770 1898 extat
803 1866 1001 1907 Sepulchreti
1037 1868 1120 1901 libro
1152 1871 1213 1902 IV.
1254 1873 1268 1910 <
1290 1870 1307 1910 Ι(
1328 1877 1342 1915 )

335 1910 454 1944 Tenuis
478 1911 563 1942 euim
587 1910 711 1942 meninx
734 1916 802 1941 erat
823 1913 866 1943 (θ’
889 1909 953 1952 ipsa
991 1910 1161 1946 rubicunda
1180 1936 1192 1953 ,
1227 1926 1263 1947 ac
1288 1914 1349 1955 suh

331 1952 399 1996 ipsa
418 1963 480 1995 pus
504 1952 732 1995 craffiusculum
757 1953 798 1984 (ψ
816 1952 1008 1996 stibrufhm:
1033 1965 1224 1997 nequaquam
1246 1964 1349 1994 tamen

332 2006 409 2040 aeger
433 1995 585 2031 deliravit
610 2020 617 2028 .
653 1994 746 2038 ch
769 2006 845 2037 ergo
868 1996 940 2029 est?
962 1999 1049 2031 Cum
1072 2001 1180 2031 omnia
1202 2011 1273 2043 quae
1298 2002 1349 2037 di-

333 2040 387 2075 &a
411 2038 506 2081 sunt,
532 2037 729 2078 attenderis;
753 2038 816 2071 huc
839 2040 962 2079 redeas,
989 2040 1103 2076 necesse
1126 2041 1193 2083 est,
1216 2053 1251 2076 ut
1275 2045 1347 2081 aliae

332 2082 411 2118 alias
435 2082 534 2119 causae
558 2081 616 2117 esl'e
639 2081 755 2116 horum
788 2081 976 2118 delii-iorum
1011 2084 1210 2126 videantur,
1243 2099 1350 2131 eaeque

359 2138 395 2159 ro
418 2128 505 2159 varia
531 2125 717 2169 sanguiniS,
739 2124 978 2170 humorumque
1004 2138 1114 2164 natura
1134 2152 1146 2168 ‚
1180 2140 1234 2163 aut
1265 2142 1349 2166 cere..

333 2139 383 2204 bri
409 2168 518 2203 al³fe6ia
541 2179 656 2212 parte,
679 2177 733 2202 aut
766 2168 861 2212 hujus
899 2182 915 2202 a
944 2171 1130 2213 primordiis
1149 2198 1158 2213 ,
1191 2174 1348 2210 morbisve

334 2213 507 2261 praegreffis
532 2212 789 2253 constitutione,
815 2222 868 2247 aut
891 2212 1045 2256 ejusmodi
1071 2216 1143 2250 aliis
1166 2240 1179 2256 ‚
1213 2226 1265 2250 aut
1298 2219 1349 2253 di-

335 2257 421 2290 versa
445 2256 547 2290 modo
570 2257 734 2300 plurium,
760 2256 860 2290 modo
882 2256 997 2292 horum
1032 2260 1179 2294 omnium
1212 2260 1348 2303 conjun-

334 2301 466 2338 c‘tione,
491 2300 585 2333 aliter
608 2301 643 2332 in
666 2299 740 2332 aliis
763 2310 914 2342 agentes,
939 2309 975 2334 ut
1009 2303 1083 2335 alias
1117 2302 1201 2338 hunc
1226 2328 1238 2343 ,
1272 2307 1348 2339 alias

335 2344 437 2378 alium
460 2342 600 2376 efficiant
623 2342 794 2376 morbum.
821 2344 897 2376 Erit
921 2344 1024 2385 igitur
1045 2346 1080 2377 in
1103 2348 1265 2380 nonnullis
1296 2360 1349 2382 ce-

336 2387 442 2426 rebri,
466 2387 500 2420 in
525 2385 669 2428 pluribus
695 2386 881 2432 meningum
907 2386 1144 2425 inflammatio,
1179 2400 1232 2422 aut
1265 2402 1348 2424 certe

335 2430 487 2464 vasorum
509 2430 563 2462 illa
588 2429 768 2468 distentio,
792 2427 842 2462 sed
868 2439 931 2461 uon
956 2439 1065 2469 tanta,
1088 2441 1124 2464 ut
1150 2436 1249 2475 magis
1260 2446 1348 2467 com-

335 2475 480 2518 primat,
508 2485 604 2516 quam
628 2473 732 2505 irritet
750 2484 759 2502 .·
783 2473 816 2504 in
842 2472 914 2505 aliis
940 2473 1035 2507 effusa
1060 2486 1160 2517 aqua,
1195 2472 1246 2511 sed
1276 2479 1349 2512 irri-

341 2528 413 2551 tans
438 2518 503 2550 haec
529 2527 678 2558 quoque5
703 2515 807 2557 probo
844 2516 929 2549 enim
961 2517 1123 2551 Boneturn
1169 2522 1182 2559 (
1204 2520 1216 2554 l
1239 2524 1249 2560 >
1296 2531 1349 2556 aut

341 2571 565 2604 quemcunque
590 2561 687 2593 alium
712 2558 925 2599 scribentem,
945 2570 1060 2601 purum
1077 2569 1193 2603 putum
1210 2563 1316 2606 serum
1339 2588 1350 2604 ‚

341 2604 516 2639 acrimoniae
539 2613 650 2645 expers
669 2626 682 2642 ,
704 2601 849 2636 delirium
884 2604 1021 2637 excitare
1054 2615 1114 2638 non
1143 2606 1247 2641 valere
1275 2619 1282 2640 :
1316 2609 1351 2641 in

344 2648 457 2682 multis
483 2645 643 2690 denique;
665 2654 700 2678 ut
726 2645 801 2679 alias
825 2647 977 2679 omittam
1001 2647 1130 2688 causas5
1157 2658 1289 2693 utraque
1312 2651 1353 2685 fi-

343 2692 408 2726 mul
435 2701 541 2723 earum
566 2701 635 2731 quae
659 2688 758 2722 modo
782 2688 877 2721 distre
904 2689 997 2724 sunt,
1033 2691 1114 2729 Quo
1148 2691 1289 2734 spec‘tant
1320 2698 1353 2728 δε

340 2734 592 2768 Observationes
615 2731 760 2776 quaedam
784 2733 817 2764 in
835 2731 1045 2773 ,Sepulchreto
1068 2737 1082 2774 (
1103 2745 1134 2767 m
1157 2739 1170 2775 )
1193 2736 1353 2779 legendae,

338 2781 371 2812 &
393 2777 575 2818 complures
598 2788 699 2817 meae‚
724 2787 859 2819 quarum
884 2776 960 2821 alias
984 2778 1018 2810 in
1042 2778 1113 2810 aliis
1146 2779 1279 2819 Litteris
1315 2781 1354 2815 ad

339 2830 371 2854 te
395 2819 503 2863 scripfi
527 2824 537 2860 (
562 2830 581 2851 n
604 2824 639 2861 2,
664 2828 724 2866 aut·
743 2819 915 2860 scripturus
939 2821 1006 2854 ium
1027 2844 1041 2861 ,
1072 2823 1213 2868 quinque
1248 2833 1352 2859 autem

338 2865 375 2899 in
399 2863 450 2898 his
473 2864 631 2895 continuo
654 2862 844 2905 subjiciam,

381 2920 413 2948 9.
440 2907 594 2941 SENEX
628 2916 746 2939 annum
770 2916 865 2947 agens
888 2907 1116 2949 oetogefimum
1140 2934 1149 2951 ,
1181 2911 1223 2944 ob
1246 2912 1352 2952 varia,

339 2951 392 2985 sed
414 2950 495 2983 levia
513 2973 526 2990 ,
549 2948 741 2984 valetudinis
764 2950 970 2995 incommoda
995 2951 1144 2987 admissus
1178 2955 1212 2987 in
1246 2955 1354 2988 Bono-

340 2993 445 3028 niense
469 2994 499 3026 S.
525 2992 638 3026 Mariae
673 2991 711 3026 de
746 2993 856 3025 Morte
889 2994 1130 3029 Nosocomium
1153 3020 1166 3037 ,
1197 3009 1271 3032 cum
1307 2999 1354 3033 ibi

342 3036 416 3071 esset
438 3061 451 3079 ,
477 3035 572 3079 pulsu
595 3034 698 3069 fastus
720 3035 762 3068 est
785 3046 849 3068 non
875 3035 974 3069 modo
995 3039 1178 3082 crebriore,
1212 3044 1243 3074 δε
1275 3043 1356 3074 cele-

340 3082 448 3122 tiore,
469 3090 581 3113 verum
603 3080 702 3113 etiam
725 3079 928 3121 turgidiore,
952 3092 1051 3123 quam
1077 3082 1143 3125 ejus
1167 3084 1357 3119 aetativide-

339 3134 425 3160 retur
449 3124 642 3157 convenire.
666 3121 718 3156 Ad
741 3121 809 3156 haec
827 3146 840 3163 ,
864 3122 995 3157 delirare
1018 3128 1143 3169 coepit,
1167 3127 1356 3171 saepeitem,

343 3166 432 3211 quasi
457 3177 495 3199 ex
519 3165 902 3206 convulsione2maxilla
938 3166 1090 3202 inferiore
1114 3193 1126 3210 ,
1159 3173 1191 3204 &
1226 3172 1355 3206 artubus

341 3220 494 3246 tremere.
520 3211 616 3244 Tunc
643 3210 858 3252 interrogatus
889 3222 964 3253 quas
998 3214 1031 3246 in
1056 3215 1160 3256 capite
1194 3214 1351 3249 molestias

341 3255 515 3297 perciperet
537 3277 547 3291 ‚
579 3253 707 3295 pondus
741 3252 857 3287 diserte
893 3253 978 3287 dixit
1003 3280 1015 3296 ,
1049 3267 1161 3290 ccetera
1195 3260 1321 3300 negavit
1341 3285 1350 3293 .

342 3301 443 3332 Porro
466 3307 542 3329 cum
568 3297 702 3329 delirare
725 3306 892 3340 pergeret,
915 3309 949 3330 ac
973 3307 1105 3333 tremere
1128 3301 1193 3339 ita,
1219 3304 1268 3336 uti
1301 3302 1351 3335 di-

341 3342 429 3376 &um
455 3339 496 3373 est
513 3362 525 3378 ,
548 3339 586 3373 ad
608 3339 818 3382 quindecim,
845 3350 898 3374 aut
923 3340 1079 3376 sexdecim
1101 3342 1191 3381 dies3
1223 3346 1352 3379 tandem

341 3384 449 3427 pulsus
470 3407 482 3423 ‚
506 3383 564 3425 qui
587 3393 815 3425 nonnunquam
851 3383 984 3419 humilis
1018 3386 1250 3422 animadversus
1281 3388 1353 3423 fue-

344 3437 392 3461 rat
404 3450 417 3466 ‚
440 3425 597 3460 humilior
620 3425 662 3459 est
684 3425 807 3474 faetus:
833 3427 969 3471 indeque
988 3431 1074 3463 -intra
1097 3430 1229 3465 biduum
1243 3456 1253 3469 ‚
1279 3431 1353 3466 ster-

347 3479 416 3504 tore
439 3469 678 3512 superveniente
694 3497 703 3512 ‚
729 3472 819 3506 simul
844 3470 1026 3515 delirandi,
1050 3478 1082 3508 &
1104 3475 1231 3509 vivendi
1255 3474 1352 3511 finem

1424 225 1502 258 fecit
1525 250 1535 261 ,.
1666 226 1914 264 VENTRE
1934 249 1947 267 ,
1980 236 2017 260 ac
2040 223 2189 259 Thorace
2221 234 2334 269 quarta
2370 225 2426 262 de-

1421 270 1508 302 cima
1532 267 1570 301 ab
1601 267 1695 301 obitu
1725 268 1806 303 hora
1837 272 1955 311 apertis
1979 293 1992 313 2
2024 268 2143 302 viscera
2174 268 2246 309 sunt
2282 269 2426 304 animad-

1422 311 1508 344 versa
1533 312 1630 344 etiam
1652 320 1725 345 tum
1747 314 1909 353 calentia,
1931 313 2079 357 quamvis
2102 320 2177 345 toto
2206 313 2267 345 illo
2297 323 2425 356 tempo—

1422 356 1464 388 ris
1488 355 1593 396 spatio
1616 354 1750 388 cadaver
1774 356 1830 390 sub
1853 355 1909 389 dio
1931 357 1997 389 aeri
2032 355 2155 398 frigido
2177 377 2191 395 ,
2220 357 2337 399 quippe
2368 355 2426 389 sub

1421 399 1554 432 initium
1579 398 1621 432 A.
1650 401 1740 440 1706,
1766 398 1946 443 expositum
1967 398 2075 434 fuiss'et
2093 424 2100 432 .
2127 397 2278 434 Intestina
2301 401 2425 443 quain-

1417 450 1467 474 ter
1492 442 1521 475 se
1544 441 1797 483 contingebant,
1820 445 1853 476 &
1877 442 2031 476 inferiore
2060 452 2186 486 quoque
2219 440 2301 475 facie
2331 442 2424 478 rube-

1415 486 1493 518 bant
1517 483 1693 522 nonnihil3
1720 486 1839 519 limbus
1862 497 1969 520 autem
1992 485 2118 528 hepatis
2140 483 2260 520 livebat
2286 498 2296 518 ι
2328 486 2423 519 lienis

1417 528 1552 570 denique
1601 529 1741 562 multum
1773 527 1906 562 flaccidi
1939 530 2118 563 membrana
2152 539 2213 570 qua
2247 539 2423 562 convexam

1417 571 1534 605 faciem
1556 571 1704 605 vestiebat
1723 595 1736 612 ,
1770 571 1860 605 valde
1893 572 1988 607 crassa
2022 570 2105 606 faeta
2137 581 2205 606 erat
2227 594 2237 610 ,
2273 575 2306 605 δε
2337 571 2424 617 quasi

1415 614 1642 656 cartilaginea.
1667 616 1749 649 Haec
1774 616 1808 648 in
1832 625 1940 649 ventre
1964 641 1972 648 .
2111 618 2150 650 In
2183 614 2334 649 Thorace
2366 626 2423 648 au-

1413 668 1478 691 tem
1501 656 1611 691 dexter
1634 658 1748 700 pulmo
1771 657 1926 692 inferiore
1949 659 2045 693 latere
2068 670 2142 693 cum
2175 658 2284 700 pleura
2315 656 2423 691 cohae-

1413 701 1499 734 rebat
1512 726 1524 742 ‚
1547 702 1581 734 in
1606 701 1731 736 summo
1755 713 1889 744 parvam
1911 702 2071 746 quandam
2096 704 2280 746 portionem
2310 701 2421 735 duram

1412 744 1567 783 habebat,
1591 746 1625 778 in
1649 757 1711 787 qua
1733 744 1885 781 dissesStzb
1917 746 1989 779 vasa
2022 748 2134 779 omnia
2165 745 2330 789 pulmonis
2364 744 2422 777 ob-

1410 788 1550 829 strufta,
1575 791 1607 822 δε
1632 787 1711 821 ficca
1735 787 1953 828 videbantur5
1988 798 2025 823 ut
2056 791 2130 822 vitii
2160 790 2290 832 antiqui
2323 787 2418 821 vesti-

1409 833 1501 874 gium
1522 830 1714 865 crediderim
1728 856 1735 863 .
1764 832 1928 865 Pulmonis
1951 843 2029 866 vero
2050 832 2417 875 utriusqueinferimes,

1409 879 1440 908 ὃ(
1465 875 1639 918 praesertim
1652 874 1865 917 posteriores,
1891 884 1995 918 partes
2007 887 2070 909 non
2082 875 2182 909 modo
2193 876 2416 917 nigraeerant‚

1408 928 1444 952 ut
1468 918 1591 959 solent,
1613 930 1722 952 verum
1747 919 1845 952 etiam
1867 916 2013 953 subdurae
2029 942 2037 950 .
2064 918 2281 952 Pericardium
2291 921 2347 952 vix
2361 919 2420 951 ali-

1407 962 1487 1004 quid
1511 974 1622 1005 aquae:
1648 974 1706 995 cor
1730 972 1835 996 autem
1859 963 2083 995 concretiones
2106 961 2183 995 duas
2195 961 2310 996 habuit
2324 963 2419 1004 poly-

1406 1005 1521 1047 posas‚
1545 1006 1678 1038 alteram
1701 1006 1734 1038 in
1759 1006 1940 1039 ventriculo
1951 1004 2083 1039 dextero
2096 1004 2296 1045 subflavam,
2322 1008 2354 1037 &
2369 1006 2418 1037 vi-

1406 1048 1549 1089 scidam‚
1573 1061 1643 1091 quae
1666 1050 1701 1082 in
1724 1049 1891 1089 auricula,
1913 1052 2055 1090 &prope
2068 1049 2269 1082 Pulmonaris
2292 1048 2416 1081 arteriae

1407 1091 1591 1132 orificium,
1614 1091 1702 1134 quod
1725 1102 1830 1126 tamen
1854 1103 1919 1125 non
1944 1091 2091 1131 subibat,
2117 1091 2187 1124 alba
2210 1091 2328 1132 fiebat,
2352 1090 2413 1125 du—

1405 1136 1555 1178 riorque5
1581 1135 1712 1169 alteram
1736 1137 1862 1173 albam,
1889 1138 1921 1168 δε
1944 1134 2056 1169 duram
2078 1136 2113 1168 in
2137 1132 2264 1169 sinistro
2288 1135 2414 1168 ventri-

1404 1179 1501 1216 culo,
1524 1179 1667 1211 &initio
1690 1181 1813 1213 arteriae
1825 1179 1973 1220 Magnae.
1987 1178 2092 1221 Hujus
2115 1178 2274 1219 valvulae,
2296 1179 2409 1212 &Mi-

1404 1222 1498 1255 trales
1523 1221 1577 1255 hic
1601 1222 1670 1255 illic
1694 1222 1802 1260 durae,
1827 1221 1960 1254 necdum
1986 1230 2091 1255 tamen
2114 1221 2221 1256 osseae.
2236 1221 2338 1265 Ipsius
2355 1233 2413 1255 au-

1403 1275 1470 1298 tern
1493 1266 1614 1299 arteriae
1637 1274 1791 1306 truncus,
1815 1264 1838 1297 fi
1862 1265 2000 1310 exterius
2024 1264 2193 1308 inspiceres
2216 1277 2282 1308 qua
2300 1265 2412 1299 secun-

1403 1308 1482 1342 dum
1505 1309 1660 1342 vertebras
1686 1306 1871 1346 descendit5
1896 1305 2076 1350 sanguifera
2098 1308 2217 1350 quibus
2241 1317 2375 1342 ornatur
2397 1328 2410 1345 ‚

1398 1352 1524 1386 vascula
1547 1351 1730 1387 ostendebat
1754 1352 1896 1387 multum
1918 1351 2071 1386 distenta:
2096 1350 2119 1385 si
2141 1361 2219 1384 vero
2242 1352 2407 1390 interius;

1399 1394 1579 1439 squamulas
1602 1397 1709 1440 paffim
1733 1395 1877 1430 duriores
1892 1422 1900 1437 ‚
1924 1394 2095 1438 multisque
2119 1395 2154 1427 in
2178 1394 2261 1428 locis
2282 1393 2347 1438 jam
2358 1393 2410 1428 os-

1396 1438 1483 1480 seas,
1506 1439 1623 1483 hasque
1648 1441 1744 1474 etiam
1769 1451 1830 1483 qua
1854 1439 1881 1472 is
1904 1446 2035 1472 truncus
2059 1439 2093 1471 in
2112 1447 2254 1472 ventrem
2265 1440 2405 1481 pertine-

1396 1482 1475 1523 bat,
1499 1486 1531 1516 ὃ(
1555 1485 1589 1515 in
1613 1482 1773 1527 superiore
1798 1484 1909 1525 aliquo
1933 1480 2001 1524 ejus
2025 1492 2141 1521 ramo,·
2164 1480 2217 1515 sed
2240 1492 2409 1525 propecor

1395 1527 1502 1560 minus
1524 1526 1638 1561 duras.-
1663 1536 1812 1570 praeterea
1835 1527 1919 1559 inter
1943 1525 2143 1569 squamulas,
2167 1525 2360 1568 quibusdam
2371 1526 2407 1559 in

1394 1570 1495 1608 locis,
1518 1571 1653 1604 interior
1676 1572 1785 1605 tunica
1796 1567 2051 1609 defiderabatur,
2074 1569 2185 1613 ibique
2199 1569 2403 1607 exulcerata,

1399 1616 1431 1646 &
1453 1613 1582 1646 corrosa
1604 1614 1770 1648 videbatur
1793 1615 1903 1646 tunica
1929 1613 2077 1654 proxima
2095 1636 2109 1653 ,
2140 1614 2173 1645 &
2207 1613 2241 1644 in
2273 1612 2403 1655 rubrae,

1399 1656 1599 1699 putridaeque
1623 1657 1800 1691 substantiae
1825 1655 1979 1697 frustula,
2002 1667 2072 1699 quae
2093 1655 2266 1698 prodibant
2290 1682 2300 1696 ,
2324 1667 2404 1690 con-

1397 1701 1499 1734 versa.
1635 1701 1794 1743 Granium
1807 1698 1984 1739 exsesturi,
2007 1698 2086 1732 dum
2098 1699 2311 1741 Temporales
2332 1711 2404 1734 mu-

1397 1743 1500 1778 sculos
1524 1755 1708 1778 amovemus
1720 1768 1733 1784 ‚
1755 1742 1844 1776 valde
1856 1741 2007 1784 strigosos
2020 1740 2326 1784 animadvertimus,
2339 1754 2407 1783 cre-

1394 1787 1460 1827 do,
1483 1788 1557 1830 quia
1580 1787 1725 1831 jamdiu
1750 1787 1856 1820 minus
1880 1785 1984 1819 valide
2017 1784 2045 1818 se
2077 1785 2306 1819 contenderant
2330 1811 2339 1826 ,
2372 1795 2410 1820 nt

1396 1840 1471 1873 pote
1493 1833 1530 1864 in
1555 1830 1623 1865 sene
1647 1829 1884 1874 propemodum
1908 1829 2042 1862 omnino
2064 1827 2237 1863 edentulo.
2251 1831 2408 1863 Durnve-

1394 1886 1432 1908 ro
1455 1885 1551 1916 caput
1572 1887 1588 1907 a
1612 1875 1733 1911 summa
1756 1874 1854 1916 Spina
1880 1872 2128 1915 amputabatur,
2152 1884 2191 1908 ex
2214 1871 2310 1916 hujus
2322 1873 2405 1907 tubo

1400 1928 1464 1952 non
1489 1918 1629 1952 multum
1645 1945 1654 1960 ‚
1678 1931 1716 1954 ex
1738 1915 1856 1959 majori
1881 1925 1986 1950 autern
2009 1915 2078 1949 offis
2092 1917 2245 1960 occipitis
2270 1915 2409 1950 forami-

1401 1972 1439 1996 ne
1462 1972 1575 2003 magna
1598 1964 1646 1995 vis
1671 1973 1758 2004 aquae
1783 1958 1908 2003 prodiit
1928 1983 1935 1991 .
1961 1959 2183 1995 Quamobrem
2207 1958 2319 1994 Crass'a
2344 1972 2412 1994 me-

1401 2005 1480 2038 ninx
1503 2016 1579 2038 mox
1602 2004 1692 2038 valde
1716 2011 1886 2045 corrugata
1912 2001 2100 2045 deprehensa
2123 2002 2187 2038 est.
2213 2003 2278 2036 Sub
2302 2006 2413 2038 Tenui

1401 2058 1507 2079 tamen
1531 2049 1565 2080 in
1587 2048 1707 2081 cerebri
1730 2046 1926 2081 anfraetibus
1951 2057 2029 2089 aqua
2052 2045 2211 2088 supererat
2235 2045 2301 2089 ejus
2325 2046 2414 2081 firni-

1400 2092 1440 2123 lis
1464 2092 1498 2123 in
1523 2102 1585 2136 qua
1607 2102 1682 2124 caro
1705 2101 1809 2123 recens
1833 2090 1899 2122 lota
1922 2088 1980 2122 fit:
2004 2088 2185 2132 cujusmodi
2212 2101 2300 2133 aquae
2335 2103 2414 2134 por-

1398 2135 1450 2166 tio
1475 2134 1581 2176 aliqua
1606 2138 1638 2167 &
1661 2134 1695 2167 in
1720 2133 1918 2166 Lateralibus
1942 2134 2133 2167 ventriculis
2157 2132 2248 2173 fuit,
2270 2145 2411 2177 quorum

1399 2187 1505 2211 tamen
1528 2176 1598 2210 vasa
1621 2188 1686 2210 non
1710 2177 1871 2220 pallebant
1892 2200 1899 2207 .
1927 2175 2019 2214 Quin
2051 2176 2143 2217 plura
2176 2175 2316 2210 videram
2356 2189 2413 2221 per

1401 2222 1549 2254 Tenuem
1573 2222 1755 2262 meningem
1775 2219 1867 2260 vasa,
1890 2219 2011 2260 nigro,
2033 2228 2249 2264 concretoque
2263 2220 2414 2264 sanguine

1401 2265 1567 2308 pleniora:
1591 2265 1625 2296 in
1650 2265 1729 2297 Sinu
1751 2271 1859 2296 autem
1882 2263 1985 2294 Falcis
2009 2263 2203 2307 polyposam
2226 2266 2412 2298 concretio-

1403 2319 1475 2340 nem
1498 2307 1639 2346 exilem,
1662 2309 1695 2339 δε
1718 2306 1867 2351 longam.
1893 2306 2057 2338 Caeterum
2080 2306 2135 2339 etii
2157 2308 2307 2342 cranium
2332 2331 2346 2350 ,
2375 2312 2409 2343 δε

1400 2350 1562 2384 cerebrum
1594 2350 1655 2383 hoc
1692 2350 1798 2393 nescio
1829 2347 1908 2390 quid
1956 2349 2076 2389 ingrati
2120 2351 2248 2383 olebant
2273 2363 2284 2390 3
2328 2362 2415 2385 cere-

1401 2393 1452 2426 bri
1473 2417 1487 2434 ,
1524 2396 1558 2426 &
1581 2392 1728 2426 cerebelli
1750 2390 1955 2424 substantiam
1978 2392 2158 2426 invenimus
2181 2393 2286 2426 sanam
2311 2407 2322 2433 3
2355 2394 2415 2428 nisi

1401 2437 1491 2480 quod
1524 2437 1559 2470 in
1590 2436 1653 2470 illo
1674 2446 1739 2468 non
1762 2433 1841 2470 adeo
1863 2457 1873 2475 ,
1905 2435 1941 2469 in
1974 2433 2038 2468 hoc
2069 2445 2146 2469 vero
2179 2437 2319 2472 multum
2344 2439 2413 2472 laxa

1401 2489 1484 2514 erat.

1456 2534 1505 2557 10.
1556 2523 1619 2558 Vel
1665 2523 1699 2557 in
1745 2521 1813 2555 sene
1857 2520 1894 2555 id
1937 2521 2042 2555 aetatis
2066 2544 2079 2561 ,
2123 2531 2160 2557 ut
2204 2524 2312 2566 paffim
2337 2526 2412 2561 Ma..

1402 2578 1463 2610 gna
1507 2567 1622 2600 arteria
1666 2563 1746 2600 ossea
1789 2564 1876 2598 fieret
1897 2586 1930 2613 ,.
1955 2564 1989 2597 in
2034 2564 2150 2611 delirio
2194 2576 2299 2602 autem
2343 2581 2414 2611 pei·-

1405 2619 1503 2653 petuo
1542 2608 1672 2653 quidem
1697 2633 1707 2648 ‚
1753 2607 1807 2642 sed
1851 2609 1984 2642 mimme
2029 2608 2132 2646 feroci
2167 2634 2179 2651 ,
2225 2612 2314 2645 vides
2361 2622 2412 2646 ta-

1403 2665 1475 2688 men
1498 2678 1511 2695 ,
1555 2664 1629 2687 cum
1674 2664 1752 2695 aqua
1778 2677 1788 2693 ,
1832 2651 1981 2685 vasorum
2027 2652 2253 2689 distentionem
2285 2658 2318 2688 in
2343 2667 2411 2690 me-

1404 2699 1499 2739 niuge
1545 2698 1655 2732 Tenui
1696 2694 1789 2733 fuisse
1819 2719 1826 2729 .
1867 2696 1941 2740 Jam
1986 2705 2060 2728 vero
2105 2696 2142 2729 ab
2184 2697 2246 2732 hoc
2270 2725 2281 2741 ‚
2327 2700 2410 2734 unde

1404 2740 1555 2773 consulto
1599 2742 1776 2783 incepimus
1800 2762 1813 2780 ,
1855 2737 1894 2773 acl
1938 2737 2041 2771 senem
2085 2740 2249 2783 alterum,
2276 2742 2326 2776 sed
2349 2755 2412 2777 non

1407 2786 1455 2817 ita
1478 2782 1630 2825 grandem
1664 2793 1772 2821 natu,
1807 2784 1839 2815 &
1875 2781 1914 2814 ad
1945 2781 2097 2815 delirium
2131 2785 2235 2819 minus
2267 2788 2412 2829 quietum

1404 2827 1596 2861 transeamus
1620 2851 1633 2868 ,
1663 2825 1792 2869 quando
1815 2834 1926 2858 caetera
1951 2836 2021 2867 quae
2057 2826 2090 2857 in
2124 2830 2240 2868 prioris
2274 2841 2411 2873 corpore

1404 2872 1532 2903 inventa
1555 2870 1649 2914 sunt,
1671 2870 1856 2904 habebimus
1880 2869 1955 2902 alias
1967 2869 2224 2905 commodiorem
2248 2874 2413 2909 attenden-

1405 2913 1439 2947 di
1465 2915 1574 2947 locum
1590 2939 1597 2948 v

1452 2963 1509 2989 115*
1524 2958 1753 2998 FIGULUS,
1777 2966 1875 2989 annos
1908 2965 1999 2989 natus
2032 2955 2229 3002 septuaginta
2253 2985 2265 3000 ,
2300 2969 2412 2996 natura

1406 3000 1518 3035 hilaris
1533 3025 1542 3041 ‚
1565 3010 1664 3043 potor
1686 3000 1847 3035 strenuus,
1871 2998 1940 3041 post
1963 3001 2061 3033 animi
2083 3012 2174 3037 curas
2196 3026 2210 3044 ,
2253 3003 2412 3037 laborem-

1407 3056 1470 3087 que
1494 3045 1527 3077 in
1551 3053 1617 3077 arte
1641 3043 1693 3078 sua
1717 3041 1892 3085 majorem,
1916 3054 2012 3085 quam
2037 3043 2173 3087 soleret,
2199 3057 2292 3088 eaque
2316 3057 2411 3081 aetate

1409 3088 1489 3120 serre
1513 3086 1635 3130 posset,
1670 3087 1760 3119 simul
1790 3087 1824 3119 in
1856 3085 1975 3119 febrem
2009 3088 2129 3122 incidit
2151 3112 2161 3129 ‚
2197 3092 2229 3123 &
2264 3090 2411 3126 dolorem

1408 3130 1523 3164 sinistri
1565 3131 1671 3164 lateris
1714 3129 1933 3165 vehementem
1956 3154 1963 3161 .
2011 3132 2120 3170 Quare
2161 3133 2290 3167 circiter
2334 3135 2410 3168 No..

1409 3186 1463 3207 nas
1484 3175 1612 3218 Apriles
1635 3176 1677 3207 A.
1703 3174 1814 3207 eodem
1841 3177 1931 3216 1706.
1966 3183 2037 3209 tum
2069 3177 2105 3209 in
2136 3176 2222 3210 idem
2255 3177 2410 3211 Nosoco-

1402 3221 1505 3252 mium
1525 3217 1633 3251 statim
1655 3227 1804 3260 exceptus
1826 3217 1887 3258 est,
1911 3227 1981 3251 tum
2004 3218 2131 3261 sanguis
2160 3220 2267 3254 statim
2298 3221 2335 3254 de
2369 3224 2410 3254 ii-

1403 3261 1503 3294 nistro
1525 3261 1639 3295 cubito
1661 3261 1785 3295 emissus
1808 3286 1816 3294 .
1841 3262 1971 3302 <Qiarto
1992 3262 2044 3297 die
2067 3262 2166 3298 febris
2190 3263 2219 3298 se
2244 3264 2335 3299 valde
2358 3266 2410 3299 in·

1403 3304 1506 3338 tendit
1533 3329 1539 3336 .
1576 3306 1674 3351 Sexto
1706 3315 1811 3339 autem
1844 3305 1993 3341 delirium
2028 3305 2146 3340 acceffit
2180 3316 2306 3341 tantum
2325 3331 2339 3349 ,
2370 3317 2408 3342 ut

1403 3349 1523 3381 vincire
1546 3348 1658 3380 nece-sse
1682 3347 1802 3388 fuerit,
1827 3360 1863 3383 ne
1888 3350 1971 3383 lecto
1993 3349 2131 3384 desiliret
2152 3376 2159 3383 .
2199 3350 2309 3385 Pulsus
2341 3361 2408 3386 erat

1405 3390 1573 3433 frequens,
1596 3390 1647 3424 sed
1681 3393 1832 3434 aequalis.-
1856 3393 2021 3436 respiratio
2042 3392 2182 3427 difficilis
2202 3408 2212 3427 .·
2245 3396 2331 3429 nulla
2353 3406 2408 3427 ex-

1406 3435 1588 3476 pectoratio
1612 3458 1619 3466 .
1666 3435 1780 3478 Itaque
1814 3435 1868 3469 etfi
1914 3449 1953 3471 eo
1986 3438 2039 3471 die
2075 3436 2183 3473 missus
2217 3438 2260 3473 est
2281 3438 2407 3479 sanguis

1403 3489 1419 3511 e
1464 3477 1531 3510 talo
1566 3501 1579 3520 ,
1622 3479 1771 3515 omnibus
1815 3489 1920 3515 tamen
1961 3482 1997 3517 in
2041 3479 2129 3524 pejus
2185 3481 2348 3558 ruentiRus
2396 3493 2407 3520 ς

2249 3537 2291 3570 po
2319 3534 2363 3556 ri-

340 3610 2405 3633 mmmm

499 3691 590 3715 Ceroll.
607 3699 631 3720 4.
648 3690 672 3715 in
688 3694 753 3718 calce
770 3696 877 3721 Exercit-
894 3693 924 3718 de
941 3695 1043 3722 Observ.
1059 3698 1169 3724 rariorib.

500 3722 561 3745 Sest.
580 3721 622 3745 hae
637 3730 662 3750 7-
679 3725 801 3751 Sepulchr.
820 3726 879 3750 ΟΜ.
897 3729 936 3748 16.

406 3692 421 3720 c
437 3691 453 3715 a
468 3690 482 3719 ³

404 3724 420 3782 ἓ
435 3721 482 3778 ῗὶ)
491 3752 549 3777 Sea.
568 3751 612 3777 hae
627 3760 651 3784 7.
669 3752 686 3778 1.
706 3760 727 3778 ι.
745 3754 770 3780 in
787 3756 869 3781 Schol.
885 3756 915 3779 ad
932 3755 990 3781 obs.
1009 3766 1046 3788 ³7.

1233 3699 1247 3727 (
1263 3707 1274 3722 e
1292 3698 1300 3728 )
1316 3701 1378 3729 Eph.
1395 3704 1431 3726 N.
1448 3704 1476 3728 c.
1494 3704 1551 3727 Dec.
1567 3709 1589 3731 3·
1606 3705 1635 3728 Α.
1657 3710 1680 3731 9·
1697 3703 1756 3729 Obs.
1774 3711 1829 3734 1¹3·

999 3728 1012 3756 (
1028 3729 1042 3751 k
1058 3730 1069 3760 )
1086 3731 1159 3754 Cent-
1178 3736 1197 3753 1.
1214 3729 1273 3753 Obs.
1290 3731 1359 3755 Med.
1377 3740 1418 3760 4ο.

1110 3762 1122 3791 (
1139 3768 1162 3783 m
1180 3762 1188 3790 )
1205 3760 1266 3785 sest.
1284 3761 1333 3785 ead.
1352 3762 1415 3788 ΟΜ.
1435 3767 1468 3789 16.
1485 3765 1509 3789 δι
1525 3763 1549 3789 in
1565 3763 1650 3788 Addit.
1667 3764 1727 3791 Obs.
1750 3772 1772 3789 ι.

1890 3704 1905 3733 (
1916 3703 1960 3734 J)
1975 3703 2079 3729 Earund.
2096 3705 2170 3730 Cent-
2187 3705 2210 3728 6.
2227 3703 2285 3732 ΟΜ,
2306 3712 2345 3732 ²²·

1817 3734 1834 3759 k
1851 3733 1865 3763 )
1880 3735 1942 3759 δεῇ.
1959 3742 1984 3764 if
1999 3735 2060 3759 obs.
2078 3741 2114 3761 ιο.
2134 3734 2159 3768 §·
2175 3743 2200 3765 7.

1480 3734 1494 3763 ζ
1510 3734 1520 3757 ι·
1534 3732 1548 3761 )
1563 3732 1621 3757 obs.
1641 3741 1659 3757 ι.
1677 3733 1722 3758 cit.

1834 3765 1910 3795 (n)
1928 3766 1947 3789 1.
1965 3772 1990 3790 n·
2007 3773 2047 3797 ¹4·
