2498 4075
396 144 497 197 294

333 206 408 247 1'uin
432 208 621 255 pervasisse,
643 208 694 242 sed
725 204 973 251 profundiorem
1019 207 1261 238 excavationem
1307 202 1348 236 ab

334 241 431 290 iucco
453 256 627 289 erodente,
645 253 684 285 in
707 250 841 284 vulnere
863 249 996 296 genito,
1023 245 1142 280 saetam
1166 248 1228 281 esse
1247 269 1257 285 ‚
1292 257 1347 280 co-

336 299 551 341 gnoscebatur
567 320 574 328 .
600 297 639 328 In
662 295 786 328 cerebri
811 292 1000 325 ventriculis
1037 288 1185 324 nonnihil
1220 289 1345 331 stagna-

335 343 392 377 bat
416 342 497 376 seri.
522 341 689 373 Caeterum
711 335 800 381 quod
824 338 859 368 in
882 334 945 368 hoc
963 333 1091 377 Juvene
1113 332 1236 367 sinislra
1259 344 1345 367 cere-

335 387 388 420 bri
411 395 501 429 parte
524 381 595 416 laesa
612 405 620 418 ‚
644 378 868 414 convulsiones
891 379 926 410 in
948 378 1094 418 corporis
1117 377 1245 410 dextera
1280 387 1346 409 ma-

335 433 388 472 gis
413 427 592 462 saevierint,
618 423 730 457 eodem
762 420 912 454 Valsalva
948 418 1152 453 referendum
1195 420 1345 454 censebat

332 484 401 515 quo
422 474 453 504 δε
477 465 668 512 paralysim,
691 468 725 500 in
751 465 897 507 corporis
919 463 1018 495 latere
1064 463 1217 505 opposito
1260 474 1346 497 cere„

335 516 387 549 bri
410 512 532 547 laesioni
556 510 678 553 semper
702 509 742 542 ab
769 508 796 541 se
821 515 910 540 antea
935 504 1213 540 animadversam.

375 561 428 601 46.
454 557 540 588 Inter
565 565 614 587 eas
638 564 709 596 quae
733 564 772 585 ex
796 550 865 592 ipso
890 550 1040 585 hastenus
1061 549 1229 591 descriptae
1253 549 1348 588 sunt,

336 601 593 634 Observationes
618 608 714 631 unam
741 598 796 639 (g
818 598 832 633 )
854 593 1010 640 habesjn
1035 604 1098 636 qua
1121 604 1196 626 cum
1230 593 1350 626 resolu-

333 653 365 679 ta
390 642 466 677 esset
489 654 525 676 ea
550 652 620 683 pars
643 640 790 681 corporis
813 648 885 680 quae
909 637 1030 669 laesioni
1055 636 1177 670 cerebri
1199 646 1268 669 erat
1291 648 1351 677 op-

334 687 459 730 posita,
484 685 633 729 quaedam
656 682 819 716 interdurn
845 681 1032 714 accedentes
1054 680 1144 722 quasi
1168 680 1347 720 epilepticae

335 731 558 764 convulsiones
582 739 646 761 non
672 726 761 759 illam
785 726 916 764 minus,
938 733 1036 764 quam
1060 733 1125 756 non
1148 722 1348 762 resolutam,

333 774 521 817 agitabant.
546 771 603 804 Sed
629 766 798 806 alteram'(
822 767 841 800 h
864 770 877 806 )
900 777 1029 809 quoque
1063 765 1159 800 habes
1204 767 1238 798 in
1284 778 1347 815 qua

334 828 408 851 cum
432 818 553 859 pariter
575 814 712 847 resoluta
736 812 811 845 esset
836 821 907 852 pars
954 810 1082 843 adversa
1105 832 1117 850 ,
1162 809 1347 842 convulhvi

335 870 446 894 motus
471 860 503 892 in
527 869 561 891 ea
585 868 657 899 quae
682 855 817 889 resoluta
843 864 908 886 non
933 862 999 886 erat
1021 875 1032 892 ‚
1078 853 1312 886 adnotabantur
1338 876 1345 883 .

335 904 474 937 Nullam
499 913 574 935 vero
598 901 693 934 habes
717 901 751 931 in
775 908 838 940 qua
863 908 910 929 res
934 905 1049 930 contra
1073 906 1170 939 atque
1192 896 1227 928 in
1250 896 1347 929 altera

333 950 411 985 illa,
436 953 661 980 occurrerent:
685 940 773 985 quod
796 940 868 973 sane
893 940 1023 983 prorsus
1068 940 1223 972 convenit
1271 950 1347 971 cum

335 991 525 1025 theoremate
548 987 609 1020 illo
633 985 787 1020 catholico
809 984 941 1020 Saliceti
967 983 1055 1026 quod
1080 983 1225 1025 Epistola
1257 985 1347 1015 Ana-

332 1035 454 1066 tomica
477 1032 576 1065 xm.
601 1034 615 1070 (
636 1031 648 1063 i
672 1034 682 1070 )
709 1028 886 1062 memoravi
905 1041 914 1060 ε
937 1027 994 1060 ubi
1017 1036 1123 1060 tamen
1147 1037 1248 1068 neque
1291 1038 1346 1058 eo-

331 1088 404 1111 rum
427 1076 578 1118 dogmata
603 1075 718 1109 reticui
741 1076 755 1112 (
779 1071 798 1111 l<
820 1074 831 1110 )
856 1072 914 1114 qui
941 1081 1006 1104 non
1031 1070 1144 1118 modo*
1162 1068 1344 1111 promiscue

330 1122 365 1154 in
389 1121 543 1154 alterutra
568 1126 658 1160 parte
681 1114 852 1160 paralysim
875 1137 887 1154 ,
922 1124 977 1148 aut
1001 1114 1242 1147 convulsionem
1258 1115 1344 1146 acci-

330 1164 425 1204 dere,
450 1162 501 1197 sed
523 1164 554 1196 &
579 1162 768 1204 plerumque
793 1157 928 1201 paralysi
973 1156 1106 1203 quidem
1151 1155 1345 1197 responden-

331 1219 396 1241 tem
419 1206 549 1241 vulneri
572 1213 697 1248 partem
720 1203 864 1252 corripi,
887 1201 1095 1234 convulsione
1119 1209 1227 1233 autern
1237 1211 1341 1248 oppo—

333 1251 427 1285 sitam
446 1272 456 1288 ‚
482 1248 708 1283 tradiderunt.
743 1245 951 1284 Quibuscum
996 1244 1074 1276 adeo
1119 1242 1340 1276 consentiebat

331 1294 500 1328 Ballonius
515 1315 525 1330 ,
543 1302 579 1325 ut
605 1291 716 1324 libello
739 1288 778 1323 de
801 1286 1078 1321 Convulfionibus
1102 1285 1184 1333 hanc
1217 1285 1340 1329 potisfi-

328 1349 418 1372 mum
441 1336 501 1369 sibi
526 1334 747 1377 explicandam
771 1330 991 1371 Quaestionem
1014 1328 1207 1372 sumpserit,
1243 1339 1340 1372 quam

330 1386 360 1416 ὅ(
383 1383 417 1414 in
440 1381 507 1422 ipsa
530 1378 635 1412 libelli
659 1376 765 1410 fronte
790 1373 985 1417 proposuit,
1009 1383 1063 1406 cur
1079 1372 1235 1421 sauciatis
1267 1374 1342 1406 dex-

330 1432 397 1459 tera
421 1423 537 1466 capitis
554 1428 645 1465 parte
668 1418 829 1462 convulfio
845 1417 929 1461 sanae
949 1416 1005 1457 (id
1028 1416 1070 1450 est
1091 1417 1246 1462 oppositae
1271 1415 1342 1449 vul-

329 1468 433 1507 neri)
455 1467 561 1508 partis
584 1464 763 1506 contingat.
790 1462 829 1496 Id
875 1470 912 1494 ut
963 1469 1147 1503 ponerent,
1171 1460 1340 1501 Majorum

327 1512 484 1555 dogmata
509 1509 720 1551 impellebant
735 1532 742 1546 ‚
768 1504 943 1549 praesertim
967 1503 1206 1546 Hippocratis,
1230 1504 1345 1536 totlo-

326 1557 374 1589 cis
398 1555 483 1587 idern
508 1553 702 1594 repetentis,
729 1560 763 1584 ut
788 1547 964 1581 Marcellus
988 1549 1138 1581 Donatus
1160 1550 1174 1586 (
1196 1547 1207 1580 l
1231 1549 1242 1584 )
1269 1557 1343 1580 curn

327 1599 388 1633 hos
411 1596 603 1639 singillatim
629 1593 811 1632 indicaret,
834 1602 967 1628 eorum,
994 1601 1095 1633 puto,
1119 1601 1258 1624 numero
1280 1590 1341 1623 ob-

332 1652 424 1677 rutus
439 1666 447 1680 ,
468 1640 561 1674 illius
585 1638 706 1672 oblitus
730 1636 769 1669 sit
784 1660 794 1676 ,
819 1644 995 1668 memorata
1018 1633 1162 1676 Epistola
1197 1634 1218 1676 (
1233 1633 1299 1675 m)
1323 1644 1340 1666 a

326 1697 377 1718 nie
401 1684 548 1727 produffi
561 1707 569 1723 ,
593 1683 626 1714 in
640 1690 821 1724 quotamen
837 1676 1065 1711 vetustiffimus
1085 1678 1142 1710 ille
1154 1676 1340 1719 Praeceptor

328 1734 338 1768 (
365 1730 419 1771 η’)
442 1725 561 1761 diserte
582 1724 722 1763 docuit,
744 1723 853 1765 capite
877 1721 1064 1754 vulneratos
1087 1721 1273 1761 impotentes
1279 1718 1341 1762 fie—

325 1773 357 1808 ri
369 1796 380 1815 ‚
396 1769 424 1814 sz
448 1771 481 1804 in
503 1769 626 1802 dextris
641 1765 748 1810 fuerit
768 1765 884 1799 vulnus
899 1788 908 1804 ‚
932 1762 1121 1812 inst-nistra·
1145 1771 1240 1804 parte
1262 1775 1273 1800 3
1296 1761 1340 1811 *fi

325 1825 398 1849 'vero
422 1814 454 1847 in
468 1810 623 1856 finiliris,
650 1812 681 1844 in
703 1810 833 1843 dextra:
858 1818 925 1850 quo
948 1805 1031 1839 nihil
1055 1806 1121 1839 dici
1147 1805 1342 1854 luculentius

327 1856 455 1902 potest3
479 1866 668 1899 quanquam
693 1855 841 1887 Donatus
866 1851 1004 1890 scribit,
1027 1850 1061 1883 de
1079 1849 1217 1891 paralysi
1249 1858 1342 1890 oppo-

320 1901 389 1946 fitae
409 1902 514 1943 partis
537 1897 654 1931 nullibi
682 1898 906 1938 Hippocratem
922 1917 934 1934 ,
955 1893 1034 1936 quod
1044 1893 1241 1930 meminerit,
1265 1902 1337 1924 ver-

325 1946 363 1978 ba
381 1942 508 1987 feciffe.
533 1941 637 1982 Qod
661 1951 736 1973 vero
761 1940 961 1981 antiquiores
984 1936 1058 1976 illi,
1085 1938 1117 1968 &
1151 1935 1337 1969 asseclarum

325 1987 411 2024 haud
435 1987 528 2030 pauci
551 1997 615 2018 non
639 1984 721 2022 hoc,
748 1982 800 2016 sed
822 1980 904 2015 illud
927 1979 1015 2023 quod
1050 1987 1142 2013 tanto
1188 1979 1338 2028 pluribus

326 2035 407 2067 locis
431 2029 589 2064 traditum
615 2028 748 2065 fuerat,
773 2025 915 2059 accidere
939 2033 975 2059 ut
1000 2023 1202 2066 plurimum,
1226 2021 1337 2055 exxsti-

326 2084 470 2112 marcor,
496 2073 572 2107 hinc
598 2082 711 2113 magna
734 2077 790 2103 ex'
809 2078 896 2112 parte
939 2067 1062 2101 fastum
1107 2065 1301 2099 crediderim
1323 2088 1336 2104 ,

324 2119 414 2162 quod
441 2127 643 2151 mortuorum
667 2114 773 2158 capita
798 2123 863 2145 non
886 2110 1097 2150 dissecantes,
1121 2121 1160 2142 ex
1193 2109 1335 2142 vulneris

327 2164 396 2199 sede
420 2173 516 2205 quam
540 2162 574 2194 in
598 2160 703 2201 capite
726 2156 879 2190 videbant
894 2181 903 2196 ‚
926 2155 1027 2188 sedem
1050 2164 1191 2203 quoque·
1225 2163 1338 2194 argue-

326 2217 398 2257 rent
422 2205 610 2239 detrimenti
632 2202 765 2236 cerebro
787 2200 895 2240 illati,
919 2208 973 2232 aut
991 2199 1018 2231 fi
1041 2196 1126 2230 'hauc
1150 2195 1340 2239 aliquando,

326 2251 437 2287 cranio
461 2250 500 2283 ab
524 2249 592 2281 ifiu
615 2245 710 2288 ipso,
735 2252 790 2277 aut
813 2244 898 2276 inter
929 2240 1111 2276 curandum
1144 2239 1206 2273 suis
1240 2239 1340 2286 ferra-

327 2296 443 2331 mentis
466 2290 652 2334 perforato,
677 2288 799 2321 vulneri
824 2284 944 2320 subesse
966 2284 1211 2327 conspicerent,
1234 2293 1337 2324 majus

326 2348 434 2375 certe,
455 2340 486 2370 &
510 2337 708 2378 praecipuum
733 2331 852 2364 vitium
876 2330 910 2362 in
934 2328 1082 2372 opposita
1106 2327 1230 2361 cerebri
1261 2338 1338 2369 par-

328 2395 360 2418 te
384 2381 442 2416 esse
465 2379 573 2423 posse,
598 2377 731 2409 minime
755 2373 989 2416 suspicarentur
1012 2380 1126 2404 contra
1153 2380 1249 2412 atque
1263 2381 1348 2404 cen--

328 2427 462 2462 sendum
486 2423 568 2459 este,
593 2430 742 2454 anatome
765 2418 901 2454 docuit,
925 2425 960 2450 ut
977 2415 1069 2458 supra
1093 2417 1106 2453 (
1128 2425 1145 2446 o
1169 2417 1180 2452 )
1203 2413 1338 2448 demon-

327 2474 463 2505 stratum
487 2466 528 2501 est
542 2490 550 2498 .
903 2505 909 2510 -
982 2482 985 2483 ⁷
1150 2500 1157 2506 ⁴

369 2525 423 2556 47.
449 2514 613 2545 Ceterum
639 2518 703 2540 non
727 2506 793 2539 haec
817 2517 854 2538 eo
877 2504 952 2537 dico
975 2501 1062 2545 quod
1075 2500 1211 2550 nesciam
1226 2523 1235 2539 ,
1260 2512 1338 2551 con:

329 2549 471 2592 vulfione
493 2553 579 2587 haud
603 2552 648 2583 ita
674 2562 746 2584 raro
789 2549 823 2581 id
868 2549 951 2580 latus
995 2555 1142 2587 corporis
1186 2544 1340 2587 prehendi

328 2600 418 2644 quod
441 2596 610 2633 adversum
637 2594 681 2627 est‘
703 2592 826 2626 cerebri
849 2591 968 2629 lateri,
993 2591 1078 2622 vitio
1113 2598 1223 2621 revera
1260 2599 1341 2630 prae-

329 2647 427 2687 cipuo
451 2640 634 2675 laboranti.
658 2636 752 2678 Qd
776 2637 864 2669 enim
890 2634 1082 2675 Poupartius
1105 2642 1144 2663 ex
1177 2632 1307 2673 propria
1333 2656 1342 2670 ‚

329 2691 474 2730 itemque
496 2696 534 2718 ex
558 2681 708 2716 Chiracii
755 2679 936 2712 anatomica
982 2675 1180 2718 inspefflone
1226 2675 1354 2716 Regia:v

330 2731 544 2766 Scientiarum
571 2722 731 2759 Parisiensi
745 2722 929 2757 Academiae
953 2724 1006 2769 (p
1033 2724 1043 2756 )
1068 2717 1237 2754 retulerit,
1262 2729 1339 2768 prae-

329 2778 412 2810 clare
437 2772 595 2810 memini,
618 2779 676 2801 nec
702 2767 797 2801 aliam
823 2766 965 2807 aliquam
988 2773 1126 2805 1gnor0‚
1151 2771 1186 2794 ut
1211 2772 1282 2803 quae
1307 2772 1341 2794 in

329 2819 509 2853 Sefflonern
535 2814 615 2848 hanc
639 2810 839 2854 Sepulchreti
866 2813 874 2847 (
901 2809 953 2850 q)
978 2807 1077 2839 relata
1101 2804 1164 2839 est.
1198 2804 1273 2853 Sed·
1301 2816 1340 2837 eo

330 2863 423 2900 dico,
448 2870 483 2893 ut
508 2857 691 2898 intelligas,
717 2851 898 2896 cujusmodi
922 2851 974 2885 hic
999 2860 1127 2898 quoque
1152 2847 1274 2881 attendi
1288 2859 1342 2897 ve-

331 2907 388 2939 lim
414 2902 664 2937 Observationes
690 2896 875 2940 priusquam
902 2908 917 2928 a
942 2891 1141 2942 nobis-qiud
1166 2901 1202 2925 ut
1234 2893 1340 2933 pluri-

332 2960 421 2983 mum
444 2947 520 2985 fiat,
543 2944 760 2977 constituatur
785 2965 791 2973 .
839 2940 965 2985 Neque·
1003 2947 1089 2970 enim
1136 2935 1339 2983 numerandae

332 2993 428 3032 sunt,
453 2989 502 3022 sed
529 2986 759 3030 perpendendae
775 3010 783 3023 ,
806 2995 882 3021 nec,
909 2984 967 3014 nisi
991 2981 1107 3023 capitis
1132 2976 1338 3029 dissectio-ac.

332 3036 480 3072 cesserit,
504 3030 716 3072 accipiendae.
743 3028 822 3062 Haec
847 3036 952 3059 autem
998 3022 1163 3057 accesserat
1206 3033 1239 3054 in
1285 3023 1340 3055 illa

330 3078 442 3114 Maffae
467 3073 704 3110 Observatione
726 3083 796 3113 quae
822 3070 963 3112 superius
988 3067 1049 3110 (r)
1075 3074 1249 3100 memorata
1273 3067 1337 3115 eft,

333 3135 397 3157 non
423 3121 509 3155 secus
532 3128 628 3161 atque
653 3116 686 3147 in
711 3124 761 3147 tot
786 3126 856 3155 quae
882 3122 935 3146 aut
959 3123 997 3145 ex
1019 3110 1174 3144 Valsalva
1219 3109 1337 3159 descri-

333 3177 396 3208 ptae
423 3165 516 3202 sunt,
542 3170 597 3196 aut
623 3162 656 3192 in
681 3158 892 3199 Sepulchreto
915 3157 1093 3204 leguntur,
1118 3163 1156 3187 ut
1188 3155 1339 3201 Diemer-

334 3209 480 3243 broeckii
505 3205 606 3249 (s),
631 3202 795 3236 Dodonaei
819 3203 832 3239 (
856 3208 869 3232 ῑ
892 3203 931 3240 ),
958 3199 1122 3247 lsiorsius
1146 3207 1166 3229 u
1188 3200 1224 3237 ),
1258 3198 1339 3247 Rei-

336 3253 402 3287 selii
428 3256 440 3290 (
464 3262 484 3285 x
506 3254 540 3289 ),
564 3251 596 3281 in
621 3246 740 3288 quibus
764 3244 915 3278 omnibus
939 3243 1025 3275 vides
1049 3266 1057 3279 ,
1091 3240 1172 3274 illud
1195 3250 1340 3283 corporis

336 3298 419 3330 latus
443 3294 528 3336 quod
554 3292 676 3325 laelioni
699 3290 819 3322 cerebri
846 3296 912 3320 erat
939 3284 1146 3327 oppofitum,
1172 3294 1238 3332 non
1262 3294 1340 3334 con-

345 3338 510 3374 vulsione,
538 3336 588 3368 sed
615 3333 749 3375 paralysi
776 3331 924 3378 affeffluxm
949 3328 1212 3370 proponi.an
1237 3338 1286 3377 eas
1308 3336 1342 3359 in

337 3383 453 3425 quibus
479 3381 605 3413 alterius
629 3378 734 3410 lateris
757 3376 944 3419 convulsio,
969 3372 1097 3405 alterius
1120 3370 1276 3405 resolutio
1290 3370 1346 3404 ad-

632 125 793 180 Liber
809 123 903 178 IV.
921 121 1007 174 De
1025 124 1232 177 Morbis
1240 123 1571 190 -Chirurgicis
1587 162 1602 185 ,
1635 124 1691 176 ὅ(
1712 118 2097 174 Universalib-us

1398 211 1574 241 notantur,
1596 201 1680 235 hanc
1703 202 1834 243 quidem
1857 202 1892 233 in
1903 199 2076 243 opposito,
2101 202 2191 235 illam
2216 200 2338 235 veroin
2362 210 2402 232 eo

1398 244 1486 287 quod
1511 245 1646 279 laesionis
1668 244 1848 286 subjeetum
1871 254 1960 281 erat,
1984 246 2156 280 exhibere.-
2179 255 2313 287 quarum
2326 242 2401 275 Ob-

1396 290 1619 322 servationum
1642 299 1703 321 una
1727 286 1890 321 Salmuthi
1912 287 1956 320 est
1978 289 2034 330 (y
2058 292 2092 327 ),
2116 290 2174 330 qui
2198 288 2326 330 insuper
2358 284 2403 318 sic

1396 331 1456 365 esse
1478 331 1650 375 consuetum
1664 353 1672 368 ‚
1698 331 1833 365 affirmat
1849 356 1858 370 ,
1880 331 1976 363 altera
2001 342 2106 365 autem
2129 332 2269 365 Ballonii
2287 327 2402 377 *ipfius

1396 379 1410 415 (
1433 386 1458 417 z
1478 376 1515 412 >3
1539 385 1721 419 quanquam
1736 397 1749 417 ,
1771 385 1806 409 ut
1829 375 1867 408 de
1891 374 1960 407 aliis
1984 385 2106 408 taceam
2131 376 2253 409 mendis
2274 398 2285 414 ‚
2329 382 2401 415 qul-

1396 428 1469 450 narn
1493 427 1580 451 artus
1603 419 1733 450 resoluti
1758 418 1875 457 essent,
1898 418 2048 451 omiffurn
2072 421 2106 452 in
2131 416 2345 461 Sepulchreto
2356 414 2402 449 est

1396 471 1567 505 operarum
1590 461 1731 494 incuria.
1757 463 1795 494 In
1817 473 1914 503 quam
1936 461 2067 503 rejicere
2090 460 2176 504 posse
2203 462 2315 495 vellem
2326 459 2402 493 huic

1397 506 1593 537 contrariam
1617 503 1900 538 hallucinationem
1917 529 1926 543 ‚
1951 514 1987 537 ut
2012 517 2085 538 cum
2127 506 2269 539 Fontani
2313 509 2322 543 (
2347 513 2365 534 a
2382 501 2403 544 )

1400 551 1537 589 repetita
1563 547 1603 581 est
1626 547 1848 588 Observatio,
1873 558 1927 581 aut
1951 559 2024 582 cum
2049 549 2147 582 altera
2169 551 2250 583 item
2263 543 2403 581 Bartho-

1402 592 1462 624 lini
1486 595 1496 630 (
1520 590 1539 624 b
1561 594 1593 631 ),
1616 603 1687 634 qua:
1712 591 1749 623 ad
1774 591 1975 634 propositum
2000 593 2152 626 attineret
2177 617 2187 632 ‚
2227 590 2249 624 si
2296 591 2402 624 utrius

1401 634 1511 668 lateris
1536 645 1649 672 artus3
1673 645 1747 668 nam
1770 634 1937 677 utriusque
1959 636 2063 674 dicit,
2088 637 2175 678 prius
2200 658 2212 675 ,
2259 633 2401 677 magisve

1402 679 1536 711 resoluti
1559 676 1676 718 essent,
1700 676 1877 711 adnotasset
1895 701 1902 707 -

1442 722 1496 763 48.
1521 722 1572 754 Ex
1593 722 1633 754 iis
1656 731 1762 755 tamen
1785 723 1842 762 qui
1866 721 2030 755 nihilffifi
2055 722 2195 756 vulneris
2219 720 2323 755 sedem
2346 732 2403 755 ex-

1400 767 1501 809 terius
1525 765 1675 799 videntur
1699 764 1892 804 attendisse,
1917 765 1994 798 Viri
2021 765 2206 799 Doffiffirni
2230 775 2297 798 non
2343 764 2399 798 de-

1399 809 1533 840 suerunt
1557 809 1614 850 qui
1642 811 1761 851 magis,
1786 808 1930 842 minusve
1953 809 1993 842 ab
2015 809 2073 842 illo
2097 810 2309 852 Hippocratis
2332 819 2401 842 cre-

1399 851 1487 884 brius
1509 852 1673 884 inculcato
1695 851 1846 894 dogmate
1868 851 1918 884 vel
1942 862 2012 885 ante
2036 852 2103 887 haec
2127 862 2272 895 tempora
2305 852 2403 885 reces-

1399 895 1516 929 serint.
1543 895 1593 927 Sic
1619 897 1765 929 Donatus
1787 895 1805 937 (
1822 906 1839 928 c
1859 899 1874 935 )
1896 897 2095 930 contrarium
2119 906 2248 939 quoque
2278 896 2402 933 accide-

1395 950 1451 978 re,
1474 937 1606 972 docuit.
1630 939 1682 972 Sic
1707 938 1905 981 Caesalpinus
1929 938 1982 980 (d
2004 943 2017 978 )
2040 939 2198 974 recensitis
2222 939 2287 972 illis
2312 939 2404 982 Hip-

1397 983 1537 1024 pocratis
1560 979 1661 1020 locis,
1683 981 1769 1015 hodie
1791 991 1866 1014 vero
1880 1005 1892 1021 ,
1917 983 2027 1023 inquit
2045 1005 2057 1022 ,
2080 994 2137 1016 non
2155 981 2258 1024 solum
2290 980 2404 1020 disten-

1393 1025 1530 1064 tionem,
1547 1024 1602 1067 sed
1624 1025 1719 1058 etiam
1738 1023 1906 1066 paralyfim
1929 1026 2031 1058 eadem
2054 1026 2196 1063 ratione,
2220 1025 2253 1058 id
2286 1024 2327 1057 est
2362 1026 2398 1057 in

1396 1066 1525 1101 adversa
1549 1068 1675 1101 vulneri
1698 1077 1789 1110 parte
1803 1090 1812 1105 ,
1834 1067 1912 1100 oriri
1928 1066 2006 1110 saepe
2028 1069 2169 1102 videmus
2184 1092 2192 1100 .
2219 1068 2271 1103 Sic
2307 1067 2401 1110 Mar-

1396 1113 1501 1145 tianus
1523 1113 1537 1149 (
1559 1121 1573 1144 e
1595 1114 1609 1150 )
1633 1112 1801 1153 postquam
1823 1111 1862 1144 de
1887 1111 2097 1145 convulsione
2120 1112 2154 1144 in
2179 1123 2213 1145 ea
2227 1121 2316 1154 parte
2328 1122 2402 1146 ver-

1395 1155 1435 1188 ba
1454 1153 1556 1193 fecit,
1579 1155 1617 1188 de
1641 1155 1836 1188 resolutione
1859 1153 1924 1196 jam
1946 1154 2101 1197 loquens,
2120 1155 2189 1188 haec
2223 1155 2360 1189 tradidit
2386 1167 2393 1186 ς

1393 1198 1582 1238 experientia
1627 1198 1730 1231 uidem
1751 1196 1838 1230 nobis
1863 1197 2039 1239 indicavit,
2072 1196 2288 1239 resolutionem
2311 1196 2401 1239 “sem-

1387 1251 1445 1283 per
1468 1241 1500 1273 in
1523 1248 1691 1282 opportuna
1707 1239 1799 1283 fieri.
1821 1240 1914 1279 Quin
1938 1243 2037 1274 etiam
2061 1250 2134 1275 ante
2170 1241 2244 1275 illos
2279 1243 2402 1276 Carca-

1391 1294 1450 1316 nus
1471 1280 1553 1326 (f)
1575 1284 1688 1317 diserte
1711 1284 1778 1317 haec
1802 1282 1995 1327 scripserat:
2018 1295 2076 1318 non
2095 1294 2173 1326 pars
2193 1284 2317 1318 vulneri
2328 1296 2399 1319 cor-

1391 1326 1569 1368 respondens
1584 1352 1592 1366 ,
1615 1335 1650 1359 at
1673 1325 1808 1372 opposita
1823 1326 1945 1369 semper
1964 1327 2102 1371 paralyfi
2126 1327 2294 1369 corripitur
2322 1354 2333 1370 ,
2349 1329 2397 1371 fi-

1392 1377 1448 1402 cut
1470 1371 1512 1403 Θ
1539 1371 1746 1412 Hippocrates
1768 1369 1917 1412 verissime
1938 1371 2040 1407 dixit,
2064 1373 2106 1405 Θ
2126 1370 2315 1412 experientia
2339 1382 2394 1404 nor

1393 1413 1517 1446 docuit.
1542 1414 1652 1447 Verum·
1675 1412 1732 1453 ess,
1755 1414 1834 1455 quod
1856 1414 1940 1447 dixit
1962 1415 2195 1455 Hippocrates,
2231 1413 2398 1458 oppositam

1393 1456 1607 1499 convulsione,
1632 1467 1691 1489 non
1709 1455 1845 1498 paralyfi
1869 1458 1989 1496 teneri,·
2011 1467 2062 1499 ego
2083 1464 2188 1491 autem
2211 1456 2277 1490 dico
2300 1481 2313 1498 ,
2342 1468 2404 1499 po-

1394 1499 1461 1531 tias
1478 1498 1616 1543 paralysi
1637 1510 1704 1533 eam
1727 1497 1824 1543 affici:
1847 1501 1935 1542 quod
1968 1501 2107 1533 Carcani
2149 1499 2277 1534 dietum
2325 1512 2400 1535 cum

1394 1551 1446 1575 tot
1471 1544 1561 1584 aliae,
1584 1553 1657 1577 tum
1680 1542 1815 1585 insignis
1839 1543 1893 1576 illa
1916 1543 2113 1577 Observatio
2133 1543 2307 1577 confirmat
2343 1545 2399 1577 Cl.

1394 1587 1543 1619 Danielis
1567 1584 1759 1619 Hoffmanui
1785 1586 1871 1629 (g)
1887 1611 1895 1626 ‚
1915 1587 1972 1629 qui
1996 1587 2029 1619 in
2054 1598 2154 1628 puero
2177 1586 2400 1621 euicerebrnm

1390 1641 1407 1662 a
1431 1629 1561 1663 sinistris
1584 1627 1756 1672 quassatum
1778 1630 1881 1663 suerat
1904 1641 1973 1663 cum
1995 1629 2131 1663 notabili
2146 1629 2322 1672 substantiae
2347 1632 2399 1663 de-

1386 1673 1583 1715 perditione,
1608 1671 1722 1706 sinistri
1747 1675 1841 1714 pedis>
1858 1671 2076 1706 convulfivam
2103 1675 2317 1715 agitationem
2342 1685 2398 1706 ve-

1391 1714 1683 1754 hementiffimam,
1706 1715 1832 1749 dexteri
1857 1725 1966 1749 autem
1989 1717 2098 1749 lateris
2122 1716 2292 1758 paralysim
2326 1729 2397 1759 quae

1392 1759 1563 1792 immobile
1587 1760 1712 1800 prorsus
1734 1758 1853 1792 fecerat
1868 1785 1878 1799 ,
1902 1760 2071 1792 adnotavit
2087 1782 2094 1789 .
2121 1760 2164 1792 Et
2188 1760 2239 1792 illi
2262 1761 2396 1803 quidem

1392 1801 1492 1836 causae
1516 1800 1683 1844 utriusque
1706 1800 1837 1835 affectus
1860 1802 1962 1836 sedem
1988 1802 2165 1836 statuebant
2208 1804 2242 1835 in
2286 1803 2398 1837 eodem

1392 1845 1515 1879 cerebri
1539 1846 1637 1879 latere
1658 1844 1748 1887 quod
1770 1844 1948 1884 convulso,
1975 1855 2030 1877 aut
2061 1844 2205 1879 resoluto
2249 1848 2398 1887 corporis

1392 1890 1485 1922 lateri
1504 1887 1686 1930 oppositum
1710 1888 1776 1925 est,
1797 1891 1923 1922 causam
1958 1898 2065 1922 autern
2103 1889 2233 1922 alterius
2267 1888 2396 1924 affectas

1390 1934 1547 1968 alteram,
1571 1940 1608 1964 ut
1631 1942 1707 1974 puta
1730 1933 1967 1969 irritationem,
1992 1942 2045 1965 aut
2073 1932 2363 1967 inflammationem
2388 1957 2397 1972 ,

1389 1977 1413 2010 si
1437 1973 1603 2021 convulfio
1625 1974 1688 2013 est3
1710 1975 1972 2018 compressionem
1995 1985 2070 2008 vero
2095 2001 2104 2015 ,
2138 1985 2192 2009 aut
2225 1975 2402 2020 disruptio-

1388 2029 1485 2059 nem,
1507 2020 1531 2051 si
1555 2017 1727 2060 paralysis.
1750 2019 1805 2053 Ad
1827 2019 1915 2053 hunc
1942 2027 2072 2058 autem,
2098 2019 2275 2053 similemve
2322 2032 2397 2054 mo-

1388 2064 1466 2096 dum
1489 2061 1713 2104 accipiendum
1738 2061 1781 2094 est
1805 2060 1894 2104 quod
1917 2060 2068 2095 Valsalva
2092 2064 2125 2094 in
2151 2062 2317 2104 proposito
2336 2065 2400 2108 Ju-

1390 2116 1467 2140 vene
1490 2109 1501 2144 (
1525 2104 1579 2147 h)
1602 2103 1823 2138 convulsiones
1847 2104 1957 2138 eodem
1981 2107 2015 2137 in
2040 2105 2225 2140 universum
2260 2106 2402 2141 referen-

1389 2150 1446 2184 das
1467 2146 1616 2182 censebat
1630 2170 1640 2185 ‚
1663 2158 1731 2191 quo
1754 2148 1789 2181 in
1813 2150 1938 2182 caeteris
1960 2148 2194 2183 resolutiones.
2219 2150 2290 2184 Cur
2323 2162 2402 2184 vero

1391 2192 1508 2234 hujus,
1531 2200 1585 2225 aut
1608 2192 1696 2229 illius
1721 2190 1822 2225 causae
1844 2190 1976 2226 effeetus
1997 2193 2031 2224 in
2078 2192 2206 2227 adversa
2251 2195 2402 2237 corporis

1391 2246 1480 2279 parte
1503 2234 1533 2269 se
1557 2234 1717 2277 prodant;
1743 2234 1802 2268 nisi
1825 2236 1967 2279 aliquam
1990 2246 2089 2277 ponas
2111 2234 2363 2272 decussationem
2386 2260 2400 2277 ,

1390 2280 1476 2314 haud
1499 2277 1595 2313 facile
1617 2279 1800 2321 intelliges.
1826 2280 1991 2313 Ponebant
2014 2281 2044 2311 &
2068 2280 2140 2320 illi,
2163 2282 2194 2313 δι
2219 2281 2324 2315 multo
2347 2292 2404 2315 an·-

1389 2333 1421 2358 te
1443 2333 1497 2356 eos
1520 2323 1597 2356 alii.-
1620 2334 1680 2365 qua
1705 2323 1738 2354 in
1763 2335 1796 2356 re
1838 2323 1919 2365 quid
1963 2322 2044 2356 mihi
2088 2323 2299 2358 verisimilius
2342 2326 2396 2357 vi-

1388 2369 1523 2406 deatur,
1547 2365 1622 2399 satis
1646 2365 1724 2399 alibi
1748 2368 1761 2404 (
1784 2366 1796 2398 i
1818 2366 2033 2403 )=indicatum
2056 2365 2100 2400 est
2124 2391 2132 2399 .
2180 2366 2256 2400 Nec
2279 2379 2397 2411 quam-

1389 2413 1438 2444 vis
1463 2411 1565 2451 aliqui
1587 2408 1839 2442 decussationem
1863 2411 1952 2444 illam
1978 2411 2083 2443 minus
2107 2410 2266 2452 probent,
2301 2422 2400 2454 quam

1392 2455 1441 2487 v-el
1465 2454 1665 2495 Hippocrati
1687 2452 1791 2491 olim,
1815 2452 1873 2495 ipsi
1898 2453 2030 2497 quidem
2057 2452 2169 2496 ajunt,
2196 2452 2290 2488 fuisse
2327 2466 2402 2496 pro-

1392 2498 1524 2535 batam,
1545 2508 1646 2540 neque
1669 2497 1849 2538 originem,
1872 2499 1903 2529 δι
1926 2498 1991 2530 vim
2015 2507 2192 2531 nervorum
2215 2498 2397 2539 Spinalium

1393 2554 1410 2574 a
1435 2539 1574 2573 medulla
1598 2539 1808 2581 Oblongata,
1831 2549 1886 2573 aut
1911 2541 2008 2573 altius
2043 2539 2253 2574 derivandam
2299 2540 2364 2574 esse
2393 2567 2402 2582 ,

1391 2582 1730 2622 censean83assentiri
1754 2583 1828 2626 ipsis
1849 2583 2005 2625 possum,
2029 2582 2087 2616 nisi
2112 2584 2201 2625 prius
2224 2584 2363 2618 doceant
2387 2608 2400 2625 ,

1391 2627 1559 2670 quomodo
1581 2637 1711 2668 gravem
1734 2627 1857 2660 cerebri
1880 2626 2049 2660 dumtaxat
2073 2626 2232 2661 laefionern
2257 2628 2400 2662 universi

1391 2672 1535 2713 corporis
1559 2669 1711 2713 paralysis
1734 2669 1968 2713 consequatur,
2000 2679 2054 2702 aut
2089 2672 2258 2712 quomodo
2304 2672 2403 2705 liceat

1391 2713 1562 2757 propositae
1585 2714 1756 2756 quaestioni
1771 2714 1870 2746 aliter
1896 2711 2097 2751 satisfacere,
2122 2713 2184 2747 sive
2208 2715 2399 2752 convulsio,

1391 2758 1455 2793 sive
1477 2758 1635 2791 resolutio
1659 2755 1810 2799 oppofi-to
1833 2758 1866 2790 in
1891 2758 1988 2791 latere
2011 2759 2202 2800 contingat.
2228 2759 2334 2792 Porro
2360 2770 2400 2796 ex

1392 2803 1433 2835 iis
1456 2802 1513 2843 qui
1537 2800 1703 2834 nobiscum
1727 2801 1808 2834 hanc
1834 2811 1870 2834 ut
1893 2802 2072 2842 plurimum
2095 2802 2129 2834 in
2154 2802 2217 2836 hoc
2241 2811 2369 2844 ponunt
2387 2825 2400 2842 ,

1392 2847 1466 2879 sunt
1489 2846 1548 2888 qui
1571 2842 1811 2878 convulsionem
1838 2845 1941 2878 altero
1965 2846 1997 2877 in
2021 2846 2120 2878 latere
2143 2843 2235 2895 fieri,
2258 2846 2371 2879 dicunt
2386 2865 2397 2885 ,

1391 2891 1467 2931 quia
1488 2887 1564 2922 hinc
1590 2887 1736 2921 resolutis
1759 2886 1906 2921 musculis
1929 2888 2018 2921 illinc
2033 2887 2176 2931 oppositi
2202 2889 2373 2932 praevalent
2390 2912 2403 2929 ‚

1389 2933 1484 2975 seque
1507 2930 1956 2970 contrahentes,inferiorem
1969 2932 2131 2966 maxillam
2146 2943 2221 2973 ,aut
2245 2942 2398 2967 truncum

1391 2977 1537 3019 corporis
1559 2976 1703 3016 ducunt,
1729 2985 1782 3008 aut
1805 2984 1940 3008 curvant
1965 2987 2034 3008 eam
2057 2978 2091 3009 in
2107 2985 2229 3019 partem
2251 2978 2285 3009 in
2331 2988 2395 3019 qua

1391 3020 1448 3062 ipsi
1473 3020 1566 3053 sunt.
1590 3020 1715 3063 Verum
1740 3029 1775 3051 ut
1798 3029 1941 3061 quaerere
1965 3022 2120 3053 omittam
2144 3043 2155 3060 ‚
2201 3030 2280 3053 num
2326 3019 2394 3053 haec

1391 3064 1575 3097 contraffio
1599 3073 1669 3104 jure
1693 3062 1786 3104 poffit
1813 3073 1870 3104 pro
1893 3063 2102 3096 convulsione
2125 3064 2228 3105 accipi
2254 3085 2263 3100 ‚
2295 3063 2398 3103 aursi

1390 3106 1508 3150 poffit,
1530 3108 1608 3149 quid
1634 3106 1672 3139 ad
1696 3116 1747 3139 eos
1769 3108 1908 3138 attineat
1931 3106 1968 3139 de
1990 3107 2108 3148 quibus
2129 3107 2184 3141 hic
2196 3107 2397 3147 potiffimurn

1391 3152 1524 3192 agitur,
1548 3160 1653 3182 morus
1676 3149 1898 3187 convulfiv055
1935 3160 2020 3184 certe
2066 3149 2155 3192 quod
2197 3149 2402 3195 Caesalpinus

1391 3195 1445 3236 (Ις
1469 3197 1479 3231 )
1504 3204 1542 3226 ex
1565 3194 1629 3226 illis
1651 3195 1708 3236 qui
1733 3194 1781 3225 vel
1804 3193 1885 3224 olim
1907 3193 1991 3228 haud
2014 3196 2120 3227 multo
2156 3193 2250 3226 aliter
2285 3196 2403 3238 opina-

1390 3239 1533 3276 bantur,
1555 3240 1741 3278 quaerebat‚
1761 3238 1793 3268 δι
1817 3246 1875 3269 nos
1897 3248 2096 3279 quaeremus:
2120 3247 2183 3279 quae
2220 3235 2316 3280 laefio,
2344 3247 2399 3280 op-

1387 3279 1558 3323 pofitorum
1581 3280 1785 3321 masculorum
1806 3281 1975 3322 excogitari
1993 3281 2104 3323 poffit,
2122 3280 2150 3322 fi
2174 3287 2282 3314 totum
2327 3281 2401 3314 hra-

1396 3324 1498 3357 chium
1522 3323 1709 3356 convellitur
1723 3348 1733 3362 ‚
1757 3330 1813 3354 aut
1835 3333 1906 3355 crus
1927 3334 1966 3356 ex
1986 3326 2112 3358 vulnere
2136 3324 2250 3365 capitis
2274 3326 2306 3358 in
2325 3334 2399 3366 par-

1396 3374 1427 3400 te
1449 3366 1581 3409 opposita
1605 3390 1619 3407 ,
1663 3375 1718 3399 aut
1755 3366 1788 3398 in
1812 3366 2019 3410 respondente
2041 3367 2057 3400 ,ἒ
2089 3378 2192 3410 neque
2214 3369 2307 3446 enin?¹
2329 3369 2400 3401 bra-

2266 3424 2282 3446 c
2309 3422 2356 3448 ii,

351 3501 2384 3523 ’,ψ-,Μ

578 3575 615 3608 (ἢ)
629 3586 651 3601 n.
664 3585 699 3607 ²7·
731 3578 735 3580 ⁷
763 3574 830 3604 (iJn.
844 3581 879 3601 14.
941 3571 1062 3601 (ωτι-ις.

457 3611 471 3639 )
487 3618 501 3633 n
517 3617 558 3638 43.
621 3608 628 3635 s
645 3616 660 3638 p
676 3612 686 3634 )
704 3606 763 3630 Hist.
782 3607 810 3630 A.
822 3612 895 3638 97εο.
912 3604 971 3637 Qbs.
991 3605 1064 3626 Anat.
1087 3609 1119 3628 19-

460 3640 474 3669 )
490 3640 550 3663 Obs.
566 3640 588 3662 Β.
607 3637 629 3667 §.
646 3646 668 3668 9.
732 3637 747 3666 (
762 3644 776 3659 x
792 3636 805 3664 )
821 3642 847 3659 in
863 3633 944 3658 Addit.
962 3633 990 3657 ad
1008 3632 1067 3656 hanc
1085 3640 1108 3660 3.
1127 3633 1186 3656 Sefi.
1206 3631 1263 3656 Obs.
1279 3638 1318 3658 ²4-

460 3669 543 3698 )Obs.
562 3678 584 3697 5.
603 3669 625 3697 ᾧ,
642 3677 665 3695 7.
684 3670 705 3691 8(
721 3669 742 3691 8.

460 3701 506 3756 {L
527 3710 545 3721 π.
566 3698 651 3727 Qiaest.
670 3698 762 3722 Medic.
782 3704 818 3719 io.

490 3729 582 3753 Dissert.
601 3731 628 3751 de
645 3730 687 3753 hoc
704 3726 816 3752 ratissima
835 3725 976 3750 sanatione.
1039 3725 1051 3752 (
1068 3723 1082 3745 Ιο
1101 3723 1110 3752 )
1127 3731 1150 3746 n.
1162 3732 1198 3752 45.

1120 3572 1151 3603 (l)
1167 3574 1203 3596 De
1219 3570 1280 3594 ffist.
1299 3568 1367 3593 Med.
1384 3568 1443 3592 Mir.
1460 3568 1476 3592 l.
1494 3577 1514 3598 5.
1533 3575 1553 3591 c.
1571 3576 1593 3595 4.

1181 3603 1195 3631 (
1212 3610 1226 3631 q
1243 3602 1255 3628 ³
1272 3600 1329 3624 0ss.
1346 3608 1368 3629 ⁷¹
1381 3599 1451 3659 &zi
1465 3630 1525 3654 Sea.
1542 3628 1592 3652 ead.
1611 3628 1672 3651 Obl.
1691 3636 1713 3657 3.
1733 3632 1756 3658 ς.
1776 3637 1799 3657 7.

803 3666 817 3695 (
834 3663 847 3688 b
863 3665 876 3692 )
892 3663 950 3688 Obs.
968 3672 990 3691 4.
1009 3663 1031 3693 §.
1050 3666 1073 3687 6.
1090 3665 1111 3686 8:
1128 3671 1152 3688 7.
1169 3661 1305 3686 conserenti.
1324 3667 1382 3684 cum
1400 3660 1414 3684 l.
1436 3667 1458 3684 1.
1476 3662 1500 3684 S.
1518 3668 1552 3689 ις,
1571 3657 1628 3682 Obs.
1647 3666 1684 3687 27.
1703 3659 1725 3689 §.
1743 3669 1763 3683 ι.

882 3695 896 3723 (
913 3703 923 3718 e
941 3696 949 3723 )
966 3696 1056 3717 Annot.
1075 3694 1103 3717 ad
1121 3694 1235 3721 Hippocr.
1255 3690 1324 3720 Epid.
1344 3691 1361 3713 l.
1379 3698 1400 3717 7.
1418 3692 1443 3714 S.
1465 3697 1483 3714 1.
1502 3689 1557 3714 vers.
1573 3696 1627 3718 377.

1262 3722 1296 3747 (ι’
1316 3721 1416 3751 )Eplst.
1436 3722 1505 3745 Anat.
1526 3728 1563 3749 13-
1581 3725 1654 3749 n.17.
1671 3719 1719 3748 usq.
1736 3723 1764 3745 ad.
1783 3728 1819 3744 ιι.

1655 3567 1704 3595 (m)
1722 3577 1744 3592 n.
1767 3575 1801 3596 ¹4-
1865 3567 1905 3595 (n)
1922 3566 1991 3596 Epid.
2011 3570 2028 3592 l.
2043 3576 2068 3597 7.
2087 3577 2112 3593 n.
2133 3577 2170 3597 ¹9·
2188 3571 2250 3601 apud
2268 3566 2392 3593 Marinell.

1731 3599 1793 3631 (s)
1812 3596 1868 3621 obs.
1889 3605 1909 3625 3-
1928 3598 1947 3628 §.
1965 3607 1986 3621 2.
2053 3600 2060 3629 (
2078 3607 2089 3623 t
2105 3601 2118 3628 )
2135 3599 2197 3625 obs.
2216 3610 2241 3630 4-
2260 3599 2282 3630 §.
2302 3605 2341 3623 ιο.

1867 3629 1880 3656 C
1897 3636 1913 3655 z
1929 3630 1942 3656 )
1959 3629 2020 3654 Obs.
2040 3638 2076 3658 17-
2099 3630 2121 3659 ὗ.
2135 3638 2156 3655 ι.

1829 3657 1838 3685 (
1859 3666 1869 3681 c
1884 3658 1898 3686 J
1914 3666 1934 3681 e.
1952 3668 1972 3687 4.
1993 3660 2034 3684 cit.

1690 3692 1703 3717 (
1718 3689 1759 3717 s]
1778 3692 1813 3712 De
1831 3688 1906 3712 Vuln.
1923 3690 2015 3718 Capit.
2034 3692 2114 3714 Serm.
2134 3699 2144 3720 3
2174 3691 2238 3716 LeE't.
2257 3698 2278 3720 ς.

1886 3720 1899 3747 ς
1920 3721 1931 3742 t
1953 3720 1965 3746 )
1982 3719 2071 3752 Quaest.
2088 3721 2129 3745 cit.
2149 3729 2184 3745 10.

1517 3601 1667 3626 (r)n.21.
