2498 4075
424 216 574 283 Epist.
610 216 770 268 Anat.
804 214 1017 268 Medica
1053 211 1207 265 XVI.
1242 210 1361 261 Art.
1394 225 1467 275 35.
1507 210 1584 271 36.
1610 207 1664 261 ὅζ
1702 220 1775 272 37.

90 307 186 339 quae,
209 296 357 339 pressione
380 296 529 331 nonnihil
553 296 664 335 aucta,
689 295 824 336 guttulae
848 294 1009 337 sanguinis
1032 293 1087 327 fie-

90 339 190 371 bant:
215 339 363 381 sanguine
387 350 493 374 autern
515 339 644 372 insat-&i
669 338 774 380 paffim
797 349 851 381 per
883 338 1086 372 substantiam

92 383 176 415 uteri
198 384 277 415 certi
302 382 386 424 quasi
411 384 492 416 linus
514 382 721 420 videbantur3
743 390 778 415 ut
803 382 935 415 minime
958 380 1086 414 dubita-

93 436 182 465 rem,
205 427 284 466 quin
307 425 391 470 signa
417 426 483 459 haec
506 424 601 459 essent
625 423 770 458 menstrui
795 424 976 467 sanguinis,
1008 435 1086 457 mox

91 466 168 500 huic
192 469 345 510 Virgini,
370 469 392 502 si
417 470 512 511 paulo
534 468 657 508 diutius
669 467 807 507 vixisset,
818 470 979 509 erupturi.

93 512 235 545 Peetoris
259 512 428 546 scetionem
452 511 979 554 aggredientiplacuitsororiantes
990 521 1090 544 mam-

91 565 159 587 mas
181 555 342 597 incidere,
364 555 451 598 quod
474 555 550 589 dum
574 554 708 588 facerem
722 577 731 591 ‚
756 555 888 587 miratus
911 554 1002 594 sum,
1024 564 1089 586 non

90 608 157 631 uno
179 609 218 631 cx
242 599 334 636 loco,
358 609 411 631 nec
436 597 497 631 fine
519 598 729 639 ejaculatione
751 596 836 640 quasi
860 596 1020 641 quadam,
1043 598 1090 629 lac

90 651 315 684 prorumpere.
342 642 425 674 Mox
448 641 486 674 ad
510 643 646 684 primam
662 641 758 674 cultri
782 643 815 673 in
838 640 991 675 costarum
1022 651 1092 673 cat-

90 684 238 726 tilagines
264 684 413 718 altiorem
436 685 667 727 impreffionem
690 683 897 720 subcaerulea,
924 696 983 726 qua
1015 682 1091 716 tho-

91 737 147 761 rax
168 729 274 761 omnis
295 728 486 769 implebatur
507 752 516 767 ‚
549 740 626 770 aqua
657 729 760 769 erupit
785 752 792 759 .
826 727 900 767 Qa
924 726 1092 766 exhausta,

94 771 280 814 pulmonem
304 770 436 814 quidem
458 769 615 805 sinistrum
646 772 754 804 inveni
784 771 889 813 aliqua
925 769 1091 803 dumtaxat

93 814 276 856 posterioris
300 814 394 847 faciei
418 824 529 856 parte,
551 814 717 849 dexterum
740 822 842 847 autem
866 822 936 846 tota
969 816 1001 847 δε
1034 824 1093 855 po-

91 857 241 898 steriore,
263 860 303 890 &a
318 858 440 892 laterali
465 858 543 891 facie
566 870 638 892 cum
661 858 768 901 pleura
792 856 956 891 aretiffime
989 856 1095 891 cohae-

92 909 212 933 rentem
229 926 238 932 .
263 900 476 935 I’ericardium
500 914 624 945 quoque
646 901 789 943 congesta
823 912 902 943 aqua
939 899 1016 934 adeo
1045 898 1096 932 di-

94 942 321 984 stendebatur,
345 953 380 978 ut
404 944 589 988 priusquam
611 943 781 978 inciderem
805 966 815 982 ,
850 941 1031 985 praedurum
1049 951 1097 990 ta-

98 987 179 1026 eru,
203 988 310 1021 multo
334 990 509 1022 maximum
532 1001 589 1021 cor
613 988 822 1021 mentiretur.
847 987 923 1020 Hoc
946 997 1021 1018 vero
1046 991 1097 1028 Ju-

95 1028 137 1062 sta
160 1031 329 1065 inventum
352 1031 394 1065 est
418 1032 657 1073 magnitudine,
679 1029 761 1064 nihil
784 1030 882 1065 ferme
904 1028 1062 1071 sanguinis
1083 1053 1097 1070 ‚

92 1072 144 1106 sed
166 1076 390 1108 concretiones
414 1075 582 1117 polyposas
605 1076 772 1108 continens
793 1072 975 1107 ventriculo
1007 1082 1096 1105 utro-

92 1127 174 1158 que,
197 1118 407 1160 pinguedinis
432 1117 546 1152 similes
569 1131 607 1152 ex
628 1118 703 1151 albo
726 1117 891 1151 flaventis.
1034 1118 1099 1149 Ca-

92 1168 177 1202 put,
201 1163 359 1203 quoniam
386 1163 513 1205 Virgo,
539 1174 554 1195 a
578 1174 627 1206 me
650 1161 728 1203 saepe
751 1161 783 1193 in
808 1159 1015 1194 Nosocomio
1049 1161 1098 1192 in·

91 1212 280 1247 terrogata,
304 1216 403 1246 neque
424 1205 552 1246 dolere,
574 1216 673 1248 neque
696 1204 761 1237 alio
784 1203 992 1237 incommodo
1030 1212 1098 1237 ten-

93 1248 179 1287 r-ari,
200 1248 380 1282 constanter
403 1248 624 1292 responderat,
648 1259 711 1280 non
736 1248 923 1289 attigimus.

136 1299 187 1332 35-
225 1293 314 1326 Inter
347 1292 476 1325 morbos
510 1301 643 1325 caeteros
664 1315 676 1331 ‚
709 1292 765 1334 qui
799 1290 915 1324 scabiei
948 1290 1099 1332 repulfio-

93 1344 167 1366 nem
199 1335 434 1377 consequuntur
456 1359 469 1376 ,
501 1335 566 1379 jure
599 1334 780 1377 hydropem
804 1356 814 1371 ,
846 1334 991 1367 thoracis
1021 1346 1101 1377 quo-

91 1388 155 1418 que
178 1402 192 1418 ,
226 1378 377 1412 recenseri
401 1402 414 1419 ,
437 1378 503 1412 haec
529 1379 630 1412 nostra
655 1378 705 1411 vel
730 1378 870 1418 clarius,
892 1388 988 1421 quam
1012 1379 1102 1410 Stor-

93 1419 164 1454 chii
187 1424 201 1460 (
223 1420 243 1454 b
265 1426 278 1461 )
301 1421 377 1455 Viri
400 1422 668 1464 Experientiffimi
692 1445 702 1460 ,
736 1419 905 1455 confirmat
936 1419 1068 1455 historia
1093 1447 1101 1455 .

226 1466 391 1499 caeterum
416 1466 481 1498 noli
505 1465 653 1505 credere,
676 1464 845 1498 Medicum
869 1474 934 1497 non
969 1464 1100 1507 ignobi-

92 1507 160 1541 lem
177 1509 270 1551 ,qui
297 1509 389 1542 semel
415 1518 509 1551 atque
532 1510 648 1542 iterum
671 1507 854 1550 sanguinem
865 1507 972 1549 misit,
997 1507 1032 1541 id
1056 1507 1100 1541 es-

91 1550 124 1584 se
147 1550 367 1594 suspicatum,
392 1555 421 1585 &
446 1552 630 1593 sanguinem
653 1560 759 1584 tamen
785 1550 948 1590 eduxisse,
983 1550 1101 1594 astipu-

91 1593 214 1629 lantem
238 1594 380 1628 Vallesio
403 1597 513 1637 potius
544 1598 558 1633 (
579 1607 595 1628 c
617 1597 631 1633 )
666 1593 819 1637 probanti
850 1593 1067 1637 quadantenus
1090 1618 1103 1635 ,

93 1638 342 1680 quamsGaleno
364 1637 447 1672 haud
484 1637 628 1672 laudanti
661 1646 858 1681 praeceptum
890 1636 980 1680 quod
1013 1648 1103 1672 extat

94 1682 129 1714 in
154 1689 300 1714 extremo
324 1680 421 1713 ferme
445 1681 531 1714 libro
565 1682 600 1714 de
634 1681 753 1715 ratione
784 1680 890 1714 victus
921 1681 953 1714 in
986 1681 1102 1715 morbis

92 1724 221 1764 acutis,
244 1733 280 1757 ut
305 1723 390 1766 apud
423 1723 600 1760 Vallefium
632 1724 730 1758 latine
762 1723 927 1758 redditum
961 1724 1003 1758 est
1023 1738 1033 1757 .-
1073 1725 1101 1768 si

94 1766 296 1810 hydropicus
321 1765 485 1811 difficulter
513 1767 616 1811 spiret
636 1791 648 1808 ‚
676 1766 841 1811 fueritque
873 1767 959 1801 anni¹
978 1776 1101 1811 tempus

93 1810 233 1850 aestivum
245 1834 257 1851 ‚
281 1811 322 1844 (ff
344 1818 421 1844 aetas
442 1812 550 1853 vigeat
561 1834 574 1852 ,
597 1812 639 1845 &
663 1810 755 1844 robur
779 1810 859 1854 adfit
880 1823 892 1851 5
917 1810 1102 1854 sanguinem

93 1865 113 1885 a
136 1851 261 1887 brachio
285 1851 406 1896 auferre
430 1861 570 1896 oportet.
594 1852 695 1888 Nihil
716 1850 872 1896 ejusmodi
906 1854 939 1886 in
963 1864 1103 1888 mentem

90 1906 218 1929 venerat
251 1896 402 1939 suspicari
432 1921 445 1938 ,
488 1906 522 1930 ut
565 1908 664 1941 neque
705 1898 797 1930 alteri
839 1897 889 1930 illi
934 1897 1066 1932 Medico
1088 1922 1102 1939 ,

92 1951 110 1972 a
143 1951 210 1982 quo
245 1950 311 1973 non
344 1939 428 1974 secus
463 1940 642 1975 detraetum
688 1940 872 1984 sanguinem
916 1940 972 1974 esse
1014 1942 1104 1975 dixi-

92 1993 166 2016 mus
187 1984 201 2021 (
224 1983 244 2017 d
267 1987 277 2023 )
302 1981 537 2025 adolescentulo
560 2008 566 2013 .
604 1986 660 2019 Tu
691 1984 770 2027 quid
793 1996 880 2027 aegro
902 1985 1031 2027 Utrique
1054 1986 1104 2018 in-

92 2024 131 2059 de
157 2026 309 2061 acciderit
332 2050 346 2067 ,
370 2026 560 2071 adnotabisz:
582 2029 711 2072 utrique
732 2037 838 2061 tamen
861 2026 1005 2070 ignosces
1029 2029 1104 2062 Me-

93 2068 173 2103 dico
194 2093 207 2110 ,
240 2081 341 2114 eoque
363 2071 494 2104 facilius
521 2072 546 2111 ,*
564 2071 653 2114 quod
677 2082 788 2106 neuter
810 2083 848 2105 ex
871 2072 1004 2105 illorum
1037 2081 1104 2104 erat

93 2124 229 2147 numero
273 2116 331 2158 qui
376 2116 406 2148 se
452 2113 525 2147 falli
568 2125 632 2148 non
676 2113 762 2158 posse
784 2139 796 2155 ,
842 2113 976 2148 credunt
999 2139 1011 2155 ,
1046 2115 1104 2147 libi

96 2157 207 2190 omnia
230 2181 239 2196 ,
274 2156 360 2191 nihil
393 2159 516 2192 caeteris
548 2158 741 2191 tribuentes.
767 2160 841 2191 Imo
873 2166 1005 2199 uterque
1030 2182 1039 2196 ‚
1073 2161 1105 2191 δε

68 2223 71 2226 »
94 2199 270 2243 praesertim
305 2201 383 2237 alter
402 2225 415 2241 ,
451 2210 530 2244 quot
554 2199 658 2234 adhuc
680 2201 773 2237 Arti,
802 2200 923 2242 fibique
947 2199 1108 2241 deessent,

96 2245 234 2286 ingenue
257 2243 442 2278 fatebantur
459 2266 469 2282 ‚
493 2244 590 2277 etiarn
624 2244 657 2275 in
683 2242 802 2275 abditis
833 2242 956 2277 morbis
989 2241 1107 2286 digno-

95 2286 218 2320 scendis
241 2309 254 2327 ,
287 2287 372 2320 velut
397 2285 458 2319 hoc
482 2309 493 2326 ,
523 2288 555 2319 δε
580 2284 748 2327 pericardii
771 2284 917 2329 hydrope
939 2310 953 2327 ,
975 2288 1031 2330 qui
1054 2289 1104 2320 in-

98 2329 212 2372 super,
236 2339 272 2363 ut
296 2331 330 2362 in
353 2329 410 2363 hac
434 2331 597 2371 Virgine,
619 2328 660 2362 sic
683 2332 715 2362 &
740 2329 775 2361 in
799 2330 871 2362 aliis
886 2330 1009 2369 tribus,
1032 2342 1102 2372 quae

96 2375 248 2415 protinus
272 2372 423 2413 afferam,
444 2371 595 2416 exemplis
619 2371 654 2405 ad
679 2371 819 2405 thoracis
844 2371 1024 2415 hydropem
1048 2373 1103 2407 ad-

98 2415 310 2459 jungebatur.

145 2463 196 2503 36.
226 2460 416 2493 MULIER
449 2458 746 2502 quinquagesimum
778 2471 870 2501 agens
906 2470 1021 2494 annum
1043 2483 1052 2497 ,
1088 2472 1103 2494 a

100 2504 214 2537 multis
237 2502 300 2545 jam
324 2502 435 2536 diebus
459 2501 657 2542 difficulter,
683 2514 738 2535 nec
762 2501 824 2535 sine
858 2502 936 2536 sono
960 2529 968 2542 ,
1003 2504 1101 2546 spira-

99 2546 154 2579 bat
179 2570 187 2578 .
222 2546 396 2582 Ettamen
431 2544 604 2579 difficultas
638 2558 736 2589 neque
769 2546 953 2580 decubitum
988 2548 1101 2590 prohi-

99 2589 218 2629 bebat,
241 2599 340 2631 neque
363 2588 511 2623 somnum
531 2590 749 2632 vabrumpebat
774 2613 781 2621 .
818 2591 940 2624 Verum
972 2600 1106 2633 praeter-

92 2640 197 2675 “quam
221 2632 310 2674 quod
334 2631 503 2666 brachium
528 2634 685 2670 alterum,
709 2633 797 2676 quod
821 2632 950 2667 dolebat
973 2657 986 2674 ‚
1018 2633 1106 2667 oede-

99 2686 185 2710 mate
209 2674 345 2708 habebat
368 2675 535 2710 tumidum
557 2677 707 2720 (qualem
731 2687 894 2710 tumorem
925 2678 958 2710 in
990 2676 1107 2711 thora-

100 2722 147 2753 cis
170 2718 315 2762 hydrope
337 2720 497 2753 Fautonus
522 2730 609 2761 pater
630 2723 644 2760 (
666 2724 733 2760 e),
759 2723 790 2753 &
816 2720 1001 2756 Buchnerus
1024 2718 1108 2763 (f),

101 2763 219 2805 aliique
241 2785 254 2801 ,
291 2765 323 2795 &
349 2764 381 2795 in
416 2761 468 2796 his
501 2763 647 2797 Valsalva
683 2763 786 2797 noster
819 2768 908 2807 (g)
945 2765 1108 2798 interdum

102 2806 323 2845 adnotarunt>
343 2817 415 2840 cum
439 2806 476 2840 ad
500 2806 643 2841 thoracis
668 2817 794 2841 motum
815 2807 934 2840 diceret
972 2807 1109 2841 fluetus„-

102 2851 231 2883 tionem
255 2850 289 2881 in
312 2860 352 2882 eo
372 2850 511 2891 sentire,
535 2850 658 2893 pondus
683 2860 788 2884 autem
812 2852 860 2885 vel
884 2850 947 2884 fine
982 2860 1072 2885 motu
1096 2865 1107 2890 3

104 2894 184 2934 quin
210 2903 291 2935 aqua
314 2893 348 2924 in
369 2893 499 2927 thorace
523 2894 595 2928 esset
620 2918 633 2934 ,
666 2904 730 2926 non
754 2893 924 2928 videbatur
956 2894 1109 2928 dubitan-

100 2936 200 2970 dum.
226 2936 303 2969 Huc
325 2934 460 2979 denique
484 2940 516 2970 δε
539 2938 655 2981 pedum
679 2936 827 2978 cedema,
861 2938 994 2971 minime
1019 2939 1109 2972 aurfta

103 2979 297 3013 difficultate
343 2978 481 3022 spirandi
506 3003 515 3019 ,
547 2981 666 3014 acceffit
714 2981 817 3015 tribus
838 3005 851 3022 ,
894 2992 931 3013 an
973 2991 1110 3024 quatuor

105 3032 179 3057 ante
211 3030 350 3056 mortem
381 3022 491 3058 diebus
517 3036 525 3058 ε
557 3036 628 3068 quae
664 3024 828 3058 mulierem
851 3024 978 3058 abstulit
998 3048 1011 3065 ,
1032 3026 1111 3059 dum

104 3067 192 3101 forte
224 3065 334 3099 cibum
370 3077 476 3108 capere
508 3069 662 3110 inciperet
686 3093 694 3100 .
743 3069 824 3101 Haec
867 3080 966 3111 neque
1011 3070 1112 3103 animi

106 3109 345 3144 defectionibus
379 3109 516 3144 obnoxia
549 3111 653 3146 fuerat
678 3137 689 3153 ‚
723 3122 779 3145 nec
812 3123 954 3156 unquam
976 3112 1014 3145 de
1047 3114 1113 3146 ulla

65 3160 67 3169 ¹
108 3154 149 3187 ad
183 3164 240 3186 cor
278 3151 417 3194 angustia
442 3176 454 3193 ,
487 3163 540 3189 aut
573 3155 803 3189 constrietione
825 3155 1036 3199 querebatur,
1059 3167 1114 3189 ne-

107 3208 170 3239 que
193 3197 232 3230 de
254 3195 437 3229 lumborum
459 3196 570 3231 dolore
589 3221 597 3236 ‚
632 3210 732 3242 neque
754 3198 883 3232 demum
904 3199 972 3232 ullo
994 3198 1032 3233 de
1063 3200 1114 3233 in-

108 3239 285 3273 commodo
310 3238 396 3282 quod
420 3238 459 3272 ad
480 3243 692 3276 ventriculum
717 3243 866 3275 attineret
893 3254 900 3274 .·
938 3255 1008 3285 quae
1044 3254 1112 3276 me-

110 3295 234 3317 morare
268 3281 322 3316 hic
357 3282 448 3317 volui
483 3286 598 3326 partim
630 3287 673 3319 ob
717 3285 780 3319 alia
824 3298 893 3329 quae
941 3295 1011 3319 ante
1056 3287 1111 3320 ha-

110 3338 182 3361 rum
220 3328 417 3360 Litterarum
451 3326 543 3361 finem
564 3350 574 3365 ,
609 3330 725 3371 partim
758 3329 803 3362 ob
835 3341 869 3362 ea
900 3341 970 3371 quae
1003 3331 1112 3364 conti-

111 3382 177 3405 nuo
206 3370 381 3404 scribentur
405 3394 412 3400 .
544 3372 809 3407 ABDOMINE
840 3371 966 3406 discisso
988 3396 1001 3414 ‚
1032 3385 1113 3407 con-

109 3414 229 3447 traGms
243 3413 437 3447 ventriculus
458 3414 605 3449 inventus
631 3417 694 3457 est,
716 3418 861 3460 incoque
885 3427 983 3459 prope
1006 3417 1112 3460 ipsum

111 3458 221 3500 pylori
258 3457 411 3490 annulum
429 3481 442 3497 ,
475 3467 510 3491 ut
555 3458 587 3490 in
631 3461 694 3493 ΙΙΙ.
741 3472 868 3503 quoque
911 3459 1112 3494 Adversariis

112 3506 124 3541 (
147 3500 202 3541 h>
234 3499 444 3534 indicavimus
466 3524 480 3541 ,
509 3502 677 3538 caruncula
708 3514 772 3536 non
805 3514 898 3545 parva
922 3526 931 3542 ,
970 3503 1113 3547 oblongo

197 3545 362 3587 Morgagni
373 3544 408 3577 de
421 3545 487 3577 sed.
503 3546 544 3579 ess
554 3544 639 3587 Caus-
652 3546 753 3581 Morh.
768 3549 866 3581 Tom.
881 3549 908 3580 I.

1985 219 2071 267 ¹45

1137 291 1263 334 petiolo
1295 290 1386 324 affixa
1419 291 1457 325 ad
1493 291 1633 324 tunicam
1662 290 1752 323 illam
1774 290 1961 322 interiorem
1985 310 1997 327 ,
2020 285 2132 335 eodem

1137 345 1227 378 atque
1252 333 1318 366 haec
1340 333 1467 370 colore,
1493 332 1513 365 {3
1537 335 1676 367 exterius
1696 333 1869 375 aspiceres,·
1891 332 2024 364 interius
2048 339 2133 378 enim

1141 387 1179 410 ex
1202 377 1297 410 molli
1321 376 1414 409 fiebat
1438 376 1607 411 substantia
1630 388 1645 409 e
1668 377 1766 409 rubro
1789 376 1968 414 albicante,
1992 383 2028 406 ut
2052 370 2135 404 nihil

1139 422 1242 462 magis
1274 420 1401 453 referret
1434 431 1529 463 quam
1566 420 1706 462 aliquam
1741 418 1877 451 mesaraei
1917 416 2100 460 glandulam
2124 435 2137 452 ,

1139 463 1239 506 chylo
1261 463 1438 496 imbutam.
1466 465 1614 496 Pancreas
1636 474 1697 504 qua
1719 460 1879 496 Duodeno
1901 460 2050 508 intestino
2082 455 2136 489 ad-

1139 506 1260 547 haeret,
1281 505 1403 542 craffius
1433 515 1499 538 erat
1521 528 1530 543 ,
1564 508 1596 539 &
1619 505 1760 544 durius5
1794 514 1829 538 ut
1862 505 1966 537 minus
2003 508 2136 535 miratus

1140 550 1223 590 iim,
1244 549 1333 593 quod
1355 548 1422 590 ejus
1444 547 1558 583 dustus
1591 549 1689 582 latior
1712 548 1802 589 supra
1832 546 1903 581 esset
1926 570 1937 586 ,
1960 557 2056 589 quam
2087 542 2137 576 so·-

1140 594 1222 626 leat.
1356 591 1518 625 Thoracis
1533 602 1706 636 utrumque
1717 602 1829 624 cavum
1841 591 2011 633 plurimam
2022 596 2136 629 aquam

1141 635 1276 676 habuit,
1300 646 1429 678 eamque
1452 634 1672 670 virescentem.
1699 634 1912 668 Pericardium
1936 642 2062 676 quoque
2074 637 2138 663 crat

1141 680 1315 713 distentum
1337 689 1417 722 aqua
1432 703 1441 717 ‚
1463 676 1574 711 eodem
1598 677 1726 712 fortasse
1747 677 1856 710 colore
1879 675 2018 709 infeeca:
2051 671 2139 722 quod

1142 723 1216 757 ideo
1236 723 1312 757 dico
1330 746 1343 764 ‚
1365 722 1442 765 quia
1465 731 1538 755 cum
1561 721 1627 755 dies
1651 722 1775 764 aliquot
1807 720 1891 754 illud
1922 716 2061 751 incidere
2093 715 2142 748 dl·

1143 765 1318 807 stuliffem‚
1340 774 1386 800 ut,
1399 765 1483 798 ratio
1506 763 1683 807 postulabat
1705 767 1884 798 Anam-mes
1907 773 1976 805 quae
2007 762 2041 793 in
2073 760 2141 792 Bo-

1145 809 1284 843 nonienfi
1307 807 1486 851 Gymnasio
1510 807 1684 842 habebatur
1702 833 1711 847 ‚
1735 808 1841 841 colore
1865 816 1940 840 tunc
1965 802 2030 838 fuit
2054 813 2141 845 aquae

1145 855 1180 886 in
1203 865 1264 896 qua
1286 864 1361 886 caro
1384 852 1450 885 lota
1472 850 1538 885 est:
1563 852 1642 896 quin
1665 862 1734 885 eam
1757 852 1800 884 ob
1824 861 1945 883 moram
1977 846 2144 881 videbatur

1146 897 1320 929 imminuta
1337 908 1355 935 3.
1371 895 1449 929 duas
1472 904 1576 928 tamen
1597 896 1725 928 circiter
1748 894 1887 938 aequavit
1913 891 2028 940 Ιὶὃνεις.Ι
2050 891 2145 928 Cor,

1147 940 1248 973 ferme
1270 948 1377 973 totum
1400 937 1592 981 pinguedine
1604 938 1778 972 obdut‘tum
1790 960 1799 976 ,
1825 948 1880 970 nec
1895 947 1929 968 ea
1941 944 2029 968 tenui
2045 956 2053 972 ‚
2068 943 2147 981 con-

1149 984 1304 1017 cretiones
1327 983 1360 1016 in
1383 983 1569 1015 ventriculis
1590 981 1704 1015 habuit
1727 980 1916 1024 polyposas.
2033 978 2148 1027 ‘Capi-

1150 1037 1182 1061 te
1205 1025 1331 1060 demum
1356 1034 1465 1069 aperto
1483 1049 1495 1065 ,
1518 1035 1573 1058 ncc
1596 1026 1680 1058 inter
1702 1025 1884 1066 meninges,
1909 1032 2007 1066 neque
2029 1031 2062 1053 m
2074 1029 2150 1052 ven-

1151 1070 1277 1104 triculis
1301 1069 1500 1102 Later-axibus
1525 1079 1601 1111 aqua
1627 1067 1751 1101 defuit.

1193 1123 1245 1156 37.
1271 1110 1340 1145 Etsi
1361 1111 1408 1144 vel
1433 1112 1466 1144 in
1492 1112 1616 1144 vivente
1630 1110 1723 1143 facile
1734 1119 1799 1144 erat
1810 1110 2014 1152 intelligere,
2037 1115 2151 1150 aquam

1149 1156 1206 1192 esse
1228 1157 1262 1189 in
1286 1154 1440 1195 thorace,·
1460 1166 1530 1196 quae
1555 1164 1659 1187 tamen
1685 1153 1768 1196 ligna
1791 1153 1950 1187 defuerint
1975 1174 1986 1191 ,
2017 1153 2049 1183 &
2082 1159 2151 1197 quae

1150 1202 1207 1234 vix
1229 1198 1358 1233 tandem
1381 1198 1583 1234 accesserint,
1607 1197 1715 1231 vides.
1749 1197 1880 1235 Qiibus
1917 1195 2010 1230 facile
2044 1202 2153 1241 omm-

1151 1245 1209 1278 bus
1231 1254 1334 1277 carere
1357 1240 1533 1285 possemus,
1557 1241 1578 1274 fi
1603 1252 1702 1275 unum
1725 1240 1806 1275 illud
1832 1240 1932 1274 sensus
1966 1238 2117 1271 humoris
2140 1257 2154 1274 ,

1152 1287 1240 1322 nulla
1263 1287 1379 1329 praevia
1402 1284 1641 1328 suppurationis
1661 1284 1773 1325 causa,
1797 1285 1830 1317 in
1855 1284 1988 1318 thorace
1999 1280 2155 1315 fluetuan-

1154 1333 1199 1365 tis
1222 1339 1409 1373 perpetuum
1433 1328 1535 1363 foret.
1560 1329 1650 1362 Nam
1674 1328 1837 1362 interdurn
1860 1326 1990 1370 quidem
2022 1333 2084 1355 nou
2116 1320 2156 1354 ab

1154 1375 1249 1417 aegris
1271 1372 1370 1407 modo
1393 1373 1539 1416 percipi,
1560 1383 1670 1406 verum
1692 1373 1790 1404 etiam
1824 1370 1861 1403 ab
1892 1371 1963 1403 aliis
1995 1378 2063 1417 earn
2096 1365 2158 1414 flu-

1156 1418 1355 1451 ‹ftuationern
1380 1416 1503 1453 audiri,
1526 1416 1608 1449 olim
1632 1416 1851 1458 Hippocrates
1874 1415 1915 1448 iis
1940 1416 1974 1447 in
1997 1412 2100 1449 locis,
2123 1418 2158 1440 in

1156 1461 1274 1505 quibus
1296 1460 1334 1494 de
1357 1459 1420 1494 hoc
1445 1458 1595 1502 hydrope
1626 1460 1676 1501 agi
1703 1481 1712 1497 ,
1744 1457 1835 1500 supra
1869 1461 1882 1496 (
1905 1459 1916 1490 i
1939 1461 1954 1497 )
1985 1454 2125 1488 diximus
2147 1474 2160 1491 ‚

1154 1505 1230 1538 satis
1251 1504 1388 1544 docuit,
1410 1514 1483 1537 cum
1506 1513 1650 1545 aegrum,
1672 1502 1780 1544 inquit
1792 1523 1802 1539 .‚
1825 1500 1963 1534 humeris
1987 1495 2160 1540 apprehen-v

1147 1548 1218 1591 sum
1242 1548 1398 1581 concutito
1411 1570 1424 1587 ,
1446 1547 1488 1579 &
1512 1546 1617 1579 deinde
1640 1546 1673 1578 in
1696 1552 1769 1578 utro
1792 1543 1888 1578 latere
1898 1539 2164 1590 magisflucfft'uet,

1157 1592 1285 1632 audito,
1308 1593 1341 1624 δε
1364 1589 1472 1623 rursus
1491 1600 1550 1631 qua
1572 1595 1665 1631 parte
1691 1586 1858 1629 strepitum
1886 1595 2061 1633 perceptas
2085 1610 2092 1623 ‚
2127 1594 2166 1616 ea·

1153 1636 1281 1678 secato:
1306 1633 1404 1676 idque
1428 1643 1492 1666 non
1517 1643 1578 1666 una
1603 1631 1780 1664 recentium
1802 1642 1930 1674 quoque
1953 1628 2167 1663 Medicorum

1158 1677 1354 1712 Observatio
1376 1674 1572 1715 confirmat,
1597 1675 1722 1717 qualem
1746 1674 1886 1716 superius
1909 1677 1922 1714 (
1945 1673 1965 1713 1<
1986 1676 2000 1712 )
2021 1682 2165 1705 commo-

1156 1722 1378 1758 moravimus,
1404 1723 1435 1753 δέ
1459 1719 1583 1762 qualem
1609 1719 1752 1751 Parentis
1777 1718 1823 1752 sui
1847 1717 1893 1760 (l
1915 1721 1928 1757 >
1951 1715 2054 1749 edidit
2089 1715 2164 1764 Cel„

1155 1767 1341 1803 Pantonus3
1366 1774 1439 1797 nam
1463 1763 1501 1795 ad
1524 1773 1682 1803 aegrorum
1707 1760 1828 1795 sensum
1851 1760 2042 1799 dumtaxat,
2066 1768 2167 1801 perti-

1157 1817 1211 1843 net
1235 1807 1302 1842 haec
1326 1807 1451 1845 nostra,
1478 1810 1509 1839 &
1532 1806 1585 1839 Cl.
1621 1807 1777 1840 Virorum
1805 1805 1861 1850 Jo.
1902 1803 2036 1839 Davidis
2070 1803 2167 1836 Mau«

1158 1851 1264 1886 charri
1290 1856 1299 1890 (
1324 1863 1355 1885 m
1376 1855 1413 1891 ),
1436 1862 1469 1883 ac
1489 1851 1543 1895 JO-
1573 1849 1719 1892 Philippi
1747 1847 1875 1881 Wolffii
1899 1852 1913 1888 ζ
1934 1860 1954 1881 n
1978 1851 2010 1886 ).
2037 1846 2096 1880 Sed
2119 1855 2168 1878 ta-

1160 1907 1231 1930 men
1255 1894 1317 1928 hoc
1340 1894 1460 1937 signum
1485 1905 1583 1936 neque
1606 1893 1668 1933 est,
1693 1903 1792 1935 neque
1815 1891 1872 1925 esse
1897 1901 2083 1935 perpetuum
2107 1901 2170 1933 po·-

1161 1939 1219 1973 test
1234 1965 1242 1972 .
1265 1939 1354 1972 Nam
1380 1947 1588 1980 praeterquam
1613 1936 1700 1979 quod
1722 1938 1756 1970 in
1767 1935 1883 1970 nostris
1905 1936 2052 1975 caeteris,
2076 1936 2109 1968 &
2133 1935 2168 1967 in

1161 1983 1310 2016 omnibus
1321 1981 1479 2015 Valsalvae
1503 1980 1616 2015 frustra
1639 1981 1801 2024 perquires
1816 2004 1830 2021 ,
1854 1979 1939 2014 idem
1962 1990 2090 2022 quoque
2115 1989 2169 2011 ac·-

1160 2026 1244 2060 cidet
1270 2028 1304 2059 in
1329 2024 1486 2068 plerisque
1510 2024 1645 2058 aliorum
1670 2024 1867 2068 perlegendis
1885 2048 1897 2064 ,
1930 2025 1987 2066 qui
2019 2032 2087 2056 tam
2119 2022 2169 2056 lu-

1159 2071 1321 2103 culentam
1344 2068 1438 2111 hujus
1461 2068 1564 2101 morbi
1590 2077 1701 2101 notam
1725 2091 1737 2108 ,
1761 2066 1782 2100 fi
1819 2067 1973 2109 extitisset
1993 2090 2006 2107 ,
2037 2075 2170 2109 praeter-

1160 2115 1288 2146 mittere
1312 2108 1448 2155 potuisse
1472 2123 1536 2145 non
1560 2110 1708 2145 videntur
1732 2135 1740 2143 .
1765 2111 1857 2149 Quin
1889 2109 2005 2145 diserte
2043 2122 2059 2143 a
2094 2111 2170 2153 qui-

1163 2156 1296 2189 busdam
1319 2155 1507 2190 adnotatum
1529 2154 1677 2197 videbis,
1698 2154 1790 2188 illam
1814 2153 1966 2189 defuiss'e.
1993 2154 2046 2187 Sic
2070 2154 2103 2187 in
2130 2165 2167 2186 ea

1164 2200 1325 2242 Virgine,
1347 2199 1389 2232 fic
1411 2202 1445 2232 in
1456 2200 1582 2233 Polono
1604 2199 1664 2232 illo
1688 2201 1861 2240 Senatore,
1884 2209 1965 2242 quos
1989 2197 2080 2240 supra
2104 2197 2170 2240 (ο)

1164 2244 1364 2282 memoravi;
1387 2251 1422 2276 ut
1446 2243 1524 2276 alios
1547 2253 1630 2275 nunc
1654 2243 1830 2281 omittam3
1854 2253 1941 2276 cum>
1951 2253 1985 2277 ea
2008 2252 2096 2283 aquae
2110 2251 2169 2273 co-

1164 2287 1217 2329 pia
1239 2287 1273 2319 in
1296 2286 1427 2319 thorace
1450 2286 1543 2327 ess‘et,
1566 2285 1709 2326 nullam,
1732 2285 1807 2320 dum
1831 2283 2098 2325 viverent,fuisse
2110 2284 2172 2317 flu-

1163 2329 1380 2367 ctuationem,
1404 2332 1437 2362 in
1460 2341 1570 2363 eorum
1593 2328 1736 2362 historiis
1760 2330 1843 2371 leges
1867 2354 1874 2361 .
1911 2330 1981 2362 Nec
2006 2339 2080 2361 vero
2102 2338 2170 2360 cre-

1163 2371 1325 2414 diderim‚
1349 2371 1497 2415 suspicari
1522 2382 1555 2406 te
1580 2371 1691 2414 posse,
1714 2374 1748 2406 in
1773 2373 1842 2410 his,
1869 2372 1997 2415 illisque
2020 2371 2169 2405 omnibus

1162 2425 1241 2450 tunc
1266 2416 1393 2450 demum
1417 2417 1450 2448 in
1476 2415 1639 2449 thoracem
1662 2413 1811 2457 effusam,
1833 2426 1888 2449 aut
1914 2416 2091 2459 plurimum
2114 2426 2170 2450 an-

1161 2460 1248 2492 etam
1273 2459 1363 2492 fuisse
1389 2470 1503 2502 aquarn
1524 2483 1535 2499 ,
1566 2470 1638 2492 curn
1683 2469 1882 2493 morerentur
1907 2484 1914 2491 .
1953 2462 1989 2493 In
2035 2459 2169 2493 illorum

1162 2504 1249 2535 enim
1272 2503 1428 2545 plerisque
1451 2503 1570 2536 indicia
1595 2503 1698 2545 aliqua
1723 2514 1786 2537 non
1810 2501 1978 2537 defuerant
2001 2513 2172 2545 aquatam

1163 2554 1212 2578 tea
1237 2545 1362 2579 effui'ae:
1386 2549 1418 2579 δι’
1442 2544 1463 2578 fi
1487 2545 1524 2580 de
1547 2546 1671 2579 duobus
1696 2548 1853 2590 praecipue
1900 2559 1959 2581 uos
1983 2547 2082 2581 modo
2118 2551 2170 2580 in-

1161 2588 1376 2635 dicavimus,
1414 2589 1517 2623 sermo
1539 2589 1609 2629 fit3
1644 2591 1676 2622 in
1712 2593 1850 2634 Virgine
1905 2604 1920 2624 e
1950 2604 2010 2636 qua
2047 2592 2170 2635 potim-

1163 2644 1253 2666 mum
1277 2634 1488 2675 iulpicionem
1512 2634 1600 2667 istam
1625 2632 1707 2676 apud
1728 2636 1856 2678 aliquos
1879 2635 1991 2669 videor
2027 2634 2135 2678 legisse
2155 2658 2168 2677 ‚

1163 2676 1250 2720 quod
1273 2676 1402 2709 tandem
1425 2689 1535 2720 aquae,
1559 2677 1733 2720 praesertim
1757 2679 1864 2722 virosae
1886 2703 1899 2719 ,
1924 2688 2127 2723 augmentum
2151 2690 2168 2712 a

1163 2729 1267 2754 morte
1291 2730 1434 2762 repetes,
1457 2732 1530 2754 cum
1550 2720 1691 2763 placide,
1716 2722 1752 2756 <9⁸
1778 2722 1843 2764 fine
1877 2733 1970 2766 agona
2003 2724 2168 2764 expirave-

1162 2762 1231 2797 rit?
1255 2773 1308 2797 aut
1332 2766 1366 2797 in
1391 2766 1538 2797 Senatore
1554 2787 1562 2802 ‚
1587 2765 1642 2807 qui
1665 2776 1739 2798 cum
1766 2766 1888 2799 omnino
1923 2765 1996 2800 bene
2024 2767 2058 2808 se
2092 2776 2167 2800 tunc

1163 2806 1274 2840 habere
1303 2807 1367 2850 fibi
1399 2809 1561 2842 videretur
1585 2831 1595 2845 ,
1630 2807 1736 2842 ludens
1760 2831 1772 2848 ,
1801 2807 1930 2848 stimulo
1970 2818 2087 2843 naturae
2121 2811 2168 2843 al-

1162 2860 1240 2883 vum
1262 2850 1453 2893 depositurus
1475 2875 1487 2891 ,
1511 2852 1553 2884 Θ
1569 2850 1681 2893 sellam
1703 2852 1832 2891 adiens,
1848 2851 1958 2894 subita
1982 2861 2081 2887 morte
2114 2864 2168 2888 ex-

1164 2894 1283 2927 tinbius
1306 2893 1366 2933 est?
1392 2896 1469 2928 Non
1496 2893 1537 2927 est
1560 2895 1663 2936 igitur
1687 2893 1780 2937 hujus
1805 2896 1910 2929 morbi
1935 2895 2059 2939 signum
2094 2908 2167 2939 per-

1165 2947 1298 2979 petuum
1322 2938 1495 2972 fluctuatio
1518 2938 1555 2970 ab
1577 2939 1670 2980 aegris
1693 2947 1858 2981 percepta,
1882 2938 1998 2974 nedum
2022 2939 2063 2973 ab
2093 2940 2168 2982 aliia

1165 2981 1273 3014 audita
1298 3005 1308 3012 .
1340 2981 1398 3014 Sed
1423 2993 1546 3025 neque,
1569 2990 1605 3015 ut
1628 2980 1794 3021 dicebam,
1817 2981 1874 3016 effe
1898 2992 2086 3026 perpetuum
2109 2996 2168 3027 po-

1165 3023 1250 3063 τεῆς
1274 3033 1309 3058 ut
1331 3024 1353 3056 fi
1378 3036 1458 3068 aqua
1482 3024 1545 3065 iit,
1567 3024 1654 3068 quod
1681 3026 1779 3058 etiam
1804 3050 1817 3067 ,
1852 3035 1966 3069 praeter
2000 3027 2167 3061 laudatum

1165 3068 1347 3101 Pantonum
1368 3071 1421 3109 (p
1442 3072 1483 3108 ),
1506 3068 1561 3101 alii
1586 3079 1777 3102 monuerunt
1796 3094 1809 3111 ,
1844 3079 1897 3103 aut
1930 3072 2064 3104 omnino
2098 3082 2168 3113 per-

1166 3122 1287 3152 pauca,
1312 3120 1364 3144 aut
1389 3121 1475 3144 tanta
1497 3112 1616 3154 copia,
1639 3122 1674 3146 ut
1699 3112 1863 3146 thoracem
1874 3114 2164 3156 prorsusimpleat.

1165 3154 1254 3188 Nam
1279 3158 1311 3188 δε
1334 3154 1447 3197 quibus
1465 3154 1670 3198 suppuratis,
1696 3157 1769 3190 dum
1793 3159 2014 3191 concutiuntur
2033 3181 2045 3197 ,
2084 3180 2091 3189 .
2105 3180 2113 3188 .
2128 3181 2136 3191 .
2154 3182 2161 3189 .

1157 3196 1311 3241 strepitus
1333 3199 1455 3241 quidem
1479 3198 1585 3232 nullus
1602 3197 1646 3242 fic
1659 3223 1672 3241 ,
1693 3210 1802 3234 'verum
1826 3199 1994 3243 difficultas
2018 3197 2166 3243 spirandi

1157 3239 1280 3284 fortis,
1302 3242 1347 3275 ὅ·
1367 3252 1484 3284 ungues
1505 3241 1624 3280 lividi,
1647 3242 1714 3284 hi,
1746 3244 1826 3277 ficut
1863 3243 1927 3283 ipse
1959 3244 2036 3276 alibi
2073 3247 2085 3283 (
2108 3244 2164 3287 q)

1164 3284 1259 3319 docet
1282 3285 1522 3327 Hippocrates,
1542 3285 1628 3327 pleni
1644 3286 1721 3330 sunt
1739 3297 1835 3328 pure.
1861 3287 1909 3319 At
1932 3287 2042 3321 saltem
2069 3311 2082 3329 ,
2114 3289 2165 3320 in-

1163 3330 1274 3371 quies,
1300 3339 1338 3361 eo
1360 3330 1514 3371 temporis
1538 3328 1641 3371 spatio
1663 3342 1728 3373 quo
1752 3331 1789 3363 ab
1812 3332 1924 3369 exigua
1958 3334 2047 3374 copia
2083 3342 2162 3373 aqua

1163 3372 1300 3409 crescit,
1338 3382 1394 3404 nec
1427 3371 1464 3405 ad
1499 3371 1653 3406 summam
1687 3382 1792 3406 tamen
1837 3372 1941 3407 adhuc
1984 3376 2127 3417 pervenit
2152 3397 2164 3414 ,

1163 3415 1230 3456 ejus
1255 3416 1424 3451 fluctuatio
1448 3414 1574 3449 videtur
1598 3417 1717 3460 percipi
1750 3417 1859 3451 debere
1881 3440 1890 3449 .
1922 3418 2061 3452 Videtur
2098 3417 2165 3451 uti-

1165 3470 1227 3501 que
1251 3485 1258 3492 .
1294 3459 1353 3492 Sed
1375 3458 1507 3502 quidam
1537 3470 1621 3494 certe
1657 3471 1722 3493 non
1757 3461 1938 3504 percipiunt
1961 3485 1974 3502 ,
2007 3470 2044 3495 ut
2069 3461 2164 3493 Sena-

1164 3510 1241 3543 tor,
1263 3503 1302 3538 de
1324 3514 1391 3546 quo
1412 3502 1508 3545 dixi,
1529 3504 1586 3547 qui
1609 3504 1730 3539 nullam
1751 3505 1993 3539 flustuationem
2017 3504 2163 3539 humoris

1687 3549 1721 3582 T
2089 3549 2124 3581 in

173 3720 188 3749 (
201 3719 217 3744 b
236 3720 244 3749 )
261 3720 315 3746 Ast.
332 3723 366 3746 N.
383 3722 412 3746 C.
430 3723 503 3746 Tom.
522 3728 543 3750 ς·
559 3718 619 3744 Obs.
637 3727 688 3749 ¹47-
752 3719 762 3749 s
777 3730 789 3748 c
803 3723 818 3752 )
834 3723 889 3748 Vid.
908 3720 982 3749 huius
997 3724 1139 3747 Comment.
1155 3722 1180 3747 in
1197 3723 1312 3755 Hippocr.
1330 3723 1413 3746 locum
1429 3720 1581 3748 indicatum:
1642 3724 1657 3754 (
1673 3723 1689 3747 d
1707 3722 1721 3751 )
1751 3729 1776 3746 n·
1793 3728 1832 3749 3⁰.

174 3752 189 3779 (
202 3759 214 3774 a
229 3754 239 3778 )
256 3751 313 3776 obs.
329 3755 401 3776 Anat.
418 3753 510 3776 Medic.
529 3758 564 3780 30·
585 3750 607 3774 ἃ
623 3753 662 3779 38.
724 3752 738 3781 ζ
750 3751 767 3781 f
781 3755 790 3783 J
805 3754 858 3778 AG.
875 3756 908 3778 N.
925 3754 957 3777 C.
973 3754 1049 3777 Tom.
1065 3756 1089 3776 6.
1105 3752 1166 3777 obs.
1183 3763 1221 3783 5⁰·
1280 3757 1294 3786 (
1308 3764 1327 3787 g
1343 3754 1356 3782 )
1372 3754 1454 3783 supra,
1469 3762 1494 3779 n.
1512 3762 1534 3778 ².
1596 3753 1610 3782 ζ
1628 3755 1642 3777 h
1660 3754 1668 3783 )
1684 3754 1768 3779 Αηῐιτι.
1785 3761 1810 3780 4.
1870 3754 1884 3783 (
1902 3754 1912 3777 i
1931 3755 1942 3780 )
1957 3759 1982 3777 n.
1999 3759 2034 3782 ³²·
2053 3751 2076 3776 ὃς
2093 3759 2131 3782 33,

174 3781 190 3810 (
205 3780 221 3804 k
236 3782 250 3810 )
265 3790 290 3807 n.
308 3792 328 3811 ς.
391 3783 405 3812 (
421 3783 432 3805 l
447 3783 460 3812 )
477 3781 536 3806 obs.
556 3783 630 3805 Anat.
648 3781 717 3805 Med.
732 3791 771 3817 .²⁹·
831 3785 845 3814 (
862 3791 885 3808 m
903 3786 913 3818 )
929 3784 990 3812 Eph-
1007 3785 1042 3807 N.
1058 3785 1087 3808 C.
1105 3785 1176 3808 Cent.
1192 3793 1215 3814 7.
1233 3786 1292 3811 Obs.
1310 3793 1362 3814 100·
1424 3784 1433 3814 (
1450 3792 1467 3809 η
1483 3788 1493 3818 )
1509 3785 1614 3811 Eorund.
1631 3785 1684 3810 AR.
1703 3787 1781 3810 Tom.
1797 3779 1819 3813 ξ.
1834 3785 1894 3812 Obs.
1910 3790 1947 3813 34·

176 3813 184 3841 ι
202 3820 214 3836 o
232 3816 240 3842 )
255 3821 280 3837 n.
297 3821 335 3843 ²7·
352 3815 374 3838 ἃ
391 3820 430 3838 ιι-
492 3812 501 3842 <
516 3819 533 3842 Ρ
549 3811 559 3843 )
576 3811 655 3838 schol.
671 3812 700 3837 ad
717 3819 760 3838 cit.
776 3813 834 3838 ΟΜ.
853 3823 892 3844 ²9·
953 3816 959 3843 ί
979 3822 994 3843 q
1009 3814 1024 3842 )
1041 3815 1114 3840 coac.
1130 3815 1235 3840 Praenot.
