2498 4075
487 247 640 314 Epist.
677 245 841 299 Anat.
877 244 1097 300 Medica
1131 236 1339 299 XXIV.
1376 242 1501 297 Art.
1536 243 1582 297 8.
1617 244 1674 297 ὅ(
1707 259 1758 308 9.

104 334 186 364 nuto
207 326 379 368 spirituum
402 327 435 359 in
459 336 515 358 cor
539 326 664 359 influxu
685 346 694 360 ,
728 335 791 357 non
815 323 913 367 posset
949 324 1012 358 hoc
1036 325 1105 359 san-

103 371 232 414 guinem
253 368 311 403 nifi
343 369 440 402 debili
465 371 604 411 primum
626 391 634 404 ‚
668 371 700 401 <Sc
723 368 897 402 insensibili
930 369 1069 411 impulsu
1091 392 1105 409 ,

104 425 184 448 mox
205 421 281 445 vero
298 437 307 452 ‚
330 423 403 447 cum
427 423 512 445 mors
536 410 685 445 videlicet
709 412 832 454 ingruit
854 435 864 451 ,
902 413 992 445 nullo
1016 423 1105 454 pror-

106 458 156 492 sus
179 457 213 489 in
238 458 367 490 arterias
389 457 564 489 immittere
585 480 591 486 .
618 456 670 489 Sic
693 456 791 489 etiam
817 456 954 497 relegens
977 454 1112 498 Epistoss

106 503 172 535 lam
195 498 232 532 ad
255 509 287 533 te
309 499 446 533 nostram
468 500 561 532 XIV.
589 501 602 538 (
624 500 642 539 k
664 502 701 537 )‚
724 499 847 533 videbis
861 522 871 536 ‚
895 510 1028 542 puerum
1050 510 1106 532 cu-

104 544 155 588 J'us
177 542 325 576 cerebelli
351 552 472 584 partem
496 552 554 582 pus
575 543 742 575 vitiaverat
762 566 771 580 ‚
795 541 935 585 pulsibus
959 542 1107 584 complu-

104 598 153 622 res
175 585 242 620 dies
264 587 399 619 omnino
420 583 547 618 caruisse
570 609 577 615 .
612 585 714 622 Quod
736 585 759 618 fi
795 585 881 619 forte
905 587 1011 620 minus
1044 585 1107 618 tibi

106 632 229 674 placeat
251 628 332 669 hac,
354 640 425 672 quae
447 639 502 661 nec
525 627 608 661 mihi
632 629 814 671 perplacet,
838 638 890 662 aut
913 627 1108 671 ejuscemodi

106 676 233 708 ratione
254 673 316 706 alia
339 684 404 705 rem
427 672 608 714 explicare,
631 684 726 715 quam
740 672 779 706 ad
801 672 1106 706 concretionesistas

103 715 275 762 polyposas
300 714 435 752 referre3
462 715 564 757 plures
587 714 718 758 quidem
735 715 864 749 habebis
880 739 891 755 ‚
914 716 1029 758 quibus
1052 726 1107 750 au-

105 762 251 795 &oribus
274 759 307 793 id
331 758 427 792 facias
449 770 460 796 ς
493 756 544 791 sed
568 760 651 792 terite
673 783 684 800 ,
715 770 753 792 an
777 759 861 792 secus
885 758 984 792 facias
1006 784 1016 800 ,
1047 760 1108 792 erit

103 804 168 838 tibi
189 803 360 846 diligenter
383 802 479 835 etiam
501 813 597 845 atque
620 804 718 837 etiam
735 802 1016 837 considerandum.
1042 803 1109 836 Sci-

105 848 183 881 licet
209 859 259 880 me
282 844 408 886 quidem
431 856 495 878 non
519 844 629 889 sugit,
651 845 787 890 potuisse
810 856 840 879 te
864 848 897 879 in
921 845 1108 888 Sepulchre-

104 902 142 925 to
164 892 264 934 legere
287 888 537 922 Observationes
561 889 639 923 duas
660 889 847 932 asphyxiae,
872 890 1004 923 alteram
1028 894 1038 928 (
1062 889 1073 922 l
1094 892 1108 928 )

103 937 140 969 in
165 935 253 967 Viro
275 944 329 975 per
350 932 435 966 diem
458 933 618 975 integrum
646 955 655 970 ‚
690 933 821 967 alteram
843 938 854 973 (
879 945 910 967 m
931 937 945 972 )
974 934 1007 966 in
1033 934 1110 965 Vir-

105 979 180 1021 gine
205 989 260 1020 per
283 977 403 1018 viginti
425 986 565 1019 quatuor
587 976 681 1010 horas
702 999 711 1014 ,
736 987 904 1020 utramque
927 974 1110 1010 istiusmodi

105 1022 326 1054 concretiones
348 1020 383 1053 in
405 1019 501 1053 corde
524 1030 661 1063 repertas
684 1020 912 1055 describentem
932 1032 945 1061 ;
968 1022 1001 1053 δε
1025 1017 1110 1061 posse

104 1064 144 1098 ad
166 1074 215 1097 eas
238 1062 313 1097 addi
336 1075 375 1097 ex
397 1063 468 1097 aliis
494 1073 583 1096 antea
606 1063 701 1098 editis
725 1088 737 1105 ‚
773 1064 918 1107 quamvis
940 1065 974 1097 in
997 1074 1037 1095 eo
1058 1064 1111 1096 O·

102 1118 176 1152 pere
208 1107 447 1150 praetermiffis,
481 1106 650 1141 Sebastiani
685 1108 806 1142 Piffinii
837 1111 928 1148 (n)
962 1118 1056 1141 unam
1079 1107 1112 1138 in

101 1151 209 1185 nobili
231 1151 383 1185 Matrona
407 1150 503 1184 Clara
526 1149 628 1192 Spada
652 1150 795 1185 habitam
817 1174 829 1191 ‚
862 1161 933 1193 quae
955 1162 1028 1184 cum
1051 1148 1114 1182 fine

103 1193 247 1238 pulsibus
280 1193 387 1228 fuisset
419 1194 459 1226 ad
495 1194 757 1237 quadragesimum
789 1195 872 1229 diem
891 1218 905 1235 ‚
926 1194 968 1228 (5⁴
991 1194 1077 1228 ultra
1101 1219 1111 1232 ‚

103 1249 242 1281 corpora
263 1238 353 1272 istius
375 1239 498 1280 generis
521 1239 553 1269 in
577 1246 714 1280 utroque
739 1237 888 1273 exhibuit
900 1237 1009 1271 cordis
1035 1247 1112 1270 ven-

102 1282 244 1315 triculo:
269 1283 347 1325 quin
371 1283 469 1315 etiarn
491 1293 502 1320 3
536 1291 573 1313 ne
603 1292 619 1314 a
651 1281 858 1324 Sepulchreto
879 1280 1076 1315 discedamus
1101 1291 1111 1316 3

102 1324 214 1359 cordis
236 1326 358 1368 Magna
379 1325 449 1358 vasa
471 1333 625 1358 concreto
648 1324 798 1368 sanguine
821 1324 912 1359 fuisse
934 1325 1053 1368 repleta
1077 1325 1111 1356 in

103 1369 192 1403 Viro
214 1369 336 1402 diutius
359 1368 515 1411 asphyxia
538 1367 703 1401 laborante
726 1372 740 1408 (
761 1380 778 1402 o
801 1372 818 1408 ).
838 1392 849 1408 ‚
874 1370 910 1402 in
932 1368 1034 1402 altero
1057 1378 1113 1401 au-

102 1421 169 1447 tem
200 1412 258 1455 qui
288 1411 330 1445 'ad
363 1411 495 1445 eundem
529 1411 660 1445 modum
703 1419 836 1454 quatuor
865 1419 937 1445 ante
980 1418 1114 1445 mortem

102 1454 257 1499 menfibus
280 1453 412 1489 affestus
436 1453 541 1488 suerat
566 1479 575 1493 ,
607 1454 728 1489 nullam
757 1455 855 1489 aliam
886 1453 1112 1497 deprehensam

103 1498 161 1533 esse
195 1498 357 1541 asphyxia:
390 1509 457 1531 tam
491 1498 651 1532 diuturuae
674 1498 798 1540 causam
832 1508 947 1541 praeter
966 1498 1078 1531 decern
1100 1521 1113 1537 ‚

101 1551 156 1576 aut
176 1541 345 1576 duodecim
368 1553 499 1585 grumos
524 1542 685 1585 sanguinis
706 1541 789 1574 craffi
805 1565 812 1577 ,
838 1543 923 1583 nigri
952 1565 963 1581 ,
984 1551 1114 1575 concre-

100 1587 129 1620 ti
152 1585 187 1619 in
209 1587 315 1619 Aorta
339 1596 438 1629 prope
462 1596 517 1619 cor
539 1588 554 1624 (
572 1596 595 1626 p
616 1588 632 1624 >
654 1608 662 1615 .
695 1586 818 1618 Verum
842 1596 880 1618 ne
903 1584 1079 1628 disquiram
1100 1607 1112 1624 ‚

99 1640 179 1664 num
209 1630 244 1662 in
267 1628 318 1663 his
351 1629 501 1662 omnibus
522 1627 814 1662 Observationibus
851 1628 938 1663 nulla
962 1636 1112 1670 praeterea

99 1672 200 1709 fuerit
232 1673 326 1706 cau-sa
343 1694 357 1711 ,
389 1674 423 1705 δε
455 1671 629 1714 praesertim
652 1672 686 1703 in
720 1670 779 1705 hac
802 1672 918 1706 ultima
939 1696 948 1711 ,
980 1682 1052 1715 quae
1075 1680 1112 1705 ut

99 1727 167 1750 non
191 1726 256 1750 uno
277 1716 313 1747 in
336 1715 410 1747 loco
434 1714 635 1757 Sepulchreti
658 1717 673 1754 (
695 1725 713 1757 q
736 1718 751 1755 )
774 1713 873 1750 fusius
895 1715 1112 1757 proponitur,

100 1772 118 1794 a
142 1768 174 1792 te
197 1759 320 1802 poterit
344 1758 459 1791 melius
482 1757 598 1800 inspici
621 1782 634 1798 ‚
666 1767 721 1791 aut
744 1759 776 1790 in
809 1759 866 1792 illa
888 1770 985 1802 quam
1011 1759 1113 1801 perti-

100 1813 173 1838 nere
204 1800 243 1836 ad
275 1802 447 1845 Virginem
481 1801 588 1843 dixi,
620 1802 674 1834 cui
712 1799 804 1835 fuisse
827 1813 882 1836 cor
915 1803 1023 1837 multo
1046 1813 1114 1835 am-

98 1845 274 1891 pliffirnum
299 1869 308 1884 ‚
344 1844 575 1878 animadvertes
598 1856 610 1883 3
643 1842 729 1878 infra
758 1847 772 1884 (
793 1855 810 1877 r
825 1846 843 1888 )
866 1847 928 1880 erit
951 1854 1113 1888 opportu-

99 1900 160 1924 nus
192 1887 387 1923 admonendi
425 1889 515 1922 locus
537 1912 550 1929 ,
583 1887 666 1931 quid
697 1887 883 1923 faciendum
918 1898 1008 1923 antea
1039 1887 1077 1922 fit
1100 1913 1113 1929 ,

98 1943 199 1978 quarn
219 1933 464 1967 concretionum
498 1930 730 1974 polyposarum
749 1930 1027 1967 observationibus
1050 1933 1114 1966 sine

99 1976 193 2011 facili
215 1977 335 2011 erroris
369 1975 514 2018 periculo
547 1975 692 2009 nitamur
713 2000 721 2008 .
760 1977 884 2009 Interea
916 1988 990 2010 vero
1024 1976 1114 2010 illius

98 2019 164 2053 tibi
194 2021 331 2065 Juvenis
362 2021 469 2052 veniat
502 2020 535 2051 in
571 2027 707 2051 mentem
731 2041 746 2058 ,
803 2031 873 2053 uem
906 2020 944 2054 in·
973 2028 1114 2054 extrema

97 2062 249 2106 Epistola
269 2064 359 2098 XXI.
385 2066 398 2103 (
413 2062 441 2106 s
455 2065 468 2101 )
491 2060 553 2095 sine
577 2061 716 2105 pulsibus
738 2060 776 2096 de
791 2062 884 2107 cripsi
903 2087 915 2105 ,
937 2064 1033 2096 corde
1058 2076 1115 2098 au-

98 2115 168 2141 tern
202 2118 265 2140 non
288 2107 393 2141 minus
425 2116 522 2149 quam
557 2106 591 2138 in
613 2117 648 2139 ea
673 2107 812 2148 Virgine
835 2132 844 2147 ,
877 2106 1078 2150 amplificato
1102 2119 1114 2145 ς

98 2150 152 2186 sed
179 2159 285 2183 tamen
315 2149 378 2184 fine
401 2150 468 2183 ulla
500 2148 660 2191 sanguinis
681 2150 887 2183 concretione
908 2175 915 2182 .
949 2149 1051 2192 Cujus
1076 2148 1116 2182 fi-

100 2194 169 2229 brae
191 2194 299 2227 cordi-s
332 2205 408 2227 cum
430 2190 526 2226 essent
550 2192 672 2225 summa
693 2192 831 2225 laxitate
849 2216 859 2231 ,
894 2192 1032 2226 dubium
1054 2193 1114 2226 elle

99 2236 232 2282 potest,
255 2248 293 2269 an
317 2236 385 2271 haec
409 2236 510 2278 magis
529 2258 541 2274 ,
563 2246 657 2276 quam
679 2233 786 2268 cordis
809 2234 994 2277 amplitudo
1016 2260 1029 2276 ,
1062 2236 1112 2268 as-

99 2281 264 2324 phyxiam
285 2279 417 2313 fecerit:
443 2289 625 2321 quanquam
649 2278 687 2311 ab
711 2287 844 2321 utraque
867 2277 1038 2321 conjuncta
1062 2279 1112 2312 fa-

100 2321 327 2362 etamfuiffe3
349 2333 417 2356 non
437 2320 564 2355 videtur
587 2320 819 2356 dubitandum.
847 2323 898 2355 Sic
924 2323 1020 2355 etiam
1044 2334 1111 2356 me-

101 2367 233 2410 mineris
254 2389 267 2406 ,
300 2365 449 2408 Epistola-
479 2364 615 2400 XVIII.
664 2368 744 2404 (t)
790 2365 984 2408 propositam
1019 2364 1110 2399 fuisse

100 2411 271 2445 mulierem
291 2408 387 2443 corde
411 2408 501 2442 illam
523 2408 653 2449 quidem
679 2408 879 2450 amplificato
900 2431 912 2449 ,
946 2408 997 2442 sed
1019 2408 1110 2451 cujus

76 2452 79 2458 '
103 2453 281 2496 frequentis
301 2451 465 2495 asphyxiae
486 2451 611 2485 causam
633 2451 709 2484 satis
734 2448 818 2494 posse
841 2452 982 2493 intelligi
1003 2475 1012 2490 ,
1046 2463 1111 2485 non

102 2497 318 2533 credidimus,
341 2494 399 2529 nisi
424 2493 532 2528 addita
554 2493 762 2528 convulsione
790 2519 797 2526 .
831 2495 921 2528 Nam
946 2495 1001 2529 etsi
1026 2506 1111 2539 quo-

100 2540 287 2584 tiescunque
310 2537 462 2573 asthmate
484 2561 497 2579 ,
533 2547 572 2571 ut
591 2537 760 2572 videbatur
780 2560 790 2575 ‚
823 2538 1010 2572 coni-ulfivo
1043 2550 1112 2581 pre-

100 2583 198 2619 hensa
224 2608 233 2622 ‚
266 2584 301 2616 in
337 2582 579 2617 Nosocomiurn
610 2580 789 2615 ventitabat
809 2607 817 2622 ,
857 2581 966 2626 pulsus
989 2584 1112 2625 percipi

100 2637 167 2662 non
190 2635 340 2670 poterant
367 2639 378 2666 3
410 2624 596 2659 credibilius
618 2625 661 2659 est
684 2636 790 2658 tamen
813 2650 824 2666 ,
848 2627 885 2659 in
907 2626 1111 2669 paroxysmis

101 2671 270 2706 dumtaxat
294 2680 356 2703 non
390 2669 474 2703 secus
497 2679 532 2701 ac
565 2667 648 2702 haud
673 2680 746 2702 raro
778 2667 879 2703 solent
910 2669 1074 2712 hyster-icae
1098 2693 1111 2710 ‚

101 2726 199 2759 quarn
221 2714 404 2747 sexennium
429 2711 511 2746 illud
535 2721 644 2747 totum
665 2713 867 2747 continenter
891 2713 1032 2757 pulsibus
1056 2725 1111 2747 ca-

102 2757 214 2792 ruisse.
240 2757 309 2794 Qui
332 2757 417 2789 enim
440 2756 643 2790 continenter
663 2765 795 2798 carent,
818 2756 931 2791 tandiu
953 2755 1038 2800 posse
1061 2758 1112 2790 vi-

100 2812 170 2834 vere
204 2811 271 2833 non
302 2798 450 2834 videntur
486 2797 576 2838 (etsi
609 2801 772 2834 Riolanus
803 2804 897 2841 (u)
926 2800 976 2835 vel
1005 2800 1112 2835 multo

103 2845 230 2879 diutius
251 2842 361 2877 vidisse
386 2842 435 2883 se,
458 2842 543 2876 dicat
564 2855 575 2881 ς
610 2842 660 2877 sed
683 2854 754 2877 cum
770 2843 894 2885 summa
916 2866 928 2884 ,
963 2855 1035 2886 quae
1057 2844 1112 2878 hic

103 2899 168 2921 non
192 2895 259 2920 erat
284 2898 298 2925 5
327 2887 446 2920 'virium
468 2885 722 2928 imbecillitate)
754 2886 813 2920 nisi
835 2887 921 2921 forte
955 2887 988 2921 id
1012 2887 1049 2921 sit
1074 2889 1113 2923 ab

105 2931 254 2970 arteriis,
274 2941 351 2971 quas
377 2929 499 2963 Medici
523 2939 651 2972 tangere
673 2929 903 2965 consueverunt
924 2955 937 2972 ,
968 2940 1021 2965 aut
1046 2934 1111 2965 exi-

104 2975 213 3011 libus,
235 2981 289 3007 aut
313 2983 376 3005 non
401 2972 457 3007 suo
479 2974 552 3006 loco
576 2971 708 3015 pofitis,
730 2984 785 3007 aut
807 2984 894 3008 certa
930 2974 1035 3018 aliqua
1060 2988 1108 3008 ra-

104 3019 196 3052 tione
218 3016 385 3060 impeditis
410 3027 420 3048 ε
452 3027 590 3059 quorum
613 3016 697 3050 nihil
730 3018 763 3051 in
786 3029 820 3052 ea
843 3018 975 3052 muliere
998 3017 1110 3061 depre-

105 3061 238 3097 hensum
268 3059 312 3093 esl:
338 3084 348 3092 .
378 3059 492 3094 Exiles.
519 3068 629 3094 autem
660 3059 731 3094 sunt
754 3085 765 3101 ,
801 3061 918 3106 quibus
938 3063 973 3096 in
1006 3062 1112 3104 plures

105 3105 216 3140 divisae
240 3127 253 3144 ,
285 3113 338 3138 aut
369 3103 484 3146 quibus
506 3103 646 3137 Ulnares
678 3105 861 3140 craffiffimae
893 3105 1078 3149 obtigerunt
1103 3119 1111 3139 :

104 3161 172 3183 non
195 3147 251 3183 suo
274 3147 349 3180 loco
372 3145 504 3189 positae,
526 3157 600 3180 cum
623 3148 816 3191 profundius
839 3150 990 3184 locantur
1013 3174 1022 3189 ‚
1053 3151 1110 3185 ubi

106 3203 163 3236 per
186 3199 354 3224 anatomen
379 3201 393 3222 a
419 3190 472 3223 CI.
497 3189 615 3224 Turres
640 3195 650 3231 (
674 3202 696 3225 x
717 3196 731 3232 )
753 3193 788 3225 in
821 3192 956 3227 foemina
979 3203 1111 3237 repertae

105 3235 203 3278 sunt,
224 3245 320 3278 quaev,
339 3232 416 3267 dum
438 3234 557 3267 viveret
574 3256 586 3273 ‚
609 3235 676 3268 illis
698 3247 802 3270 carere
824 3237 992 3272 videbatur
1013 3263 1023 3275 ,
1056 3247 1113 3271 aut

105 3290 178 3313 cum
202 3289 257 3320 per
278 3276 359 3310 radii
383 3275 512 3317 dorsum
536 3276 678 3312 feruntur
698 3293 706 3316 ;
746 3279 805 3313 hac
829 3282 914 3314 enim
937 3279 1025 3314 ivisse
1047 3293 1115 3315 cre-

106 3321 248 3357 diderim
270 3323 305 3353 in
326 3319 553 3373 Starkmanlfrio
573 3323 627 3365 (y
650 3326 664 3362 )
687 3346 697 3362 ,
731 3326 783 3358 cui
808 3335 872 3358 non
895 3324 988 3359 solita
1011 3326 1046 3357 jn
1069 3324 1114 3357 se-

104 3365 144 3400 de
158 3388 168 3403 ‚
190 3376 303 3399 verum
325 3365 409 3397 inter
430 3364 608 3406 pollicem,
632 3366 832 3412 iudicemque
845 3367 1017 3402 saliebant.
1044 3370 1114 3402 Im-

106 3409 212 3451 pediri
236 3417 341 3443 autem
363 3418 427 3441 non
458 3418 520 3442 una
546 3409 668 3442 ratione
700 3410 786 3454 posse
807 3434 820 3452 ,
854 3423 931 3446 mox
955 3411 1112 3446 indicabi-

107 3462 160 3487 tur
174 3477 182 3484 .

150 3496 180 3529 8.
207 3495 365 3538 Exempla
391 3495 452 3529 alia
474 3494 656 3529 illiusmodi
678 3500 832 3533 naturalis
864 3498 1029 3542 asphyxiae
1055 3498 1115 3532 five

106 3548 245 3583 utroque
267 3540 301 3573 in
324 3550 423 3582 carpo
444 3565 453 3580 ,
488 3537 549 3571 sive
570 3540 604 3571 in
629 3540 782 3576 alterutro
806 3567 816 3581 ,
848 3543 881 3576 in
905 3541 1115 3586 Sepulchreto

196 3588 233 3617 M
238 3583 367 3626 orgagni
375 3584 410 3617 de
424 3582 492 3616 Sed.
506 3583 547 3616 &
559 3585 581 3614 C
582 3582 646 3625 aufi
659 3584 762 3620 Morh.
781 3587 921 3620 Tom.1.

226 3705 241 3734 )
257 3712 320 3740 rui-3.
408 3706 420 3730 1
435 3706 449 3734 )
465 3704 527 3732 Sest.
544 3704 589 3730 hae
606 3713 628 3735 9.
645 3705 706 3732 ΟΜ.
724 3715 747 3737 ⁴·

227 3736 241 3764 2
258 3735 320 3760 Ibid.
338 3735 381 3770 91:
393 3754 400 3761 .
417 3745 441 3765 ⁷·
500 3737 514 3766 (
530 3744 546 3766 q
562 3737 572 3767 )
586 3743 624 3760 ex.
640 3743 675 3766 gt.
693 3738 709 3762 l.
726 3746 748 3762 2.
769 3740 791 3764 S.
809 3747 832 3769 3.
850 3739 908 3765 Obs.
926 3747 963 3765 ιι.
984 3739 1004 3771 §.
1024 3748 1045 3765 2.

228 3767 242 3795 )
258 3767 370 3800 Encheir.
387 3768 459 3792 Anat.
476 3767 493 3790 l.
511 3776 533 3797 ς.
554 3773 574 3790 e.
592 3770 631 3795 46,
671 3797 677 3801 ¹
693 3769 708 3797 (
724 3776 739 3792 ι
755 3769 765 3799 j
781 3770 839 3794 niff.
855 3771 885 3796 de
900 3771 979 3796 Corde
994 3770 1103 3796 inverso.

228 3797 242 3826 )
258 3805 283 3820 m
295 3795 380 3832 'sehon
397 3799 427 3822 nd
442 3796 503 3822 Obs.
521 3806 541 3823 ι.
558 3798 618 3822 Sed.
636 3796 724 3830 harus,
742 3801 765 3825 δι
780 3800 809 3825 ad
827 3801 886 3826 obs.
903 3809 939 3826 ιο.

228 3833 237 3854 )
256 3828 331 3857 Epist.
350 3836 386 3858 17.
404 3837 428 3853 ιι,
447 3830 484 3853 26.
502 3829 526 3853 ἀ
543 3836 581 3857 ²7.

108 3856 128 3884 }
234 3857 325 3886 )n.6.

387 3859 402 3889 (
416 3861 427 3883 i
447 3861 455 3888 )
473 3859 577 3884 constit.
593 3859 663 3889 Epid.
680 3862 709 3886 A.
729 3866 795 3891 169².
813 3864 835 3888 Ee
851 3861 911 3892 seqq.
927 3871 953 3888 n.
972 3871 1012 3892 23„

808 3710 823 3739 (
839 3717 863 3734 m
881 3709 889 3739 j
906 3709 932 3734 in
947 3709 998 3739 ipso
1013 3709 1061 3735 fine
1079 3710 1140 3736 sest.
1157 3712 1183 3735 8.

1107 3748 1122 3771 ι
1136 3748 1148 3766 ν
1164 3741 1179 3769 )
1195 3750 1219 3767 n.
1237 3751 1274 3772 30-

1001 3801 1011 3829 (
1032 3810 1048 3825 a
1064 3802 1078 3831 )
1096 3802 1158 3827 [bid.

647 3828 655 3854 s
674 3838 686 3853 e
702 3831 715 3859 ]
731 3833 767 3856 De
783 3836 843 3856 mot.
860 3832 925 3856 cord.
943 3833 1027 3857 Exere.
1047 3840 1067 3858 ι.
1084 3841 1104 3858 π,
1122 3842 1145 3864 3.

1989 255 2083 305 249

1153 325 1174 368 (
1191 336 1216 368 z
1235 327 1250 363 )
1272 320 1422 356 adnotata
1443 321 1538 356 habes
1562 335 1573 362 5
1608 331 1643 356 ut
1666 322 1801 355 minime
1823 332 1902 363 opus
1924 318 1961 353 sit
1984 330 2053 362 quae
2078 318 2160 368 mihi

1156 365 1382 402 in‘exercenda
1415 366 1572 400 medicina
1594 375 1802 399 occurrerunt
1824 389 1834 404 ‚
1868 375 1989 396 narrare
2013 386 2020 393 .
2058 364 2160 395 Simul

1157 411 1275 450 habes,
1299 421 1360 453 qua
1383 410 1507 442 ratione
1523 408 1696 443 cavendum
1720 408 1781 449 sit,
1805 420 1841 441 ne
1854 406 2045 441 utrumlibet
2069 405 2157 438 istius

1156 454 1320 497 asphyxiae
1342 463 1440 494 genus
1462 454 1555 486 nobis
1578 454 1724 494 imponat
1746 466 1755 484 .·
1787 461 1968 494 quanquam
1994 447 2162 483 secundum

1156 509 1223 532 non
1254 496 1312 530 nisi
1346 507 1401 529 eos
1433 494 1540 529 fallere
1573 495 1719 530 Medicus
1751 494 1879 538 potest,
1912 495 1969 536 qui
2003 493 2158 525 alterutro

1157 541 1326 577 dumtaxat
1349 540 1557 573 cono-cetam
1578 551 1697 582 carpo,
1721 539 1960 582 pronunciant,
1983 535 2069 578 quod
2092 536 2159 584 Mi·-

1157 586 1297 619 nadoum
1329 586 1382 622 (a
1406 587 1419 623 >
1448 580 1553 616 fecisse
1577 607 1588 624 ‚
1623 584 1755 621 miror3
1787 590 1910 624 quanto
1942 581 2027 613 enim
2059 589 2161 621 magis

1158 639 1275 662 terrere
1297 626 1424 661 videtur
1456 625 1562 669 pulsus
1587 626 1666 659 alter
1684 649 1696 666 ,
1733 634 1825 659 tanto
1849 625 1953 657 minus
1977 624 2104 655 alterius
2126 633 2163 669 o-

1159 671 1315 707 mittenda
1338 670 1523 713 exploratio
1544 669 1607 703 est:
1632 673 1664 703 &
1687 669 1709 703 si
1732 678 1803 704 uter
1827 679 1863 701 ue
1886 666 1982 703 absit,
2007 670 2166 699 tentandae

1160 717 1231 751 alite
1253 716 1376 749 arteriae
1399 712 1471 747 sunt
1492 736 1502 751 ,
1535 713 1748 755 Temporales
1768 680 1918 746 videlicet
1943 734 1956 751 ‚
1980 720 2013 742 ac
2036 710 2168 757 Caroti-

1159 759 1233 797 des,
1255 762 1288 792 Ec
1310 758 1449 801 denique
1471 757 1571 791 etiam
1592 779 1605 797 ,
1637 767 1710 790 cum
1733 757 1807 789 licet
1826 780 1837 795 ‚
1871 765 1942 798 quae
1966 752 2004 786 ad
2036 753 2168 794 ingusna

1161 804 1299 842 saliunt,
1321 801 1493 840 Crurales;
1518 811 1616 844 neque
1640 800 1725 833 enim
1749 799 1845 842 usque
1870 797 1949 831 adeo
1969 807 2080 830 verum
2103 794 2168 845 est,

1159 857 1218 880 nou
1242 846 1392 879 minorem
1414 856 1509 888 quarn
1534 844 1647 878 harum
1664 867 1677 884 ‚
1699 843 1891 877 evidentiam
1907 865 1918 881 ‚
1941 841 1984 873 &¹
2006 845 2168 882 magnitu-

1160 891 1263 923 dinem
1285 887 1341 922 esse
1364 887 1560 922 Carotidum
1587 909 1597 925 ‚
1629 897 1707 931 quas
1732 892 1838 920 tamen
1861 886 1905 918 ob
1927 886 2031 917 minus
2055 892 2168 931 acor-

1160 932 1199 965 de
1222 931 1428 966 intervallum
1450 953 1460 970 ‚
1494 943 1559 964 non
1583 943 1632 964 me
1666 929 1756 973 fugit
1780 955 1789 970 ,
1822 929 1977 973 peculiari
2000 925 2056 960 esse
2079 937 2113 958 1n
2137 935 2170 970 re

1162 976 1221 1010 hac
1245 976 1423 1009 attentione
1457 974 1589 1017 dignas.
1722 973 1779 1007 Est
1801 975 1898 1007 etiam
1930 971 2170 1018 utrumque-als-

1164 1020 1295 1062 phyxiae
1328 1029 1425 1061 genus
1448 1017 1624 1060 aliquando
1655 1016 1696 1051 ab
1726 1016 1960 1059 impedimento
1995 1014 2174 1062 adventitio

1164 1064 1329 1096 ambarum
1349 1085 1358 1100 ‚
1396 1070 1451 1095 aut
1474 1060 1669 1105 singularum
1692 1062 1879 1094 arteriarum
1911 1070 1988 1101 quas
2013 1059 2047 1091 in
2070 1067 2173 1095 carpis

1164 1116 1293 1148 tangere
1315 1104 1536 1139 consuevimus
1560 1116 1567 1138 τ
1599 1115 1654 1137 nec
1677 1104 1755 1136 talia
1786 1104 1819 1135 in
1843 1101 2052 1145 Sepulchreto
2082 1103 2096 1140 ζ
2118 1099 2172 1149 b)

1164 1148 1276 1184 desunt
1300 1148 1463 1191 exempla.
1487 1148 1542 1182 Ad
1562 1158 1660 1191 eaque
1684 1146 1768 1181 illud
1791 1146 1926 1188 pertinet
1947 1144 2033 1188 quod
2056 1146 2176 1176 Lanci-

1164 1193 1226 1227 sius
1255 1195 1341 1236 (c)
1375 1191 1497 1226 indicat
1520 1214 1529 1230 ‚
1565 1194 1596 1224 &
1633 1202 1690 1224 nos
1725 1189 1865 1224 vidimus
1889 1212 1902 1230 ‚
1938 1190 1970 1222 in
1993 1187 2175 1220 Marchione

1163 1236 1317 1270 ‘Paulutio
1337 1260 1344 1268 .
1380 1237 1510 1269 Scilicet
1542 1234 1683 1278 designat
1725 1233 1861 1268 eundem
1894 1229 2174 1266 Generosissimum

1164 1282 1307 1320 Virum,
1329 1278 1420 1322 cujus
1443 1279 1483 1313 de
1506 1278 1622 1312 morbo
1636 1304 1644 1317 ,
1667 1275 1904 1311 &diffeffione
1926 1276 2071 1318 pleraque
2097 1273 2174 1307 alias

1163 1328 1177 1364 (
1200 1325 1254 1364 d)
1285 1323 1324 1357 ad
1356 1332 1388 1356 te
1421 1322 1600 1366 scripsimus
1626 1335 1634 1353 :
1670 1321 1788 1364 quibus
1813 1320 1875 1355 hoc
1908 1330 2036 1363 quoque
2060 1315 2173 1367 addere

1165 1379 1226 1411 pro
1257 1376 1347 1402 certo
1370 1377 1463 1407 potes
1484 1388 1498 1406 ‚
1530 1367 1566 1399 in
1597 1376 1696 1408 carpo
1732 1363 1856 1399 sinistro
1889 1362 2016 1406 pulsum
2049 1372 2174 1404 percipi

1166 1422 1231 1445 non
1256 1409 1409 1453 potuisse.
1433 1411 1528 1444 Num
1550 1420 1627 1443 vero
1659 1407 1694 1442 id
1717 1420 1755 1442 ex
1777 1420 1815 1442 eo
1841 1407 1941 1442 fuerit
1965 1430 1978 1447 ‚
2008 1404 2096 1448 quod
2121 1416 2178 1447 po-

1164 1456 1316 1498 lyposum
1348 1465 1464 1497 corpus
1498 1452 1599 1486 ferme
1632 1452 1788 1494 implebat
1824 1449 1980 1484 sinistram
2026 1450 2177 1482 arteriam

1167 1499 1370 1532 Subclaviam
1394 1521 1406 1537 ‚
1438 1509 1501 1541 qua
1524 1498 1650 1530 ratione
1682 1494 1861 1530 consimilis
1893 1494 1992 1527 etiam
2016 1491 2179 1526 Observa-

1165 1544 1237 1582 ti0‚
1263 1543 1297 1575 in
1320 1541 1424 1575 nobili
1447 1541 1515 1574 alio
1541 1540 1627 1574 Viro
1650 1538 1753 1582 postea
1768 1538 1905 1583 habita,
1928 1537 2088 1580 explicata
2112 1534 2181 1574 est,

1168 1597 1206 1619 au
1240 1584 1368 1619 aliunde
1399 1584 1499 1626 repeti
1532 1584 1674 1626 potuerit
1695 1594 1708 1623 ;
1739 1593 1814 1616 cum
1839 1581 1945 1615 absens
1966 1605 1975 1621 ,
1995 1578 2181 1630 aneu-rysmz

1167 1629 1256 1672 quod
1278 1629 1318 1663 ad
1340 1636 1540 1662 curvaturam
1562 1627 1674 1660 Aortae
1697 1635 1783 1664 erat,
1809 1624 1876 1668 ipse
1898 1634 1963 1657 non
1979 1632 2182 1670 examinave-

1170 1675 1232 1707 rim
1254 1696 1265 1712 ,
1298 1674 1332 1705 in
1356 1670 1465 1705 medio
1497 1671 1648 1714 relinquo
1675 1694 1684 1702 .
1720 1670 1860 1704 Memini
1892 1677 1978 1701 certe
2015 1666 2182 1708 cujusdam

1169 1716 1307 1751 Harveii
1339 1717 1425 1755 (e)
1458 1713 1704 1753 observationis
1727 1735 1736 1750 ,
1768 1724 1866 1757 quam
1897 1714 1932 1746 in
1966 1709 2179 1754 Sepulchreto

1169 1771 1234 1793 non
1258 1760 1389 1793 invenio
1409 1781 1419 1796 ‚
1453 1769 1564 1800 nempe
1588 1758 1622 1791 in
1654 1769 1720 1799 quo
1742 1755 1923 1799 aneurysma
1956 1753 2184 1798 deprehensum

1169 1803 1212 1837 est
1245 1805 1277 1837 in
1300 1805 1410 1836 dextra
1440 1809 1534 1843 parre
1553 1800 1690 1844 juguli,
1747 1810 1817 1843 rope
1850 1797 2024 1842 descensum
2055 1799 2179 1831 arteria

1162 1846 1348 1889 suhlclaviae
1372 1846 1403 1879 in
1429 1845 1548 1878 axillas
1568 1867 1580 1884 ‚
1611 1843 1649 1878 ab
1673 1845 1769 1885 ipius
1794 1844 1917 1877 arteriae
1954 1841 2087 1884 exefione
2109 1851 2184 1883 pro-

1164 1898 1299 1932 gnatum
1322 1914 1334 1930 ‚
1367 1914 1375 1921 .
1436 1913 1443 1920 .
1478 1890 1510 1923 in
1534 1887 1591 1921 illo
1610 1886 1737 1930 pulsum
1760 1886 1894 1930 ejusdem
1915 1884 2038 1919 brachii
2070 1885 2184 1918 exilem

1167 1935 1334 1968 admodum
1358 1931 1449 1966 fuisse
1472 1955 1485 1972 ,
1518 1942 1551 1965 eo
1574 1931 1655 1973 quod
1675 1955 1688 1971 ‚
1719 1933 1825 1974 inquit
1851 1954 1860 1970 ,
1892 1929 1993 1968 major
2017 1927 2184 1972 sanguinis·

1164 1979 1272 2019 portio
1307 1977 1350 2010 Θ·
1384 1974 1523 2017 influxus
1555 1974 1588 2007 in
1624 1981 1778 2008 tumorem
1810 1972 2051 2008 divertebatur.

1172 2020 1269 2054 Unde
1292 2031 1368 2053 vero
1390 2021 1424 2052 in
1449 2018 1554 2053 multo
1577 2017 1721 2051 breviore
1733 2017 1869 2056 morbo,
1894 2017 2155 2060 peripneumonia
2174 2039 2185 2054 ‚

1169 2064 1291 2097 saecum
1314 2063 1456 2097 dicemus
1480 2087 1489 2100 ,
1523 2070 1559 2095 ut
1582 2062 1638 2094 ille
1669 2060 1709 2095 de
1732 2073 1800 2104 quo
1837 2059 1879 2095 est
1903 2060 2062 2093 Seffionis
2088 2058 2190 2101 hujus

1170 2107 1369 2141 Observatio
1392 2107 1494 2139 XXX.
1520 2104 1648 2139 haberet
1664 2104 1775 2148 pulsus
1799 2105 1833 2138 in
1863 2105 1974 2138 dextra
1997 2114 2091 2137 manu
2108 2100 2183 2147 fere

1169 2148 1330 2184 abolitos?
1355 2161 1393 2182 an
1418 2150 1499 2183 unde
1521 2148 1766 2182 observationis
1790 2148 1903 2182 auetor
1925 2148 1997 2188 ait,
2020 2148 2186 2185 Saxonia„‚

1169 2194 1250 2235 quod
1271 2194 1378 2226 durior
1411 2194 1571 2234 majorque
1596 2193 1630 2226 in
1652 2192 1763 2226 dextro
1791 2192 1935 2233 pulmone
1959 2189 2033 2224 esset
2058 2188 2184 2234 inflam-

1167 2234 1293 2270 matio?
1317 2237 1349 2269 Si
1374 2235 1448 2269 inde
1472 2234 1564 2275 fuit,·
1595 2245 1672 2268 num
1697 2244 1864 2277 propterea
1888 2234 1954 2268 suit
1979 2233 2066 2277 quod
2090 2235 2129 2266 ab
2151 2245 2185 2266 ee

1163 2278 1307 2322 jusmodi
1333 2279 1484 2321 pulmone
1509 2278 1659 2325 proli-<ima
1681 2278 1808 2311 dextera
1843 2278 2112 2320 comprimeretur
2135 2289 2186 2309 ar-

1166 2324 1249 2358 teria
1274 2322 1472 2357 Subclavia?
1495 2324 1540 2356 At
1564 2323 1586 2354 si
1610 2320 1673 2355 hoc
1699 2322 1849 2364 ponimus
1871 2333 1882 2360 3
1907 2322 2063 2354 continuo
2087 2322 2181 2354 nobis

1166 2366 1345 2400 videndum
1369 2365 1412 2399 est
1433 2389 1444 2406 ‚
1475 2377 1532 2399 cur
1554 2366 1588 2398 in
1627 2366 1755 2409 paribus
1773 2388 1783 2403 ,
1818 2376 1888 2408 quae
1911 2375 1994 2398 certe
2016 2375 2080 2397 non
2106 2377 2182 2397 rarae

1167 2409 1241 2444 sunt
1265 2435 1274 2450 ‚
1307 2409 1422 2444 summi
1448 2410 1614 2451 pulmonis
1647 2409 1835 2442 alterutrius
1869 2408 2181 2442 inflammationibus

1166 2464 1233 2486 non
1259 2464 1366 2495 parem
1393 2452 1504 2497 pulsus
1527 2451 1666 2494 ejusdem
1690 2452 1800 2485 lateris
1824 2451 2038 2485 abolitionem
2070 2451 2182 2495 depre-

1167 2496 1366 2530 hendamus.
1505 2497 1656 2528 Omnino
1680 2504 1785 2528 autem
1817 2495 1924 2529 multo
1949 2494 2075 2530 facilius
2110 2497 2182 2538 pul-

1167 2551 1303 2573 monum
1327 2540 1487 2573 vomicam
1513 2538 1675 2581 asphyxiae
1708 2538 1842 2572 infantis
1865 2538 1989 2573 causam
2024 2550 2040 2572 a
2064 2540 2182 2581 Spind-

1167 2585 1236 2617 lero
1269 2580 1356 2626 (f)
1388 2594 1442 2625 per
1466 2591 1635 2616 anatomen
1666 2581 1827 2616 detestam
1860 2580 1950 2617 fuisse
1974 2607 1986 2624 ,
2017 2583 2145 2617 credam
2171 2608 2181 2625 9

1167 2639 1266 2671 quam
1290 2627 1493 2670 apulmonis
1518 2626 1633 2660 finistri
1656 2627 1761 2666 vitio,
1784 2625 1872 2670 quod
1896 2635 1932 2660 ut
1957 2627 1996 2660 ab
2020 2627 2047 2660 se
2063 2627 2180 2670 praedi-

1168 2673 1259 2706 (stum
1281 2682 1320 2703 ex
1344 2669 1436 2712 pulsu
1459 2694 1471 2711 ‚
1503 2671 1550 2705 ita
1572 2681 1701 2713 quoque
1739 2671 1903 2704 inventum
1928 2671 2074 2705 Celebris
2101 2675 2180 2707 Pro-

1166 2715 1265 2750 fessor
1297 2714 1378 2747 olim
1412 2712 1545 2757 ajebat,
1579 2713 1704 2755 pulsum
1738 2715 1772 2746 in
1803 2711 1926 2747 sinistro
1959 2716 2078 2757 pariter
2110 2728 2180 2751 cai·—

1166 2771 1211 2836 po
1245 2757 1470 2793 humillimum
1501 2756 1812 2803 infirmiffimumque
1843 2756 1900 2793 esse
1933 2758 2054 2794 laetum
2078 2771 2178 2804 agno.

1183 2814 1253 2844 cam
1267 2828 1274 2835 .

1211 2861 1243 2889 9-
1270 2845 1329 2880 Sed
1351 2855 1387 2882 ut
1411 2847 1468 2882 has
1480 2844 1701 2891 singulorum,
1724 2856 1779 2882 aut
1802 2845 1928 2884 brachii
1938 2844 2036 2884 etiam
2058 2851 2178 2884 utriusq

1166 2902 1229 2932 que
1251 2891 1313 2924 sive
1334 2903 1349 2924 a
1373 2901 1486 2925 natura
1512 2917 1521 2932 ‚
1546 2892 1605 2924 sive
1628 2904 1645 2924 a
1668 2892 1782 2925 morbo
1804 2895 2027 2936 provenientes
2060 2893 2178 2938 asphy„

1165 2937 1235 2968 κίεις
1257 2936 1448 2968 omittamus
1471 2957 1479 2973 ‚
1515 2937 1654 2978 itemque
1676 2936 1747 2968 illas
1768 2947 1841 2980 quae
1863 2938 1897 2970 in
1923 2938 2047 2970 arteriis
2070 2940 2178 2971 omnia

1165 2978 1226 3012 bus
1241 3001 1250 3015 ‚
1273 2978 1475 3021 quascunque
1499 2987 1626 3021 tangere
1649 2977 1778 3022 possunt
1801 2980 1943 3019 Medici,
1965 2982 2049 3014 circa
2073 2982 2177 3015 letha-

1166 3022 1257 3064 lium?
1272 3023 1455 3055 morborum
1487 3021 1583 3055 finem
1607 3021 1690 3057 haud
1714 3033 1786 3056 raro
1809 3025 1906 3058 etiam
1943 3025 1981 3058 ad
2004 3023 2140 3059 biduum
2161 3049 2175 3066 5

1167 3068 1222 3105 aut
1245 3066 1348 3109 plures
1371 3065 1438 3098 dics
1461 3074 1634 3100 occurrunt
1656 3066 1739 3100 nihil
1758 3066 1906 3101 habentes
1929 3068 2177 3109 admirationis,

1165 3110 1286 3152 quippe
1308 3120 1381 3156 cum
1406 3109 1526 3142 summa
1551 3109 1731 3153 conjunetae
1753 3110 1974 3146 deficientium
1995 3114 2114 3152 virium
2137 3125 2176 3145 o-

1165 3155 1289 3186 mnium
1320 3151 1496 3195 dejec'tione
1515 3176 1523 3189 ,
1558 3156 1590 3187 ὅ(
1627 3152 1769 3189 sensuum
1806 3154 1996 3189 hebetudine
2017 3167 2031 3194 ς
2060 3167 2174 3197 magna

1165 3206 1251 3230 certe
1273 3196 1446 3231 difficultas
1481 3196 1524 3230 est
1545 3198 1582 3230 in
1602 3198 1726 3231 caeteris
1748 3199 1816 3232 illis
1838 3224 1846 3237 ‚
1879 3199 1917 3232 de
1940 3197 2057 3243 quibus
2082 3198 2172 3241 supra

1166 3239 1292 3274 diffisum
1316 3239 1358 3273 esl:
1381 3263 1392 3279 ‚
1417 3238 1582 3282 asphyxiis
1604 3264 1611 3271 .
1646 3243 1736 3284 AEgri
1760 3244 1847 3275 enim
1869 3243 2008 3275 externis
2029 3265 2041 3282 ,
2073 3243 2173 3276 inter—

1168 3283 1279 3326 nisque
1303 3283 1438 3317 sensibus
1464 3283 1539 3317 satis
1563 3285 1693 3327 vigent,
1717 3285 1893 3328 loquuntur
1914 3285 2083 3319 commode
2106 3309 2118 3325 ‚
2142 3285 2170 3319 se

1166 3326 1205 3360 de
1228 3328 1324 3361 latere
1349 3329 1382 3360 in
1406 3327 1488 3361 latus
1509 3338 1699 3362 convertunt
1723 3332 1777 3371 (g
1799 3332 1809 3367 )
1833 3353 1842 3368 ,
1865 3330 1944 3371 quin
1969 3339 2118 3372 prompte
2142 3329 2171 3361 se

1166 3372 1295 3413 erigunt
1319 3371 1421 3419 aliqui
1445 3373 1459 3409 (
1480 3370 1502 3404 h
1523 3375 1565 3412 )‚
1599 3374 1632 3404 &
1653 3371 1740 3414 quod
1764 3372 1866 3405 noster
1889 3371 1972 3406 vidit
1997 3373 2172 3405 Ramazzi-

1166 3425 1223 3448 nus
1246 3417 1261 3454 <
1282 3415 1294 3448 i
1316 3418 1352 3454 ),
1375 3416 1501 3455 juvenis
1520 3415 1650 3458 quidam
1674 3415 1828 3449 Hebraeus
1851 3439 1864 3456 ‚
1894 3417 1948 3449 cui
1971 3415 2012 3449 ad
2034 3425 2173 3458 quatuor

1168 3456 1235 3492 dies
1268 3456 1383 3492 nullibi
1404 3458 1527 3491 arteriae
1559 3456 1719 3492 micabant
1744 3485 1752 3498 ‚
1786 3459 1861 3493 adeo
1895 3458 2036 3498 robustus
2071 3466 2140 3492 erat
2162 3484 2172 3499 ‚

1166 3502 1211 3535 Θ
1231 3502 1272 3534 ad
1293 3509 1414 3534 motum
1437 3501 1598 3542 expeditus
1620 3523 1630 3538 ‚
1662 3508 1699 3534 ut
1721 3503 1816 3536 etiam
1848 3501 1914 3544 ipsa
1946 3502 1995 3536 die
2015 3526 2023 3540 ‚
2058 3513 2118 3544 qua
2156 3513 2171 3536 e

1164 3545 1312 3579 vivorum
1338 3543 1472 3584 statione
1503 3543 1622 3587 deceffir
1642 3567 1656 3585 ‚
1687 3555 1703 3578 e
1735 3544 1848 3579 leuulo
1873 3544 2090 3632 surrexerics,
2128 3546 2173 3579 &-

1703 3590 1720 3621 Ι
1743 3589 1755 3621 i
2075 3601 2132 3623 uas

1242 3712 1257 3741 (
1273 3721 1289 3735 n
1306 3713 1316 3743 J
1331 3711 1404 3740 Epist.
1420 3710 1450 3735 de
1466 3710 1561 3742 Polypo
1577 3712 1664 3738 Cordis
1678 3730 1684 3736 .
1745 3714 1759 3741 ζ
1774 3722 1788 3737 o
1803 3714 1816 3742 )
1833 3712 1895 3738 ςεέἱ.
1912 3713 1957 3738 hac
1975 3721 1999 3744 9.
2014 3712 2076 3739 Obs.
2093 3721 2134 3744 45.

1189 3780 1209 3803 y
1225 3773 1239 3802 )
1257 3772 1317 3807 Eph:
1336 3741 1512 3797 &fg-“Censt-
1533 3744 1727 3803 miglis-“22:34-
1746 3744 1769 3768 ἃ
1786 3752 1823 3775 35.

1220 3805 1233 3832 (
1250 3804 1264 3827 b
1279 3804 1293 3833 )
1309 3811 1333 3838 ψ
1351 3803 1431 3827 Schol.
1449 3803 1479 3838 ad
1498 3810 1540 3829 cit.
1558 3804 1620 3830 Obs.
1634 3812 1654 3828 ι.
1716 3806 1730 3834 ζ
1746 3812 1757 3828 e
1773 3808 1783 3838 )
1800 3807 1835 3830 De
1846 3806 1936 3830 Aneur.
1954 3807 1970 3831 ῐ.
1983 3815 2005 3834 2,
2018 3804 2115 3837 Propos.
2126 3807 2165 3835 38„

1208 3832 1275 3863 (J)
1294 3834 1347 3859 vid.
1366 3834 1419 3860 Ast.
1441 3834 1502 3864 Lips.
1519 3837 1549 3860 A.
1570 3840 1644 3866 Mors
1656 3837 1693 3861 M,
1710 3838 1781 3867 Janu.
1847 3837 1891 3866 (g
1908 3837 1916 3867 J
1934 3837 2001 3867 supra
2014 3856 2022 3869 ,
2039 3848 2062 3864 n.
2080 3846 2103 3862 τα
