2498 4075
1982 223 2039 277 73

58 370 558 439 EPISTOLA
594 373 1723 443 ANATOMICO-MEDICA
1769 371 2101 445 XXXVII-

425 527 505 580 De
540 525 711 579 litero
747 528 917 579 sermo
949 525 1051 586 est,
1084 526 1138 578 ὃς
1173 524 1234 577 de
1269 524 1496 578 Calculis
1531 524 1752 581 Biliosis.

64 699 66 702 ,
151 673 230 714 AEpe
253 673 335 707 adeo
358 685 432 707 cum
455 672 580 714 hepatis
603 672 719 710 vitiis,
741 669 780 704 de
802 671 919 711 quibus
941 672 1065 713 potissi-

160 726 246 749 mum
272 719 453 756 proximam
477 716 515 750 ad
540 727 571 749 te
596 715 772 759 Epistolam
808 713 915 754 scripsi
943 740 952 753 ‚
987 727 1064 748 con-

155 759 305 803 jungitur
326 761 463 794 Morbus
486 761 634 802 Regius,
657 767 693 792 ut
717 757 797 790 reete
821 759 854 790 in
879 757 1064 799 sepulchre-

59 812 96 837 to
118 803 238 837 duabus
258 803 295 836 de
319 805 384 837 illis
407 804 496 836 vitiis
528 803 728 837 Sectionibus
761 801 921 833 continuo
955 801 1061 844 subje-

60 848 112 879 ἃα
143 844 182 878 sit
216 845 352 880 XVIII.
386 847 492 880 Seffio
524 858 595 888 quae
625 844 663 878 de
697 842 759 877 hoc
792 843 914 877 Morbo
945 844 1058 878 inscri-

58 899 114 933 pta
137 889 198 923 est.
223 889 275 923 Ad
299 901 371 924 eum
395 889 513 933 spectat
537 889 604 923 haec
628 886 788 922 Valsalvae
814 886 914 920 nostri
938 887 1058 922 Obser.

61 943 172 966 vatio.

108 988 137 1009 2.
162 976 413 1011 SACERDOS
434 976 558 1018 juvenis
572 1002 582 1018 ,
604 976 699 1018 paulo
722 973 791 1016 post
812 971 974 1016 quandam
990 976 1059 1007 ani-

60 1021 105 1053 mi
138 1020 418 1061 perturbationem
442 1044 454 1060 ,
486 1021 577 1062 regio
610 1027 775 1060 correptus
809 1019 924 1050 morbo
962 1017 1060 1051 decu-

57 1062 130 1096 buit
154 1085 164 1099 ,
197 1074 272 1096 cum
297 1063 408 1098 dolore
434 1063 471 1097 ad
495 1064 659 1106 regionem
683 1059 840 1107 stomachi
862 1082 871 1097 ‚
896 1063 928 1093 &
951 1063 1060 1095 vomi-

57 1115 118 1146 tu,
141 1116 208 1147 quo
229 1107 339 1141 cibum
364 1108 462 1149 saepe,
484 1109 516 1139 &
540 1106 770 1140 medicamenta
795 1104 907 1146 rejecit
932 1128 939 1136 .
973 1105 1061 1137 Inte-

55 1150 118 1184 rim
141 1149 214 1182 alvo
236 1149 356 1193 dejec‘ta
381 1150 581 1184 albescebant
607 1172 615 1181 .
648 1150 727 1181 Uno
750 1156 804 1181 aut
827 1146 926 1181 altero
949 1150 1060 1181 exacto

56 1193 108 1226 die
131 1215 143 1232 ‚
176 1193 342 1235 inquietus
363 1205 448 1237 aeger
471 1216 484 1234 ,
515 1196 546 1227 &
577 1190 824 1235 quodammodo
858 1189 952 1224 hebes
990 1193 1061 1225 ani-

55 1235 271 1271 madvertitur
296 1263 304 1272 .
327 1247 365 1271 ut
389 1245 592 1272 narratorum
623 1235 866 1270 oblivisceretur
890 1259 897 1266 .
932 1234 1059 1269 Medici

57 1278 180 1313 febrem
206 1301 215 1316 ‚
249 1280 307 1313 nisi
331 1283 432 1316 tertio
454 1290 587 1313 exeunte
608 1278 662 1313 die
686 1303 695 1317 ‚
729 1289 794 1312 non
827 1277 1022 1312 adnotarunt
1048 1291 1057 1311 ι

57 1334 124 1364 quo
147 1332 290 1367 tempore
313 1322 341 1357 se
365 1323 511 1367 prodidit
536 1334 653 1366 magno
677 1326 802 1365 impetu
825 1333 899 1356 cum
921 1321 1058 1359 delirio,

60 1367 94 1399 ἃ
119 1366 381 1402 convulsionibus
404 1367 584 1410 ejusmodi,
608 1376 644 1400 ut
667 1377 751 1408 aeger
774 1366 926 1398 dentibus
947 1367 1059 1400 omnia

54 1408 164 1443 rodei-e
187 1419 381 1452 cogeretur,
403 1414 435 1445 δε
457 1411 581 1453 ingenti
606 1408 677 1443 nisu
698 1408 931 1451 propemodum
967 1410 1059 1451 supe-

56 1462 140 1486 raret
179 1453 372 1489 adstantium
407 1455 526 1487 vires:
560 1465 635 1488 curn
666 1452 718 1487 his
751 1453 891 1485 vomitus
925 1454 1060 1496 urgebat

54 1494 259 1530 subobscurae
283 1500 445 1532 materiae.
471 1497 568 1531 Mane
592 1507 670 1530 vena
695 1495 818 1530 secatur
842 1520 851 1534 ,
885 1495 966 1530 unde
991 1495 1061 1529 san-

55 1542 127 1582 guis
151 1551 225 1574 cum
250 1541 377 1584 impetu
398 1538 523 1574 exsilit:
548 1539 639 1583 cujus
661 1538 782 1577 serum,
805 1539 861 1572 ubi
885 1552 901 1573 a
924 1551 1058 1573 concre-

52 1591 87 1616 ta
112 1583 227 1618 secessit
253 1594 341 1626 parte
366 1610 376 1625 ,
408 1583 591 1618 immersum
613 1583 786 1616 linteolum
809 1579 898 1616 flavo
932 1583 1058 1617 inficie-

54 1626 112 1660 bat
135 1627 265 1661 colore.
288 1627 396 1662 Cessat
419 1627 608 1661 convulsio:
633 1626 684 1659 sed
708 1637 791 1668 aeger
813 1626 902 1670 quasi
925 1626 1058 1671 soporo-

53 1669 105 1704 sus
128 1670 217 1712 jacet
241 1693 253 1710 ,
287 1672 341 1704 vix
365 1671 395 1704 se
418 1679 528 1704 movet
553 1693 562 1709 ‚
599 1668 809 1713 admotasque
839 1670 1057 1705 cucurbitulas

54 1713 193 1752 sentire,
219 1716 274 1746 vix
296 1710 454 1748 ostendit.
481 1713 708 1756 Respiratione
732 1737 742 1753 ,
763 1712 822 1746 nisi
846 1714 936 1755 quod
958 1715 1059 1748 inter-

51 1756 130 1791 dum
152 1756 339 1800 suspiriosa,
363 1756 450 1800 quasi
462 1757 599 1791 naturali
615 1756 765 1791 utebatur
780 1783 787 1788 .
814 1757 944 1799 Qrto
956 1756 1060 1790 trans-

52 1801 125 1834 aeto
156 1800 228 1840 die,
250 1801 337 1834 obiit
360 1826 367 1832 .
504 1799 673 1834 VENT
688 1800 759 1834 RE
791 1810 903 1843 aperto
926 1825 937 1840 ,
968 1800 1059 1844 jecur

50 1845 221 1890 inventurn
246 1844 290 1877 est
315 1843 507 1882 flaccidum,
529 1845 562 1877 δι
586 1840 625 1876 ad
647 1842 867 1886 subpallidum
898 1855 1058 1887 vergens:

51 1888 86 1921 in
111 1897 180 1930 ejus
204 1886 360 1926 vesicula,
384 1887 460 1919 bilis
483 1885 699 1920 subobscura.
724 1888 763 1919 In
787 1888 968 1932 ventriculo
991 1901 1061 1923 ma-

56 1931 136 1964 teria
160 1929 397 1973 ejusdemmodi
420 1941 456 1963 ac
479 1929 656 1964 noviinmis
668 1929 799 1970 diebus,
825 1941 861 1965 ut
872 1931 995 1965 diftum
1007 1932 1062 1970 est,

53 1982 239 2009 evomuerat
265 1984 276 2007 e
314 1976 348 2007 in
372 1974 481 2007 tunica
507 1973 577 2016 ejus
599 1974 755 2007 interiore
788 1974 873 2009 circa
897 1974 1063 2009 orificium

51 2017 216 2052 sinistrum
239 2017 373 2060 disjesta
396 2015 483 2059 quasi
508 2017 627 2058 pun&a
653 2016 798 2050 rubentia
823 2043 831 2050 .
862 2018 983 2051 Multae
1007 2031 1063 2052 au-

55 2071 122 2094 tern
147 2060 201 2094 hic
225 2061 295 2095 illic
320 2072 374 2103 per
413 2070 560 2093 ventrem
584 2061 729 2094 minimae
764 2061 920 2102 glandulae
955 2074 968 2094 a
1004 2063 1061 2096 sta-

51 2113 173 2148 gnante
198 2103 349 2147 sanguine
372 2100 585 2137 inflammatae
602 2126 610 2135 .
743 2104 893 2139 Thorace
914 2106 1061 2145 recluso,

53 2147 226 2190 pulmones
250 2159 319 2185 arere
344 2156 507 2180 tumentes
531 2169 540 2183 ,
573 2157 587 2179 a
612 2146 719 2187 pleura
744 2147 844 2180 soluti
868 2173 876 2187 ‚
909 2148 931 2180 si
964 2149 1061 2191 quos-

52 2190 129 2224 dam
152 2201 206 2231 per
231 2188 389 2232 sejunffls
413 2189 649 2223 membranulas
673 2201 772 2224 nexus
794 2192 935 2233 excipias
959 2216 966 2230 ‚
988 2203 1059 2234 quae

52 2232 221 2268 sinistrum
248 2234 286 2268 ad
312 2233 454 2275 pleuram
471 2233 658 2275 ralligabant
681 2257 690 2266 .
726 2233 765 2265 In
798 2233 980 2275 pericardio
1003 2246 1060 2276 pa-

51 2289 124 2312 rum
149 2289 260 2319 aquae.
288 2277 326 2309 In
351 2276 457 2310 cordis
481 2276 671 2309 ventriculis
701 2275 826 2318 sanguis
855 2287 1022 2312 concretus
1045 2302 1055 2311 .

187 2321 316 2353 Cranio
337 2319 549 2353 circumsesto
563 2341 576 2359 ,
598 2318 761 2362 incisaque
782 2321 872 2354 Dura
895 2323 1056 2364 meninge,

52 2363 114 2397 seri
148 2362 299 2397 nonnihil
334 2363 491 2404 prodiit:
536 2363 570 2394 in
603 2362 755 2396 vasorum
800 2363 1056 2407 {anguiferorurn

52 2418 125 2450 quae
148 2418 204 2450 per
229 2408 380 2441 Tenuem
404 2407 589 2448 meningem
612 2415 730 2447 repunt
754 2431 764 2447 ,
794 2407 974 2442 interstitiis
1002 2419 1056 2450 ge-

53 2450 190 2493 latinosa
213 2449 382 2494 quaedam,
406 2448 457 2482 sed
481 2450 582 2488 levis,
605 2450 773 2484 concretio
795 2448 948 2485 adnotata
982 2452 1023 2484 eli:
1050 2462 1056 2483 :

52 2494 219 2528 cerebrum
245 2502 352 2527 autem
376 2491 469 2526 valde
491 2492 622 2532 laxum,
646 2503 747 2535 neque
770 2495 906 2527 omnino
931 2504 1060 2529 natura-

52 2538 78 2571 li
113 2539 249 2576 colore,
280 2547 378 2579 quem
411 2533 539 2569 fortasse
571 2536 645 2570 bilis
681 2537 820 2570 tinEtura
855 2540 1026 2572 vitiaverat
1050 2562 1059 2571 .

51 2582 144 2615 Dum
170 2581 206 2614 ad
231 2579 399 2614 cerebrum
423 2579 626 2613 eximendum
650 2601 660 2616 ‚
693 2581 779 2614 intra
803 2578 965 2615 summum
989 2592 1060 2615 ver..

50 2625 215 2658 tebrarum
239 2623 356 2657 tubum
381 2623 521 2665 Spinalis
544 2623 685 2657 medulla
711 2622 876 2657 secabatur
900 2648 909 2663 ‚
943 2625 983 2659 ab
1006 2637 1060 2658 ex-

52 2676 147 2702 terno
171 2666 271 2708 huius
294 2666 441 2701 medullae
466 2667 606 2709 pariete,
632 2666 719 2709 quasi
743 2679 780 2700 ex
804 2665 939 2702 disse&o
973 2669 1059 2710 lym-

52 2712 125 2756 phae
148 2711 269 2748 duom,
295 2708 399 2761 setosa
424 2711 576 2750 materia,
601 2719 657 2744 nec
682 2710 901 2745 breviffimum
925 2712 963 2747 ad
979 2721 1060 2746 tem-

55 2767 138 2799 pus,
162 2764 345 2788 emanavit.

102 2809 130 2841 3.
158 2798 250 2840 Qid
274 2797 389 2839 poffint
413 2799 514 2832 animi
535 2796 792 2840 perturbationes
814 2798 848 2831 in
872 2798 961 2841 regio
973 2808 1060 2832 mor-

54 2842 99 2876 bo
131 2840 300 2876 inferendo
323 2865 332 2881 ,
366 2853 440 2875 cum
473 2842 590 2875 crebrae
625 2844 659 2875 in
692 2841 856 2875 Medicina
888 2842 1058 2875 exercenda

55 2886 297 2919 observationes
330 2885 500 2919 ostendunt
536 2911 546 2925 ‚
590 2895 663 2919 tum
699 2884 860 2927 proposita
893 2885 1055 2919 evidenter

58 2929 233 2963 confirmat
258 2951 265 2960 .
299 2927 417 2969 Neque
440 2930 472 2962 id
500 2931 618 2962 mirum
644 2928 885 2963 attendentibus
910 2951 919 2966 ‚
954 2941 1058 2970 quan-

55 2983 127 3007 tum
151 2983 225 3006 cum
249 2971 347 3004 animi
371 2972 675 3013 perturbationibus
696 2973 788 3005 nervi
825 2972 1026 3005 consentiant
1051 2998 1060 3012 ‚

56 3020 89 3050 ἃ
111 3025 269 3059 quantum
292 3013 390 3048 iidem
412 3016 539 3049 valeant
563 3020 653 3050 nervi
677 3016 712 3049 in
735 3014 908 3049 afficiendis
929 3015 1060 3058 sangui-

57 3059 154 3100 feris,
176 3062 207 3092 &
232 3058 419 3092 excretoriis
443 3058 521 3093 vasis
546 3083 556 3098 ,
581 3061 611 3092 &
636 3063 667 3094 in
693 3059 864 3093 secretorio
885 3058 955 3101 ipso
977 3061 1060 3092 inti-

58 3115 132 3141 mo,
158 3103 253 3146 quale
277 3100 309 3134 id
334 3112 459 3143 cunque
482 3101 544 3142 sit,
566 3114 712 3146 organo,
735 3103 866 3143 &quod
887 3101 1060 3146 consequi-

57 3158 133 3187 tur,
157 3149 190 3179 in
214 3147 387 3180 humorum
412 3146 664 3187 secretionibus,
686 3148 717 3178 ἅτ
741 3146 983 3179 excretionibus
1016 3148 1064 3178 vi-

57 3190 177 3225 tiandis
202 3192 232 3222 &
255 3187 491 3230 impediendis.
516 3190 661 3231 Cogita,
683 3190 716 3222 in
741 3188 933 3232 quibusdam
959 3192 1062 3231 magis

58 3234 238 3269 consentire
261 3242 375 3266 nervos
397 3230 559 3274 hepaticos
581 3256 593 3271 ,
627 3242 682 3267 aut
705 3232 727 3266 fi
761 3233 816 3266 alii
840 3235 935 3266 etiarn
970 3235 1059 3266 nervi

59 3278 286 3315 consentiant,
310 3273 434 3308 facilius
457 3284 562 3309 tamen
588 3278 622 3309 in
645 3277 741 3310 certis
765 3276 1062 3317 corporibusliepa-

59 3325 102 3357 tis
124 3320 195 3354 vasa
221 3342 229 3358 ,
262 3321 293 3352 &
318 3318 522 3352 secretorium
544 3331 702 3361 organum
736 3331 905 3353 nervorum
938 3321 1059 3352 affitioni

59 3367 191 3402 cedere3
216 3365 246 3396 &
269 3373 326 3396 cur
349 3362 381 3394 iti
406 3363 444 3394 iis
466 3363 590 3396 oriatur
613 3363 732 3396 i&erus
756 3364 794 3396 ab
818 3364 916 3396 animi
941 3361 1064 3396 affecti-

59 3410 144 3448 bus,
166 3408 323 3441 continuo
346 3405 529 3448 intelliges.
555 3406 607 3439 Sic
631 3406 713 3449 apud
736 3405 973 3440 Hoffmannum
998 3409 1063 3445 (a)

59 3455 98 3487 de
121 3453 257 3486 foemina
281 3450 363 3491 leges
387 3473 397 3488 ‚
435 3449 487 3481 cui
520 3449 638 3491 quoties
674 3448 710 3482 ob
738 3448 927 3493 pi‘aegreffam
960 3450 1058 3483 animi

61 3494 295 3530 commotionem
318 3517 326 3525 .
340 3515 348 3522 .
362 3516 370 3524 .
386 3516 393 3524 .
418 3491 493 3525 novi
525 3490 705 3525 accedebant
739 3492 876 3533 insultus
892 3492 1026 3536 febriles
1047 3517 1057 3532 ‚

146 3536 311 3580 Morgagni
320 3536 355 3569 de
366 3536 433 3569 Sed.
444 3534 582 3576 &Caufi
596 3534 698 3567 Morb.
714 3538 812 3570 Tom.
825 3537 870 3568 ΙΙ.

215 3732 308 3758 Medic.
326 3735 383 3758 Rat.
399 3734 431 3757 T.
448 3740 472 3762 4.
490 3732 519 3756 P.
536 3741 560 3761 4.
577 3743 598 3759 c.
616 3741 653 3760 12.
669 3732 727 3760 ΟΜ.
744 3741 774 3762 3„
829 3734 843 3763 (
858 3734 872 3758 b
887 3734 900 3763 )
917 3733 984 3765 supra
998 3751 1005 3764 ,
1023 3743 1049 3759 n.
1066 3743 1086 3758 2.

216 3763 325 3790 Edition.
342 3772 395 3795 quae
410 3771 458 3789 una
473 3767 531 3789 tunc
548 3771 601 3790 erat
612 3781 619 3795 ,
637 3765 661 3789 δι
675 3765 716 3791 diu
732 3762 794 3794 suit,
810 3765 921 3790 Parifien.

123 3731 199 3793 {2³2

994 3766 1228 3796 (e]l.2.n-4·

1111 670 1255 714 protinus
1279 669 1393 704 ift'erus
1417 681 1486 705 cum
1511 669 1651 703 omnibus
1666 670 1888 708 revertebatur
1917 670 2112 712 symptoma-

1114 714 1219 747 tibus.
1246 713 1346 751 Quod
1371 712 1393 745 ii
1418 711 1512 747 addas
1535 723 1635 746 certas
1661 712 1823 755 sanguinis
1846 738 1857 754 ,
1890 725 1944 747 aut
1971 715 2111 746 materiae

1115 758 1189 790 bilis
1212 755 1251 788 ab
1273 768 1310 789 eo
1334 757 1527 791 secernendae
1550 779 1561 794 ,
1587 760 1641 790 aut
1666 756 1815 789 viscerum
1840 767 2027 790 caeterorum
2053 755 2114 787 dis-

1115 799 1309 842 positiones;
1333 809 1426 833 tanto
1449 799 1548 842 magis
1574 802 1604 832 δε
1629 811 1694 832 rem
1731 801 1890 842 intelliges
1916 823 1925 838 ,
1958 803 1988 832 δι
2011 799 2112 841 origi-

1113 854 1185 876 nem
1211 842 1466 885 symptomatum
1490 843 1768 885 graviffimomm,
1794 856 1865 887 quae
1887 842 2049 877 interdum
2074 843 2114 876 ad

1110 887 1245 920 infterum
1271 886 1447 925 accedunt,
1473 890 1503 920 δι
1529 896 1665 920 mortem
1693 885 1830 921 afferunt
1854 889 2010 930 opinione
2033 886 2115 919 cele-

1110 932 1248 963 riorem·
1275 931 1355 963 Haec
1380 930 1480 964 ferme
1504 931 1613 963 omnia
1631 956 1639 970 ,
1662 939 1697 964 ut
1720 931 1754 963 in
1779 931 1938 973 proposita
1965 928 2113 964 Sacerdo-

1110 974 1153 1007 tis
1176 972 1414 1007 observatione
1438 972 1661 1015 agnoscimus,
1686 975 1732 1006 ita
1758 976 1910 1017 exemplis
1936 984 2048 1015 magna
2074 983 2113 1006 ex

1112 1025 1201 1059 parte
1224 1027 1288 1049 non
1313 1017 1514 1050 absimilibus
1538 1017 1733 1050 illustremus
1758 1043 1765 1051 .
1790 1018 1944 1056 Quorum
1969 1019 2112 1058 primum

1111 1060 1204 1094 nobis
1229 1060 1383 1093 Bononiae
1406 1060 1617 1102 degentibu53
1641 1061 1688 1093 ibi
1712 1062 1818 1098 enim,
1845 1073 1900 1094 nec
1926 1061 2036 1093 multis
2060 1071 2116 1092 an—

1114 1114 1145 1137 te
1168 1104 1257 1136 annis
1280 1102 1311 1135 id
1337 1106 1545 1145 contigerat,
1571 1104 1609 1135 ab
1632 1103 1760 1144 doffis,
1784 1104 1999 1146 gravibusque
2023 1104 2116 1135 Viris

1113 1155 1277 1181 narratum
1299 1146 1340 1180 est
1363 1168 1373 1184 ,
1405 1150 1435 1180 &
1461 1158 1477 1179 a
1499 1146 1651 1179 Valsalva
1675 1145 1745 1188 ipso
1769 1148 1826 1190 qui
1852 1147 1988 1180 setftioni
2014 1144 2114 1179 affue-

1112 1200 1182 1231 rat,
1203 1187 1453 1224 confirmatum.

1152 1246 1183 1278 4.
1207 1234 1321 1278 JUV
1337 1233 1437 1266 ENI
1461 1232 1706 1275 peringenioso,
1731 1234 1834 1266 Sacris
1859 1235 1890 1266 δέ
1916 1233 2036 1267 litteris
2061 1231 2117 1265 ad-

1109 1278 1222 1316 dic'to‚
1248 1279 1449 1310 truculentus
1473 1279 1503 1309 δι
1525 1278 1637 1309 minax
1659 1276 1710 1309 vir
1727 1275 1900 1319 sclopetum
1925 1275 2120 1317 necopinan-

1110 1322 1137 1355 ti
1161 1321 1198 1354 ad
1221 1320 1332 1363 peetus
1355 1322 1515 1354 intentat.
1539 1320 1667 1361 Magno
1692 1320 1746 1353 ille
1772 1329 1892 1353 terrore
1918 1317 2076 1362 perculsus
2100 1342 2109 1356 ‚

1110 1365 1263 1407 postridie
1279 1364 1436 1398 'istericus
1448 1361 1508 1403 fit,
1530 1362 1735 1397 moxdelirus
1749 1386 1758 1401 ‚
1781 1372 1817 1396 ut
1844 1373 1999 1396 notorum
2021 1373 2121 1403 agno-

1112 1408 1210 1444 sceret
1233 1409 1414 1445 neminem,
1438 1406 1489 1440 sed
1513 1406 1691 1440 identidem
1714 1407 1867 1440 clamaret
1890 1431 1902 1448 ³
1923 1407 1967 1441 oli
1992 1406 2120 1440 facinus

1111 1453 1304 1494 indignum!
1330 1460 1399 1485 tum
1425 1450 1625 1484 convulsivis
1650 1451 1885 1493 agitationibus
1918 1451 2016 1483 tantis
2047 1458 2121 1482 cor-

1114 1506 1222 1537 reptus
1237 1518 1249 1535 ,
1273 1495 1329 1528 vix
1352 1504 1389 1528 ut
1414 1495 1545 1527 retineri
1569 1493 1668 1534 posset
1683 1494 1863 1528 multorum
1888 1494 2123 1533 manibus,in-

1112 1549 1160 1572 tra
1187 1538 1282 1573 horas
1308 1551 1324 1573 a
1347 1538 1454 1571 delii-ii
1490 1537 1592 1569 initio
1628 1538 1748 1579 viginti
1785 1547 1927 1579 quatuor
1960 1536 2117 1570 extinRus

1110 1584 1171 1616 est.
1308 1582 1338 1614 C
1350 1583 1380 1614 A
1392 1582 1463 1614 DA
1476 1581 1508 1612 V
1522 1581 1552 1613 E
1567 1582 1594 1612 R
1609 1580 1624 1611 I
1638 1582 1656 1613 S
1680 1580 1776 1614 sestio
1787 1580 2023 1614 nihilostendit
2035 1577 2124 1622 quod

1111 1626 1274 1659 videretur
1305 1635 1498 1667 magnopere
1530 1624 1740 1657 adnotatione
1770 1624 1908 1666 dignum
1945 1651 1953 1665 ‚
2001 1622 2022 1656 si
2069 1633 2126 1654 va*

1109 1670 1140 1703 sa
1174 1670 1314 1711 excipias
1358 1665 1536 1711 sanguifera
1572 1678 1627 1708 per
1657 1668 1806 1701 Tenuem
1851 1669 2039 1710 meningem
2073 1677 2125 1698 te-

1110 1714 1241 1791 pentia,
1264 1723 1335 1756 quae
1358 1712 1453 1754 nigro
1477 1709 1630 1753 sanguine
1655 1710 1976 1754 plurimumdistenta
2000 1717 2126 1753 reperta

1129 1767 1206 1791 unt.

1159 1812 1189 1842 5.
1216 1802 1345 1834 Poterat
1371 1812 1386 1833 a
1412 1799 1505 1832 nobis
1531 1796 1592 1831 hoc
1615 1799 1798 1841 exemplum
1821 1799 1907 1832 inter
1940 1809 1974 1831 ea
2008 1796 2121 1830 referri·

1112 1855 1183 1887 quae
1208 1843 1245 1876 ad
1270 1844 1394 1877 Deliria
1420 1845 1579 1878 attinent,
1604 1851 1657 1875 aut
1681 1846 1779 1876 etiam
1804 1843 1842 1876 ad
1865 1840 2085 1876 convulsione-:s
2114 1866 2121 1872 .,

1115 1887 1173 1921 Sed
1196 1887 1351 1930 quoniam
1375 1900 1390 1920 a
1415 1896 1536 1919 terrore
1561 1886 1702 1926 primum
1725 1887 1873 1920 omnium
1901 1886 2129 1928 malorumapu

1114 1932 1222 1973 paruit
1246 1931 1381 1970 ieter-m,-
1403 1929 1456 1964 hic
1480 1929 1652 1963 maluimus
1674 1928 1848 1964 recensere.
1873 1930 1975 1963 Hunc
1997 1938 2130 1961 contra*

1113 1976 1182 2009 &io
1206 1973 1312 2007 fecisse
1336 1973 1465 2007 videtur
1488 1971 1713 2016 hepaticorum
1738 1984 1935 2007 nervorum:
1961 1973 2039 2006 bilis
2065 1984 2121 2005 ath

1113 2029 1179 2051 tem
1205 2017 1339 2050 materia
1363 2039 1373 2054 ,
1408 2027 1520 2057 magna
1545 2028 1584 2049 ex
1619 2026 1708 2058 parte
1732 2018 1765 2050 in
1790 2016 1942 2058 sanguine
1968 2026 2088 2049 retenta
2115 2037 2128 2053 w

1115 2063 1222 2095 acrior
1237 2085 1245 2100 ‚
1268 2070 1305 2094 ut
1330 2061 1362 2093 in
1382 2061 1505 2104 Juvene
1521 2086 1530 2100 ,
1555 2062 1586 2091 &
1609 2062 1799 2098 cerebrum,
1825 2071 1861 2094 ut
1885 2062 1918 2093 in
1943 2061 2131 2097 Litterato,

1116 2106 1253 2138 maxime
1276 2103 1435 2142 afficiens,
1461 2112 1575 2137 caetera
1600 2103 1762 2138 attulisse.

1167 2150 1198 2180 6.
1232 2147 1390 2189 Exempla
1425 2148 1508 2189 apud
1543 2146 1692 2181 Medicus
1724 2148 1885 2182 Autotores
1920 2147 1981 2181 alia
2009 2172 2016 2188 ,
2049 2159 2129 2181 cun-r

1112 2191 1272 2225 Valsalvae
1296 2191 1442 2234 exemplo
1467 2188 1519 2233 (b
1544 2194 1554 2229 )
1579 2192 1613 2222 in
1638 2191 1749 2225 multis
1773 2193 1987 2233 comparanda
2013 2214 2022 2229 ,
2057 2203 2122 2223 non

1111 2245 1293 2277 quaeremus
1312 2255 1321 2270 ,
1343 2245 1417 2267 cum
1440 2234 1505 2267 duo
1531 2234 1585 2267 hic
1612 2236 1645 2266 in
1669 2234 1881 2277 Sepulchreto
1904 2234 1966 2276 (c)
2004 2234 2121 2267 babea-

1111 2289 1204 2313 mus.
1229 2278 1482 2311 Balloniiunum
1507 2278 1540 2310 in
1553 2276 1812 2316 adolescentulo,
1835 2277 2118 2312 ComitisChaul.

1110 2324 1162 2355 nei
1187 2321 1282 2361 filio,
1305 2320 1505 2355 Guarinonii
1531 2323 1666 2354 alterum
1700 2323 1734 2354 in
1760 2321 1933 2354 Cardinali
1961 2320 2082 2356 &sortia
2108 2347 2115 2354 .

1109 2365 1200 2398 Huic
1223 2366 1358 2398 icterico
1380 2375 1454 2398 cum
1478 2364 1575 2398 febris
1598 2363 1670 2398 esset
1694 2365 1835 2407 primurn
1850 2365 1973 2404 latens,
1999 2375 2033 2398 ut
2049 2367 2124 2399 iile-

1108 2408 1198 2447 dici,
1222 2407 1279 2441 nisi
1304 2407 1470 2451 postquam
1499 2409 1606 2441 acrior
1630 2408 1672 2442 est
1694 2408 1776 2443 fasta
1792 2431 1800 2446 ‚
1825 2420 1888 2442 non
1903 2408 2124 2452 agnoscerent,

1111 2452 1175 2485 levi
1199 2451 1386 2493 desipientia
1411 2461 1598 2494 correptus,
1623 2453 1729 2493 postea
1753 2452 1845 2486 febre
1872 2454 1985 2487 acriori
2013 2453 2118 2494 faeta,

1111 2494 1287 2536 jactatione
1311 2494 1433 2528 summa
1456 2498 1602 2537 corporis
1624 2517 1634 2532 ‚
1670 2495 1745 2530 dein
1771 2496 1872 2530 subita
1898 2497 2044 2540 epilepsia
2070 2499 2121 2531 bis

1112 2540 1313 2580 exagitatus,
1337 2538 1475 2580 denique
1499 2539 1602 2572 tribus
1627 2549 1701 2574 ante
1725 2551 1866 2573 mortem
1891 2541 2004 2574 diebus
2038 2553 2118 2575 con-

1112 2582 1269 2627 vulliones
1293 2582 1395 2616 varias
1418 2582 1568 2615 sustinens
1594 2605 1605 2620 ‚
1639 2591 1744 2617 tamen
1770 2585 1885 2617 leniter
1910 2584 2120 2628 consumptus

1113 2624 1156 2658 est
1179 2650 1188 2666 ‚
1222 2626 1365 2667 jecinore
1388 2652 1399 2666 ‚
1433 2628 1464 2658 δε
1488 2625 1623 2668 reliquis
1656 2638 1753 2670 prope
1787 2629 1939 2661 omnibus
1973 2634 2119 2671 corporis

1113 2668 1260 2709 partibus
1285 2669 1371 2703 luteo
1395 2668 1502 2704 colore
1527 2669 1683 2711 majorem
1724 2673 1756 2704 in
1790 2672 1922 2704 niodum
1951 2671 2080 2705 infertis
2108 2699 2116 2713 ,

1112 2712 1322 2754 pulmonibus
1345 2723 1448 2746 autem
1472 2714 1578 2756 quales
1600 2715 1633 2746 in
1658 2715 1697 2747 iis
1718 2713 1838 2748 offendi
1865 2714 1968 2748 solent
1992 2714 2120 2757 quidiu

1112 2758 1197 2789 inter
1222 2757 1423 2791 monendum
1458 2756 1587 2800 spiritus
1618 2756 1809 2791 difficultate
1840 2760 1974 2792 cruciati
2010 2758 2081 2792 sunt
2107 2784 2115 2792 .

1111 2798 1381 2834 Adolescentulus
1405 2810 1484 2833 vero
1508 2812 1545 2833 ex
1568 2798 1656 2833 facili
1681 2804 1712 2833 δε
1735 2802 1878 2843 lepidulo
1902 2802 2045 2835 morosus
2070 2802 2117 2835 sa-

1109 2843 1178 2877 &us
1203 2846 1233 2875 δε
1257 2842 1435 2880 subtristis,
1462 2852 1590 2886 repente
1613 2845 1713 2876 ictero
1736 2855 1934 2887 occupatus,
1960 2845 2028 2887 post
2053 2846 2118 2880 dies

1107 2888 1293 2928 quindecim
1308 2913 1317 2927 ‚
1341 2899 1414 2921 curn
1439 2887 1484 2918 nil
1508 2887 1571 2920 tale
1594 2889 1811 2928 cogitaretur,
1839 2888 1989 2922 stridebat
2011 2889 2117 2923 dentiss

1110 2929 1190 2976 bus,
1213 2931 1582 2967 convellebatui·no&e,
1609 2933 1694 2964 velut
1707 2931 1871 2965 ecstaticus
1885 2941 1951 2965 erat
1969 2957 1978 2972 ,
2003 2935 2033 2965 δε
2048 2935 2116 2974 poll·

1110 2974 1251 3015 ejulatus
1275 2985 1407 3016 magnos
1422 2998 1431 3012 ,
1457 2975 1487 3004 δέ
1510 2974 1733 3008 convulfiones
1758 2984 1905 3009 mortuus
1929 2976 1971 3009 est
1990 3000 2002 3016 ,
2025 2989 2117 3011 cere-

1110 3017 1171 3050 bro
1193 3016 1350 3059 ejusmodi
1372 3025 1408 3050 ut
1430 3017 1463 3048 in
1487 3028 1527 3050 eo
1550 3026 1615 3049 non
1639 3016 1730 3052 fuisse
1754 3021 1868 3052 mortis
1891 3021 1980 3053 causa
1994 3021 2115 3054 videre-

1110 3070 1186 3101 tur,
1211 3061 1361 3102 pulmone
1385 3058 1474 3092 valde
1499 3061 1628 3097 vitiato,
1649 3061 1700 3094 sed
1724 3061 1837 3105 hepate
1850 3063 2016 3097 vitiosiore
2028 3065 2115 3107 quod

1110 3112 1178 3137 erat
1203 3104 1291 3136 velut
1315 3108 1496 3148 ὑπόχλωρονς
1523 3101 1562 3137 sic
1582 3105 1665 3139 enim
1680 3105 1882 3140 scribendum
1907 3108 1973 3146 est,
1996 3110 2026 3140 δέ
2041 3108 2115 3142 scri-

1117 3147 1205 3180 bitur
1230 3160 1246 3180 a
1272 3148 1444 3187 ssallonro,
1468 3157 1502 3180 ut
1527 3146 1673 3189 videbis,
1697 3151 1815 3184 librum
1841 3149 2113 3192 ejusinspiciens,

1113 3191 1170 3233 qui
1195 3193 1332 3230 citatur,
1356 3191 1601 3234 Epidemioruin
1626 3193 1672 3226 II.
1698 3199 1709 3233 (
1733 3195 1752 3227 d
1775 3198 1785 3232 )
1812 3196 1950 3236 pagina,
1967 3205 2030 3225 non
2043 3207 2112 3237 quae

1110 3234 1289 3272 indicatur,
1316 3244 1387 3277 244.
1413 3234 1464 3268 sed
1486 3234 1557 3276 258.
1582 3246 1653 3276 quae
1676 3249 1740 3271 vox
1764 3249 1837 3272 cum
1859 3236 2015 3278 significet
2041 3239 2115 3270 sub-

1111 3278 1239 3312 viride,
1262 3287 1315 3309 aut
1328 3277 1563 3321 subpallidum3
1586 3279 1655 3313 sane
1668 3283 1840 3324 perspicis,
1867 3282 1973 3314 inhoc
1985 3293 2116 3324 quoque

1113 3321 1236 3363 hepatis
1259 3321 1367 3355 colore
1390 3321 1677 3356 Adolescentulum
1701 3337 1775 3358 curn
1789 3323 1950 3357 Valsalvae
1963 3325 2113 3359 Sacerdo-

1113 3374 1145 3396 te
1168 3362 1347 3397 convenisse
1362 3389 1369 3399 .
1396 3367 1629 3398 Convenerunt
1651 3378 1755 3400 autem
1779 3378 1889 3401 omnes
1914 3369 2010 3400 inilla
2026 3380 2113 3401 rnen-

1113 3409 1154 3440 tis
1180 3408 1392 3446 hebetudine,
1416 3419 1513 3451 quarn
1539 3409 1702 3443 Ballonius
1724 3413 1811 3454 quasi
1837 3411 1998 3450 ecstasim,
2021 3413 2114 3444 (jua-

1113 3452 1257 3484 rinonius
1282 3451 1382 3484 levem
1405 3451 1646 3495 desipientiam,
1671 3454 1887 3497 Hippocrates
1911 3464 2037 3492 autem,
2063 3455 2113 3488 vel

1108 3504 1193 3528 certe
1208 3493 1459 3529 Praediuionum
1474 3499 1487 3539 ('
1496 3507 1510 3529 e
1521 3500 1534 3536 >
1546 3519 1555 3535 ,
1568 3500 1598 3530 δι
1608 3500 1790 3573 (ῖείἓεεῑιπῃ
1802 3498 2046 3533 Praenotionum
2057 3499 2116 3541 (f)

1945 3543 2072 3576 Aucto-

1988 3658 2096 3667 —mi

1171 3733 1184 3761 (
1201 3740 1212 3756 c
1227 3730 1240 3759 )
1256 3735 1312 3759 obs.
1329 3739 1353 3759 6.
1371 3737 1392 3760 8(
1408 3735 1433 3759 ἱή
1449 3735 1569 3762 Additam.
1587 3737 1644 3762 obs.
1664 3747 1685 3767 ς.

1292 3766 1334 3795 (f
1347 3766 1361 3795 )
1378 3775 1403 3791 n.
1420 3773 1444 3789 2.
