2498 4075
380 212 535 281 Epist.
570 212 731 267 Anat.
765 211 978 267 Medica
1010 211 1150 267 Lvn
1185 211 1306 264 Art.
1327 214 1565 279 13214.&
1604 224 1676 272 ις.

54 293 90 325 in
113 292 321 328 latitudinem
344 290 439 333 spatii
462 290 687 326 obduxissent.
711 291 794 330 Quae
817 302 866 326 res
889 291 989 331 fecit,
1021 301 1059 327 ut

56 337 96 369 ab
120 349 158 371 eo
181 338 238 379 qui
273 335 475 378 apopiefficae
508 334 659 369 Medicus
682 333 787 370 fuerat
812 359 821 375 ‚
850 345 1026 378 quaererem
1051 359 1061 377 ,

54 390 133 414 num
158 379 243 415 forte
267 379 374 422 pulsus
406 376 557 420 singulari
592 378 702 421 aliquo
736 378 836 414 modo
858 401 869 416 ‚
915 381 945 412 &
979 390 1060 422 prae-

66 424 179 459 sertim
210 421 459 458 intermittendo
504 421 684 465 peccassent
709 433 717 458 2
761 421 849 466 quod
894 422 947 455 ille
990 434 1071 458 con-

68 470 166 503 tinuo
190 490 200 505 ,
243 467 421 507 diserteque
443 466 574 507 negavit
598 490 607 499 .
630 466 758 499 Arteria
784 467 905 506 Magna
916 466 1072 501 interiore

69 512 152 549 facie
170 510 306 555 ‚modico
330 508 421 551 supra
446 509 767 545 valvulasintervallo
789 509 964 552 incipiebat
987 510 1075 551 aspe-

68 568 104 591 ra
127 556 220 596 fieri,
243 552 329 596 quafi
354 551 633 598 fibraesecundam
666 553 903 595 longitudinem
933 553 1037 588 duetoe
1062 576 1072 593 ,

68 599 123 635 hic
147 600 215 633 illic
240 600 323 632 inter
348 598 375 630 se
398 594 589 636 dislunffle,
615 597 832 638 prominerent
847 609 857 628 .-
880 607 915 631 ea
949 595 1067 638 asperi-

68 652 118 679 tas
142 644 181 677 ad
202 641 282 675 duos
304 637 794 681 transversosinlongitudinem
805 639 946 681 digitos,
961 643 994 673 in
1018 640 1064 672 la-

55 686 233 726 titudinem
258 684 353 725 paulo
377 683 479 715 minus
488 682 721 718 extendebatur
734 706 742 714 .
758 682 958 725 Thyroidaea
973 683 1064 725 glan-

57 731 132 767 dula
155 737 363 771 praeterquam
389 735 501 767 magna
526 734 593 760 erat
608 750 616 765 ‚
638 727 735 760 etiarn
758 725 952 768 quibusdam
976 725 1065 770 quasi

55 774 163 820 globis,
186 773 381 806 anteriorem
405 768 519 803 faciem
543 767 680 804 habebat
703 770 866 805 nonnullis
888 770 968 804 locis
991 779 1067 812 pro-

56 820 255 852 minentem.
389 810 584 846 Inferiorum
610 822 738 847 artuum
762 811 884 849 sinister
899 813 1009 855 ‚quod
1032 814 1066 847 in

56 862 141 895 latus
164 859 279 893 mulier
301 856 538 890 claudicaverat
556 880 565 896 ,
589 867 673 898 genu
697 857 871 893 interiora,
893 857 979 891 calce
1012 867 1066 891 ex-

57 908 177 938 teriora
202 901 383 944 spectabat:
406 899 539 933 dextero
563 901 713 936 brevior,
736 902 766 932 &
789 898 810 932 fi
834 899 964 934 dorsum
981 900 1069 942 pedis

57 949 217 988 exciperes
232 967 241 982 ,
266 954 329 986 qua
352 952 441 985 parte
465 942 595 976 craffior
619 942 789 976 videbatur
811 964 823 982 ‚
858 943 949 977 valde
983 952 1069 979 exte-

57 1000 195 1027 nuatus,
221 987 388 1031 amplaque
412 995 563 1028 praeterea
586 986 736 1021 cicatrice
752 1008 760 1022 ‚
785 995 949 1029 tamquam
973 997 1070 1020 ama.

57 1045 125 1079 gno
147 1033 253 1068 ulcere
276 1032 417 1063 exterius
441 1030 611 1064 secundum
635 1028 873 1074 longitudinem
897 1029 1004 1064 fibuiae
1014 1030 1070 1064 de·-

58 1078 198 1117 formis,
222 1086 296 1108 cum
320 1074 429 1108 dexter
452 1072 583 1116 pulcher
607 1071 680 1108 'esset
695 1095 703 1111 ,
728 1082 822 1116 atque
846 1083 974 1115 egregie
1010 1086 1069 1109 nu-

59 1124 180 1161 tritus,
204 1118 355 1159 venisque
379 1126 445 1150 tam
478 1117 552 1149 latis
584 1117 738 1158 praeditus
760 1139 772 1156 ‚
806 1124 841 1150 ut
874 1117 1004 1151 latiores
1034 1120 1068 1152 in

59 1165 151 1199 nullo
177 1172 248 1197 artu
272 1159 424 1195 inferiore
462 1171 603 1202 unquam
642 1158 754 1194 vidisse
776 1183 783 1197 ‚
820 1161 1024 1195 meminerim
1059 1158 1071 1196 ,’

59 1207 162 1252 Qod
187 1216 222 1241 ut
246 1205 370 1240 indicio
393 1213 460 1239 erat
484 1213 577 1237 tanto
610 1202 741 1247 majoris
773 1204 876 1244 copiae
910 1203 1071 1246 sanguinis

57 1253 91 1286 in
115 1260 189 1284 eum
213 1258 319 1283 artum
342 1247 531 1287 influentis,
553 1258 677 1288 quanto
702 1249 808 1280 minor
832 1248 864 1281 in
888 1248 1068 1289 oppositam

56 1294 243 1332 influebat;
265 1291 330 1329 fic,
352 1300 386 1324 ut
410 1292 526 1333 aegrius
549 1290 667 1327 ferrem
681 1314 689 1330 ‚
712 1288 889 1326 efficiebat,
927 1290 1067 1326 humatis

57 1340 123 1382 jam
149 1337 223 1371 inde
247 1336 287 1369 ab
309 1335 410 1369 initio
434 1334 606 1369 visceribus
630 1335 770 1371 ventris,
795 1337 824 1367 δι
861 1332 938 1368 vasis
958 1359 967 1373 ,
1000 1346 1065 1370 non

57 1384 158 1417 licere
183 1381 342 1420 amplius,
366 1379 535 1421 quomodo
570 1378 668 1413 lliaca
703 1377 821 1411 sinistra
853 1387 932 1410 vena
967 1389 1066 1420 prope

56 1428 181 1459 Cavam
206 1425 233 1457 se
257 1423 409 1458 haberet,
435 1421 616 1463 inspicere.
641 1423 792 1462 Denique
817 1422 978 1462 superiore
991 1422 1067 1455 sini-

57 1471 113 1504 stri
136 1468 209 1503 offis
232 1464 365 1500 femoris
387 1465 536 1508 junctura
562 1467 678 1500 reteda
693 1491 700 1504 ,
724 1465 790 1507 ejus
801 1463 873 1497 offis
885 1474 980 1506 caput
1005 1476 1069 1499 non

57 1516 107 1547 ita
131 1521 165 1545 ut
192 1512 292 1550 solet,
314 1509 509 1552 globosum,
534 1508 586 1543 sed
617 1507 704 1551 quasi
738 1508 978 1550 complanatum
1002 1531 1010 1545 ‚
1047 1511 1077 1543 δέ

59 1555 213 1591 nonnihil
237 1552 474 1596 amplificatum
499 1554 709 1592 invenimus,
733 1552 905 1593 nulloque,
922 1563 976 1593 per
988 1551 1077 1594 quod

57 1601 238 1635 necteretur
251 1621 260 1636 ‚
275 1597 407 1632 vinculo
419 1605 517 1630 terete
529 1596 737 1631 instruemus.
765 1596 998 1636 Exeipiebatur
1010 1607 1080 1629 ace-

58 1643 172 1678 tabulo
195 1643 303 1676 minus
325 1652 430 1679 cavo,
452 1650 548 1681 quam
573 1638 744 1674 secundum
771 1647 943 1678 naturam,
976 1641 1075 1672 carti-

43 1687 166 1730 ,lagine
189 1695 295 1719 tamen
320 1683 519 1717 incrustato.
545 1684 625 1716 Erat
651 1694 756 1716 autem
781 1681 817 1715 ad
841 1681 936 1723 hujus
971 1693 1074 1716 aceta-

59 1731 130 1765 buli
155 1740 245 1762 oram
271 1728 464 1761 anteriorem
488 1736 603 1760 cavum
628 1727 765 1760 alterum
787 1747 796 1763 ‚
839 1725 944 1759 multo
974 1736 1072 1768 quam

58 1773 187 1817 ipsum,
214 1772 339 1806 minus:
363 1768 548 1811 cujusmodi
571 1781 684 1804 cavum
709 1778 783 1803 ante
809 1769 1010 1803 acetabulum
1031 1767 1076 1801 fe.

58 1818 159 1852 moris
181 1815 307 1850 dexteri
330 1814 485 1856 nusquam
510 1823 595 1846 erat.
625 1815 725 1846 Porro
758 1813 962 1846 acetabulum
998 1811 1076 1844 sini-

60 1861 141 1900 stri,
162 1859 332 1902 quamvis,
358 1858 379 1890 si
408 1857 445 1890 ad
469 1868 504 1889 os
528 1857 620 1890 ilium
647 1856 759 1894 suum,
785 1855 821 1888 id
842 1855 882 1888 est
910 1854 1075 1889 suilateris

58 1903 213 1942 referres,
238 1913 340 1944 neque
363 1899 517 1935 humilius
532 1922 541 1936 ,
566 1911 668 1942 neque
691 1900 811 1937 altius,
843 1909 944 1941 neque
973 1899 1075 1941 poste-

60 1949 127 1983 rius
152 1945 212 1981 esse
236 1945 421 1984 videretur,
442 1954 540 1986 quam
564 1943 709 1982 dexteri,
732 1942 754 1975 si
779 1942 984 1984 hocquoque
997 1952 1072 1975 cum

61 1992 122 2027 suo
144 1989 210 2026 osse
233 1990 327 2024 ilium
351 1998 571 2030 comparares;
598 1987 667 2028 plus
691 1995 800 2020 tamen
824 1997 841 2018 a
864 1984 1072 2018 commissura

59 2035 175 2070 offiuni
200 2033 294 2076 pubis
316 2030 477 2071 distabat,
500 2041 597 2073 quam
610 2028 945 2065 acetabulumdexteri
961 2053 966 2059 .
982 2027 1073 2061 Nam

65 2083 98 2113 δι
120 2089 157 2111 os
180 2078 275 2110 ilium
299 2074 461 2108 sinistrum
485 2076 592 2107 multo
615 2075 686 2117 plus
697 2075 737 2107 ab
747 2071 856 2106 eadem
867 2070 1075 2106 commissura

63 2120 206 2158 distabat
220 2146 228 2159 ,
253 2130 351 2163 quam
374 2118 542 2152 dexterum
556 2140 564 2150 .

106 2175 156 2209 13.
181 2164 264 2203 Quae
288 2161 325 2195 ad
349 2162 476 2201 cordis,
499 2163 532 2195 δε
555 2160 725 2202 pericardii
751 2171 870 2193 nexum
902 2160 1040 2193 attinent
1063 2180 1074 2196 ‚

59 2209 151 2244 nulla
174 2217 249 2240 cum
275 2205 425 2251 pulsuum
438 2203 668 2238 intermiffione
679 2203 916 2245 conjunecum,
939 2215 978 2236 eo
990 2201 1076 2235 refe-

60 2264 110 2288 res
132 2251 188 2286 ubi
212 2253 275 2290 (t)
298 2251 336 2283 de
359 2247 545 2290 cujusmodi
579 2248 835 2282 connexionibus
855 2269 865 2285 ,
901 2256 1075 2288 earumque

62 2295 230 2330 effectibus
254 2294 331 2327 alias
355 2304 371 2326 a
396 2292 490 2325 nobis
513 2291 621 2325 aetum
645 2291 706 2324 est.
860 2290 961 2329 Quod
998 2299 1075 2323 vero

62 2340 103 2374 ad
125 2338 328 2373 acetabulum
353 2335 471 2378 spectat
494 2345 560 2377 quo
592 2332 726 2367 femoris
758 2342 858 2377 caput
890 2333 1075 2375 excipieba-

62 2393 118 2417 tur
137 2407 148 2424 ‚
170 2392 235 2416 non
258 2380 401 2419 dubito,
423 2379 503 2421 quin
527 2377 619 2420 supra
644 2380 713 2419 (u)
734 2378 999 2412 commemoratis
1019 2377 1073 2409 Cl.

62 2427 226 2459 Virorum
249 2422 544 2458 Observationibus
567 2432 641 2454 curn
664 2420 723 2455 hac
746 2422 850 2456 nostra
867 2420 1077 2462 comparatis,

33 2468 34 2471 ’
63 2469 158 2505 facile
182 2470 352 2512 agnoscas,
375 2474 566 2500 excavatum
589 2463 672 2498 illud
697 2464 790 2498 fuisle
814 2478 831 2498 a
856 2463 990 2497 femoris
1021 2474 1075 2496 ca-

62 2515 155 2558 pite,
176 2514 256 2547 olim
277 2519 368 2544 extra
394 2507 597 2544 acetabulum
620 2508 764 2544 naturale
790 2508 958 2550 prolapso,
983 2507 1076 2548 cujus

65 2559 246 2591 etiamnum
270 2554 443 2596 vestigium
465 2552 499 2585 in
523 2550 582 2584 illo
605 2555 744 2586 anterius
768 2550 1075 2593 proximo,multo-

63 2612 128 2644 que
152 2600 276 2634 minori
297 2608 378 2632 cavo
403 2596 585 2638 supererat.
611 2594 711 2638 Qod
746 2596 832 2628 enim
869 2594 1076 2628 acetabulum

64 2656 189 2678 novum
213 2643 321 2677 minus
341 2639 417 2674 esset
440 2637 638 2682 profundum
657 2662 666 2677 ‚
702 2649 799 2682 quam
823 2638 996 2672 secundum
1019 2647 1076 2669 na·-

66 2697 197 2725 turam,
221 2694 318 2728 caput
350 2693 458 2717 autem
490 2680 622 2716 femoris
653 2693 669 2715 a
702 2680 840 2724 globoso
875 2681 913 2715 ad
945 2682 1077 2724 planum

67 2739 234 2774 vergeret,
258 2740 297 2762 ex
320 2727 371 2762 his
392 2725 524 2760 indiciis
546 2724 621 2759 satis
645 2725 825 2766 intelligis,
849 2723 926 2758 dum
951 2735 987 2757 os
998 2735 1077 2756 con-

67 2784 117 2809 tra
141 2785 177 2807 os
200 2771 264 2805 five
287 2769 425 2812 pondere
449 2769 703 2811 apprimeretur‚
727 2766 789 2801 five
824 2769 983 2810 agitatum
1008 2778 1080 2800 mu-

55 2817 162 2852 ,seniis
184 2822 314 2857 ageret,
338 2813 473 2846 alterum
496 2813 536 2844 ab
559 2811 660 2846 altero
683 2811 818 2846 vicissim
841 2810 899 2845 esse
909 2811 1080 2849 detritum,

70 2871 168 2904 atque
189 2855 387 2901 depressum,
412 2857 521 2897 sicque
544 2864 735 2889 excavatum
760 2854 817 2889 esse
851 2855 1075 2895 acetabulum,

70 2903 161 2948 quod
184 2902 207 2936 fi
230 2911 343 2934 natura
367 2897 434 2941 ipsa
458 2896 615 2941 parasset,
638 2907 709 2932 tum
720 2897 1079 2941 profundius,&c0m-

70 2946 210 2982 missurae
232 2944 346 2977 offium
369 2943 464 2985 pubis
488 2942 638 2984 propius,
663 2944 693 2974 δε
717 2941 885 2984 alligatum
923 2942 1043 2975 habens
1067 2964 1079 2979 ,

71 3002 128 3034 per
150 2988 316 3023 vinculum
338 2996 440 3025 teres,
462 2985 632 3027 globosum
656 2983 785 3018 femoris
808 2994 904 3028 caput
918 2984 1077 3018 effecisset.

70 3035 163 3068 Nam
187 3030 276 3076 quod
298 3029 486 3071 cartilagine
508 3027 717 3062 incrustatum
738 3027 836 3067 esl'et5
869 3031 915 3062 ibi
949 3027 1077 3062 fortasse

71 3077 281 3118 cartilaginea
304 3081 440 3112 natura,
462 3082 537 3106 curn
560 3073 729 3106 excavatio
752 3073 878 3114 incepta
902 3072 945 3105 est
963 3094 973 3109 ‚
1004 3083 1077 3106 nec-

72 3123 151 3156 dum
173 3121 206 3153 in
229 3116 345 3151 osseam
368 3124 490 3150 mutata
514 3124 587 3150 erat
614 3127 624 3154 3
661 3125 696 3149 ut
721 3125 784 3148 non
809 3116 937 3150 inducia
968 3114 1076 3157 postea

72 3165 135 3205 fit,
156 3163 210 3198 sed
229 3171 357 3195 tantum
381 3158 502 3193 servata
518 3184 526 3193 .
548 3159 650 3198 Quod.
673 3170 749 3192 vero
772 3170 888 3192 cavum
914 3158 997 3193 illud
1031 3160 1077 3192 al-

72 3218 178 3242 terum
207 3227 217 3243 ‚
260 3202 474 3238 commissum
505 3203 618 3237 offium
664 3203 757 3244 pubis
790 3204 922 3245 propius
942 3224 952 3240 ,
986 3212 1080 3237 vetus

74 3251 275 3286 acetabulum
298 3247 391 3286 esset,
416 3259 432 3280 a
456 3256 569 3280 natura
592 3246 660 3289 ipsa
683 3248 763 3279 olim
789 3256 955 3289 paratum,
978 3250 1008 3280 δι
1031 3247 1097 3280 [εν

72 3295 126 3329 cles
147 3293 216 3338 ipsa
240 3291 383 3331 indicat,
405 3301 464 3324 nec
486 3290 725 3331 parvitasillius
736 3299 892 3332 repugnat
907 3289 989 3329 ‚sive
1002 3302 1077 3325 curn

73 3340 162 3371 inter
174 3337 271 3370 initia
282 3346 322 3368 eo
336 3344 464 3369 munere
474 3332 676 3376 fungeretur,
688 3333 789 3376 majus
802 3333 860 3367 effe
872 3344 935 3366 non
949 3333 1076 3372 debuit,

75 3384 143 3416 five
166 3381 286 3416 etiam,
310 3388 347 3412 ut
368 3380 401 3411 in
427 3377 557 3411 alveolis
568 3379 713 3412 dentium
725 3378 803 3420 saepe
819 3377 962 3410 videmus
976 3376 1087 3418 ,dem-

77 3435 137 3469 pto
158 3421 221 3457 osse
244 3420 333 3466 quod
355 3430 447 3455 antea
469 3420 622 3454 insertum
646 3431 735 3462 erat,
767 3419 971 3462 circumjeeta
1003 3421 1084 3456 ossea

78 3467 254 3503 substantia
277 3464 412 3503 crescit,
436 3468 467 3499 δι
492 3464 595 3498 finum
619 3466 754 3506 implet,
778 3474 832 3498 aut
856 3464 919 3498 fere
944 3466 1079 3507 implet:

78 3513 114 3546 id
137 3510 226 3554 quod
248 3510 349 3544 etiarn
371 3511 404 3541 in
428 3507 544 3542 claudo
566 3509 638 3542 viro
659 3508 751 3550 cuj-us
774 3507 945 3542 historiam
957 3510 1082 3550 promi-

80 3555 105 3591 fi
128 3554 182 3589 hic
204 3552 262 3587 esse
288 3564 339 3585 me
363 3552 604 3592 absoluturum,
627 3553 790 3596 perspexi.

126 3609 177 3642 14.
200 3596 449 3632 LANARIUS
470 3597 574 3639 igitur
597 3596 650 3630 ille
673 3596 763 3640 cujus
787 3595 866 3630 alibi
887 3597 1085 3638 (x)morti-

1967 228 2063 280 349

1109 291 1216 327 ferum
1237 293 1350 327 vulnus
1376 293 1547 335 descripsi,
1570 294 1603 325 in
1627 292 1711 329 latus
1732 292 1926 333 dexterum,
1949 301 1986 326 ut
2008 293 2056 325 ibi
2067 292 2118 328 di:

1110 338 1198 370 stum
1211 335 1277 385 est,
1300 338 1521 371 claudicabat.
1548 336 1646 371 Hunc
1667 337 1783 381 aequali
1807 346 1944 379 utroque
1965 335 2120 372 inferiore

1120 388 1195 414 artu
1218 388 1253 412 in
1276 379 1381 415 lucem
1404 379 1529 415 editum
1553 379 1613 421 (de
1637 390 1716 416 noto
1737 391 1824 417 enim
1847 380 1943 417 viro,
1964 377 2052 420 quod
2084 380 2125 415 de

1121 423 1190 457 aliis
1214 423 1425 464 saepenumero
1456 422 1572 458 frustra
1604 426 1750 466 optavi,
1807 435 1854 458 uae
1887 421 2088 465 inquirebam
2109 446 2122 461 ,

1122 467 1199 502 scire
1222 468 1338 508 potui)
1358 478 1436 502 cum
1458 475 1558 501 mater
1580 467 1794 502 tenellum-ad
1823 479 1880 505 uc,
1915 474 2013 506 atque
2045 463 2126 499 adeo

1125 512 1237 552 primis
1262 511 1337 545 vitae
1360 509 1518 544 mensibus
1541 522 1558 543 e
1580 513 1672 545 cunis
1696 512 1850 546 eximeret
1867 532 1877 548 ‚
1910 509 2019 544 dolere
2051 515 2125 542 artu.

1124 553 1182 587 illo
1205 553 1356 591 dextero,
1383 553 1636 594 animadvertit,
1671 553 1735 588 five
1755 565 1831 588 eum
1850 553 1997 587 dolorem
2021 560 2128 584 exter-

1123 608 1163 632 na
1187 597 1294 639 aliqua
1311 622 1320 637 ,
1345 596 1404 638 ipsi
1428 598 1564 638 ignota,-
1588 597 1680 633 causa
1702 597 1790 633 forte
1822 597 1992 630 induxerat
2018 620 2026 635 ‚
2061 591 2125 626 five

1117 641 1259 673 interna.
1287 640 1356 673 Post
1381 651 1477 682 quem
1500 639 1645 674 dolorem
1669 640 1734 684 jam
1758 649 1827 675 tum
1853 643 1878 674 is
1904 649 1988 673 artus
2024 636 2129 671 faetus

1117 683 1158 717 est
1182 684 1331 720 brevior;
1353 692 1387 717 ut
1411 685 1531 717 nemini
1556 682 1685 724 postea,
1706 695 1780 718 curn
1805 682 1931 725 ingredi
1955 692 2031 724 puer
2062 690 2130 712 coe-

1116 728 1188 769 pit,
1211 727 1330 761 mirum
1354 725 1453 761 fuerit
1477 726 1565 769 quod
1589 726 1805 761 claudicaret.
1832 726 1908 760 Usu
1933 733 2129 758 autemcon-

1119 771 1242 804 secutus
1265 769 1330 810 est,
1353 780 1389 803 ut
1413 770 1607 804 claudicaret
1631 769 1787 811 quidem,
1812 769 1863 802 sed
1878 776 2032 809 prompto
2042 764 2129 808 gres-

1119 813 1153 848 su
1177 823 1271 855 atque
1303 812 1473 854 expedito.
1599 810 1877 858 JUNCTURAE
1909 812 2028 845 vitium
2050 832 2058 846 ‚
2090 819 2130 842 ex

1119 868 1187 900 quo
1211 857 1362 895 alterius,
1385 857 1593 899 quantumvis
1619 855 1763 894 modici,
1794 853 1917 889 occasio
1949 854 2098 888 extiterat
2119 855 2133 891 ’,

1123 910 1158 934 ut
1181 901 1320 942 opinor,
1342 900 1495 933 nimirum
1520 900 1597 934 dum
1628 900 1728 933 homo
1761 900 1909 940 corporis
1941 896 2066 939 pondus
2096 895 2133 928 in

1122 942 1300 978 firmiorem
1325 941 1482 977 finistrum
1508 953 1613 977 artum
1637 944 1791 977 inclinare
1815 945 1980 975 nitebatur
2002 963 2014 980 ,
2050 937 2129 972 tho-

1123 987 1203 1033 racis
1228 988 1355 1029 Spinam
1381 986 1413 1018 in
1450 987 1533 1021 latus
1568 986 1651 1022 illud
1681 986 1830 1020 nonnihil
1863 988 2088 1019 incurvaverat
2119 993 2131 1020 3

1119 1031 1298 1075 junctura-²,
1323 1030 1475 1072 inquam,
1499 1030 1618 1065 vitium
1642 1028 1766 1065 dexteri
1791 1038 1876 1062 artus
1902 1026 1939 1061 ad
1963 1027 2047 1060 hunc
2060 1034 2135 1058 mo-

1119 1073 1197 1108 dum
1221 1072 1250 1106 se
1275 1073 1433 1106 habebat.
1460 1073 1676 1108 Acetabulum
1701 1072 1790 1115 quod
1816 1071 1909 1105 solita
1936 1069 2011 1103 Sede
2034 1080 2049 1101 a
2068 1068 2134 1110 pri-

1121 1115 1255 1151 mordiis
1279 1125 1393 1149 natura
1419 1127 1610 1157 paraverat,
1644 1127 1683 1150 ex
1717 1115 1851 1150 dimidia
1887 1123 2012 1150 tantum
2045 1118 2135 1152 parte

1121 1160 1303 1203 supererat,
1329 1169 1427 1201 eaque
1451 1161 1635 1194 anteriore.-
1659 1161 1691 1192 in
1715 1160 1808 1200 cujus
1832 1157 1936 1193 fundo
1961 1154 2135 1190 substantia

1121 1214 1189 1240 erat
1213 1202 1360 1246 quaedam
1385 1202 1600 1240 subrubente,
1626 1202 1675 1236 sed
1700 1203 1828 1240 lurido,
1852 1201 1984 1239 colore,
1997 1208 2032 1232 ut
2045 1207 2134 1230 mor-

1120 1248 1194 1283 bida
1220 1247 1401 1282 videretur,
1424 1257 1521 1288 quam
1546 1246 1566 1279 si
1591 1255 1755 1288 tangeres,
1782 1255 1846 1279 non
1873 1245 2068 1286 ligamenti,
2086 1239 2138 1275 sed

1119 1291 1278 1335 glandulae
1302 1289 1546 1332 quodammodo
1570 1298 1682 1324 natura
1706 1287 1791 1330 esse.
1814 1282 2139 1322 crederes.Dimidia

1118 1345 1226 1370 autem
1250 1334 1349 1368 altera
1374 1344 1444 1376 pars
1466 1332 1628 1367 acetabuli
1653 1331 1735 1366 ossea
1763 1331 1959 1373 implebatur
1991 1327 2138 1362 substan·

1119 1381 1185 1417 tia,
1212 1386 1430 1419 praetereaque
1451 1379 1658 1421 operiebatur
1679 1374 1743 1410 osse
1767 1375 1988 1419 quadantenus
2014 1380 2139 1410 terete,

1120 1425 1153 1456 in
1175 1421 1262 1465 quod
1287 1420 1465 1462 superficies
1491 1422 1638 1462 proxima
1663 1419 1866 1454 excrescebat
1890 1416 1962 1451 offis
1987 1415 2138 1464 Innomi-

1122 1468 1209 1500 nati.
1236 1466 1336 1504 Supra
1360 1464 1423 1497 hoc
1448 1473 1540 1497 vetus
1565 1464 1791 1503 acetabulum7
1813 1471 1880 1497 erat
1903 1463 1937 1495 in
1973 1459 2053 1493 facie
2084 1468 2142 1491 ex-

1129 1520 1216 1543 terna
1239 1507 1310 1540 offis
1335 1508 1427 1541 ilium
1452 1509 1539 1549 quali
1563 1507 1769 1541 acetabulum
1793 1509 1931 1541 alterum
1944 1515 1985 1538 ex
2001 1500 2144 1536 substan-

1127 1555 1173 1586 tia
1195 1551 1415 1585 mansuetum
1440 1551 1534 1589 alba,
1559 1551 1671 1586 firma,
1696 1553 1727 1583 &
1751 1550 1820 1592 ejus
1842 1562 1881 1583 ex
1905 1560 1968 1592 qua
1984 1547 2145 1587 ligamen-

1129 1607 1161 1630 ta
1187 1595 1441 1631 construuntur,
1466 1592 1626 1627 simillima
1643 1615 1652 1630 ,
1677 1592 1787 1626 addito
1811 1592 1939 1634 insuper
1972 1589 2076 1624 limbo
2108 1588 2146 1620 in

1126 1651 1225 1683 quem
1248 1649 1313 1671 non
1338 1639 1442 1671 solum
1466 1638 1506 1670 ab
1529 1638 1709 1676 anteriore,
1733 1636 1784 1670 sed
1809 1637 1847 1669 ab
1872 1635 2035 1678 superiore
2050 1631 2149 1666 etiam

1127 1692 1215 1726 parte
1239 1681 1468 1724 prominebat,
1492 1680 1598 1714 media
1622 1682 1707 1714 inter
1729 1677 2147 1722 cartilaginem,ligamen-

1126 1737 1263 1770 rumque
1287 1735 1417 1759 natura.
1444 1726 1548 1758 Laevis
1571 1733 1638 1758 erat
1664 1722 1759 1765 hujus
1785 1722 1945 1756 acetabuli
1969 1720 2092 1761 facies,
2123 1715 2149 1751 si

1126 1770 1315 1805 inferiorem
1337 1768 1496 1810 quendam
1519 1770 1554 1800 in
1577 1779 1610 1801 ea
1635 1767 1743 1800 locum
1767 1768 1946 1809 exciperes,
1971 1775 2068 1806 quem
2091 1772 2148 1796 ru-

1110 1815 1208 1848 'bella
1235 1822 1298 1844 non
1322 1815 1439 1852 exigua
1462 1813 1589 1844 tenebat
1614 1810 1787 1844 substantia
1804 1833 1816 1849 ,
1834 1810 1902 1852 'pro
1915 1804 2148 1848 mucilaginosa

1126 1856 1276 1900 glandula
1303 1852 1398 1888 facile
1422 1856 1551 1897 agnita.
1581 1854 1767 1896 Exceptum
1789 1855 1823 1887 in
1846 1853 1911 1887 hoc
1944 1850 2149 1885 acetabulum

1126 1911 1193 1934 erat
1218 1898 1353 1933 femoris
1377 1908 1495 1940 caput,
1520 1898 1611 1932 nullo
1635 1907 1740 1931 terete⁴
1764 1897 1902 1932 vinculo
1923 1893 2117 1929 instrustum
2133 1913 2146 1930 ,

1128 1956 1229 1987 neque
1253 1942 1345 1975 solita
1370 1941 1619 1984 magnitudine,
1642 1940 1773 1979 forma,
1797 1941 1942 1974 laevitate
1957 1937 2150 1980 praeditum-¹

1125 1989 1280 2029 Namque
1306 1986 1362 2018 ubi
1387 1997 1404 2019 a
1426 1987 1548 2019 cervice
1570 1985 1689 2019 exstare
1711 1985 1919 2026 incipiebat„
1941 1982 1991 2015 ibi
2016 1979 2153 2023 quidem

1126 2033 1214 2065 nulla
1239 2031 1354 2064 harum
1386 2030 1494 2062 deerat
1515 2053 1523 2061 .
1558 2028 1616 2062 Sed
1652 2027 1826 2071 postquam
1861 2025 1905 2060 fic
1940 2025 2148 2066 aliquantum

1128 2073 1341 2117 processerat,
1363 2071 1630 2114 deprimebatur,
1653 2074 1685 2104 &
1703 2071 1857 2105 nudatam
1867 2069 2061 2111 cartilagine
2071 2068 2151 2102 sub-

1127 2119 1277 2152 stantiam
1301 2116 1421 2150 oss'eam
1441 2116 1647 2149 ostendebat:
1671 2127 1742 2156 quae
1769 2125 1845 2148 mox
1869 2115 1902 2147 in
1928 2112 2056 2147 summo
2093 2110 2154 2145 fit·

1128 2173 1180 2195 ma
1204 2161 1336 2204 quidem
1353 2182 1364 2197 ,
1388 2163 1420 2193 &
1440 2160 1538 2199 dura,
1572 2162 1603 2193 &
1635 2158 1740 2193 albida
1765 2183 1773 2196 ‚
1806 2157 1857 2191 sed
1892 2155 2028 2200 granosa
2063 2153 2152 2190 haudd

1130 2205 1216 2239 secus
1239 2205 1431 2248 apparebat,
1455 2215 1491 2238 ac
1514 2205 1551 2237 in
1572 2203 1687 2237 multis
1709 2200 1821 2237 vesicae·
1842 2201 1993 2237 urinariae
2015 2198 2151 2234 calculis

1131 2248 1330 2291 superficiem
1353 2247 1501 2281 videmus
1516 2271 1526 2279 .
1884 2250 1888 2253 ’

1175 2304 1222 2334 15.
1246 2291 1280 2326 Si
1305 2292 1422 2325 mirum
1448 2291 1536 2324 forte
1558 2289 1750 2329 videbatur,
1772 2292 1807 2324 in
1830 2291 1906 2324 Anu·
1927 2290 1967 2324 de
1979 2300 2042 2332 qua
2067 2298 2148 2328 pau-

1126 2337 1162 2371 lo
1187 2345 1261 2369 ante
1284 2338 1349 2377 (y)
1371 2334 1496 2368 dictum
1519 2333 1582 2371 est,
1605 2345 1727 2368 novum
1751 2335 1960 2369 acetabulum
1980 2332 2149 2374 cartilagi-

1128 2382 1224 2423 ginea
1248 2382 1351 2413 crusta
1375 2388 1442 2411 non
1464 2375 1595 2411 caruisse
1607 2388 1623 2417 ,·’
1644 2378 1773 2411 'mirum
1806 2378 1975 2412 videbitur
2009 2377 2110 2417 magis
2135 2398 2148 2415 ,

1127 2424 1217 2466 quod
1240 2424 1273 2455 in
1299 2422 1358 2455 hoc
1385 2423 1458 2454 viro
1483 2418 1718 2463 mucilaginosa.
1740 2421 1893 2464 glandula
1917 2432 1984 2454 non¹
2004 2419 2145 2453 caruerit

1128 2467 1247 2501 nedum
1271 2466 1396 2502 limbo,
1421 2464 1505 2503 five,
1529 2473 1564 2498 ut
1590 2474 1728 2500 vocant,
1756 2464 1949 2504 supercilio,
1978 2463 2068 2507 quali
2093 2474 2148 2496 na-

1128 2511 1231 2544 turale
1255 2509 1459 2543 acetabulum
1481 2507 1672 2541 instructum
1695 2507 1760 2541 est.
1786 2508 1915 2542 Scilicet
1940 2508 2043 2541 multa
2066 2504 2148 2541 fiunt

1127 2565 1274 2596 qurirum·
1293 2550 1504 2593 perobscurus
1528 2563 1594 2594 quo
1619 2550 1724 2586 fiunt,
1751 2550 1885 2590 modus,
1910 2554 1942 2584 δε
1966 2553 2050 2584 ratio
2074 2549 2116 2583 est
2135 2573 2145 2584 .

1129 2598 1247 2640 Neque
1272 2596 1353 2629 illud
1379 2594 1594 2629 admiratione
1618 2604 1705 2628 caret
1720 2617 1727 2630 ‚
1752 2594 1842 2636 quod
1864 2604 1934 2628 tam>
1944 2595 2045 2636 longo
2060 2603 2148 2627 tern-

1129 2652 1207 2683 pore
1231 2648 1323 2673 vetus
1345 2639 1549 2672 acetabulum
1564 2658 1573 2673 ‚
1597 2636 1618 2670 fi
1645 2648 1711 2671 non
1734 2638 1870 2671 omnino
1902 2638 2043 2672 deletum
2067 2659 2076 2675 ,
2113 2645 2145 2670 at

1128 2685 1230 2726 magis
1254 2682 1541 2723 tamenvrepletum
1565 2691 1629 2714 non
1657 2681 1714 2719 sit,
1749 2683 1892 2723 itemque
1925 2693 2003 2716 cum
2036 2691 2143 2714 tenera

1130 2727 1226 2761 essent
1248 2725 1340 2765 ossa,
1363 2737 1486 2759 novum
1510 2725 1714 2758 acetabulum
1738 2735 1805 2757 nort
1837 2724 1940 2768 ipsum
1972 2723 2072 2758 fuerit
2106 2724 2143 2757 in

1130 2772 1198 2805 ossa
1223 2778 1434 2805 excavatum,
1460 2770 1531 2802 imo
1560 2778 1598 2800 ex
1633 2766 1805 2800 substantia
1841 2767 1968 2801 factum
1998 2767 2039 2800 fit
2069 2778 2142 2810 quae

1130 2827 1205 2849 cum
1229 2814 1461 2855 Hippocratis,
1485 2814 1516 2844 δι
1540 2810 1660 2843 Galeni
1683 2811 1922 2852 sententia(z)
1937 2811 2144 2853 magisquam

1127 2870 1200 2892 cum
1226 2858 1424 2898 posterorum
1449 2853 1765 2893 Obstrvationibus‚
1790 2854 1893 2887 videri
1927 2854 2031 2896 potest
2061 2865 2144 2887 con-

1128 2903 1254 2935 venire.
1280 2899 1338 2932 Sed
1365 2909 1441 2932 meaa
1465 2908 1571 2939 partes
1592 2895 1663 2930 sunt
1688 2909 1722 2930 ea
1745 2908 1817 2940 quaa
1842 2896 1935 2937 ipse,
1954 2898 2140 2940 &quicun-

1128 2957 1191 2988 que
1212 2943 1364 2981 aderant,
1387 2941 1498 2975 oculis.
1517 2963 1529 2980 ‚
1564 2941 1776 2982 manibusque
1812 2941 2011 2984 percepimus
2033 2966 2042 2981 ‚
2077 2940 2141 2974 five

1130 2989 1378 3023 admirationem
1400 2985 1562 3021 habeant,
1586 2983 1645 3017 sive
1667 2995 1732 3016 non
1757 2983 1914 3022 habeant,
1929 2984 2052 3018 summa
2077 2983 2142 3018 fide

1130 3040 1333 3075 proponere,·
1354 3038 1418 3062 tuae
1442 3037 1551 3061 autem·
1572 3026 1848 3065 animadvertere,
1872 3037 1936 3061 non
1950 3038 2016 3062 uno
2041 3028 2140 3062 modo

1129 3077 1169 3108 ab
1193 3084 1307 3108 natura
1332 3072 1426 3106 usum
1451 3072 1673 3105 membrorum
1704 3070 1855 3105 amissum
1891 3072 2032 3112 reparari
2054 3095 2063 3110 ,
2107 3074 2140 3105 &

1126 3119 1277 3162 quamvis
1300 3118 1414 3163 modus
1439 3127 1453 3148 a
1478 3115 1608 3157 posteris
1629 3112 1839 3157 deprehensus
1864 3117 1896 3148 in
1921 3115 1994 3147 aliis
2024 3125 2139 3157 corpo.

1129 3164 1218 3195 ribus
1239 3170 1332 3194 verus
1356 3160 1416 3196 sit,
1441 3169 1505 3191 non
1530 3158 1602 3191 ideo
1625 3158 1658 3190 in
1684 3157 1753 3191 aliis
1778 3160 1917 3192 alterum·
1936 3169 2032 3200 quem
2046 3167 2138 3191 vetu-

1128 3206 1235 3239 stiores
1258 3204 1499 3239 indicaverant,
1532 3202 1596 3234 esse
1630 3212 1696 3234 non
1731 3202 1840 3244 posse.
1976 3200 2077 3240 Quod
2111 3199 2136 3234 fi

1128 3247 1212 3283 forte
1235 3248 1295 3281 alia
1318 3246 1410 3287 cupis
1436 3244 1579 3286 analogae
1603 3264 1613 3280 ‚
1646 3254 1682 3278 ut
1717 3253 1833 3278 vocant
1857 3268 1866 3284 ,
1897 3244 2136 3277 articul-ationis

1128 3292 1270 3333 exempla
1285 3315 1294 3330 ‚
1317 3289 1381 3323 five
1404 3298 1441 3322 ut
1463 3300 1536 3322 cum
1561 3289 1600 3321 iis
1621 3287 1770 3321 conferas
1792 3299 1863 3330 quae
1887 3298 1903 3320 a
1935 3287 2029 3320 nobis
2061 3298 2136 3328 pro-

1139 3336 1242 3379 posita
1267 3334 1362 3370 sunt,
1384 3331 1446 3365 five
1470 3341 1505 3365 ut
1530 3331 1640 3364 saltem
1665 3331 1754 3371 plura
1778 3330 1891 3363 habeas
1920 3342 1992 3373 quae
2027 3331 2136 3372 Sepul-

1137 3380 1250 3413 chreto
1273 3377 1443 3418 adjungam
1468 3376 1560 3417 supra
1584 3373 1740 3412 laudatas,
1765 3375 1949 3408 Salzrrtanni
1965 3375 2138 3415 praesertim

1136 3422 1383 3460 Dissertationes
1408 3416 1630 3453 eruditiffimas
1653 3425 1772 3451 attente
1796 3419 1886 3459 lege,
1909 3417 2046 3460 aliasque
2057 3417 2138 3450 alio-

1133 3477 1229 3505 rum,
1253 3463 1409 3508 ipsiusque
1432 3463 1553 3497 etiam,
1589 3470 1666 3506 quas
1699 3470 1850 3504 praeterea
1883 3460 2100 3494 indica-vimus
2122 3485 2135 3501 ,

1133 3510 1403 3543 Observationes:
1426 3503 1616 3548 quibuscum
1639 3514 1734 3546 junge
1782 3504 2140 3546 uaeinScriptissextant

1133 3553 1187 3585 Cl.
1214 3552 1372 3585 Virorum
1395 3548 1618 3583 Gutermanni
1641 3549 1738 3588 (a),
1794 3546 2002 3589 chlichtingii
2036 3546 2102 3588 (b)
2127 3569 2138 3584 ,

1133 3595 1298 3638 Ludwigii
1323 3597 1406 3638 (c),
1428 3594 1460 3625 δε
1482 3590 1506 3624 fi
1528 3592 1561 3624 in
1586 3598 1659 3623 artu
1680 3602 1812 3635 quoque
1832 3591 1993 3634 superiore
2014 3601 2138 3641 novum

2015 3642 2097 3668 arti-

85 3725 2125 3747 —Wfflffl

204 3795 306 3826 >Epist
322 3803 362 3826 ²3·
379 3803 404 3820 n.
423 3797 458 3819 18.
519 3796 534 3826 (
549 3803 565 3819 u
581 3798 631 3823 >m
652 3790 717 3826 52&
733 3794 756 3815 6.

210 3831 218 3859 j
234 3828 292 3852 Ati.
308 3828 343 3852 Nn
360 3828 388 3851 C.
404 3828 477 3851 Tem.
495 3833 517 3856 3.
534 3826 593 3851 Obs-
610 3832 662 3854 105.
678 3830 704 3848 in
719 3822 762 3846 fln-

817 3793 832 3822 (
847 3800 863 3816 x
878 3791 887 3821 )
904 3790 975 3819 Epist.
994 3797 1031 3819 54.
1049 3799 1073 3814 n.
1091 3794 1131 3819 46.

822 3823 832 3853 (
849 3823 864 3847 b
878 3826 890 3850 )
906 3824 1035 3847 commer:
1050 3820 1137 3849 Litter.
1155 3821 1184 3844 A.
1203 3825 1270 3848 1741.
1288 3819 1365 3843 Hebd.
1382 3827 1405 3845 ι.
1423 3827 1446 3844 n.
1464 3827 1487 3842 α..

1425 3787 1435 3817 (
1454 3796 1476 3816 τι
1488 3787 1502 3815 )
1517 3769 1604 3816 supra.
1622 3794 1644 3810 n.
1662 3789 1685 3810 6.

1194 3791 1206 3815 (
1219 3795 1237 3818 y
1255 3789 1263 3816 )
1280 3796 1305 3811 n.
1325 3795 1363 3812 η.

1546 3821 1555 3842 (
1572 3825 1584 3841 c
1598 3817 1612 3845 )
1628 3818 1699 3846 Prog.
1715 3816 1744 3841 de
1761 3815 1832 3843 collo
1849 3816 1943 3841 Femor.
1961 3818 2005 3842 &c-
