2498 4075
417 113 481 166 32

349 174 414 209 aiio
429 174 544 210 ‘tabido
566 175 760 220 conspexisse
784 176 837 218 se,
860 180 924 212 ait.
950 176 1009 209 Sed
1033 175 1163 217 perinde
1185 187 1220 209 ac
1243 176 1265 210 si
1289 184 1357 208 cer-

347 227 419 264 tum
442 219 514 254 esset
529 242 539 258 ,
560 221 713 253 interiora
737 219 891 261 tenuisse,
914 224 946 254 δε
970 219 1009 252 fic
1032 219 1097 251 alvi
1121 218 1358 254 adstrictionem

348 261 477 301 secisse,
501 262 589 296 casus
613 264 712 306 puelli
745 266 779 297 in
806 264 940 298 Scholio
963 260 1154 304 subjicitur,
1177 264 1232 306 qui
1256 262 1354 301 eaesta

346 306 440 339 massa
473 317 583 339 carnea
607 308 731 349 ingenti
765 311 796 341 δε
820 318 930 341 notam
955 306 1092 339 servante
1113 318 1174 349 qua
1196 305 1355 339 intestinis

345 349 543 389 adhaeserat,
567 362 582 382 a
608 351 767 392 pertinace
780 353 843 384 alvi
867 349 1174 384 obsti-uetioneliber
1198 349 1352 382 evaserat.

348 393 405 426 Tu
432 404 507 425 vero
531 402 586 426 ant
611 395 756 428 Willisio
780 395 926 437 inspeeio
945 416 954 431 ,
988 402 1041 425 aut
1066 393 1133 425 alio
1157 392 1355 435 Sepulchreti

344 435 430 468 libro
453 439 515 475 (τ)
538 438 648 480 inquo
672 437 769 473 fufius
780 438 856 471 Viri
879 436 946 480 ejus
959 435 1092 469 historia
1115 436 1279 479 proposita
1292 436 1355 475 est,

345 490 420 511 cum
443 490 476 511 ea
500 491 570 521 quse
594 480 687 519 dixi,
714 480 919 523 recognosces
940 503 952 520 ,
985 488 1054 512 tum
1077 479 1160 513 illud
1184 480 1218 511 in
1242 481 1355 522 primis

342 522 529 564 intelliges,
553 526 607 565 qui
626 525 734 566 spuria
755 524 892 566 paralysi
916 532 1075 556 teneretur
1097 524 1197 567 totius
1219 524 1356 564 corporis

342 564 480 598 membra
503 571 620 608 quavis
644 576 833 608 occupante,
859 576 894 601 ut
918 567 1038 600 nullam
1064 565 1127 599 fere
1152 567 1180 598 se
1204 566 1354 599 movendi

343 609 530 642 facultatem
555 610 685 643 haberet
700 633 711 649 ‚
734 612 766 643 in
792 610 852 643 illo
875 610 950 643 alias
975 619 1125 653 praeterea
1148 609 1253 642 causas
1269 609 1354 648 alvi,

341 651 401 685 nisi
425 653 628 693 irritaretur,
653 653 828 694 adstrifflae,
852 664 1040 696 magnopere
1064 664 1127 685 non
1150 650 1240 685 fuisse
1266 663 1353 695 qure-

342 695 471 730 rendas.
603 698 725 730 Verum
750 706 784 731 ut
808 697 845 731 ad
868 697 1094 730 excrescentias
1117 707 1187 738 quae
1210 706 1295 728 certe
1318 697 1352 728 in

340 750 422 772 cavo
444 738 539 773 essent
574 741 713 773 intestini
738 741 815 773 Coli
839 739 999 774 redeamus
1020 753 1029 777 3
1063 749 1175 782 praeter
1195 738 1353 778 carizosam

341 783 454 822 illam,
477 795 571 826 quam
595 785 628 816 in
654 783 862 825 Sepulchreto
886 782 999 816 frustra
1021 784 1215 826 quaesitum,
1238 782 1355 821 intesti-

340 837 414 861 num
437 826 523 860 colon
546 827 794 868 intercipientem
816 851 828 867 ‚
861 828 899 860 ab
916 827 1041 871 Joanne
1066 826 1204 860 Rhodio
1227 827 1296 867 (u)
1321 826 1355 858 in

365 869 507 903 romacho
529 869 734 909 adnotatam,
758 871 812 913 qui
838 870 946 904 calicis
970 869 1126 903 doloribus
1149 880 1219 903 cum
1229 869 1353 903 vomitu

339 912 424 954 cla-isli
444 922 601 953 vexatus,
624 913 765 955 csisteres
781 913 848 956 fine
881 914 1084 948 excrementis
1108 912 1253 948 reddebat
1273 923 1286 951 ,·
1317 923 1353 945 u-

337 958 434 997 niuS,
458 957 508 990 sed
532 957 670 990 maxime
692 955 755 990 huc
779 958 970 996 attinentis,
993 957 1174 999 exemplum
1187 956 1229 990 est
1251 957 1284 988 in
1308 956 1353 987 al-

337 1009 406 1033 tera
431 1000 469 1033 de
492 999 612 1035 duabus
635 1000 703 1033 illis
725 1001 778 1034 Cl.
806 999 1249 1034 FantoniObservationibus
1273 1010 1350 1041 quas

337 1042 430 1086 supra
453 1047 522 1086 (x)
548 1044 774 1078 tantummodo
800 1045 1036 1078 nominavimus
1057 1070 1063 1076 .
1097 1046 1134 1077 In
1159 1055 1230 1076 viro
1255 1054 1350 1084 quern

336 1089 442 1127 gravis
476 1088 657 1131 dysenteria
680 1087 807 1121 tandem
842 1087 1045 1121 interfecerat
1068 1110 1077 1125 ,
1109 1099 1169 1120 non
1197 1086 1349 1128 procula

335 1133 415 1164 Caeco
441 1130 616 1165 ulceratum
641 1131 730 1165 Colon
755 1133 878 1165 invenit
901 1155 910 1170 ‚
945 1131 1023 1165 unde
1050 1130 1238 1172 purulentus
1262 1151 1271 1166 ‚
1308 1132 1351 1165 (φ

330 1174 482 1216 sanguine
496 1174 661 1217 permzstus
684 1175 793 1208 humor
803 1174 977 1214 manabac;
999 1173 1103 1216 ibique
1110 1181 1258 1219 practerea
1282 1183 1350 1218 car-

335 1218 460 1260 nasum,
484 1216 637 1261 crassum,
662 1220 705 1251 ξφ
729 1219 896 1251 rotundum
919 1228 1051 1259 corpus,
1075 1215 1265 1258 transversos
1277 1216 1349 1257 fere

333 1262 400 1295 οἱίο
423 1262 538 1303 digitos
559 1260 684 1303 longum
701 1287 709 1300 ‚
733 1262 812 1302 quoa
835 1261 923 1294 tenui
943 1261 1100 1302 principio
1112 1267 1273 1295 exortum,
1298 1269 1347 1291 eo-

333 1315 391 1347 que
415 1315 476 1337 uno
502 1312 651 1346 tanquam
671 1304 814 1346 pediculo
836 1303 1005 1345 alligatum
1039 1302 1180 1344 ulcerosae
1202 1302 1312 1336 tunica
1333 1324 1346 1341 ,

333 1355 477 1381 caeterum
500 1348 533 1380 in
556 1346 632 1380 tubo
653 1346 821 1387 intestinalz'
838 1346 1010 1388 pendulum
1033 1357 1092 1379 non
1101 1346 1256 1380 modicam
1278 1345 1346 1387 ejus

326 1399 454 1434 partem
478 1390 668 1432 occupabat.-
691 1401 860 1433 magnum,
884 1390 1014 1432 inquit,
1039 1389 1177 1429 intestini
1197 1389 1348 1431 polypum

332 1436 449 1469 diceres
462 1446 473 1473 3
495 1434 528 1467 id
539 1436 621 1467 enim
645 1441 748 1467 totum
773 1443 882 1475 corpus
905 1433 991 1466 librae
1013 1434 1107 1466 unius
1130 1433 1252 1467 medicae
1271 1442 1348 1473 pon-

329 1479 390 1511 dus
406 1476 599 1520 superabat-
623 1477 882 1510 Excrescentiam
904 1475 986 1509 hanc
1009 1488 1081 1510 cum
1095 1477 1221 1516 ulcere,
1245 1478 1276 1508 ἃ
1301 1473 1350 1507 fa-

331 1522 418 1562 cile,
441 1531 477 1555 ut
502 1522 534 1553 in
559 1521 653 1563 longa
675 1520 876 1563 dysenteria,
903 1520 942 1553 ab
965 1520 1068 1554 ulcere
1094 1518 1205 1557 suisse,
1229 1518 1317 1551 vides
1343 1529 1349 1549 τ

332 1577 390 1599 nec
415 1565 481 1598 dici
507 1564 579 1597 ideo
602 1574 752 1605 magnum
778 1564 938 1606 polypum
962 1563 1124 1606 potuisse,
1147 1562 1235 1606 quod
1251 1562 1347 1605 poly-

332 1620 449 1652 porum
473 1607 640 1649 dequibus
653 1606 876 1650 supradictum
899 1608 952 1643 est,
965 1616 1109 1640 naturam
1123 1607 1273 1646 haberet,
1297 1605 1348 1639 sed

330 1653 407 1697 quia
428 1649 490 1685 nasi
501 1651 682 1694 polypum,
703 1650 821 1692 acujus
836 1649 1045 1682 fimilitudine
1056 1650 1128 1684 sunt
1149 1651 1199 1683 illi
1212 1650 1351 1691 appella-

330 1699 380 1735 ti,
404 1707 468 1729 non
481 1694 579 1737 figura
601 1694 700 1726 modo
713 1692 840 1726 referret
854 1716 866 1732 ,
886 1692 938 1726 sed
963 1702 1074 1725 natura
1096 1703 1248 1736 quoque,¹
1269 1692 1349 1725 hanc

329 1741 416 1774 enim
442 1739 537 1773 solers
567 1737 622 1770 ille
641 1736 814 1782 cautusque
835 1737 1051 1770 Anatomicus
1080 1737 1239 1780 carnosum
1274 1746 1350 1778 pro-

330 1784 497 1819 nunciavit
514 1807 522 1814 .

375 1839 426 1860 22.
452 1828 523 1860 Nec
546 1836 652 1859 tamen
676 1826 815 1865 dubito,
837 1825 918 1868 quin
942 1824 1162 1857 excrescentiae
1181 1822 1350 1857 intestino-

332 1883 405 1906 rum
430 1869 592 1903 interdurn
617 1869 731 1912 poffint
756 1881 794 1901 ex
817 1878 948 1911 utraque
972 1877 1084 1901 natura
1106 1867 1246 1900 constare
1271 1892 1278 1904 ,
1313 1876 1348 1899 ut

332 1914 354 1947 si
380 1916 500 1948 carneis
512 1911 670 1950 fimbriis,
694 1912 974 1954 &inaequalibus,
1000 1910 1226 1954 impolitisque
1238 1910 1347 1952 super-

330 1957 465 1992 ficiebus
488 1955 646 1990 adhaerere
671 1956 828 1997 incipiant
853 1954 980 1988 viscidae
990 1958 1100 1997 puris,
1125 1964 1179 1987 aut
1203 1953 1347 1988 succiin-

329 2002 542 2035 testinorum„
570 2008 622 2033 aut
647 1999 808 2042 sanguinis
831 1997 919 2032 effusi
942 1997 1132 2041 particulae:
1155 1997 1265 2040 hisque
1278 1996 1348 2029 aliae

331 2046 506 2087 deinceps,
530 2044 662 2085 aliaeque
686 2065 695 2079 ‚
728 2052 764 2076 ut
788 2041 899 2080 radix,
924 2045 953 2075 ὃς
979 2042 1108 2085 nucleus
1131 2053 1170 2074 ex
1193 2052 1262 2073 vera
1287 2039 1348 2072 sint

331 2101 424 2123 carne
446 2113 455 2127 ‚
488 2086 731 2129 cii-cumjecrum
756 2096 861 2120 autem
885 2084 1134 2128 adjunctamque
1158 2084 1253 2117 molis
1276 2095 1349 2128 cor-

329 2145 412 2178 pus,
437 2130 593 2174 hujusque
605 2129 794 2171 appendices
817 2141 855 2162 ex
867 2140 933 2163 non
956 2139 1027 2161 vera
1048 2153 1056 2161 .
1080 2127 1260 2172 Consultus
1281 2130 1349 2160 sum

331 2178 376 2211 A.
407 2178 499 2218 1736.
527 2185 587 2216 pro
620 2173 741 2206 Nobili
765 2173 852 2206 Viro
873 2197 883 2212 ‚
919 2173 976 2215 qui
1001 2171 1070 2215 post
1095 2172 1173 2213 saepe
1198 2179 1350 2213 repetitas

332 2220 498 2257 sanguinis
525 2216 740 2261 dejectiones,
763 2228 841 2250 mox
864 2226 937 2250 cum
960 2214 1082 2248 bilioso
1104 2215 1293 2261 alvifluuxu,
1317 2217 1351 2247 δε

332 2259 470 2302 είΠᾶυε,
493 2263 635 2304 primum
659 2260 743 2298 levi,
769 2260 882 2294 deinde
907 2269 998 2293 acuta
1022 2258 1108 2292 febre
1129 2259 1316 2301 conjun&as
1341 2281 1354 2297 ‚

331 2319 408 2342 cum
434 2307 501 2339 haec
524 2328 536 2345 ,
562 2308 593 2337 Sc
617 2305 726 2345 gravia
749 2302 814 2345 ejus
838 2303 1055 2346 symptomata
1078 2302 1118 2335 ab
1143 2303 1353 2336 remediorum

333 2352 472 2385 maxime
494 2348 757 2381 convenientium
781 2348 837 2381 usu
862 2346 944 2379 nihil
971 2347 1192 2384 remitterent,
1219 2346 1288 2378 imo
1310 2345 1352 2377 il-

335 2395 393 2428 lud
416 2403 529 2427 eorum
552 2389 641 2434 quod
666 2399 733 2422 erat
757 2401 821 2432 prae
844 2391 968 2422 caeteris
991 2400 1088 2431 grave
1106 2412 1119 2428 ,
1143 2399 1254 2428 nempe
1278 2400 1352 2420 ven-

335 2441 397 2472 tris
421 2436 518 2470 dolor
538 2458 549 2473 ,
584 2445 623 2465 ex
648 2434 764 2465 acerbo
796 2442 922 2475 repente
946 2431 1069 2465 factum
1101 2429 1174 2464 esset
1199 2431 1354 2464 acerbiffi-

335 2492 448 2521 mum,
472 2478 542 2520 post
554 2476 694 2511 multum
719 2476 903 2518 sanguinem
925 2473 1093 2516 egesserat,
1116 2474 1353 2517 Chirurgima-

335 2537 381 2559 nu
404 2523 597 2566 adjuvante,
620 2530 736 2562 corpus
759 2519 922 2562 quoddam
947 2517 1152 2561 longitudine
1177 2529 1354 2560 propemo-

336 2568 414 2603 dum
438 2566 537 2610 palmi
563 2564 679 2601 unius,
705 2566 736 2596 δι’
755 2564 869 2603 semis,
894 2561 1093 2595 crassitudine
1118 2570 1223 2595 autem
1239 2584 1246 2598 ‚
1273 2561 1354 2595 &fi-

337 2623 415 2650 gura
441 2611 512 2643 aliis
535 2610 569 2641 in
594 2607 738 2650 partibus
762 2607 824 2640 alia
847 2630 855 2638 .
895 2608 933 2638 In
958 2606 1081 2639 summo
1104 2607 1191 2637 enim
1214 2604 1355 2638 informe

335 2651 433 2697 {aput
458 2652 610 2686 referebat
634 2649 720 2693 quasi
747 2661 828 2683 ranae
853 2649 1062 2692 grandioris,
1085 2659 1138 2680 ore
1152 2647 1285 2688 hiante,
1310 2661 1357 2681 re-

336 2701 464 2743 liquum
485 2706 601 2738 corpus
622 2695 762 2727 exterius
785 2693 884 2726 ferme
896 2702 996 2732 teres,
1019 2694 1107 2725 intus
1129 2703 1265 2729 cavum,
1291 2702 1357 2724 erat

336 2740 529 2777 transversos
551 2738 634 2772 duos
656 2736 780 2780 digitos
803 2735 937 2771 crassum
961 2735 1062 2770 donec
1074 2735 1228 2777 paulatim
1252 2737 1358 2776 graci-

338 2784 485 2820 lescendo
510 2785 544 2816 in
567 2780 699 2815 caudam
723 2780 876 2814 desineret
900 2805 912 2821 ,
946 2779 1168 2822 semipalmum
1192 2779 1321 2821 longam
1345 2803 1358 2819 ‚

339 2833 372 2863 &
397 2839 496 2870 prope
519 2835 701 2859 extremum
725 2823 880 2857 bifidam.
907 2823 977 2863 Qi
999 2823 1184 2856 memineris
1200 2844 1209 2859 ,
1233 2821 1357 2865 quidin

340 2882 479 2906 extrema
514 2868 612 2902 ferme
635 2868 806 2900 censuerim
831 2867 975 2910 Epistola
1009 2867 1169 2909 superiore
1202 2868 1256 2907 (y
1281 2870 1295 2906 )
1318 2865 1357 2899 de

340 2917 448 2954 ranis,
472 2911 668 2949 husonibus,
692 2911 820 2944 lacertis
845 2923 906 2943 ano
929 2910 1061 2954 ejeftis‚
1087 2910 1182 2943 facile
1197 2909 1357 2942 existima-

338 2960 389 2993 bis
412 2959 490 2999 quid
512 2955 670 2988 crederem
694 2965 767 2987 cum
798 2966 831 2987 ea
857 2956 990 2997 legerem
1024 2966 1095 2997 quae
1119 2952 1219 2986 modo
1242 2952 1357 2985 resere-

340 3004 436 3037 hamt
460 3012 515 3033 nec
543 3010 618 3031 vero
652 2997 775 3030 occasio
800 2998 852 3031 hic
877 2999 941 3032 ulla
965 3007 1030 3031 erat
1063 2995 1241 3039 suspicandi
1264 2996 1355 3039 quod

340 3046 380 3080 de
404 3046 568 3079 Molitore
592 3040 736 3085 quodam
760 3043 773 3079 (
796 3053 820 3084 z
844 3045 856 3081 >
881 3041 1033 3084 scriptum
1058 3042 1159 3083 leges,
1188 3038 1278 3081 cujus
1290 3039 1352 3073 dis>

343 3090 446 3123 seffio
469 3088 514 3120 ob
537 3095 732 3119 recrementa
759 3085 876 3126 semper
898 3085 1031 3125 chylosa
1058 3095 1112 3126 per
1135 3083 1356 3126 sesquiannum

341 3133 465 3177 egesta,
488 3131 588 3171 digna
614 3130 760 3171 alioquin
784 3127 826 3161 est
848 3140 919 3170 quae
932 3128 1142 3171 inspiciatur,
1166 3129 1197 3160 δι
1223 3138 1296 3160 cum
1316 3129 1356 3160 iis

341 3189 411 3220 quse
439 3176 476 3208 de
499 3174 650 3207 Coeliaco
675 3172 763 3205 fluxu
789 3171 878 3213 supra
903 3175 916 3211 <
941 3184 958 3204 a
981 3176 994 3212 )
1017 3173 1210 3213 attigimus,
1233 3182 1291 3212 pro
1304 3183 1357 3203 ve-

342 3223 369 3253 ri
396 3220 499 3252 studio
524 3216 724 3250 conferatur.
752 3215 933 3248 Dicebatur
957 3226 1061 3248 autem
1087 3227 1140 3256 per
1164 3213 1356 3247 dormientis

345 3275 381 3297 os
406 3264 485 3296 buin
511 3260 662 3302 irrepsisse
681 3288 689 3298 ‚
715 3259 918 3303 multumque
945 3269 1029 3292 intus
1056 3258 1195 3292 nocuisse
1213 3282 1224 3298 ,
1254 3257 1354 3291 donec

341 3319 398 3351 per
422 3307 529 3339 alvum
553 3303 738 3336 deturbatus
750 3302 791 3335 cst
815 3303 967 3334 obesus&
991 3311 1158 3335 mortuus:
1183 3303 1354 3343 quemuti-

341 3363 415 3383 nam
443 3350 550 3382 Prae-cl.
576 3346 821 3380 Observationis
845 3346 1172 3384 Auctorteterrimo,
1194 3347 1355 3387 noxioque

342 3395 461 3427 foetorc
485 3393 618 3424 minime
652 3389 839 3431 prohibitus
866 3388 940 3421 esset
975 3400 1028 3431 per
1050 3389 1079 3421 se
1098 3398 1224 3422 rattente
1259 3388 1360 3430 inspe-

342 3438 451 3475 Stare,
478 3440 506 3468 ὃς
533 3433 671 3475 scalpelli
700 3445 759 3475 ope
783 3434 961 3465 examinare
984 3457 991 3465 .
1024 3435 1118 3466 Certe
1145 3441 1250 3464 autem
1272 3431 1360 3474 quod

345 3480 382 3513 ad
413 3479 554 3512 nostrum
579 3478 696 3510 attinet
718 3500 728 3516 ,
763 3475 878 3509 doetus
903 3487 1032 3519 quoque
1066 3475 1216 3510 Medicus
1248 3486 1264 3508 a
1296 3486 1361 3518 quo

947 97 1107 152 Liber
1139 96 1228 150 ΙΙΙ.
1262 98 1348 151 De
1381 97 1590 150 Morbis
1624 95 1834 148 Ventris

1406 173 1613 209 consulebat,
1634 172 1746 214 spretis
1769 171 1952 217 vulgaribus
1976 171 2240 214 opinationibus.
2270 170 2307 205 ad
2329 172 2419 204 Lana

1406 217 1541 251 cisianos
1566 216 1702 258 polypos
1723 214 1882 258 ejusmodi
1907 227 2021 256 corpus
2045 218 2179 248 attinere
2201 241 2214 256 ‚
2239 217 2416 248 arbitraba-

1407 272 1480 295 tur.
1507 261 1658 293 Attamen
1681 269 1755 292 cum
1778 267 1892 300 praeter
1915 259 2027 292 fibrosa
2049 261 2206 292 exteriora.
2244 260 2418 301 ligamenta

1408 315 1464 347 per
1484 315 1554 346 quae
1578 303 1728 335 intestino
1752 303 1918 335 videbatur
1942 314 2099 338 annexum
2124 301 2213 335 fuine
2238 326 2250 342 ,
2285 303 2418 339 mollem

1408 352 1440 382 &
1464 346 1673 381 distraftilem
1697 345 1899 379 substantiam
1924 348 1984 379 atri
2009 345 2073 379 fere
2095 347 2215 378 coloris
2228 345 2418 379 describeret

1406 404 1444 425 ex
1467 402 1529 433 qua
1551 388 1713 423 constabat
1735 410 1744 426 ,
1767 400 1899 431 eamque
1920 402 1960 423 ex
1984 389 2027 422 sar
2052 389 2167 422 validis
2191 387 2278 421 fibris
2301 388 2419 432 quibus

1405 436 1500 468 variae
1524 431 1684 475 glandulae
1708 431 1987 473 interficerentur,
2010 434 2237 474 compactam,
2261 442 2334 466 cum
2351 432 2422 465 san-

1406 479 1536 522 guinem
1558 477 1613 519 qui
1637 485 1728 509 antea
1749 475 1941 516 effluxerat,
1963 488 2018 509 nec
2042 475 2136 509 semel
2160 476 2197 508 ad
2221 475 2318 508 libras
2337 499 2350 516 ‚
2381 489 2422 511 eo

1405 522 1552 556 ὀξυ-380
1572 530 1706 562 corpore
1718 543 1731 559 ,
1752 517 1867 551 desiisse
1881 545 1888 559 ,
1913 530 2101 554 memoraret
2124 542 2134 557 ‚
2159 519 2341 561 purulentas
2364 523 2421 556 atf-

1408 575 1472 599 tem
1495 564 1692 603 albicantes,
1718 563 1910 597 subcinereas
1925 587 1937 603 ,
1958 563 2133 606 gravissime
2157 563 2280 595 olentes
2303 563 2421 597 succes.

1405 607 1470 642 fisse
1495 608 1666 646 materias,
1690 618 1761 649 quae
1785 617 2052 641 recrementorum
2076 608 2200 640 exitum
2215 605 2314 638 modo
2339 618 2422 648 praee

1405 651 1581 691 cedebant,
1604 650 1703 683 modo
1726 649 1958 692 sequebantur,
1981 654 2013 683 δέ
2037 652 2182 683 maximo
2206 649 2323 690 semper
2344 661 2420 684 curn

1405 696 1518 729 dolore
1542 716 1551 730 ‚
1584 692 1699 736 hasque
1720 717 1732 734 ,
1767 696 1798 725 ὃς
1832 703 1959 726 acutam
1982 693 2103 727 febrem
2129 692 2294 736 perstitiss‘e
2317 692 2420 727 donec

1405 739 1593 772 vulnerariis
1617 737 1700 770 datis
1723 735 1895 776 remediis,
1918 749 1988 780 quae
2000 737 2113 772 deinde
2137 737 2304 770 balsamica
2329 748 2423 770 exce.

1406 791 1542 826 perurit,
1564 780 1663 823 ipsae,
1686 783 1718 814 &
1742 781 1949 813 incommoda
1972 781 2092 824 reliqua
2127 781 2266 822 primum
2296 791 2421 814 minue-

1405 834 1539 866 rentur,
1562 828 1593 858 &
1617 823 1752 866 denique
1776 824 1988 862 tollerentur3
2013 835 2049 859 ut
2073 825 2161 859 nulla
2174 836 2199 863 fa
2223 836 2271 857 me
2295 822 2420 866 ferme,

1405 869 1464 903 nisi
1486 881 1559 912 quae
1584 867 1623 901 ad
1648 866 1901 910 praeservandum
1926 866 2091 909 facerent,
2114 879 2196 910 aeger
2219 871 2233 908 (
2254 870 2310 911 qui
2334 869 2431 909 mul-¹

1404 923 1454 947 tos
1480 912 1585 955 postea
1609 922 1705 944 annos
1727 912 1811 944 vixit
1833 914 1847 950 )
1872 910 2042 953 postularet
2063 923 2073 949 ς
2107 923 2144 944 eo
2166 912 2322 944 inclinavi
2347 913 2420 944 ani·-

1404 968 1518 996 mum,
1543 966 1578 990 ut
1612 953 1800 996 conjicerem
1817 978 1826 993 ‚
1849 955 2008 994 initium,
2031 957 2064 987 &
2086 955 2206 988 radices
2232 955 2321 989 istius
2344 967 2417 988 cor-

1402 1001 1490 1042 poris
1512 999 1738 1034 excrescentias
1762 996 1853 1032 fuisse
1867 1008 1967 1041 prope
1991 1007 2168 1031 extremum
2192 998 2420 1032 intestiniCo-

1403 1044 1426 1075 li
1450 1043 1581 1077 obortas
1599 1068 1607 1075 .
1644 1044 1738 1076 Hanc
1762 1043 1848 1074 enim
1873 1040 1974 1075 sedem
1997 1040 2093 1074 dolor
2128 1043 2182 1074 ille
2209 1041 2418 1076 acerbiffimus

1401 1085 1587 1126 indicabat,
1609 1087 1666 1128 qui
1690 1086 1846 1118 nimirum
1870 1084 1925 1118 ubi
1947 1085 2056 1119 Colon
2083 1086 2271 1128 priusquam
2294 1086 2327 1118 in
2351 1086 2418 1120 Re-

1401 1130 1492 1163 &um
1514 1129 1655 1170 desinat,
1680 1128 1831 1172 quosdam
1860 1127 1939 1161 solet
1963 1126 2075 1162 habere
2089 1129 2211 1169 flexus,
2235 1128 2319 1161 infra
2344 1140 2418 1163 um-

1400 1172 1537 1218 bilicum
1562 1172 1763 1214 incipiebat,
1786 1172 1877 1218 iliinc
1900 1181 2009 1205 autem
2031 1171 2189 1206 Mesocoli
2224 1171 2417 1208 adhaesiones

1401 1218 1542 1256 secutus,
1566 1216 1603 1250 ad
1625 1216 1756 1252 dorsum
1779 1217 1879 1258 usque
1890 1213 2137 1249 extendebatur.
2163 1217 2226 1249 Eas
2251 1217 2419 1259 igiturra..

1401 1258 1511 1300 dices,
1533 1272 1607 1294 cum
1618 1259 1732 1300 erodi,
1755 1259 1952 1297 exulcerari,
1975 1258 2123 1300 abrumpi
2135 1269 2301 1300 coeperunt
2315 1283 2326 1299 ,
2350 1259 2419 1293 san-

1398 1306 1528 1345 guinem
1550 1302 1713 1343 effudisse,
1736 1312 1808 1336 cum
1832 1313 1906 1334 vero
1930 1300 2143 1344 profundius,
2169 1305 2201 1336 &
2223 1304 2417 1336 circumcir-

1398 1358 1459 1387 ca,
1481 1347 1630 1381 dolorem
1654 1346 1807 1388 insuper,
1831 1347 1863 1379 δε
1886 1355 1999 1379 caetera
2022 1346 2149 1379 crevisse
2179 1360 2188 1378 :
2212 1347 2333 1380 interea
2357 1356 2416 1380 au-

1400 1400 1466 1424 tem
1491 1391 1652 1434 sanguinis
1675 1390 1863 1431 destillantis
1886 1388 2015 1422 fibrosas
2031 1413 2042 1428 ,
2068 1389 2207 1432 aliasque
2230 1390 2418 1425 viscidiores

1400 1445 1505 1476 partes
1529 1434 1751 1469 excrescentiis
1775 1431 1956 1472 adhaesisse,
1980 1432 2090 1475 easque
2115 1432 2256 1474 auxisse,
2279 1432 2419 1476 conjun-

1399 1477 1498 1518 xiffe,
1520 1480 1555 1511 in
1577 1490 1708 1520 eamque
1732 1478 1872 1520 speciem
1894 1488 1956 1518 qua
1981 1486 2108 1519 penitus
2140 1476 2275 1520 denique
2300 1478 2418 1512 avulsae

1401 1523 1569 1563 exierunt,
1591 1519 1803 1555 conformasse
1822 1544 1831 1552 .
1871 1520 2039 1560 Qoniam
2063 1529 2169 1554 tamen
2199 1532 2237 1555 ex
2258 1520 2430 1564 ejusmodi

1400 1566 1591 1609 corporibus
1614 1577 1685 1610 quae
1709 1575 1763 1607 per
1785 1574 1881 1597 anum
1903 1563 2002 1605 ejecta
2026 1563 2091 1606 legi
2115 1586 2125 1602 ,
2151 1565 2206 1597 vix
2229 1576 2323 1599 unius
2347 1577 2422 1597 mo-

1401 1609 1446 1643 do
1469 1610 1558 1642 venit
1581 1611 1616 1643 in
1639 1617 1800 1648 mentem,
1824 1619 1841 1639 a
1865 1608 1987 1649 Peyero
2009 1606 2081 1646 (b)
2105 1610 2275 1641 memorati
2298 1633 2305 1647 ,
2330 1607 2421 1650 quod

1400 1653 1484 1697 vasis
1501 1653 1685 1695 sanguineis
1718 1651 1819 1685 fuerit
1841 1651 2007 1692 praeditum
2029 1662 2039 1688 ς
2072 1648 2165 1684 sicuti
2189 1652 2244 1685 ubi
2280 1652 2420 1694 aliquod.

1401 1696 1453 1731 his
1478 1695 1650 1738 praeditum
1674 1694 1753 1728 vasis
1777 1692 1926 1736 praeclare
1938 1692 2086 1733 videam,
2110 1705 2169 1735 pro
2189 1704 2279 1728 certo
2302 1695 2340 1729 ad
2364 1707 2422 1728 ex-

1400 1739 1587 1773 crescentias
1611 1737 1810 1772 referendum
1834 1734 1913 1775 effe,
1937 1737 2178 1777 pronunciabo;
2203 1737 2244 1771 sic
2269 1749 2382 1771 contra
2407 1762 2418 1777 ‚

1403 1783 1499 1824 probe
1522 1783 1668 1817 conscius
1689 1805 1697 1819 ‚
1732 1792 1830 1825 quam
1852 1777 1946 1811 facile
1970 1791 1984 1810 a
2010 1779 2174 1825 polyposis
2196 1784 2419 1815 concretioni-

1401 1827 1460 1862 bus
1484 1827 1549 1860 sieri
1565 1826 1680 1864 fucus,
1705 1827 1737 1857 &
1761 1823 1887 1866 imponi
1903 1823 2118 1856 multifariam
2142 1824 2258 1865 possit,
2282 1825 2419 1859 nonnisi

1399 1870 1612 1914 suspicando,
1636 1873 1668 1903 &
1692 1864 1922 1910 conjiciendo,
1946 1866 2071 1908 aliquid
2094 1865 2253 1908 ejusmodi
2279 1894 2286 1907 ,
2308 1869 2345 1902 de
2372 1881 2422 1901 re·-

1401 1915 1498 1957 liquis
1522 1911 1719 1955 respondebo
1739 1934 1751 1951 ‚
1782 1921 1851 1952 quae
1876 1917 1929 1942 aut
1959 1910 2042 1942 veris
2064 1910 2132 1943 illis
2155 1911 2233 1945 vasis
2256 1921 2382 1945 careant
2405 1930 2417 1950 ,=

1400 1967 1454 1991 aut
1477 1958 1590 1995 cauti,
1614 1953 1867 1998 experientisque
1889 1951 2049 1994 Chirurgi
2073 1951 2201 1996 judicio
2226 1966 2284 1997 pro
2305 1956 2422 1989 certis-

1401 2000 1488 2033 simis
1511 1999 1734 2033 excrescentiis
1745 2008 1809 2030 non
1833 1996 2061 2038 agnoscantur.
2088 1998 2140 2030 Sic
2153 1997 2311 2033 Valsalvae
2336 2001 2421 2032 olim

1400 2042 1554 2083 credidi,
1586 2054 1660 2076 cum
1685 2052 1810 2075 mecum
1835 2040 2023 2081 sanguineos
2056 2038 2181 2074 ichores
2207 2041 2378 2085 inspiciens
2402 2054 2422 2077 a

1400 2086 1602 2129 dysenterico
1612 2085 1775 2129 desperato
1799 2082 1917 2125 egestus
1930 2107 1942 2124 ,
1965 2083 1999 2118 in
2010 2082 2113 2128 iisque
2134 2084 2302 2120 frustulum
2315 2087 2421 2129 quod-

1403 2131 1498 2171 dam,
1521 2128 1543 2162 fi
1567 2130 1670 2162 colori
1693 2128 1861 2163 dumtaxat
1884 2125 2046 2167 crederes,
2071 2127 2154 2161 nihil
2179 2128 2238 2163 nisi
2261 2141 2417 2173 grumum

1404 2174 1568 2217 sanguinis
1591 2173 1838 2216 repraesentans,
1860 2169 1917 2203 ille
1928 2169 1983 2204 ubi
2008 2180 2184 2213 perattente
2198 2176 2421 2214 examinavit,

1403 2217 1591 2260 penitusque
1614 2215 1796 2259 perspexit,
1822 2225 1881 2256 pro
1904 2214 2035 2248 ulcerari
2061 2215 2203 2249 intestini
2226 2217 2423 2251 excrescente

1405 2261 1564 2304 particula
1588 2259 1649 2293 fine
1674 2260 1737 2293 ulla
1761 2258 1965 2291 dubitatione
1987 2261 2142 2299 agnovit.
2167 2261 2219 2293 Sic
2242 2263 2341 2295 etiam
2355 2262 2422 2295 Vi-

1404 2316 1441 2338 ro
1464 2303 1650 2348 peritissimo
1673 2302 1862 2336 Molinellio
1885 2304 1898 2340 (
1920 2313 1936 2334 c
1958 2304 1972 2341 )
1993 2301 2193 2337 credidissem
2219 2329 2228 2342 ‚
2260 2303 2282 2337 fi
2306 2316 2421 2340 cavum

1405 2359 1520 2391 corpus
1537 2373 1545 2385 ,
1570 2346 1931 2389 spithamamlongum‚
1954 2345 2042 2387 quod
2062 2345 2162 2379 homo
2187 2346 2243 2381 diu
2261 2349 2420 2383 multum-

1404 2404 1465 2435 que
1489 2390 1666 2432 dysenteria
1690 2390 1850 2423 cruciatus
1873 2411 1886 2428 ,
1917 2389 1983 2430 ipse
2008 2388 2067 2421 sibi
2090 2401 2128 2422 ex
2151 2401 2211 2423 ano
2235 2394 2385 2425 eduxerat
2407 2411 2422 2431 ‚¹

1406 2447 1445 2468 ex
1458 2431 1594 2477 fungosa
1605 2434 1744 2466 ulcerum
1767 2442 1855 2466 carne
1868 2429 1924 2464 esse
1939 2457 1948 2470 ,
1972 2433 2227 2477 pronunciasset,
2253 2434 2288 2468 id
2307 2436 2394 2478 quod
2408 2458 2421 2474 ‚

1405 2488 1442 2513 ut
1467 2476 1508 2509 est
1531 2476 1667 2518 prudens
1690 2477 1724 2508 in
1748 2477 1884 2519 primis,
1906 2477 2104 2519 cautusque,
2129 2479 2263 2510 minime
2288 2481 2424 2518 voluit,

1405 2521 1455 2555 sed
1481 2521 1509 2552 ei
1533 2521 1621 2553 carni
1647 2519 1729 2565 haufl
1749 2517 1887 2560 absimile
1910 2527 2035 2552 tantum
2059 2519 2164 2554 dixit.
2192 2522 2306 2564 Neque
2329 2523 2423 2557 aliud.

1406 2565 1563 2608 speritavit
1598 2562 1723 2596 foi-tasse
1748 2563 1801 2595 Cl.
1828 2561 1972 2594 Struvius
1995 2565 2009 2601 (
2031 2563 2084 2604 d)
2104 2586 2114 2602 ‚
2147 2566 2204 2606 qui
2228 2577 2300 2599 cum
2333 2578 2423 2609 aeque

1409 2608 1561 2650 longam,
1585 2609 1618 2640 &
1642 2606 1796 2648 pollicem
1820 2605 1916 2637 latam
1940 2604 2310 2649 membranoso-carneam
2336 2633 2345 2647 ‚
2383 2620 2422 2644 ut

1409 2652 1524 2685 diserte
1547 2652 1616 2690 ait,
1640 2649 1794 2692 quandam
1818 2646 1945 2691 massam
1968 2659 2040 2682 cum
2053 2653 2154 2683 multa
2174 2652 2359 2695 pinguedine
2370 2654 2423 2686 in-

1410 2703 1572 2732 tertexta‚
1596 2692 1767 2727 fortiffirno
1790 2691 1859 2725 nisu
1883 2690 2027 2724 indidem
2049 2691 2208 2728 detrusam
2231 2720 2239 2734 ‚
2263 2707 2423 2738 propone-

1411 2749 1481 2776 ret3
1505 2737 1769 2776 dubitationem,
1794 2746 1829 2769 ut
1841 2736 1982 2777 opinor,
2005 2735 2164 2770 ostendere
2178 2738 2285 2773 voluit
2310 2740 2424 2780 suam,

1409 2781 1495 2816 hunc
1518 2780 1747 2814 Observationi
1771 2779 1907 2813 titulum
1930 2777 2126 2821 praefigendo
2146 2785 2192 2815 De
2214 2782 2308 2826 maffa
2328 2784 2422 2826 poly-

1405 2826 1479 2870 posa
1501 2835 1557 2867 per
1578 2824 1687 2859 alvum
1709 2830 1833 2858 excreta
1847 2836 1857 2855 .-
1881 2827 1912 2855 δι
1927 2822 2143 2865 praecesserant
2167 2834 2275 2859 tamen
2299 2838 2332 2859 ea
2350 2839 2422 2869 quae

1407 2881 1471 2902 non
1497 2869 1581 2902 secus
1605 2880 1638 2901 ac
1663 2866 1842 2909 dysenteria
1863 2888 1872 2904 ‚
1906 2873 2074 2908 potuerant
2097 2868 2316 2905 excrescentiae
2352 2882 2425 2905 car-v

1407 2924 1471 2946 neae
1497 2912 1610 2955 justam
1634 2911 1846 2952 suspicionem
1870 2920 2017 2945 movere.

1455 2967 1505 2999 23.
1531 2957 1620 2990 Dum
1646 2954 1797 2987 haeftenus
1819 2951 2009 2987 ostenderem
2032 2978 2045 2995 ,
2078 2955 2163 2998 posse
2185 2958 2218 2990 in
2240 2958 2422 3002 dysenteria

1411 3001 1497 3042 egeri
1519 3011 1592 3033 cum
1617 2999 1765 3040 sanguine
1790 2996 1941 3038 adiposa,
1966 2998 2185 3042 membranea‚
2210 3002 2337 3036 carnosa
2348 3015 2423 3037 cor-

1411 3055 1486 3086 pora
1505 3066 1517 3082 ,
1541 3054 1605 3076 «nec
1639 3041 1784 3074 intestina
1817 3049 1922 3072 tamen
1955 3042 2013 3076 esse
2044 3045 2221 3078 exulcerata
2255 3057 2422 3089 propterea

1409 3086 1499 3130 quod
1533 3098 1568 3119 ea
1591 3096 1728 3126 corpora
1761 3083 1974 3126 scepenumero
2006 3097 2071 3120 non
2112 3087 2182 3123 sunt
2215 3089 2317 3131 reapse
2350 3103 2421 3133 quae

1410 3130 1564 3164 videntur
1589 3142 1599 3169 3
1633 3126 1766 3162 subinde
1788 3129 1906 3161 veritus
1942 3129 2008 3163 sum
2031 3141 2068 3163 ne
2093 3130 2176 3165 forte
2200 3133 2265 3175 ipse
2290 3137 2421 3167 mirare-

1411 3175 1478 3215 ris,
1501 3184 1566 3206 non
1591 3171 1695 3205 videre
1720 3183 1788 3210 me,
1814 3173 1861 3203 vel
1887 3171 1990 3206 solnm
2013 3174 2174 3217 sanguinis
2198 3178 2322 3210 exitum
2347 3178 2420 3211 saris

1409 3217 1551 3251 indicare
1574 3215 1679 3252 erosa,
1704 3224 1758 3248 aut
1782 3225 1874 3257 rupta
1897 3216 1962 3258 ejus
1974 3216 2067 3256 vasa,
2090 3227 2124 3252 ut
2149 3220 2344 3253 exulceratio
2366 3230 2420 3254 aut

1407 3260 1472 3303 jam
1498 3259 1580 3294 fatsta
1606 3285 1613 3296 ‚
1646 3268 1700 3292 aut
1724 3257 1873 3292 inchoata
1898 3259 2007 3293 saltem
2029 3284 2042 3301 ,
2066 3261 2237 3296 necessario
2260 3263 2297 3297 sit
2322 3276 2421 3301 aano-

1408 3304 1516 3337 scenda
1538 3329 1545 3337 ,
1571 3305 1694 3337 Verum
1718 3302 1739 3335 si
1764 3301 1848 3335 forte
1871 3305 2004 3338 miratus
2035 3316 2065 3337 es
2090 3317 2100 3344 ς
2134 3309 2239 3343 mirari
2263 3302 2420 3341 continuo

1410 3346 1553 3387 desines,
1576 3357 1646 3379 cum
1671 3345 1739 3379 liaec
1762 3358 1832 3392 quae
1856 3349 1964 3389 paucis
1974 3347 2206 3391 perstringam,
2230 3351 2421 3384 attenderis.

1412 3391 1469 3424 Est
1491 3389 1543 3423 Cl.
1571 3390 1723 3431 Wagneri
1751 3390 1947 3424 Observatio
1970 3395 1983 3430 (
2005 3402 2020 3425 e
2042 3396 2056 3431 )
2075 3416 2086 3432 ,
2122 3395 2155 3427 in
2179 3406 2238 3437 qua
2261 3406 2334 3427 cum
2359 3396 2420 3427 alia

1411 3434 1446 3466 in
1479 3432 1687 3474 dysentericae
1721 3433 1893 3467 visceribus
1926 3445 1944 3466 a
1979 3436 2006 3467 se
2039 3437 2205 3479 conspefta
2231 3439 2385 3479 proponit
2410 3461 2422 3476 ,

1413 3477 1447 3509 in
1472 3475 1587 3519 hisque
1610 3476 1694 3510 illud
1726 3487 1786 3519 pro
1818 3479 1963 3521 Spigelio
1989 3479 2206 3514 adnotandum
2239 3481 2290 3523 (j'
2308 3484 2343 3520 )‚
2367 3492 2422 3515 νε-

2282 3524 2380 3566 ficam

432 3620 442 3636 t
457 3614 471 3642 )
488 3615 510 3637 1.
528 3615 579 3638 Sest
608 3621 645 3643 13.
663 3611 723 3636 Obs.
743 3619 763 3636 ι.

403 3613 453 3704 {z
469 3642 482 3672 3
500 3645 559 3671 Eph.
581 3647 613 3668 N.
632 3645 662 3668 C.
680 3644 751 3667 Cent.
770 3650 791 3670 3.
808 3643 829 3665 ἃ
846 3650 869 3670 4.
889 3640 947 3664 Obs.
967 3644 1020 3669 163.
1083 3642 1097 3670 (
1113 3650 1127 3665 a
1144 3641 1158 3669 >
1175 3648 1198 3663 n.
1216 3647 1240 3666 4.

401 3707 410 3735 s

429 3683 440 3728 Ζ
458 3711 468 3732 )
486 3705 546 3733 Eph.
569 3707 600 3729 N.
620 3706 646 3728 C.
667 3705 738 3729 Cent.
757 3710 779 3727 1.
797 3706 818 3726 ἃ
835 3709 857 3725 2.
875 3701 935 3726 Obs.
957 3709 1006 3730 ¹71·

826 3611 841 3641 <
855 3619 872 3634 u
890 3609 899 3640 )
914 3609 967 3634 Ast,
986 3611 1062 3635 Hasn.
1081 3611 1139 3635 Vol¹
1159 3618 1182 3639 4.
1201 3611 1227 3633 Ρ.
1247 3616 1269 3632 1.
1286 3616 1338 3638 paq.
1356 3610 1394 3634 86.

1460 3609 1733 3637 (x)n.13.&16.
1794 3609 1959 3641 (an.21.

1203 3669 1209 3673 1
1305 3640 1319 3669 (
1335 3639 1347 3662 b
1365 3640 1371 3668 '1
1388 3640 1502 3664 Exercit.
1521 3642 1541 3665 Ι.
1558 3640 1588 3664 de
1605 3641 1696 3664 Gland.
1714 3641 1821 3664 interlin.
1839 3642 1903 3666 circa
1921 3643 2014 3669 finem.

455 3674 468 3702 )
488 3675 540 3698 Vni.
557 3677 698 3698 Commenta
716 3674 744 3696 de
761 3674 846 3696 Borion
872 3673 908 3695 Sci
929 3671 1001 3695 Acad.
1022 3673 1054 3696 T.
1074 3679 1096 3694 ².
1115 3674 1141 3695 P.
1163 3678 1182 3694 1.
1203 3675 1268 3703 inter
1284 3671 1382 3694 Medica
1397 3671 1457 3696 Obs.
1474 3680 1496 3695 2.

1068 3703 1082 3732 (
1095 3701 1113 3732 f
1129 3706 1140 3731 >
1155 3700 1210 3725 Vid.
1227 3704 1295 3729 supra
1313 3708 1339 3725 n.
1359 3708 1397 3731 ¹5-

1562 3670 1600 3701 κά
1616 3670 1630 3700 )
1644 3672 1698 3696 Aet.
1716 3673 1750 3696 N.
1768 3673 1827 3696 Cur.
1845 3674 1878 3698 T.
1899 3681 1922 3698 ι.
1936 3674 1994 3699 Obs.
2013 3682 2069 3705 195.
