2498 4075
376 223 528 293 Epist.
564 225 726 282 Anat.
759 222 970 280 Medica
1005 221 1332 280 XXXVII-1.
1365 223 1482 279 Art.
1504 224 1649 295 31.&
1670 237 1747 291 32

57 303 195 348 quadam
220 313 379 341 tentatum
404 307 447 341 est
467 330 477 346 ,
511 305 562 340 sed
586 316 657 347 quae
681 315 745 340 non
769 305 874 339 multo
897 304 963 346 post
984 314 1055 337 eva-

57 359 130 382 nuit
147 374 156 388 ‚
181 361 236 384 nec
258 349 370 384 diebus
392 348 634 391 insequentibus
656 348 754 381 rediit
775 369 785 385 ,
816 349 962 390 quamvis
984 347 1054 390 plus

58 392 224 425 biberetur
239 416 246 423 .
270 395 356 428 Cum
380 391 454 427 esset
477 392 613 434 quincto
635 390 688 424 die
711 401 902 432 perventum
932 390 970 424 ad
994 401 1055 425 un-

56 436 122 481 cias
145 434 298 468 tredecim
321 460 334 477 ‚
366 447 467 477 neque
491 445 572 477 aeger
606 434 675 478 plus
697 435 856 476 mingeret
876 458 888 474 ,
910 434 959 467 sed
984 435 1055 475 plus

55 478 204 520 dejiceret
228 478 268 512 fic
294 490 327 513 ut
351 492 388 513 eo
410 479 462 512 die
486 488 600 520 aquam
623 477 659 510 ad
682 488 824 519 quatuor
850 500 859 514 ,
883 486 936 511 aut
958 478 1054 519 quin-

55 533 117 563 que
153 522 250 555 libras
273 524 346 556 alvo
380 521 521 556 redderet
555 520 645 553 nullo
678 522 796 555 virium
827 520 1053 557 detrimentoi

56 575 121 597 non
146 565 231 600 aliud
257 576 362 600 tamen
387 564 463 598 hinc
487 565 654 598 levaminis
672 586 682 601 ‚
714 575 812 606 quam
836 564 924 605 quod
949 576 964 596 a
987 573 1056 596 tar-

56 616 128 640 taro
152 631 160 645 ,
194 609 398 643 observatum
420 609 463 643 est
483 631 496 648 ,
528 617 637 641 ventre
660 606 741 641 nihil
766 607 890 650 prorsus
912 606 1054 641 detume-

56 651 161 683 scente
181 675 190 689 ‚
224 653 293 686 imo
317 653 447 687 artubus
468 649 677 684 inferioribus
703 653 804 692 magis
827 650 1027 684 tumentibus
1049 673 1057 681 .

54 694 279 737 Quamobrem
313 706 390 729 tunc
415 694 448 729 id
483 695 615 727 remedii
639 694 851 729 intermissum
874 692 918 727 est
939 717 946 726 ‚
980 692 1055 725 Ali-

54 748 121 779 quo
144 739 212 779 post
234 748 376 782 tempore
399 738 437 772 ad
460 738 545 772 idem
570 739 674 771 voluit
698 737 798 771 redire
820 747 904 778 aeger
922 760 930 767 .
965 734 1056 768 Bibit

54 782 201 821 quinque
235 782 438 815 continenter
461 782 572 814 diebus
602 783 735 813 octonas
758 779 889 822 singulis
913 782 1020 813 uncias
1046 802 1054 810 .

53 823 176 857 Nihilo
198 825 267 867 plus
292 823 451 867 profecit.
477 825 568 861 Quin
591 825 686 858 altera
709 823 747 857 de
770 835 831 865 qua
855 823 948 865 supra
971 821 1057 855 indi-

53 876 161 900 catum
185 868 248 908 est,
271 868 440 910 ingruente
462 866 548 901 febre
564 889 573 904 ‚
597 866 724 910 prorsus
746 868 896 899 omittere
917 866 960 899 est
983 876 1057 898 coa-

54 911 144 942 &us.
170 910 292 944 Frustra
311 923 462 954 quoque,
486 913 609 945 utinam
632 910 805 944 innoxiein
832 909 948 943 morbo
958 918 1056 950 quem

54 964 168 995 augere
181 952 307 987 facilius
319 953 392 987 esset
405 976 414 992 ‚
438 963 533 997 quam
549 955 712 992 minuere5
737 952 851 986 frustra
864 977 874 993 ,
896 953 1029 994 inquam
1043 973 1055 990 ,

54 996 203 1043 remediis
227 997 296 1030 aliis
326 997 370 1031 est
395 996 465 1031 usus
498 999 538 1031 de
561 997 672 1031 eodem
695 1007 807 1040 genere
830 995 894 1029 sive
916 994 1055 1035 degluti-

52 1040 119 1079 tis,
141 1041 203 1073 five
226 1042 260 1072 in
283 1043 394 1075 alvum
416 1040 545 1083 injectis
561 1064 575 1084 ‚
598 1039 661 1073 five
685 1042 784 1074 etiam
807 1039 973 1073 abdomini
995 1038 1058 1070 im-

50 1082 164 1126 pofitis
185 1107 193 1115 .
216 1084 304 1117 Nam
327 1097 402 1119 cum
426 1084 529 1118 senior
551 1084 682 1126 quidam
706 1082 853 1117 Medicus
876 1082 961 1115 ebuli
982 1102 992 1118 ,
1025 1083 1057 1114 Bc

53 1126 209 1159 absinthii
231 1126 340 1162 succos
363 1130 528 1170 imponere
550 1126 700 1170 juffisset3
724 1125 892 1160 nihilinde
915 1124 974 1157 nisi
989 1125 1058 1158 ina-

54 1170 105 1202 nis
135 1170 283 1211 egerendi
308 1172 471 1213 cupiditas
503 1169 621 1204 accidit
645 1192 655 1208 ‚
689 1172 720 1202 &
743 1171 886 1210 pruritus
909 1169 993 1202 cutis
1017 1167 1056 1202 ad

53 1212 181 1254 hepatis
216 1217 379 1256 regionem
398 1238 408 1254 ‚
441 1215 496 1247 ubi
522 1212 630 1246 lividae
652 1212 775 1246 venulae
808 1220 1022 1255 apparuerunt
1044 1236 1054 1246 .

52 1256 170 1298 Itaque
192 1256 300 1290 succos
315 1257 387 1292 illos
415 1257 555 1299 abjecit:
579 1267 679 1299 neque
691 1255 777 1290 aliud
800 1256 992 1295 abdomini,
1015 1254 1057 1288 si-

51 1298 182 1341 quando
206 1301 364 1335 mulcendi
388 1300 487 1337 effent
511 1301 632 1334 ventris
654 1299 780 1333 dolores
801 1324 809 1337 ,
833 1310 907 1333 cum
931 1299 1059 1332 utilita-

51 1350 84 1375 te
107 1342 256 1378 adhibuit
277 1366 286 1381 ‚
321 1345 378 1378 nifi
405 1345 545 1378 vervecis
577 1353 745 1377 omentum
769 1344 846 1376 oleis
877 1342 1060 1377 delibutum

52 1387 240 1427 violarum,
264 1388 442 1426 absinthii,
468 1392 499 1421 δε
522 1387 764 1430 amygdalarum
786 1386 932 1420 dulcium
957 1409 964 1416 .
989 1386 1058 1418 Ve-

51 1440 124 1463 rum
149 1429 216 1464 haec
241 1441 331 1464 antea
352 1456 358 1463 .
393 1432 493 1465 Nunc
517 1431 554 1464 ad
579 1431 685 1464 morbi
709 1429 825 1468 finem,
851 1432 881 1463 δι
905 1428 942 1461 ad
966 1426 1061 1462 diffe-

49 1473 193 1506 dionem
218 1476 383 1509 veniamus
403 1501 411 1508 .
445 1473 599 1510 Suffocati
624 1474 717 1508 instar
742 1484 888 1507 mortuus
911 1470 955 1506 est
979 1484 1060 1514 prae-

51 1516 153 1549 livida
175 1508 256 1552 facie
271 1541 281 1557 ,
305 1522 335 1552 δι
358 1518 501 1553 humeris
517 1542 528 1557 ,
561 1529 640 1560 aqua
664 1525 770 1550 autem
793 1519 824 1550 &
848 1516 998 1558 sanguine
1020 1527 1060 1548 ex

52 1561 174 1593 mortui
208 1572 262 1594 ore
285 1587 294 1601 „
338 1565 369 1595 ἃ
402 1561 531 1595 naribus
575 1560 751 1603 prodeunte
772 1583 780 1592 .
911 1560 1060 1593 CADA-

51 1603 153 1637 VER
178 1604 349 1645 postridie,
374 1606 431 1647 qui
454 1605 520 1638 dies
541 1603 605 1639 fuit
631 1605 696 1636 III.
721 1602 983 1636 NonasSextiles
1004 1613 1061 1634 an-

50 1648 85 1680 ni
109 1657 205 1690 quen-1
229 1646 321 1689 supra
346 1648 551 1686 memoravi,
575 1656 610 1680 ut
634 1645 823 1680 condiretur
846 1672 854 1686 ‚
890 1643 1059 1679 diffthum

51 1691 115 1724 est.
140 1691 242 1724 Artus
266 1692 442 1734 superiores
466 1689 657 1733 quibusdam
683 1690 783 1731 nigris
796 1687 883 1731 quafi
908 1689 1060 1731 peticulis

49 1733 314 1768 distinffierant.
338 1734 394 1768 Ab
417 1732 628 1767 inferioribus
640 1742 745 1767 autem
767 1732 894 1767 oedema
916 1744 971 1775 per
981 1733 1059 1765 dor-

49 1777 118 1811 sum
155 1777 193 1810 ad
217 1777 358 1820 scapulas
393 1778 493 1820 usque
517 1775 546 1810 se
578 1777 799 1819 producebat.
933 1777 1058 1809 Venter

49 1831 140 1863 aquae
163 1819 286 1855 foetidae
310 1832 348 1855 ex
379 1820 479 1854 viridi
504 1820 593 1854 flavae
616 1821 743 1862 copiam
766 1819 880 1852 habuit
902 1829 1057 1860 quantam

48 1864 224 1897 maximam
250 1875 367 1907 praeter
389 1875 521 1898 omnem
545 1864 677 1897 modum
700 1863 853 1897 distentus
875 1861 988 1896 habere
1000 1873 1052 1904 po-

48 1907 136 1942 tuit.
160 1908 199 1939 In
224 1921 259 1942 ea
283 1906 382 1942 frusta
405 1909 552 1950 quaedam
567 1933 575 1948 ‚
596 1907 875 1949 omentiopinor‚
899 1906 1056 1939 natabant

46 1949 136 1994 quasi
160 1962 200 1985 ex
221 1952 416 1993 mucilagine
440 1951 629 1993 purulenta.
657 1950 891 1988 Ventriculus,
917 1952 948 1982 &
971 1952 1056 1983 inte-

49 1995 156 2031 stina,
178 1996 224 2029 nil
247 1993 314 2028 fere
335 1994 464 2037 turgida
483 2019 490 2033 ,
517 1995 719 2036 nigricabant
734 2016 745 2033 ‚
769 2004 806 2026 ut
829 1991 1055 2026 mesenterium

48 2047 203 2081 quoque.
223 2039 321 2083 Jecur
344 2038 482 2074 durum,
507 2040 596 2072 intus
620 2061 632 2078 ‚
664 2047 819 2079 extraque
843 2045 951 2070 totum
975 2046 1055 2069 con-

47 2082 129 2116 stans
153 2093 193 2116 ex
216 2081 393 2116 tuberculis
408 2107 415 2120 ,
441 2082 473 2114 id
497 2082 541 2116 est
566 2079 759 2122 glandulosis
782 2080 901 2113 lobulis
923 2080 1056 2113 eviden-

48 2124 197 2165 tiffimis‚
221 2123 493 2161 &evidentiffime
518 2125 703 2159 distinstis:
727 2132 901 2156 nectamen
926 2132 1055 2155 natura-

48 2168 73 2202 li
95 2168 217 2212 majus.
243 2170 289 2201 At
314 2168 379 2201 lien
406 2178 541 2209 magnus
562 2190 571 2203 ‚
606 2167 779 2200 substantia
803 2166 971 2207 compasta
987 2188 997 2204 ,
1019 2175 1058 2198 ex

48 2223 114 2256 qua
136 2212 237 2247 incisa
250 2210 334 2245 nihil
360 2209 522 2253 sanguinis
533 2209 704 2244 effluebat.
729 2208 860 2243 Renum
874 2207 1058 2242 altericho-

50 2258 120 2294 rem
153 2258 188 2289 in
213 2256 297 2297 pelvi
330 2253 465 2289 habuit.
601 2256 638 2286 In
672 2251 851 2291 Thorace,
886 2264 902 2284 a
934 2251 1056 2284 dextris

49 2299 226 2343 praesertim
249 2323 256 2336 ,
291 2308 379 2340 aquae
415 2297 593 2338 plurimum
628 2294 858 2340 ejusdemmodi
891 2304 987 2337 atque
1021 2296 1055 2326 in

50 2352 185 2376 ventre.
212 2343 263 2375 Sic
286 2343 386 2375 etiam
409 2341 443 2373 in
470 2339 648 2381 pericardio
671 2361 681 2377 ‚
714 2340 747 2371 in
770 2350 837 2380 quo
859 2347 966 2371 tamen
991 2348 1056 2370 non

49 2386 154 2419 multa
174 2411 182 2420 .
220 2385 389 2419 Pulmones
413 2383 538 2425 turgidi
558 2405 568 2420 ,
599 2385 630 2416 &
653 2383 849 2424 nigricantes
871 2407 877 2414 .
901 2382 970 2414 Cor
992 2380 1056 2414 sine

49 2430 205 2471 sanguine
217 2450 226 2465 ‚
248 2429 364 2462 nedum
378 2426 443 2460 sine
464 2426 728 2468 concretionibus
742 2424 922 2467 p·›1yp0fis.

40 2474 175 2515 Caput3
198 2473 356 2514 quoniam
390 2469 524 2503 cadaver
548 2469 762 2503 condiebatur
784 2490 793 2506 ,
832 2478 868 2501 ut
892 2478 956 2513 non
980 2468 1052 2500 lon-

40 2519 112 2560 gius
135 2526 234 2559 quam
258 2514 415 2550 Venetias
448 2513 482 2546 in
508 2523 677 2557 paternum
713 2510 915 2555 sepulchrum
952 2511 1053 2544 infer-

42 2569 133 2594 retur
163 2581 174 2598 ,
212 2556 306 2592 nobis
342 2559 504 2599 attingere
550 2567 607 2590 nec
636 2555 755 2590 necesse
785 2553 849 2589 fuit
874 2576 885 2592 ,
926 2566 982 2588 nec
1013 2554 1053 2587 li-

44 2612 115 2639 cuit
131 2629 138 2637 .

114 2657 141 2679 1.
164 2646 218 2680 Ex
240 2656 308 2689 quo
326 2643 471 2690 Joannes
495 2642 667 2681 Posthius‚
691 2651 728 2676 ut
751 2640 804 2676 hic
828 2641 924 2675 habes
947 2641 980 2674 in
1001 2642 1051 2674 Se-

46 2658 220 2735 puichreto
242 2693 253 2729 (
277 2689 343 2731 m)
369 2686 575 2721 substantiam
598 2686 725 2729 hepatis
748 2687 782 2718 in
807 2686 903 2720 ascite
921 2685 1055 2718 interius

48 2741 149 2768 totam
168 2731 367 2777 granulosam
388 2728 524 2764 offendit
538 2755 547 2769 ‚
568 2731 674 2774 granis
696 2730 847 2764 nimirum
879 2728 1055 2771 quantitate

44 2776 186 2821 pisorum
210 2773 321 2816 ubique
346 2771 589 2818 apparentibus,
615 2774 720 2815 plures
743 2773 812 2806 aliae
838 2772 957 2806 fimiles
982 2771 1053 2804 Ob>

50 2820 246 2854 servationes
268 2819 302 2850 in
324 2817 435 2851 eodem
459 2818 574 2850 morbo
598 2816 716 2850 habitae
731 2815 821 2850 sunt.
848 2817 972 2849 Extant
996 2815 1058 2847 ibi-

49 2865 123 2897 dem
148 2861 218 2895 aliae
240 2869 403 2903 quatuor,
427 2858 576 2902 Wepferi
595 2871 657 2893 una
682 2863 692 2898 (
719 2870 737 2892 n
761 2862 796 2898 ),
819 2860 872 2892 cui
896 2859 1056 2901 heparccu

50 2915 160 2947 corpus
184 2914 222 2939 ex
241 2903 390 2945 plurimis
408 2902 570 2946 glandulis
594 2902 854 2946 conglomeratum
877 2901 1024 2943 apparuit
1046 2922 1056 2937 ,

49 2947 215 2991 Ruyschii
238 2947 336 2980 altera
359 2946 409 2988 (o
430 2949 463 2986 )‚
486 2947 631 2981 Brownii
654 2948 750 2979 tertia
773 2949 859 2988 (p),
882 2945 1056 2979 Hartman-

50 2994 85 3026 ni
107 3001 224 3035 quarta
248 2994 262 3031 (
283 3001 302 3032 q
326 2993 337 3029 )
362 3011 372 3028 ‚
402 2990 519 3033 quibus
541 2990 624 3023 idem
649 2988 751 3023 viscus
784 2996 889 3022 totum
923 3000 938 3023 e
961 2988 1056 3021 meris

47 3034 208 3079 glandulis
231 3034 355 3076 magnis
371 3058 381 3074 ‚
404 3043 457 3066 aut
480 3044 495 3066 e
515 3029 675 3076 glandulis
690 3056 701 3072 ‚
725 3042 777 3066 aut
791 3042 828 3066 ex
850 3031 963 3065 lobulis
977 3041 1053 3064 con-

51 3082 133 3114 stare
157 3078 268 3113 visum·
284 3075 350 3111 est.
376 3076 456 3109 Non
481 3074 609 3118 poffunt
633 3085 740 3109 autem
764 3076 908 3109 minima>
930 3073 1052 3117 jecino-

51 3126 96 3157 ris
119 3132 227 3166 partes
252 3121 331 3155 adeo
344 3118 556 3162 amplificari,
581 3121 661 3163 quin
679 3129 733 3153 aut
757 3118 940 3161 interjectas
953 3119 1051 3157 alias,

51 3177 107 3203 aut
132 3164 259 3200 vascula
282 3163 391 3198 saltem
416 3162 594 3205 {anguifera
617 3163 862 3206 comprimendo
886 3188 895 3201 ‚
929 3161 1052 3204 hepatis

51 3211 179 3246 muneri
202 3231 212 3248 ‚
244 3211 274 3241 δι
298 3207 459 3249 sanguinis
488 3217 543 3248 per
566 3216 711 3240 ventrem
745 3206 849 3239 motui
873 3205 1050 3246 plurimum

49 3255 215 3291 officiant.
241 3253 356 3293 Itaque
379 3248 546 3288 Posthius‚
570 3250 780 3284 &Brownius
802 3248 913 3283 frustra
935 3260 1051 3290 aquam

51 3300 232 3335 eduxerunt
246 3319 259 3336 ,
281 3305 353 3338 quae
374 3293 492 3326 vitiato
510 3292 644 3333 jecinore
662 3293 792 3336 subinde
816 3301 923 3326 renata
946 3289 1016 3335 effer
1040 3317 1049 3332 ‚

50 3353 89 3379 ut
123 3340 327 3376 Erafistratus
360 3335 443 3379 apud
475 3335 603 3368 Celsum
628 3339 712 3377 (r)
744 3336 897 3369 monebat
918 3360 925 3369 .
962 3337 1049 3368 Nam

49 3385 140 3429 quod
162 3383 215 3418 hic
237 3380 428 3423 respondet,
451 3377 551 3421 emiffo
562 3377 686 3413 humore
709 3379 864 3413 medicinae
886 3378 984 3412 locum
991 3377 1050 3420 fie-

48 3430 79 3464 ri
103 3427 141 3462 ad
163 3427 252 3471 jecur
275 3423 467 3459 sanandum;
493 3420 637 3464 profecto
660 3421 815 3464 ejusmodi
839 3433 902 3455 non
924 3422 964 3455 est
988 3422 1048 3455 hoc

51 3473 178 3516 hepatis
200 3470 318 3504 vitium
340 3491 348 3504 ,
372 3476 408 3500 ut
432 3466 626 3499 medicinam
650 3466 802 3500 admittat
825 3492 833 3500 .
869 3465 968 3508 Qod
993 3465 1046 3500 etfi

50 3528 118 3551 non
141 3513 201 3549 nifi
224 3523 278 3556 per
291 3510 512 3545 dissectionem
536 3517 688 3550 apparet;
712 3518 763 3542 tot
776 3519 884 3543 tamen
909 3507 1047 3543 aliisunt

50 3561 137 3594 illius
157 3582 167 3598 ‚
200 3560 232 3593 &
255 3556 396 3591 aliorum
429 3552 587 3587 viscerum
617 3552 725 3587 morbi
754 3554 811 3596 qui
844 3554 1049 3586 curationem

1103 314 1169 337 non
1192 303 1376 344 recipiunt,
1400 313 1518 337 utcum
1541 300 1686 335 laesorum
1701 300 1854 334 viscerum
1877 299 1997 333 indicia
2010 300 2106 340 suntj

1104 357 1169 380 non
1193 345 1231 379 fit
1254 356 1371 380 temere
1395 348 1433 381 ad
1458 356 1612 386 aquarum
1636 344 1828 379 emlffionem
1849 341 2080 377 decurrendum
2095 365 2106 375 .

1104 389 1327 427 Quamobrem
1352 388 1430 424 hanc
1459 389 1596 425 Nobilix
1619 387 1658 421 de
1680 399 1747 430 quo
1770 388 1893 421 dictum
1918 387 1959 421 est
1983 411 1991 424 ‚
2016 396 2106 427 aegro

1105 445 1200 468 nemo
1223 441 1274 465 tot
1300 433 1502 466 Medicorum
1528 430 1715 473 proposuit.
1742 432 1907 465 Caeterum
1922 428 2010 471 quod
2035 428 2108 471 plu-

1106 488 1153 511 res
1175 487 1249 512 curn
1274 476 1422 510 Ballonio
1446 475 1497 516 (s
1515 478 1548 514 ),
1571 477 1601 508 &
1625 474 1794 507 sanctorio
1815 473 1924 507 nostro
1945 474 1994 516 (t
2018 473 2028 509 )
2054 481 2109 505 ve·-

1106 530 1236 559 rentur‚
1259 530 1297 552 ne
1322 520 1510 561 peritonaei‚
1536 516 2048 553 &intestinoruminflammatio,
2072 524 2108 546 ac

1105 574 1273 607 gangraena
1297 574 1387 604 aquae
1410 562 1613 595 eductionem
1640 559 1875 602 consequantur
1899 584 1909 600 ,
1932 570 1995 592 non
2020 560 2110 598 inju-

1105 608 1151 640 ria
1177 607 1279 640 facere
1305 606 1406 639 videri
1430 604 1559 648 possunt
1571 604 1807 646 perlegentibus
1832 606 1973 645 exempla
1996 610 2109 635 eorum

1105 651 1225 693 quibus
1248 649 1357 683 educta
1382 661 1461 691 aqua
1483 646 1607 682 fuerat,
1632 658 1769 688 quorum
1793 648 1896 679 multa
1911 644 1981 678 sunt
2006 647 2038 677 in
2053 645 2109 679 Se-

1109 693 1310 735 pulchretum
1335 693 1389 737 (u
1413 696 1423 731 )
1450 691 1567 724 relata.
1592 690 1723 732 Qbus
1745 689 1867 723 celebre
1881 689 1959 722 illud
1985 690 2018 722 in
2043 687 2110 730 pri-

1106 738 1167 771 mis
1190 737 1283 770 addes
1305 735 1392 779 quod
1415 733 1650 767 Cl.Scherbius
1675 736 1740 772 (x)
1763 731 1927 775 descripsit
1953 732 2034 768 viri,
2056 731 2111 763 cui

1108 781 1247 814 calculus
1282 782 1315 812 in
1338 778 1554 819 Receptaculo
1576 775 1665 818 chyli
1698 784 1865 809 concretus
1887 798 1895 813 ,
1929 774 2024 815 hujus
2045 795 2054 810 ‚
2080 774 2112 805 &

1108 822 1251 865 lymphae
1274 821 1429 864 expedito
1451 822 1486 856 in
1512 820 1733 856 Thoracicutn
1757 820 1889 854 ductum
1915 817 2056 851 ascensui
2082 814 2111 848 se

1110 878 1297 910 opponens,
1320 864 1477 907 ejusmodi
1491 864 1619 899 ast-item
1632 864 1807 899 attulerat,
1834 871 1869 895 ut
1895 861 2006 904 septies
2020 869 2111 901 aquae

1108 923 1123 944 a
1148 908 1319 951 Chirurgis
1344 908 1466 943 fuerint
1477 906 1616 943 eduetae.
1640 908 1762 949 quippe
1786 907 1881 938 novis
1896 906 2016 947 semper
2041 903 2112 937 suc-

1106 952 1320 986 crescentibus
1342 951 1443 985 donec
1466 950 1623 985 sexdecim
1648 949 1715 991 post
1736 950 1886 983 ultimam
1905 950 2111 983 eduffionem

1106 997 1196 1031 horis
1219 997 1326 1028 vivere
1347 994 1439 1028 defiit
1463 1017 1471 1025 .
1508 993 1574 1027 Etfi
1599 1004 1676 1025 vero
1698 1004 1762 1026 non
1788 1005 1803 1027 a
1827 990 1984 1026 viscerum
2007 991 2078 1025 labe
2099 1002 2115 1027 ‚²

1107 1049 1144 1073 ut
1168 1039 1318 1081 praeclare
1343 1038 1451 1076 vides,
1474 1037 1616 1079 hydrops
1636 1036 1688 1070 hic
1712 1037 1872 1078 originem
1897 1035 2035 1072 habuit3
2060 1043 2112 1067 ta-

1109 1094 1181 1117 men
1205 1089 1360 1116 omentum
1392 1088 1493 1114 totum
1509 1078 1579 1122 fere
1601 1078 1792 1120 consumtum
1825 1080 1987 1113 inventum
2004 1076 2076 1120 fuit
2098 1099 2114 1117 ‚

1107 1126 1284 1168 reliquaque
1306 1123 1424 1166 viscera
1454 1132 1616 1166 gangraena
1639 1119 1768 1164 obfieffa3
1792 1131 1846 1154 nec
1878 1123 1993 1156 mirum
2014 1144 2025 1160 ‚
2059 1122 2112 1152 in-

1107 1171 1179 1212 quit
1203 1168 1376 1202 Scherbius
1398 1189 1406 1203 ‚
1441 1167 1514 1200 dum
1536 1163 1640 1199 tractu
1674 1165 1822 1206 temporis
1846 1165 1879 1196 id
1913 1165 1944 1197 in
1967 1162 2113 1198 omnihus

1107 1213 1284 1254 hydropicis
1302 1210 1346 1253 fit
1368 1209 1564 1252 conspicuum
1586 1232 1594 1239 .
1634 1206 1693 1241 Sed
1717 1219 1766 1240 me
1790 1208 1857 1239 veri
1882 1206 2022 1240 studium
2045 1216 2112 1239 non

1107 1256 1183 1290 sinit
1208 1256 1341 1288 reticere
1378 1265 1450 1295 quae
1472 1263 1530 1294 pro
1555 1250 1746 1294 paracentefi
1771 1250 1839 1283 dici
1863 1248 1989 1294 poss‘unt
2007 1272 2019 1289 ‚
2042 1260 2117 1283 ver·-

1110 1300 1159 1333 bis
1183 1298 1247 1332 istis
1271 1297 1396 1333 ultimis
1421 1307 1459 1330 ne
1482 1295 1555 1337 ipsis
1578 1294 1707 1337 quidem
1739 1295 1876 1330 omnino
1901 1292 2117 1336 repugnanti-

1111 1343 1193 1383 bus,
1216 1344 1284 1375 imo
1307 1353 1347 1374 ex
1373 1349 1461 1381 parte
1488 1340 1594 1380 aliqua
1609 1362 1617 1377 ,
1639 1337 1661 1372 fi
1686 1337 1770 1371 reste
1794 1336 1968 1373 attenderis
1989 1358 1999 1374 ‚
2022 1335 2124 1378 adju-¹

1112 1386 1280 1420 vantibus?
1306 1384 1440 1427 Igitur3
1465 1394 1502 1415 ne
1525 1392 1669 1424 quaeram
1689 1404 1699 1421 ,
1725 1390 1802 1414 num
1825 1381 1945 1423 semper
1968 1379 2000 1413 id
2024 1390 2115 1423 aquae

1111 1429 1307 1465 emiffionis,
1331 1436 1525 1471 quocunque
1548 1423 1616 1459 haec
1638 1424 1852 1461 instrumento
1871 1446 1880 1462 ,
1918 1423 2081 1465 modoque
2102 1445 2115 1462 ‚

1112 1483 1167 1507 aut
1190 1480 1355 1513 quotquot
1370 1469 1495 1504 vicibus
1519 1477 1687 1511 peragatur
1706 1494 1712 1506 ,
1736 1471 1767 1502 &
1790 1467 1986 1502 intrudentis
2011 1466 2039 1499 se
2064 1478 2118 1499 ae-

1112 1519 1155 1551 ris
1178 1514 1308 1550 effectus
1344 1513 1382 1548 fit
1411 1535 1421 1550 ‚
1453 1512 1540 1555 quod
1565 1510 1650 1545 haud
1676 1522 1749 1544 raro
1773 1510 1879 1544 morbi
1903 1509 2001 1552 ipfius
2025 1508 2083 1544 effe
2105 1532 2118 1548 ,

1112 1559 1265 1595 cadavera
1288 1557 1457 1592 ostendunt
1481 1554 1741 1597 hydropicorum
1763 1554 1882 1597 quibus
1903 1575 1912 1591 ‚
1936 1553 2011 1587 licet
2036 1564 2119 1595 aqua

1113 1603 1223 1638 emissa
1234 1613 1299 1635 non
1311 1600 1372 1638 fit·‚
1396 1609 1503 1633 tamen
1515 1597 1676 1634 intestina,
1691 1608 1726 1631 ut
1740 1598 1772 1633 in
1787 1597 1894 1632 nostro
1909 1618 1917 1633 ‚
1930 1597 2091 1637 nigricant
2105 1608 2117 1635 3

1111 1656 1195 1681 certe
1207 1656 1271 1679 non
1288 1655 1394 1688 paucae
1408 1642 1550 1677 feliciter
1562 1643 1687 1677 ratione
1699 1641 1758 1675 hac
1771 1639 1924 1675 absolutae
1935 1641 2118 1674 curationes

1112 1692 1244 1724 eandem
1267 1696 1424 1725 tuentur,
1449 1693 1648 1727 tuenturque
1670 1683 1745 1726 ipsae
1775 1681 1998 1721 dissectione&
2023 1695 2118 1727 quae,

1112 1734 1206 1776 aegris
1219 1733 1264 1765 ob
1287 1731 1382 1763 aliam
1393 1728 1519 1764 causam
1543 1728 1800 1764 intereuntibus,
1824 1725 2044 1768 patefecerunt
2065 1725 2119 1760 he-

1111 1788 1148 1811 ne
1164 1776 1249 1819 satis
1271 1772 1437 1813 constituta
1459 1770 1625 1805 intestina,
1650 1770 1770 1805 nullum
1794 1779 1901 1804 autem
1923 1770 1955 1802 in
1969 1770 2119 1803 abdomi-

1112 1832 1172 1857 ne,
1197 1818 1315 1852 nedum
1339 1828 1372 1849 m
1397 1816 1574 1859 peritonaeo
1596 1826 1659 1858 qua
1685 1814 1847 1854 pertusum
1871 1813 1975 1847 fuerat
1993 1835 2001 1850 ‚
2025 1813 2118 1852 vesli-

1105 1865 1195 1908 gium
1218 1859 1476 1902 inflammationis
1496 1879 1504 1893 ‚
1537 1858 1647 1891 nedum
1665 1857 1848 1900 sphacelosae
1871 1857 2079 1898 corruptionis
2103 1880 2117 1896 ‚y

1109 1916 1147 1941 ut
1170 1905 1277 1939 verbis
1300 1912 1373 1936 utar
1389 1899 1716 1944 PolycarpiScacheri
1739 1903 1793 1942 (y
1819 1904 1854 1941 )‚
1879 1901 2030 1942 Virginis
2052 1900 2118 1941 jam

1109 1951 1167 1984 diu
1190 1948 1326 1982 asciticae
1350 1945 1524 1978 sectionem
1545 1966 1557 1984 ‚
1592 1954 1727 1978 mortuae
1750 1944 1859 1977 οέῖανο
1878 1943 1941 1984 post
1963 1945 2117 1987 operatio-

1109 1992 1249 2042 nem-die
1269 2015 1278 2032 ,
1311 1989 1478 2035 multaque
1502 1999 1559 2034 per
1594 1990 1677 2025 vices
1700 1987 1812 2024 educta
1847 1998 1928 2032 aqua
1950 2010 1963 2027 ‚
1995 1999 2116 2030 propo-1,

1110 2047 1237 2071 nentis.

1155 2091 1204 2122 32.
1228 2077 1381 2125 Sed-rara
1416 2078 1494 2113 adeo
1518 2079 1600 2122 apud
1624 2090 1682 2113 nos
1706 2078 1778 2114 sunt
1798 2102 1807 2119 ‚
1841 2088 1895 2115 aut
1918 2091 2003 2115 certe
2026 2092 2119 2117 erant

1111 2122 1218 2157 felicis
1248 2121 1345 2163 hujus
1378 2124 1558 2157 curationis
1592 2124 1736 2165 exempla
1758 2150 1765 2163 ,
1799 2134 1835 2159 ut
1870 2125 2026 2159 Bononiae
2059 2127 2117 2163 diu

1111 2175 1257 2199 moratus
1282 2167 1441 2199 neminem
1465 2177 1565 2200 unum
1590 2167 1772 2201 audiverim
1797 2169 1966 2202 Medicum
1999 2173 2054 2211 qui
2080 2183 2119 2205 ea

1111 2209 1141 2243 se
1165 2208 1298 2245 vidisse,
1323 2208 1513 2249 affirmaret,
1537 2222 1612 2244 cum
1633 2210 1776 2244 infelicia
1794 2237 1801 2247 ,
1825 2214 1964 2245 externis
1976 2213 2118 2247 Chirur-

1109 2254 1181 2296 gis,
1207 2263 1264 2286 nec
1288 2253 1496 2295 vulgaribus,
1519 2264 1590 2287 eam
1616 2254 1859 2288 instituentibus
1879 2280 1887 2292 ,
1920 2258 1951 2288 &
1975 2256 2040 2298 ipse
2064 2258 2114 2291 ibi

1109 2295 1273 2336 viderim,
1294 2299 1326 2329 δε
1348 2296 1388 2328 ab
1411 2297 1563 2330 omnibus
1587 2301 1760 2338 acceperim
1783 2323 1788 2328 .
1823 2299 1914 2338 Qin
1941 2301 2076 2333 memini
2107 2323 2119 2339 ‚

1108 2339 1318 2373 Albertinum
1343 2337 1499 2384 phthisim
1522 2364 1530 2378 ,
1552 2342 1583 2372 &
1606 2339 1736 2374 ascitem
1760 2342 1844 2375 inter
1869 2341 1898 2374 se
1923 2354 2120 2384 comparati-

1108 2391 1174 2416 tem
1189 2407 1196 2420 ‚
1220 2382 1312 2416 illam
1335 2391 1384 2415 ter
1408 2383 1447 2415 ab
1470 2381 1499 2415 se
1525 2405 1533 2419 ‚
1558 2386 1767 2426 quantumvis
1791 2384 1981 2418 confirmata
2003 2385 2078 2421 effet
2101 2411 2115 2429 ‚

1109 2425 1307 2468 persanatam
1332 2424 1446 2463 fuisse,
1470 2426 1599 2464 dicere5
1624 2430 1748 2461 ventris
1772 2438 1879 2462 autem
1904 2427 2084 2473 hvdropem
2099 2455 2110 2470 ,

1105 2471 1162 2512 qui
1186 2469 1397 2502 confirmatus
1421 2468 1515 2506 esset,
1539 2471 1710 2505 etiamtum
1723 2472 1868 2505 nullum.
1893 2466 1989 2513 Aqua
2003 2476 2110 2514 enim,

1106 2513 1233 2554 ajebat,
1257 2511 1287 2561 fi·
1304 2523 1318 2544 a
1342 2511 1720 2555 Chi1·urgoemittatur;
1744 2526 1847 2558 aegros
1863 2517 1969 2553 mori,
1996 2518 2113 2552 video:

1106 2558 1132 2590 fi
1157 2568 1173 2589 a
1197 2555 1331 2589 Medico
1356 2555 1394 2589 ad
1417 2566 1530 2589 renum
1555 2582 1563 2595 ‚
1598 2566 1653 2590 aut
1676 2557 1902 2592 intestinorum
1937 2561 2004 2593 vias
2029 2561 2114 2594 vali-

1106 2599 1181 2633 dius
1205 2608 1380 2640 urgeatur3
1405 2610 1477 2641 quae
1502 2601 1641 2633 remedia
1666 2600 1703 2634 ad
1729 2600 1784 2635 has
1798 2602 2019 2645 compellunt,
2046 2617 2112 2638 non

1106 2653 1174 2676 tam
1197 2643 1289 2675 illam
1314 2653 1385 2685 quae
1409 2644 1442 2676 in
1467 2653 1613 2676 ventrem
1638 2642 1734 2678 effusa
1759 2645 1821 2683 est,
1847 2658 1942 2688 quam
1967 2649 2054 2689 quod
2069 2648 2113 2682 se-

1107 2688 1136 2720 ri
1159 2687 1192 2718 in
1218 2685 1372 2727 sanguine
1397 2684 1498 2720 adhuc
1521 2687 1617 2721 restat
1633 2713 1640 2726 ,
1664 2699 1728 2722 non
1754 2691 1853 2731 magis
1880 2690 1913 2722 in
1929 2690 2000 2723 illas
2024 2694 2114 2734 vias,

1107 2741 1206 2771 quam
1229 2731 1263 2762 in
1288 2738 1433 2763 ventrem
1456 2741 1518 2772 qua
1541 2731 1609 2773 jam
1633 2731 1705 2764 data
1730 2742 1821 2772 porta
1845 2733 1889 2765 est
1909 2757 1919 2773 ‚
1942 2732 2078 2774 ejiciunt
2101 2761 2112 2771 .

1109 2775 1159 2806 Sic
1183 2784 1282 2815 nuper
1307 2771 1473 2809 accidisse,
1497 2775 1842 2820 narrabam-generoso
1865 2776 1898 2808 in
1924 2778 2035 2817 primis
2048 2779 2112 2812 Vi-

1111 2828 1148 2850 ro
1171 2839 1180 2854 ‚
1213 2818 1266 2850 cui
1290 2817 1364 2850 data
1395 2817 1435 2850 ab
1462 2817 1629 2858 Empirico
1653 2817 1810 2858 ejusmodi
1836 2819 1977 2851 remedia
2001 2822 2111 2855 urina-

1112 2871 1185 2893 rum
1209 2860 1341 2902 quidem
1365 2860 1513 2901 copiamt
1538 2860 1590 2894 sed
1615 2862 1735 2893 ventris
1759 2858 1850 2893 fimul
1865 2871 2028 2896 tumorem
2053 2876 2109 2899 au-

1112 2904 1228 2937 xiffent
1250 2905 1298 2936 ita
1315 2926 1327 2942 ,
1350 2905 1399 2936 uti
1422 2903 1455 2934 in
1480 2905 1603 2936 mortui
1626 2902 1813 2945 sanguiferis
1838 2905 1915 2938 valis
1940 2906 2020 2940 nihil
2045 2908 2108 2942 fer-

1109 2958 1159 2980 me
1183 2948 1327 2988 potuerit
1350 2947 1510 2979 inveniri.
1537 2946 1654 2989 Neque
1678 2957 1783 2981 tamen
1806 2959 1884 2990 quas
1908 2949 2073 2985 audiverat
2094 2975 2108 2993 ,

1107 2999 1162 3024 aut
1195 2989 1314 3032 legerat
1338 2990 1543 3022 admirabiles
1573 2990 1779 3023 asciticorum
1812 2994 1995 3027 curationes
2018 2995 2107 3028 diffi-

1106 3033 1249 3067 mulabat
1271 3055 1280 3069 ‚
1312 3043 1447 3074 quarum
1478 3034 1629 3066 ssononiae
1666 3033 1714 3066 vel
1737 3034 1880 3078 quinque
1915 3047 1970 3078 per
2003 3037 2106 3073 scroti

1103 3078 1314 3119 punctionem
1340 3074 1487 3116 perfestae
1512 3074 1571 3109 esse
1594 3074 1779 3110 ferebantur
1802 3102 1808 3109 .
1845 3079 1902 3111 Sed
1926 3091 1999 3114 cum
2023 3082 2106 3116 alios

1102 3120 1245 3153 crederet
1270 3119 1413 3152 anasarca
1440 3121 1547 3161 potius
1572 3120 1743 3160 laborasse,
1767 3132 1864 3164 quam
1878 3122 1996 3160 ascite,
2020 3125 2103 3160 alios

1104 3163 1218 3210 ascite,
1245 3162 1294 3196 sed
1317 3162 1460 3195 nondum
1484 3161 1677 3198 confirmato
1699 3187 1708 3201 ‚
1745 3164 1824 3197 alios
1848 3163 1995 3208 hydrope
2019 3170 2108 3207 peri-¹

1103 3209 1226 3245 tonaei3
1249 3217 1318 3255 non.
1336 3207 1456 3239 multos
1479 3205 1548 3239 sane
1571 3207 1792 3250 relinquebat,
1815 3220 1954 3250 quorum
1980 3209 2104 3246 sanatio

1105 3261 1226 3283 naturae
1250 3259 1379 3291 potius,
1404 3258 1438 3282 ut
1462 3251 1614 3291 putabat,
1640 3263 1737 3293 quam
1761 3252 1821 3282 arti
1846 3252 2014 3286 deberetur
2058 3256 2103 3289 Et

1104 3304 1226 3335 magnae
1264 3292 1334 3325 sunt
1356 3301 1441 3325 certe
1475 3304 1548 3326 cum
1572 3296 1604 3327 in
1642 3295 1712 3327 aliis
1737 3293 1814 3335 saepe
1837 3316 1844 3330 ‚
1877 3304 1948 3329 tum
1971 3299 2004 3329 in
2038 3297 2102 3332 hoc

1102 3339 1221 3369 morbo
1244 3347 1476 3378 nonnunquam
1512 3336 1651 3371 sanando
1676 3347 1798 3370 naturae
1821 3337 1902 3371 vires
1927 3364 1935 3372 .
1972 3341 2103 3376 Accidit

1100 3381 1134 3413 in
1160 3391 1226 3412 mea
1254 3380 1378 3416 Patria,
1400 3388 1436 3412 ut
1459 3391 1533 3413 curn
1558 3393 1632 3423 puer
1645 3381 1764 3413 nobilis
1789 3379 1880 3413 semel
1899 3403 1907 3418 ‚
1929 3386 2099 3426 atqueite.

1099 3433 1172 3472 rutn
1196 3422 1315 3456 ardenti
1338 3419 1424 3455 febre
1448 3434 1636 3466 correptus,
1661 3434 1748 3465 aquae
1773 3423 1947 3466 plurimum
1971 3435 2040 3460 tum
2064 3430 2101 3463 in

1101 3477 1223 3509 prima,
1248 3476 1317 3499 tum
1340 3468 1371 3498 in
1397 3464 1532 3499 secunda
1556 3468 1768 3508 aegrotatione
1792 3467 1919 3501 bibillet
1943 3491 1950 3504 ‚
1977 3479 2101 3506 utram-

1100 3521 1161 3552 que
1183 3511 1341 3551 exciperet
1365 3508 1621 3552 ascitesingens,
1645 3519 1780 3552 uterque
1793 3519 1898 3544 autem
1911 3511 2021 3547 ascites
2035 3516 2099 3548 sol-

1101 3561 1250 3592 veretur,
1274 3563 1388 3595 magna
1411 3553 1444 3586 vi
1469 3565 1558 3597 aquae
1584 3552 1694 3595 sponte
1717 3552 1862 3595 dejecta,
1887 3554 2000 3598 sponte
2015 3583 2022 3593 ,
2046 3560 2098 3593 in-

1935 3611 2057 3643 quam;

47 3686 2096 3710 ...-—--—-—-—-—-—-—-—-—-————————-————————————-—....——-

557 3746 625 3777 (n)
643 3745 702 3770 Obs.
721 3753 756 3775 3²-

565 3777 633 3807 (Γ)
649 3776 673 3800 in
691 3776 769 3800 Schol-
784 3775 813 3800 ad

643 3807 664 3837 §.
686 3815 705 3830 1.
724 3806 838 3837 &1158c
857 3814 889 3831 ιι.

139 3760 163 3776 m
179 3751 188 3781 )
205 3753 230 3776 S.
248 3757 284 3774 21.
300 3748 360 3774 Obs.
375 3755 396 3777 4-
416 3747 440 3778 §.
458 3754 496 3772 ²1.

161 3783 168 3810 )
188 3783 223 3806 De
239 3780 329 3806 Medic.
351 3780 366 3802 l.
384 3786 407 3808 3.
423 3785 446 3802 c.
464 3785 503 3802 21.

192 3811 247 3835 Obs.
267 3811 308 3834 eit.
328 3813 349 3834 ει
366 3817 387 3832 2.
405 3810 426 3833 Bc
441 3817 461 3836 4v
482 3808 506 3839 §.
525 3816 547 3837 ις
563 3810 585 3832 ἃ
601 3811 625 3831 6.

108 3752 123 3780 (

108 3782 125 3839 f
171 3814 175 3837 ›

111 3841 123 3873 s
167 3841 181 3870 )
195 3844 231 3868 De
246 3843 346 3867 Calculo
361 3842 490 3870 Recepta.
504 3837 585 3870 chyli,
604 3838 673 3869 hydr.
689 3835 757 3864 causa
767 3853 777 3864 .

138 3790 149 3805 U

136 3820 151 3835 u

137 3849 152 3866 Χ

818 3747 830 3771 (
845 3754 857 3770 o
871 3745 886 3775 )
901 3746 926 3770 in
943 3744 1066 3777 Additam3
1084 3744 1141 3770 Obs.
1160 3753 1195 3776 34.

829 3776 851 3806 §.
874 3785 894 3801 1.
911 3776 968 3801 Obs-
989 3786 1008 3802 τ.
1025 3777 1096 3809 huius
1113 3776 1166 3801 Se&
1192 3776 1316 3805 Sepulchr.

907 3807 929 3836 §.
944 3814 970 3840 ιι.
987 3807 1008 3830 8<
1024 3814 1048 3829 ιη
1065 3806 1186 3832 Additam.
1204 3807 1260 3832 Obs.
1277 3815 1313 3838 49.
1331 3808 1353 3833 δι
1368 3809 1405 3837 64.
1423 3807 1446 3832 ἃ
1462 3810 1499 3836 76.
1515 3806 1539 3832 ἃ
1555 3808 1594 3834 86Δ

837 3839 845 3868 1
859 3844 878 3868 1¹
894 3837 903 3870 J
919 3837 976 3863 Dus.
993 3836 1061 3867 supra
1077 3836 1107 3863 ad
1122 3844 1148 3864 n.
1164 3840 1187 3864 8.
1203 3837 1245 3864 cit.

1259 3745 1458 3776 (p)0bs.49.
1489 3747 1669 3780 ⁸(1130bs.
1691 3756 1730 3778 50·

1378 3775 1520 3805 (t)lb1d.
