2498 4075
477 146 570 197 154

403 215 474 256 gari
497 211 642 253 exemplo
666 209 1012 247 animadverteremus,
1037 221 1115 252 quas
1137 210 1265 244 fortasse
1279 211 1402 243 nonita

404 257 541 291 absimili
566 254 684 293 muido,
709 265 745 286 ac
781 254 848 287 suas
881 254 935 286 ille
966 252 1139 294 explicavit
1164 278 1174 294 ,
1211 264 1327 296 magna
1362 263 1401 285 ex

402 311 490 342 parte
512 299 668 341 explicare
694 296 825 330 liceret.
848 298 934 330 Cum
958 297 1061 338 igitur
1094 306 1133 329 ex
1164 298 1306 339 quinque
1343 307 1400 328 no-

400 343 470 376 stris
493 342 630 375 Civibus
653 350 811 381 quatuor,
838 350 977 382 quorum
1001 339 1100 372 alicui
1125 340 1317 372 medicinam
1341 338 1399 379 ipsi

400 386 594 420 feceramus,
618 383 746 416 Civitas
770 380 917 419 evasisse,
941 382 1035 414 illum
1061 392 1161 415 unum
1184 381 1274 423 cujus
1304 381 1399 415 disse-

401 431 545 462 ctionem
569 424 696 468 legisti,
724 423 877 459 interiisse
900 426 1047 462 videret3
1073 425 1310 467 providentiam
1343 437 1402 457 cae-

399 481 544 504 terorum
568 470 601 502 in
625 467 797 502 catheteris
821 467 1006 510 tempestiva
1029 468 1402 506 immiffionelaudabat,

398 513 523 548 Medici
547 513 585 547 de
609 524 676 555 quo
701 512 889 553 loquimur,
913 510 1121 548 tarditatem,
1145 509 1234 552 jure,
1259 522 1297 543 an
1320 510 1407 552 inju-

400 556 475 591 ria?
498 555 728 597 redarguebat.
754 554 812 588 Sed
836 562 873 587 ut
897 555 966 588 aliae
991 556 1025 587 in
1049 555 1119 586 aliis
1143 554 1249 587 morbi
1280 554 1405 590 causae,

399 601 536 643 aliaeque
559 600 723 639 corporis,
748 600 779 631 δε
802 598 969 640 partium,
994 600 1026 631 &
1071 599 1171 630 urinae
1215 597 1405 631 conditione

394 645 491 684 sunt,
514 646 560 676 ita
585 643 646 676 alia
672 641 729 674 alii
753 640 889 675 Medico
913 641 945 673 in
970 641 1036 674 alio
1058 649 1237 682 aegrotante
1263 639 1323 673 esse
1348 651 1405 673 eo..

395 698 469 720 rum
514 697 587 728 quae
632 685 701 718 cito
725 683 812 725 agit,
840 693 894 718 aut
916 683 1054 723 differt,
1078 685 1164 717 ratio
1198 683 1318 723 potest.
1342 684 1402 717 Me

393 729 527 773 quidem
551 729 585 760 in
608 739 701 765 meo,
724 725 927 760 facilioribus
949 728 1037 764 cito,
1063 724 1113 761 sed
1137 724 1251 760 frustra
1276 725 1403 759 adhibi-

392 776 457 810 tis,
481 774 513 804 in
536 770 708 809 catheteris
730 770 786 804 usu
811 770 985 803 celeritatis
1009 780 1073 803 non
1088 771 1268 813 poenituit,
1292 781 1403 812 quam-

393 818 444 850 vis
467 814 635 856 Chirurgo
660 814 758 847 nimia
783 813 861 846 adeo
883 812 1071 850 videretur,
1095 822 1130 846 ut
1156 823 1287 855 propter
1334 814 1401 846 exi-

392 869 490 902 guam
513 856 710 899 hypogastrii
734 858 912 890 tensionem
937 855 1019 889 nibil
1046 857 1146 890 urinae
1169 857 1202 888 in
1228 855 1326 890 vesica
1341 857 1401 890 esse

393 899 735 936 affeveraret.'Quem
761 911 825 933 non
850 909 915 932 tam
941 898 1050 941 signa,
1072 910 1144 941 qua:
1168 900 1322 938 aberant,
1356 899 1400 932 is-

389 944 512 979 churiae
536 941 673 981 renaliS,
699 947 730 977 &
754 944 841 986 figna
864 952 978 977 caetera
993 968 1001 982 ,
1024 955 1094 986 quae
1119 943 1272 981 aderant,
1295 944 1398 976 mole—

389 988 526 1022 stiffimae
551 986 716 1026 vesicalis,
741 997 838 1028 quam
862 997 909 1019 res
941 987 1006 1028 ipsa
1038 987 1197 1020 continuo
1243 985 1361 1020 refellit
1386 1011 1394 1019 .

386 1030 532 1065 Immiffa
559 1031 648 1063 enim
672 1027 801 1068 fistula,
826 1029 946 1063 lotium
976 1029 1089 1063 eduxit
1126 1029 1165 1064 ad
1198 1028 1299 1062 libras
1332 1038 1396 1063 tres

387 1086 509 1117 magno
532 1085 606 1106 curn
631 1074 709 1116 aegri
733 1074 915 1112 levamine,
939 1073 1112 1112 mirantis,
1135 1072 1218 1106 unde
1242 1071 1300 1105 sibi
1337 1074 1395 1114 qui

389 1129 504 1161 parum
526 1113 681 1156 bibisset,
704 1125 833 1150 tantum
858 1117 960 1150 urinae
983 1117 1016 1148 in
1041 1117 1141 1149 vesica
1155 1115 1250 1152 esl'et,
1274 1116 1395 1157 quippe

385 1163 591 1205 ignorantis,
617 1171 680 1192 non
706 1171 778 1194 raro
802 1171 876 1194 curu
901 1171 936 1193 ea
961 1158 1174 1201 suppreffione
1197 1158 1392 1193 diabeticarn

384 1205 548 1248 quandam
573 1202 775 1236 affectionem
798 1201 979 1245 conjungi,
1004 1213 1075 1243 quae
1100 1200 1182 1235 mihi
1227 1201 1392 1235 interdurn

383 1248 584 1285 occasionem
609 1246 748 1288 praebuit
770 1245 966 1280 dubitandi,
991 1255 1030 1277 an
1065 1243 1134 1278 haec
1165 1245 1253 1279 illius
1298 1245 1391 1278 causa

382 1292 505 1328 fuerit,
531 1288 666 1322 vesicam
688 1289 869 1323 dormiente
895 1288 1048 1326 homine,
1071 1289 1140 1328 ita,
1162 1291 1194 1320 &
1218 1297 1283 1321 tam
1308 1288 1393 1321 cele-

383 1337 463 1371 riter
487 1331 723 1373 distendendo‚
749 1343 786 1366 ut
810 1343 887 1364 mox
911 1332 945 1364 in
970 1333 1155 1373 experre&o
1179 1332 1209 1365 se
1221 1332 1392 1365 contrahe-

381 1391 416 1412 re
439 1379 575 1418 amplius
601 1385 665 1411 non
691 1375 816 1418 posset.
841 1377 894 1408 An
918 1386 993 1408 vero
1016 1385 1100 1416 aeger
1120 1376 1154 1407 in
1185 1375 1275 1416 cujus
1310 1374 1391 1408 vesi-

383 1435 454 1457 cam
478 1420 648 1454 Fabricius
672 1418 775 1452 noster
798 1419 837 1452 ab
861 1417 1116 1460 Aquapendente
1140 1422 1150 1458 (
1176 1418 1192 1454 l<
1215 1422 1228 1459 )
1252 1418 1364 1451 scribit
1379 1440 1388 1455 ‚

380 1475 508 1502 tantam
531 1464 605 1497 lotii
628 1463 779 1504 copiam,
802 1471 916 1495 natura
939 1461 1045 1495 crisim
1070 1462 1223 1495 moliente
1244 1486 1254 1501 ‚
1285 1460 1390 1495 influ-

380 1509 484 1548 xisse,
507 1516 543 1541 ut
568 1517 642 1540 curn
666 1504 748 1539 illud
772 1505 901 1539 reddere
926 1506 1092 1547 nequiret,
1118 1504 1217 1539 fuerit
1249 1516 1304 1546 per
1336 1517 1389 1538 ca-

381 1551 544 1588 theterem
589 1547 822 1583 extrahendum
848 1574 857 1589 ,
905 1559 943 1581 an
989 1559 1071 1590 aeger
1095 1550 1141 1586 is,
1166 1550 1298 1591 inquam
1317 1570 1327 1584 ,
1350 1556 1389 1581 nt

382 1607 493 1631 meus,
516 1594 675 1628 dormiret
690 1617 698 1631 ,
723 1604 760 1625 an
779 1613 789 1631 ,
814 1601 850 1625 ut
872 1603 911 1624 ex
934 1589 1022 1624 febre
1044 1593 1198 1626 continua
1213 1617 1222 1632 ,
1246 1594 1278 1624 δε
1303 1592 1388 1631 peri-

382 1638 493 1676 culosa
516 1636 755 1676 decumbebat,
779 1635 948 1669 hebetibus
973 1634 1046 1668 esset
1076 1634 1212 1669 sensibus
1236 1658 1247 1674 ,
1295 1633 1390 1670 sicuti

382 1695 443 1726 pro
467 1691 556 1715 certo
581 1679 758 1716 nescimus,
781 1680 827 1711 ita
852 1678 1043 1711 alterutrum
1065 1679 1141 1712 licet
1164 1677 1259 1712 facile
1284 1677 1390 1722 suspi-

379 1728 469 1763 cari,
495 1735 596 1766 neque
618 1724 704 1756 enim
730 1721 876 1763 alioquin
901 1730 1054 1762 apparet,
1077 1733 1135 1754 cur
1157 1733 1198 1754 ex
1220 1733 1286 1763 quo
1322 1725 1390 1756 ur-i-

376 1776 417 1804 na
443 1769 583 1812 primurn
607 1767 640 1799 in
665 1764 797 1799 vesicam
822 1763 918 1806 paulo
943 1762 1102 1804 copiosius
1113 1765 1388 1807 fluerecoeperat,

378 1826 445 1849 non
470 1823 539 1846 earn
561 1809 739 1843 reddiderit
760 1830 774 1849 ,
804 1809 835 1840 &
858 1807 899 1840 sic
923 1806 1068 1848 deinceps
1091 1807 1263 1846 faciendo,
1301 1820 1394 1842 cave-

377 1859 448 1897 rit,
471 1868 508 1889 ne
531 1862 652 1898 quanta
676 1861 797 1896 quanta
821 1849 992 1891 afflueret,
1015 1853 1122 1885 omnis
1158 1852 1193 1884 in
1218 1851 1323 1886 vesica
1345 1864 1394 1886 re-

378 1902 559 1936 timeretur.

423 1955 469 1985 ¹5-
495 1942 570 1982 Ejus
593 1952 665 1983 quae
689 1938 786 1981 paulo
813 1946 887 1971 ante
910 1937 994 1972 dieta
1018 1937 1060 1972 est
1082 1937 1253 1980 utriusque
1284 1938 1393 1972 morbi

379 1985 642 2030 conjunctionis,
665 1982 804 2015 diabetis
827 1981 1001 2021 videlicet,
1025 1991 1119 2023 atque
1142 1980 1294 2015 isc'huriae
1311 2007 1321 2020 ‚
1354 1993 1394 2014 ne

380 2031 466 2074 apud
492 2029 571 2063 alios
595 2025 738 2067 exempla
762 2036 907 2067 quaeras,
929 2025 1113 2066 cujusmodi
1135 2025 1170 2057 in
1203 2026 1317 2066 primis
1348 2024 1395 2057 es-

381 2075 428 2111 set
451 2076 485 2108 in
508 2071 718 2115 Sepulchreto
741 2068 823 2101 illud
847 2067 983 2101 Hildani
1007 2067 1118 2110 quod,
1142 2067 1183 2102 ad
1207 2068 1320 2101 Senem
1344 2076 1395 2100 a!-

381 2122 493 2154 tinens
517 2117 608 2157 supra
631 2117 645 2154 (
667 2112 678 2146 l
699 2116 712 2152 )
736 2121 952 2145 memoratum
972 2134 981 2149 ,
1005 2113 1039 2144 in
1083 2110 1170 2146 hanc
1211 2112 1395 2145 Sec-tionem

383 2164 523 2197 relatum
545 2158 588 2192 est
611 2159 639 2199 §.
666 2156 694 2188 S.
719 2156 967 2189 observationis
990 2156 1031 2188 X.
1064 2165 1138 2200 quae
1172 2156 1280 2197 primo
1323 2156 1395 2197 qui-

382 2207 456 2241 dem
480 2205 554 2237 loco
577 2200 798 2245 proponitur3
823 2209 899 2232 nam
923 2199 1020 2232 altera
1036 2221 1045 2236 ‚
1070 2209 1125 2242 per
1147 2199 1307 2233 incuriam
1342 2210 1398 2231 eo-

382 2252 457 2286 dem
481 2257 616 2281 numero
639 2242 823 2285 defignata,
848 2244 1007 2276 continuo
1031 2241 1174 2276 succedit
1191 2254 1204 2281 ‚·
1225 2252 1303 2276 neve
1336 2252 1398 2283 ego

386 2295 447 2328 alia
471 2291 643 2332 adjungam
669 2287 906 2324 recentissima,
931 2285 1080 2329 mihique
1111 2287 1243 2328 cognita
1267 2297 1279 2325 ;
1323 2284 1398 2318 satis

385 2338 428 2372 est
452 2333 618 2369 historiam
642 2332 760 2373 relegas
782 2332 815 2363 in
839 2341 901 2371 qua
926 2328 1088 2363 versamur
1111 2332 1210 2369 (m).
1236 2327 1395 2369 Videbis,

385 2391 423 2414 ut
450 2378 615 2412 modicum
640 2384 718 2407 tunc
742 2384 824 2416 aeger
848 2373 1003 2413 biberet,
1026 2383 1146 2414 quanta
1182 2371 1397 2405 nihilominus

387 2426 423 2458 in
448 2421 585 2455 vesicam
607 2417 760 2452 deflueret
785 2417 886 2449 urinae
911 2417 1024 2457 copia.
1052 2419 1145 2458 Piget
1175 2415 1242 2457 ejus
1277 2426 1365 2448 renes
1389 2439 1398 2454 ,

389 2471 421 2501 ὃ(
444 2465 533 2508 jecur
558 2474 623 2496 non
648 2458 836 2501 inspexisse.
863 2459 981 2501 Neque
1005 2459 1079 2492 ideo
1103 2460 1193 2500 piget
1227 2459 1315 2500 quod
1359 2470 1399 2491 ex

387 2520 504 2543 eorum
526 2506 724 2548 inspectione
748 2500 912 2544 sperassem
938 2513 987 2535 me
1012 2501 1134 2535 causam
1160 2500 1278 2543 assequi
1312 2500 1399 2543 posse

388 2554 526 2588 illorum
548 2561 620 2593 quae
642 2549 678 2580 in
703 2546 832 2580 diabete
856 2546 1075 2587 contingunt.
1102 2545 1254 2586 Namque
1279 2554 1314 2577 ut
1354 2544 1401 2577 se-

390 2607 513 2641 ponarn
538 2591 742 2627 mirabiliora
765 2600 837 2632 quae
859 2588 899 2621 de
923 2590 1074 2630 legitimo
1098 2598 1266 2622 narrantur
1291 2591 1301 2626 (
1324 2599 1343 2620 n
1368 2591 1400 2628 ),

390 2649 532 2682 quorum
557 2636 666 2678 aliqua
691 2634 755 2666 fine
778 2640 877 2666 cauto
899 2634 1043 2665 examine
1067 2633 1251 2673 accipienda
1275 2642 1339 2663 non
1354 2632 1402 2663 vi-

389 2684 532 2719 dentur5
556 2690 620 2713 non
644 2678 749 2711 minus
774 2685 860 2709 certe
885 2676 1032 2708 mirabile
1055 2675 1098 2709 est
1121 2675 1211 2717 quod
1233 2676 1281 2708 vel
1294 2674 1399 2708 nostra

381 2737 488 2761 *aetate
512 2723 666 2757 Venetiis
689 2725 703 2760 (
724 2733 740 2753 0
759 2720 797 2762 ),
821 2722 852 2752 &
877 2720 1032 2752 Bononiae
1076 2722 1131 2760 (p
1153 2722 1165 2757 )
1207 2719 1332 2752 constat
1366 2719 1401 2751 in

393 2771 528 2813 spurio,
552 2778 649 2810 quem
674 2772 815 2803 vocant,
840 2762 985 2796 accidisse
1009 2762 1131 2795 duabus
1165 2762 1362 2802 Virginibus
1387 2786 1395 2800 ‚

391 2822 430 2847 ut
458 2814 558 2846 altera
580 2812 667 2842 intra
690 2808 756 2841 dies
779 2817 831 2849 94.
858 2807 957 2839 urinae
982 2806 1078 2838 libras
1102 2803 1277 2839 reddiderit
1297 2807 1396 2847 3674.

392 2857 494 2891 altera
516 2857 603 2887 intra
625 2853 691 2885 dies
714 2862 767 2893 97.
794 2849 968 2883 reddiderit
989 2849 1088 2882 libras
1111 2858 1209 2890 4171.
1240 2860 1315 2882 cum
1347 2860 1398 2881 ea-

393 2911 469 2933 rum
492 2908 628 2939 utraque
651 2906 714 2928 non
741 2893 839 2927 modo
863 2902 917 2926 aut
943 2903 1072 2934 parum,
1099 2901 1154 2925 aut
1191 2891 1275 2925 nihil
1309 2891 1400 2925 bibe-

393 2952 476 2979 ret3
522 2941 573 2973 sed
597 2937 684 2982 quasi
709 2949 819 2971 eorum
864 2936 959 2970 instar
1003 2938 1060 2979 qui
1103 2935 1333 2977 hydrophobia
1356 2935 1401 2968 la-

395 2986 515 3019 borant
539 3005 550 3022 ,
594 2986 624 3015 &
672 2980 773 3014 sitiret
796 2980 972 3022 plurimum
999 3005 1007 3019 ,
1040 2982 1071 3012 &
1094 2981 1261 3020 potionem
1285 2989 1401 3021 quam-

395 3029 478 3064 libet
502 3027 709 3060 abhorreret.
733 3023 814 3057 Sane
837 3024 1015 3065 intelligis,
1039 3034 1237 3065 quaecunque
1259 3023 1293 3054 in
1317 3022 1400 3054 reni-

395 3073 457 3105 bus
482 3095 491 3111 ,
527 3077 582 3103 aut
606 3069 639 3101 in
663 3066 807 3109 jecinore
831 3067 910 3100 vitia
944 3064 1224 3108 deprehendantur
1248 3078 1257 3101 3
1304 3065 1398 3098 Mea-

394 3115 468 3149 dius
491 3115 578 3147 enim
622 3111 675 3154 (q
700 3114 709 3149 )
750 3108 870 3152 semper
892 3111 925 3142 in
949 3109 1010 3142 hoc
1035 3109 1153 3142 viscere
1190 3107 1397 3149 steatomatofi

395 3158 537 3197 aliauid,
559 3154 700 3189 dissestis
733 3155 772 3185 iis
816 3153 874 3193 qui
919 3164 959 3185 ex
1002 3153 1130 3186 diabete
1174 3152 1361 3185 interierant
1386 3174 1397 3189 ,

394 3202 436 3234 ab
461 3202 489 3233 se
514 3209 676 3242 repertum
700 3195 778 3234 esse,
803 3195 958 3233 testatur,
981 3207 1086 3236 certe,
1108 3197 1265 3238 inquam,
1301 3194 1399 3227 intel-

396 3245 491 3286 ligis,
514 3255 578 3275 non
603 3251 772 3284 propterea
796 3249 945 3281 apparere
970 3237 1054 3281 posse
1078 3239 1160 3272 unde
1184 3260 1194 3276 ,
1228 3248 1292 3271 non
1323 3237 1399 3270 dico

396 3298 487 3322 tanta
512 3309 521 3323 ‚
557 3285 608 3319 sed
632 3285 681 3317 vel
705 3283 843 3318 dimidio
867 3282 974 3315 minor
998 3281 1143 3316 humoris
1167 3284 1259 3323 eopia
1284 3281 1325 3313 fit
1348 3292 1399 3313 re-

397 3330 536 3375 petenda
562 3356 568 3363 .
617 3329 732 3370 Itaque
774 3326 879 3361 coaeti
924 3325 997 3359 sunt
1041 3327 1100 3369 qui
1145 3326 1324 3368 Virginum
1357 3325 1398 3357 il-

1029 129 1187 183 Liber
1219 127 1326 182 111.
1360 129 1444 181 De
1481 126 1688 181 Morbis
1723 124 1938 179 Ventris

1449 208 1554 241 larum
1587 207 1674 241 casus
1715 207 1919 250 explicandos
1963 203 2166 248 susceperunt
2185 229 2194 244 ,
2217 204 2303 238 idem
2348 205 2454 239 facere

1450 251 1538 293 quod
1562 254 1592 284 &
1617 251 1765 284 Meadius
1785 251 1924 292 denique
1947 249 2032 292 (r)
2055 249 2172 282 diserte
2195 248 2292 284 fecit,
2316 250 2346 281 &
2369 248 2452 282 face-

1450 306 1484 327 re
1508 295 1572 336 jam
1594 304 1755 335 coeperant
1779 294 1903 327 Medici
1925 291 2007 335 (s)
2033 292 2147 326 saeculo
2170 291 2249 330 XV;
2270 300 2305 324 ut
2330 291 2368 324 ad
2400 303 2451 325 ae·

1450 349 1516 371 rem
1538 335 1771 378 confugerent,
1792 340 1824 370 &
1847 336 1951 370 multo
1975 337 2077 378 aptius
2100 345 2197 378 quam
2221 334 2268 366 illi
2293 335 2452 374 Veteres,

1452 389 1516 413 non
1539 392 1577 413 ex
1604 381 1673 422 ipso
1697 392 1788 417 aere,
1813 380 1863 413 sed
1887 391 1925 412 ex
1948 380 2056 420 aqueis
2079 377 2246 420 particulis
2269 378 2302 410 in
2326 390 2364 410 eo
2395 389 2452 410 na-

1458 424 1625 463 tantibus„
1650 425 1824 457 immanem
1846 423 1937 456 illam
1969 422 2161 455 deducerent
2206 422 2272 453 vim
2316 422 2416 454 urinae
2441 443 2451 451 .

1452 465 1542 500 Mihi
1566 468 1668 509 igitur
1689 466 1840 509 displicet
1863 478 1898 500 ea
1920 476 1992 508 quae
2014 464 2104 504 dixi,
2128 463 2245 498 viscera
2269 463 2353 497 haud
2377 474 2453 497 exa-

1457 509 1610 550 minasse,
1632 521 1695 542 non
1718 510 1807 552 quod
1830 510 1863 542 in
1886 510 1926 543 iis
1958 508 2085 542 causam
2120 507 2327 541 mirabilium
2355 506 2454 541 istius.

1457 552 1548 586 modi
1571 552 1722 590 casuum,
1746 553 1797 586 sed
1820 553 1907 595 quod
1941 551 2077 596 diabetis
2109 562 2173 584 non
2205 552 2250 583 ita
2282 550 2452 584 immodici

1457 605 1512 628 aut
1535 595 1632 629 causae
1658 607 1695 629 ex
1719 606 1826 638 parte,
1853 605 1907 629 aut
1930 596 2057 628 εῆεᾶυς
2082 596 2187 635 potius
2219 592 2352 635 vestigia
2384 592 2453 625 for-

1453 638 1530 672 tasse
1553 639 1697 681 quaedam
1722 638 1973 672 animadvertere
1997 637 2186 679 potuissem.
2223 636 2325 677 quue
2359 645 2453 668 tanto

1455 684 1556 722 magis
1578 682 1746 724 displicet,
1770 690 1894 724 quanto
1918 683 2086 723 pauciores
2109 681 2218 713 extant
2262 680 2454 712 denatorum

1454 725 1524 767 post
1544 736 1617 759 eum
1642 724 1792 760 morbum
1816 724 2034 758 disseffitiones.
2059 724 2212 757 Ostendit
2244 723 2307 756 hoc
2345 722 2455 755 brevi-

1453 777 1503 801 tas
1524 768 1612 801 illius
1637 780 1674 801 ex
1698 770 1857 811 proximis
1880 768 2078 808 Sepulchreti
2103 768 2306 801 Sefflonibus
2328 790 2337 805 ,
2378 775 2452 807 quae

1453 811 1493 844 de
1517 823 1555 844 eo
1579 812 1733 853 inscripta
1758 812 1821 852 est,
1843 812 1971 845 XXVI.
1995 813 2159 845 Caeterum
2184 811 2221 844 de
2234 809 2453 844 Observatio-

1452 854 1547 888 nibus
1569 866 1641 897 quae
1665 856 1698 887 in
1722 867 1756 888 ea
1780 856 1852 888 sunt
1877 854 1960 887 haud
1987 854 2121 897 amplius
2164 855 2312 897 quinque
2333 873 2342 889 ‚
2386 861 2451 885 tres

1449 898 1521 931 sunt
1544 909 1615 940 quae
1640 908 1727 931 renes
1750 897 1903 932 exhibent
1929 906 1983 931 aut
2007 898 2117 930 ambos
2140 893 2362 931 flaccidiores‚
2395 903 2453 929 aut

1449 942 1583 979 alterum
1608 941 1718 974 saltem
1743 941 1919 984 collapsum
1944 943 1977 973 in
1999 941 2029 974 se
2046 963 2055 977 ,
2102 951 2155 974 aut
2201 952 2278 984 pene
2324 938 2452 972 absum-

1448 995 1560 1026 ptum.
1586 985 1674 1018 Cum
1698 983 1748 1018 his
1771 987 1971 1018 conveniunt
1995 985 2247 1017 Observationes
2269 981 2450 1025 quasaddi-

1447 1036 1497 1061 tas
1520 1039 1582 1060 non
1608 1025 1700 1060 fuisse
1724 1030 1847 1064 miror,
1876 1027 2035 1069 Ruyschii
2079 1027 2152 1060 duae
2196 1031 2210 1066 (
2232 1035 2247 1059 t
2270 1029 2302 1064 >3
2347 1036 2451 1067 neque

1446 1072 1533 1104 enim
1558 1070 1646 1103 suam
1669 1080 1747 1105 tunc
1770 1072 1978 1114 vulgaverat,
2001 1069 2220 1103 Hoffmannus
2253 1071 2338 1112 (u).
2364 1068 2450 1104 Quae

1445 1116 1476 1146 &
1499 1113 1587 1154 ipsa,
1610 1115 1758 1156 quamvis
1782 1115 1964 1157 supponat,
1988 1113 2149 1147 diabetem
2194 1125 2210 1145 a
2254 1111 2451 1155 praecedente

1445 1157 1520 1189 lotii
1545 1158 1578 1189 in
1602 1157 1749 1194 renibus,
1775 1161 1806 1191 ἃ
1830 1158 2008 1192 ureteribus
2029 1158 2231 1194 retentione,
2257 1156 2453 1197 provenire,

1443 1200 1527 1232 unde
1550 1211 1589 1232 ex
1610 1211 1650 1233 eo
1675 1202 1814 1234 multum
1839 1204 1873 1234 in
1896 1201 2082 1243 sanguinem
2105 1198 2326 1242 regrediatur,
2351 1209 2450 1237 mox,

1444 1243 1568 1277 sublata
1591 1246 1782 1277 retentionis
1805 1246 1918 1284 causa,
1942 1244 2066 1278 affatim
2089 1243 2258 1285 prodituro
2275 1252 2291 1281 ;
2319 1253 2357 1274 eo
2400 1251 2452 1274 ta-

1446 1298 1518 1321 men
1542 1286 1644 1324 redit,
1670 1296 1707 1320 ut
1731 1299 1842 1321 renum
1866 1299 1962 1330 poros
2008 1287 2047 1321 ab
2068 1298 2101 1319 ea
2134 1286 2202 1328 ipsa
2233 1286 2415 1318 retentione
2439 1309 2451 1325 ,

1445 1334 1476 1364 δι
1498 1330 1677 1363 reversione
1701 1331 1824 1364 laxatos
1848 1330 2024 1373 fignificet,
2048 1339 2121 1363 cum
2143 1330 2180 1362 in
2204 1328 2346 1371 quodam
2380 1329 2452 1360 Co-

1444 1375 1523 1407 mite
1546 1374 1606 1415 qui
1629 1374 1758 1407 diabete
1782 1374 2007 1414 laboraverat,
2029 1386 2046 1407 a
2071 1372 2192 1407 dextris
2214 1375 2245 1405 δι
2267 1383 2323 1405 ren
2347 1369 2451 1413 duplo

1440 1418 1543 1459 magis
1566 1428 1664 1459 quarn
1679 1414 1858 1455 afinistris‚
1884 1416 2124 1460 amplificatus,
2148 1419 2179 1448 δε
2203 1425 2308 1449 ureter
2332 1414 2451 1455 valde,

1440 1472 1475 1494 ac
1502 1459 1683 1494 farciminis
1707 1461 1803 1495 instar
1827 1461 1980 1495 dilatatus
2003 1460 2186 1503 apparuerit
2216 1483 2224 1492 .
2257 1457 2331 1501 Ego
2362 1469 2451 1500 quo-

1438 1516 1525 1547 que,
1550 1513 1586 1537 ut
1611 1505 1747 1538 minime
1769 1506 1803 1537 in
1827 1504 1978 1538 omnibus
2002 1504 2254 1547 explicationem
2287 1502 2369 1535 hanc
2403 1499 2451 1534 se·-

1440 1558 1576 1591 querer,
1599 1548 1720 1590 quippe
1745 1559 1819 1581 cum
1842 1549 1874 1581 in
1899 1547 2052 1581 omnibus
2076 1547 2217 1579 retentio
2262 1546 2339 1578 lotii
2383 1554 2450 1577 non

1440 1591 1630 1634 praecedat,
1654 1594 1684 1623 &
1707 1593 1802 1634 copia
1825 1603 1888 1634 qua
1911 1591 2051 1625 reddunt
2075 1591 2200 1632 plures,
2223 1589 2321 1630 longe
2357 1587 2451 1629 supe-

1441 1644 1490 1668 ret
1514 1634 1679 1677 quidquid
1703 1636 1858 1673 retineri,
1882 1637 1913 1668 ὃς
1937 1637 1972 1668 in
2006 1634 2161 1675 sanguine
2198 1632 2301 1664 redire
2333 1639 2452 1674 potue-

1440 1680 1512 1718 rit,
1533 1676 1574 1710 sic
1598 1680 1631 1709 in
1656 1677 1826 1719 proposito
1850 1690 1866 1711 a
1891 1689 1941 1712 me
1962 1678 2049 1711 Viro
2073 1698 2082 1713 ‚
2117 1674 2252 1717 aliisque
2286 1673 2448 1707 similibus

1441 1732 1507 1755 non
1531 1719 1661 1753 difficile
1684 1720 1813 1762 sequar,
1838 1730 1873 1754 ut
1896 1730 1973 1763 pote
1995 1722 2053 1763 qui
2077 1729 2181 1761 neque
2200 1717 2454 1755 tantumrurinae

1445 1764 1630 1801 secernant,
1655 1762 1754 1805 idque
1778 1764 1941 1797 secernant
1967 1763 2038 1804 post
2065 1762 2305 1800 retentionem,
2339 1761 2373 1793 in
2398 1772 2451 1793 eo·

1443 1808 1581 1850 demque
1606 1816 1778 1848 praeterea,
1802 1818 1878 1841 curn
1901 1817 1975 1840 ante
1997 1805 2170 1840 ischuriam
2194 1804 2335 1838 multum
2359 1813 2455 1845 pota-

1444 1863 1501 1891 re,
1526 1850 1729 1891 multumque
1754 1852 1895 1892 mingere
1920 1849 2044 1893 semper
2068 1850 2202 1887 soleret,
2225 1847 2275 1880 vel
2300 1855 2391 1880 antea
2403 1857 2455 1879 re—

1444 1905 1498 1927 nes
1522 1894 1659 1926 laxiores
1682 1892 1774 1926 fuisse
1799 1892 2092 1928 videantu.r.Quid
2114 1901 2187 1925 vero
2211 1888 2378 1924 accessisset
2401 1891 2453 1921 vi-

1444 1939 1486 1970 tii
1508 1937 1547 1970 ab
1569 1935 1727 1973 humore,
1751 1947 1848 1979 quem
1871 1936 2039 1969 noviffime
2062 1946 2137 1969 cum
2161 1945 2274 1977 parum
2305 1933 2453 1970 biberet,

1445 1990 1538 2013 tanta
1560 1981 1655 2022 copia
1680 1990 1769 2012 renes
1792 1978 2083 2017 transmittebant,
2129 1978 2245 2011 melius
2288 1976 2453 2019 conjicere

1445 2022 1575 2057 fortasse
1598 2021 1743 2064 possem,
1765 2021 1787 2055 si
1811 2024 1921 2056 urinas
1943 2034 2054 2056 omnes
2076 2019 2300 2055 examinassem
2319 2044 2328 2052 .
2365 2020 2455 2054 Nam

1445 2066 1536 2108 quod
1561 2068 1697 2107 primis,
1719 2065 1910 2108 ultimisque
1931 2066 2043 2099 diebus
2066 2067 2206 2108 aliquem
2231 2064 2269 2098 ad
2301 2064 2455 2105 mingen-

1445 2110 1523 2143 dum
1547 2107 1698 2142 afferrent
1720 2109 1903 2147 stimulum,
1930 2109 2133 2142 intermediis
2155 2106 2301 2144 nullum,
2326 2105 2456 2140 facilius

1448 2165 1465 2186 a
1487 2153 1583 2195 copia
1608 2151 1666 2185 esse
1690 2153 1824 2194 potuit,
1848 2162 1948 2195 quam
1972 2153 2012 2185 ab
2036 2153 2166 2185 illarum
2191 2160 2327 2188 natura,
2352 2161 2456 2192 quan-

1447 2197 1491 2230 do
1514 2197 1610 2238 copia
1633 2196 1756 2229 minori
1778 2206 1867 2229 erant
1891 2196 2091 2229 intermediis
2112 2194 2246 2232 diebus,
2271 2192 2386 2234 majori
2399 2205 2456 2226 au-

1447 2251 1513 2274 tem
1536 2240 1674 2282 primis,
1697 2242 1729 2271 &
1751 2239 1899 2273 ultimis:
1924 2238 1981 2272 nisi
2007 2239 2094 2272 forte
2117 2238 2231 2275 malis,
2267 2237 2457 2272 hebetatum

1449 2296 1466 2317 a
1509 2283 1622 2315 crebra
1667 2281 1864 2316 distentione
1907 2281 2002 2316 fuisse
2047 2281 2156 2315 vesicae
2210 2280 2332 2314 sensum
2363 2302 2373 2318 ‚
2419 2289 2458 2313 ut

1447 2325 1649 2360 intermediis
1692 2325 1806 2359 diebus
1849 2324 1937 2359 hand
1972 2326 2111 2367 amplius
2154 2324 2330 2358 afficeretur
2353 2347 2363 2362 ,
2396 2323 2459 2357 do-

1449 2382 1506 2403 nec
1550 2368 1596 2402 ob
1639 2379 1769 2410 parcum
1817 2378 1934 2412 potum
1967 2394 1977 2408 ‚
2020 2373 2052 2402 δε
2094 2370 2261 2410 ingentem
2306 2367 2458 2400 humoris

1450 2415 1519 2447 vim
1562 2424 1579 2445 a
1620 2411 1773 2454 sanguine
1818 2412 1978 2447 exclusam
2000 2437 2010 2452 ‚
2057 2413 2159 2446 urinae
2201 2409 2343 2453 denique
2386 2419 2460 2447 tan--¹

1448 2466 1485 2489 to
1530 2455 1667 2489 acriores
1711 2454 1803 2488 fastae
1847 2455 1909 2488 sint
1949 2480 1959 2495 ‚
2002 2465 2038 2490 ut
2081 2455 2132 2488 vel
2177 2453 2325 2487 hebetem
2370 2452 2453 2485 vesi-

1449 2510 1520 2533 cam
1566 2496 1716 2531 nonnihil
1761 2500 1973 2541 percellerent
1997 2520 2007 2535 ‚
2052 2509 2120 2541 quo
2167 2506 2314 2537 tempore
2357 2497 2458 2530 etiam

1451 2543 1612 2593 coeperint
1658 2540 1801 2583 aliquam
1844 2540 1898 2575 hic
1941 2541 2012 2576 illic
2056 2543 2090 2574 in
2133 2551 2170 2574 ea
2193 2539 2377 2583 phlogosim
2400 2551 2459 2573 ex-

1450 2596 1550 2621 citare
1573 2611 1582 2619 .
1976 2614 1978 2618 .

1499 2632 1548 2662 16.
1583 2626 1683 2668 Qod
1716 2626 1739 2660 fi
1773 2636 1808 2661 ut
1842 2627 2025 2671 phlogossm
2048 2649 2060 2666 ,
2093 2625 2271 2659 erofionem
2293 2626 2397 2659 ullam
2421 2627 2457 2659 in

1451 2671 1561 2706 vesica-²
1602 2672 1718 2704 intima
1762 2669 1845 2705 facie
1889 2670 2120 2713 conspexissem
2143 2682 2153 2706 ς
2199 2671 2305 2703 minus
2336 2668 2460 2703 sortas-

1452 2716 1483 2750 se
1526 2726 1676 2759 grumum
1718 2714 1813 2747 illurn
1848 2712 2172 2748 membraniformem
2205 2711 2457 2750 examinassern‚

1453 2770 1551 2802 quem
1578 2780 1587 2795 ,
1628 2759 1665 2790 'in
1712 2759 1835 2792 mortui
1879 2759 1973 2792 urina
2015 2753 2246 2797 deprehensum
2270 2778 2280 2793 ,
2313 2756 2459 2799 polypo-

1450 2802 1516 2836 sam
1558 2801 1800 2835 concretionem
1842 2800 1904 2836 esse
1929 2827 1939 2842 ,
1982 2800 2122 2836 censui3
2166 2801 2288 2842 quippe
2311 2810 2384 2832 cum
2412 2810 2458 2834 ‚ex

1450 2845 1584 2879 lamellis
1608 2854 1685 2878 tunc
1731 2843 1854 2879 factum
1899 2843 2031 2878 credere.
2071 2841 2247 2885 potuissem
2289 2853 2328 2876 ex
2373 2844 2458 2876 inte-

1450 2890 1538 2923 riore
1582 2888 1768 2922 membrana
1810 2888 1954 2922 deciduis
1979 2902 1989 2925 ς
2033 2898 2136 2929 neque
2157 2886 2243 2919 enim
2268 2898 2305 2919 eo
2327 2893 2459 2928 tempo-

1450 2944 1483 2966 re
1505 2931 1723 2967 controversia
1745 2940 1834 2972 erat,
1855 2943 1954 2975 quam
1978 2933 2066 2963 annis
2088 2929 2217 2963 demum
2241 2928 2457 2971 superioribus

1450 2986 1558 3009 ortam
1582 2974 1725 3012 audivi,
1758 2986 1834 3008 num
1879 2974 1942 3007 sine
1987 2972 2224 3015 haemorrhagia
2268 2983 2333 3005 non
2365 2983 2458 3006 com-

1451 3018 1601 3062 pescenda
1625 3018 1767 3053 accidere
1788 3018 1821 3051 id
1845 3017 1960 3059 possit.
1985 3020 2033 3051 At
2057 3020 2157 3050 certe'
2186 3014 2343 3058 ejusmodi
2387 3014 2457 3049 hae-

1452 3061 1636 3104 morrhagia
1661 3073 1725 3095 non
1748 3061 1932 3102 contigerat
1956 3063 1989 3095 in
2014 3060 2195 3099 Matrona,
2240 3070 2256 3091 a
2304 3058 2455 3092 Willisio

1446 3109 1460 3145 (
1483 3116 1504 3139 x
1526 3109 1537 3144 )
1564 3113 1764 3144 memorata,
1813 3116 1858 3138 uae
1881 3116 1955 3137 cum
1977 3105 2070 3145 longe
2094 3111 2166 3136 ante
2187 3102 2319 3136 obitum
2332 3112 2370 3135 ex
2381 3114 2455 3135 ure-

1451 3148 1522 3183 thra
1545 3148 1684 3191 ejecisset
1708 3158 1787 3181 mem
1809 3158 1917 3181 ranam
1940 3145 2068 3191 crassam
2088 3153 2180 3187 atque
2203 3145 2304 3179 latam
2328 3167 2341 3184 ,
2384 3156 2454 3177 ma-

1450 3193 1530 3225 teria
1567 3190 1708 3234 fizlmlosa
1751 3187 1931 3232 refertam3
1978 3203 1995 3224 e
2018 3189 2179 3223 cadaveris
2204 3188 2343 3223 sedicione
2374 3198 2453 3221 con-

1449 3235 1534 3268 stitit
1558 3257 1568 3272 ‚
1613 3236 1702 3268 illam
1740 3232 1834 3277 fuisse
1852 3241 1976 3275 partem
1998 3234 2110 3266 tunicae
2132 3231 2290 3265 interioris
2323 3230 2448 3272 reficae:

1448 3288 1485 3312 ut
1509 3289 1609 3320 neque
1634 3279 1736 3319 postea
1759 3278 1902 3319 contigit
1925 3278 1958 3310 in
1971 3275 2113 3311 foeminis
2135 3274 2282 3321 duabus,
2300 3284 2373 3316 quae
2396 3285 2452 3317 per

1448 3321 1587 3356 eundem
1619 3332 1759 3357 meatum
1805 3321 1945 3364 amplam
1989 3319 2210 3355 membranam
2253 3327 2414 3394 ejecerursst
2433 3339 2447 3357 ‚

1648 3371 1653 3373 ’
2365 3371 2381 3393 a

399 3463 2436 3490 ffl----—---—-————-——-—-——-——————-—-—-—--

456 3561 466 3620 ἕ
485 3561 500 3585 k
517 3561 531 3589 )
548 3563 583 3584 De
599 3560 710 3590 Chirurg.
729 3562 831 3589 operat.
849 3559 890 3585 ubi
907 3560 937 3584 de
954 3559 1027 3585 urinae
1043 3558 1159 3589 Suppress.
1222 3559 1236 3588 (
1254 3559 1264 3583 1
1283 3559 1290 3587 )
1306 3566 1328 3582 n.
1349 3565 1372 3586 9.

483 3600 495 3615 ο
511 3592 524 3620 )
542 3591 600 3615 Caso
618 3592 725 3620 proposse
742 3592 771 3615 da
789 3591 878 3615 Bartol.
897 3591 975 3615 Barati
993 3600 1005 3615 a
1021 3590 1143 3616 Lodovico
1157 3589 1224 3613 ‘resti
1237 3597 1281 3614 con
1298 3592 1321 3613 la
1338 3588 1443 3618 Risposta
1459 3589 1481 3613 di
1499 3588 1592 3618 questo.

1368 3652 1377 3680 (
1394 3658 1410 3674 u
1425 3619 1565 3679 §Sceghsrsli-
1579 3648 1673 3674 Medic.
1690 3650 1761 3674 eent.
1777 3656 1799 3674 2.
1816 3648 1870 3674 Cas.
1886 3651 1926 3680 85.

456 3622 472 3649 (
489 3630 503 3650 q
526 3626 531 3646 l
548 3622 629 3649 Expos
652 3622 761 3646 mechan.
780 3624 869 3645 Venen.
885 3622 960 3644 Tent.
980 3629 1000 3645 1.

457 3651 466 3678 (
484 3657 493 3673 ι
509 3651 522 3679 )
538 3651 597 3685 obs.
614 3652 688 3676 addit.
703 3654 733 3677 ad
750 3652 856 3677 Dilucid.
873 3652 992 3677 Valvular.
1013 3659 1049 3681 13.
1066 3651 1090 3676 δε
1105 3653 1176 3676 Cent.
1192 3650 1252 3676 Obs.
1268 3658 1307 3680 13.

458 3680 475 3710 ζ
490 3689 504 3705 κ
520 3681 529 3711 )
546 3681 602 3706 Diffi
618 3682 647 3707 de
663 3682 734 3709 Urin-
751 3690 771 3707 e.
791 3691 811 3713 ς.

1064 3621 1076 3649 (
1092 3629 1103 3644 r
1119 3621 1132 3648 )
1148 3620 1240 3644 Monit.
1259 3620 1350 3645 Medic.
1368 3627 1389 3644 c.
1409 3628 1422 3650 9

1671 3557 1684 3587 (
1700 3565 1715 3580 n
1731 3556 1744 3585 )
1761 3557 1816 3581 Vid.
1832 3556 1899 3587 supra
1911 3573 1920 3586 ,
1934 3565 1957 3582 n.
1975 3563 1998 3581 2.
2309 3581 2316 3586 .
2408 3580 2414 3585 .

1655 3589 1669 3617 (
1683 3594 1699 3617 ρ
1718 3589 1726 3616 l
1742 3589 1883 3612 comment.
1899 3588 1926 3611 de
1943 3590 2034 3613 Bonon-
2052 3587 2089 3611 Sc.
2106 3580 2440 3616 Instit.·r.=.sub‚t1t.Med1c;

1616 3617 1630 3646 (
1642 3618 1680 3647 s)
1697 3617 1752 3642 Vid.
1769 3620 1849 3642 Marc.
1867 3620 1954 3643 Donat.
1970 3626 1992 3644 c.
2010 3626 2050 3648 27·
2068 3617 2134 3647 supra
2149 3617 2179 3641 ad
2193 3623 2220 3640 n.
2237 3622 2258 3639 2.
2273 3618 2320 3638 cit.

1433 3557 1610 3587 (mlo-13·
