2498 4075
514 244 664 310 Epist.
702 244 863 295 Anat.
900 240 1118 297 Medica
1155 239 1359 293 XXVI.
1400 241 1522 293 Art.
1543 242 1792 309 22.&23.

104 322 208 356 ‚nihil
231 321 307 357 ossei
330 323 460 366 usquam
483 322 587 355 inveni
613 333 623 360 ς
659 321 765 364 paffim
788 331 860 355 vero
897 321 1035 355 subalbas
1058 331 1123 352 ma-

124 366 233 406 culas,
257 366 363 408 paffim
385 378 449 399 non
475 367 553 398 leves
578 364 682 399 sulcos
706 365 894 406 parallelos,
920 366 953 397 in
978 365 1119 404 longitu-

121 409 231 444 dinem
255 408 389 451 ductos,
413 421 450 442 eo
476 410 575 450 magis
600 408 781 450 speetabiles
802 432 811 447 ,
846 407 931 450 quod
954 407 1043 440 brevi
1066 406 1120 440 de-

125 451 216 491 curso
239 452 361 495 spatio,
384 452 478 487 sulcis
501 452 572 485 aliis
595 451 772 487 transversis
791 474 800 489 ,
825 452 917 494 longe
943 461 1047 485 minus
1073 461 1118 483 re-

125 496 186 529 ‹Pcis
207 518 217 534 ,
251 496 480 540 aequalibusque
501 519 512 534 ‚
545 495 853 536 interrumpebantur
871 518 885 535 ‚
916 493 1027 527 deinde
1060 493 1117 539 alii

107 539 285 581 >prioribus
308 539 422 572 similes
445 563 455 578 ,
487 541 519 571 &
542 537 720 572 transversis
745 550 821 572 mox
843 538 1017 580 interrupti
1041 563 1049 577 ‚
1075 539 1118 571 se-

122 582 321 624 quebantur,
344 581 551 624 deincepsque
572 581 628 614 alii
641 581 679 614 ad
701 580 1002 619 eundemmodun13
1025 589 1060 613 ut
1084 581 1118 613 in

122 625 269 659 morbida
291 626 517 660 constitutione
542 625 620 657 ordo
651 624 736 661 haud
759 625 917 667 inelegans
949 624 1120 657 servaretur

124 668 163 702 ad
187 679 294 703 toturn
315 669 409 707 usque
432 669 542 703 Aortae
567 679 674 702 arcum
697 681 707 707 3
731 670 809 711 quin
832 668 873 704 ab
895 669 957 703 hoc
983 669 1014 701 in
1040 668 1119 701 Sub-

122 712 258 745 claviam
290 711 442 746 sinistram
474 711 511 744 ad
536 723 632 746 unum
669 713 818 754 pollicem
837 735 849 751 ‚
882 713 917 744 in
940 712 1120 753 proximam

124 756 312 789 Carotidem
335 754 373 787 ad
395 754 495 789 duos,
519 755 551 787 in
575 756 706 788 alteram
731 767 806 789 vero
829 778 837 792 2
862 764 979 798 quanta
1001 763 1119 797 quanta

121 809 205 837 crat,
226 798 317 832 fimul
340 807 415 833 curn
438 798 570 832 maculis
590 824 597 837 ‚
631 801 663 833 &
686 799 863 833 tunicarum
886 797 1084 833 craslitudine
1107 819 1117 835 ,

122 854 157 876 ac
178 842 296 876 duritie
320 841 467 883 pergebat
489 865 496 872 .
532 841 730 883 Aneurysma
753 851 856 875 autem
888 840 969 874 illud
992 840 1121 874 subcla-

120 888 179 919 viae
201 885 388 919 structuram
412 883 575 926 cujusdam
598 884 683 929 quasi
707 885 854 921 auriculae
877 884 985 919 cordis
1009 882 1121 916 refere-

121 930 176 963 bat
194 952 206 968 ,
228 940 266 961 ex
290 928 461 969 inaequali,
485 926 563 962 dura
590 954 597 969 ‚
621 925 780 970 craffaque
804 928 913 962 tunica
937 925 1121 973 conforma-

122 982 212 1009 tum,
236 982 292 1004 nec
317 971 480 1013 polypofis
504 972 590 1006 intus
613 972 789 1007 corticibus
814 970 1012 1006 succintfitum
1032 994 1045 1010 ,
1069 970 1119 1005 led

119 1015 291 1058 perexilem
312 1014 482 1049 dumtaxat
503 1038 514 1054 ,
547 1014 708 1050 subalbam
734 1039 746 1056 ,
779 1015 1015 1056 oblongamque
1044 1014 1120 1046 laci.

108 1059 206 1091 ‚niam
239 1058 295 1090 fibi
319 1057 433 1092 habens
465 1056 673 1094 adhaerentem
694 1081 707 1099 ,
730 1067 844 1100 praeter
891 1067 962 1090 uam
987 1068 1081 1093 unam
1109 1082 1118 1097 ,

119 1101 202 1135 nihil
227 1101 314 1135 aliud
336 1103 370 1134 in
392 1101 539 1135 universo
572 1101 634 1134 hoc
657 1101 803 1136 cadavere
836 1111 878 1147 pp
894 1099 986 1142 yposi
1009 1100 1118 1142 depre-

96 1144 305 1179 hendimus.
331 1146 483 1180 Truncus
505 1144 640 1187 denique
663 1146 773 1178 Aortae
807 1145 902 1186 ipsius
925 1144 962 1176 ab
986 1157 1023 1176 eo
1046 1145 1119 1178 loco

118 1188 200 1224 unde
225 1189 366 1229 primum
390 1188 428 1223 ad
452 1187 612 1230 superiora
635 1189 756 1223 emittit
769 1196 913 1227 ramum,
937 1187 974 1220 ad
997 1197 1054 1220 cor
1070 1187 1120 1221 us-

117 1243 201 1276 que,
223 1233 255 1265 ὃ(
278 1231 410 1267 maculis
432 1230 599 1269 distinctus
626 1257 635 1272 ‚
668 1234 700 1264 &
724 1231 818 1266 sulcis
842 1241 908 1263 erat
940 1240 1085 1265 exaratus
1108 1255 1120 1272 ‚

114 1276 168 1311 sed
191 1275 241 1309 his
264 1277 310 1309 ita
333 1273 494 1316 confusis,
518 1279 549 1308 δέ
573 1274 799 1312 abtim-mrbus,
823 1284 859 1317 ut
883 1273 1036 1308 nihilnisi
1051 1285 1120 1316 per-

116 1328 210 1362 petua
230 1340 239 1355 ,
273 1322 305 1352 &
328 1319 448 1352 summa
479 1318 544 1363 ejus
568 1318 662 1351 faciei
697 1316 897 1361 inaequalitas
921 1328 1085 1361 appareret
1110 1344 1115 1350 .

116 1362 175 1396 Sed
200 1372 312 1405 praeter
335 1360 415 1398 hanc
434 1385 445 1400 ‚
479 1362 623 1404 quaedam
646 1361 729 1403 quasi
756 1362 951 1398 exulceratio
972 1372 1118 1395 occurre-

113 1406 169 1440 bat
193 1405 317 1441 duobus
338 1406 468 1441 circiter
489 1405 579 1448 supra
603 1406 809 1440 Semilunares
841 1405 981 1439 valvulas
1002 1404 1118 1447 digitis

115 1461 177 1492 qua
200 1450 312 1484 arteria
337 1448 517 1483 dexteriora
543 1447 663 1491 spectat
687 1475 696 1488 ,
720 1452 752 1482 δεῖ
777 1448 946 1492 posteriora
967 1472 980 1487 ,
1011 1450 1045 1481 in
1069 1459 1120 1481 ea-

113 1504 176 1535 que
208 1493 440 1527 exulceratione
463 1494 524 1526 tria
547 1516 559 1532 ,
591 1502 766 1534 quatuorve
788 1502 874 1526 erant
909 1489 1121 1534 profundiora

114 1538 296 1574 foramina,
319 1537 402 1569 inter
426 1535 454 1569 se
478 1537 646 1577 proxima,
670 1535 790 1578 ringula
816 1536 908 1569 lentis
920 1534 1120 1578 magnitudi-

114 1592 177 1620 ne,
200 1579 250 1614 sed
274 1579 376 1613 form-a
399 1578 549 1621 angulosa
575 1581 708 1621 potius,
732 1589 829 1622 quarn
841 1578 1002 1614 rotunda:
1027 1579 1066 1611 ab
1080 1580 1118 1612 iis

113 1623 243 1666 oblique
266 1623 408 1657 curriculi
431 1622 609 1657 extrorsum
633 1623 696 1656 affl
719 1643 729 1659 ‚
762 1621 800 1655 ad
823 1624 979 1664 extimam
1001 1623 1118 1655 Aortae

112 1668 267 1701 laminam
290 1674 493 1708 pervenerant
518 1688 526 1701 ‚
562 1665 607 1698 ibi
633 1673 797 1709 propterea
831 1665 885 1699 εἷ
892 1664 984 1700 fusco
1007 1666 1120 1700 ruben-

112 1721 178 1744 tem
200 1708 286 1753 quali
311 1709 350 1743 ab
372 1707 628 1745 inflammatione
647 1733 655 1748 ‚
691 1710 856 1753 multoque
879 1708 1012 1745 humore
1035 1708 1120 1743 cras-

112 1754 224 1787 {iorem
245 1752 364 1787 saetam
391 1763 399 1783 .·
432 1754 466 1784 in
488 1751 616 1796 ejusque
649 1751 809 1789 rubedinis
842 1753 949 1786 medio
986 1753 1120 1786 lacerata

110 1798 241 1832 demum
265 1795 383 1829 lamina
407 1817 415 1832 ‚
442 1795 567 1838 sanguis
589 1794 646 1830 fibi
670 1798 754 1830 viam
776 1799 810 1832 in
834 1797 1048 1839 pericardium
1075 1795 1122 1829 fe-

112 1848 196 1875 cerat
228 1850 282 1882 per
305 1838 453 1872 foramen
485 1839 625 1873 internis
646 1838 750 1873 simile
774 1863 785 1881 ,
818 1843 850 1874 &
886 1839 1024 1882 ejusdem
1058 1839 1122 1875 fere

112 1883 365 1927 magnitudinis«
504 1882 646 1916 Sinister-
663 1883 771 1917 cordis
793 1884 987 1918 ventriculus
1017 1883 1120 1917 maxi—

111 1939 162 1962 me
193 1934 259 1960 erat
291 1925 445 1960 dilatatus
470 1936 484 1966 ,·
515 1924 566 1960 sed
594 1924 657 1969 -ipfi
692 1925 832 1970 apposita
857 1928 997 1963 auricula
1030 1926 1120 1961 valde

112 1970 281 2005 commeta
295 1993 305 2009 ,
327 1972 358 2003 &
372 1968 525 2011 strigosa.
553 1969 596 2002 In
615 1982 653 2003 eo
677 1971 874 2010 ventriculo,
899 1973 932 2004 δε
956 1972 990 2003 in
1012 1970 1122 2004 dexte—

112 2026 151 2048 ro
173 2013 301 2056 sanguis
334 2022 399 2045 non
423 2012 529 2046 deerat
553 2024 560 2045 .·
594 2013 628 2046 in
653 2016 765 2047 arteria
802 2022 907 2048 autem
934 2014 1119 2051 Pulmonari

111 2058 231 2093 multus
254 2055 340 2091 fuit:
368 2065 468 2099 neque
493 2066 531 2089 eo
554 2056 723 2090 Carotides
749 2082 758 2097 ‚
792 2068 847 2090 nec
865 2058 1035 2103 Jugulares
1067 2068 1120 2090 ca-

115 2101 226 2136 rebant
249 2109 334 2133 venae
349 2125 359 2134 .
488 2099 663 2134 Cerebrum
688 2101 823 2143 denique
843 2123 852 2139 ,
877 2103 910 2135 δέ
932 2101 1122 2136 cerebellum

110 2143 263 2179 laxiffitna
286 2141 553 2186 deprehendimus
570 2154 585 2183 ,·
605 2144 752 2187 quamvis
775 2146 808 2176 in
831 2145 1016 2178 ventriculis
1037 2143 1122 2176 nihil

112 2187 185 2223 esset
207 2198 297 2230 aquae
317 2209 331 2228 ,
361 2185 454 2229 cujus
476 2185 690 2229 pauxillulum
713 2187 835 2221 alicubi
860 2187 1029 2219 dumtaxat
1054 2186 1120 2219 fuit

114 2230 303 2266 subffTenui
325 2232 473 2271 meninge
493 2253 501 2263 .
540 2227 649 2269 Huius
671 2229 742 2263 vasa
764 2237 853 2262 erant
878 2229 1028 2271 sanguine
1050 2238 1119 2262 tnr-

111 2274 224 2319 gidnla·
248 2297 257 2306 .
289 2272 493 2307 Verrebrales
517 2273 638 2305 arteriae
671 2282 735 2315 qua
756 2273 901 2306 cranium
933 2272 1081 2306 subibant
1105 2297 1121 2313 ,

112 2318 209 2362 pau-lo
231 2314 306 2349 visae
326 2315 401 2350 funt
415 2338 428 2355 ‚
451 2325 547 2357 quarn
570 2324 695 2357 aequum
718 2315 813 2355 effer,
837 2315 966 2349 latiores
986 2342 994 2349 .
1028 2315 1116 2349 Reli-

112 2372 176 2399 qua
188 2381 201 2401 ,
223 2360 258 2393 in
281 2356 346 2392 hoc
367 2358 514 2393 cadavere
537 2370 552 2391 a
576 2367 627 2391 me
648 2361 683 2391 &
702 2358 744 2392 ab
765 2359 890 2393 Amicis
913 2359 1115 2392 consecanti-

112 2401 344 2439 liusadnotara
359 2427 367 2441 ,
392 2402 458 2435 alio
480 2402 642 2444 pertinent
659 2415 676 2433 ‚⁷

116 2473 118 2475 >
155 2458 205 2481 ω.
231 2446 405 2487 Qatuor,
427 2445 598 2478 minimum
618 2467 631 2484 ‚
663 2445 882 2487 aneurysmata
904 2446 938 2478 in
963 2446 1022 2479 h-ac
1046 2456 1121 2480 rnu-

113 2493 190 2527 liere
213 2490 363 2528 fuerunt,
383 2489 555 2522 ventriculi
578 2486 685 2521 cordis
707 2487 823 2522 sinistri
836 2512 849 2530 ,
872 2491 1021 2523 maximae
1046 2500 1119 2531 par-

114 2537 156 2570 tis
181 2534 293 2567 Aortae
309 2557 318 2573 ,
341 2530 515 2566 Subclaviae
538 2530 673 2565 dexterae
688 2554 698 2570 ‚
723 2534 756 2565 &
779 2531 854 2566 huic
878 2534 992 2567 vicinae
1015 2535 1119 2566 Caro-

113 2578 192 2614 tidis
212 2589 224 2616 3
256 2584 293 2610 ut
318 2584 382 2608 non
415 2573 517 2608 modo
539 2574 639 2608 causae
674 2585 842 2622 appareant
865 2588 977 2610 eorum
998 2576 1115 2619 quibus

112 2621 280 2657 vexabatur
304 2617 514 2658 muli²er5>sed
539 2619 655 2651 mirum
679 2619 718 2651 {it
738 2643 750 2660 ,
782 2630 847 2652 non
871 2620 1015 2664 pluribus
1038 2619 1118 2654 fuis-

113 2666 144 2700 se
166 2672 312 2699 vexatam
331 2685 339 2694 .
378 2661 480 2699 Quod
503 2660 543 2696 ad
567 2661 736 2696 Carotidis
757 2663 942 2705 aneurysma
966 2665 1081 2697 attinet
1105 2687 1117 2703 ,

111 2707 201 2753 quod
224 2706 275 2741 sua
298 2704 326 2738 se
348 2706 587 2749 prominentia,
610 2709 643 2738 δε
666 2704 843 2750 pulsatione
868 2707 1046 2750 prodebat,
1069 2716 1118 2740 et-

113 2754 135 2787 fi
161 2751 250 2785 ultro
273 2747 397 2789 fateor,
419 2760 436 2782 a
459 2748 673 2791 peculiaribus
696 2749 793 2783 caufis
813 2773 826 2791 ,
847 2762 896 2784 eas
920 2750 1117 2794 potissimum

115 2795 244 2829 arterias
267 2791 503 2832 afficientibus,
525 2792 687 2827 interdum
711 2793 793 2836 ipsas
814 2792 943 2827 dilatari
968 2807 979 2833 3
1004 2793 1116 2836 saepius

113 2849 218 2873 tamen
240 2846 346 2869 earum
369 2833 591 2870 dilatationem
613 2847 686 2870 cum
711 2836 838 2880 Magnae
862 2838 982 2870 arteriae
1005 2837 1121 2870 dilata-

115 2883 204 2916 tione
226 2877 401 2920 conjungi,
422 2888 514 2922 arque
539 2880 617 2913 adeo
642 2878 735 2922 hujus
761 2880 819 2914 effe
832 2883 1094 2924 propagationem
1108 2903 1117 2918 ‚

115 2929 147 2959 &
171 2921 342 2962 efferimur,
364 2932 458 2956 nemo
479 2934 517 2956 ex
540 2934 579 2955 eo
601 2932 744 2967 tempore
767 2926 934 2967 negaverit
957 2947 966 2962 ‚
991 2936 1029 2957 ex
1052 2936 1121 2966 quo

114 2967 302 3003 morborum
325 2964 422 3000 causae
443 2976 558 3008 coeptae
590 2967 661 3001 sunt
691 2967 890 3001 creberrimis
922 2965 1123 3001 diffectioni-

115 3013 175 3046 bus
198 3009 338 3052 inquiri.
361 3007 462 3055 prisci
484 3020 593 3044 autem
617 3010 767 3051 Medici,
790 3010 926 3045 subsidio
938 3010 999 3044 hoc
1009 3022 1117 3043 caren-

117 3065 165 3089 tes
186 3077 200 3095 ,
230 3050 316 3086 nihil
338 3050 491 3094 ejusmodi
514 3054 664 3097 suspicari
696 3053 884 3089 videbantur
901 3077 912 3094 ,
946 3057 977 3088 δε
1009 3052 1119 3087 nihilo

116 3098 189 3142 plus
210 3095 335 3140 negotii
357 3093 415 3127 fibi
440 3093 510 3128 dari
525 3098 558 3130 in
568 3098 761 3133 Carotidum
772 3097 997 3141 aneurysmate·
1009 3120 1022 3138 ‚
1046 3099 1116 3131 exi-

117 3141 288 3176 stimabant
298 3162 311 3180 ,
333 3147 430 3181 quam
448 3147 485 3172 ut
524 3141 647 3175 revulsis
666 3165 676 3180 ‚
721 3142 904 3176 imminutis
923 3166 935 3183 ,
964 3142 1117 3175 correffis

119 3186 292 3228 sanguine,
315 3181 498 3223 acribusque
520 3182 730 3225 humoribus,
753 3185 810 3218 illa
832 3194 1025 3228 apponerent
1046 3195 1116 3228 quae

117 3227 158 3262 ad
180 3224 410 3263 contrahendas
442 3226 757 3272 constringendasque
780 3231 965 3262 arteriarum
996 3231 1120 3262 tunicas

119 3273 258 3305 valerent
279 3296 288 3311 ‚
322 3268 591 3312 quemadmodum
616 3283 653 3305 ex
683 3273 827 3314 perleeto
851 3274 981 3306 Arantii
1013 3273 1119 3314 capite

118 3320 134 3357 (
154 3327 175 3358 q
197 3319 233 3357 )‚
256 3325 320 3357 quo
341 3313 380 3346 cle
401 3312 463 3346 isto
485 3313 679 3356 potissimum
691 3317 906 3359 aneurysmate
929 3317 1015 3359 agit,
1040 3326 1122 3361 prae-

118 3360 202 3395 clare
221 3356 401 3399 intelliges.
427 3355 562 3393 Quodsi
582 3358 794 3403 constringere
806 3361 877 3403 quis
899 3368 1024 3400 tentet,
1046 3362 1121 3392 c'um

119 3401 293 3447 produ-stin
335 3398 378 3433 est
408 3400 635 3443 aneurysmatis
676 3405 798 3437 arteriae
839 3404 968 3446 Magnae
1005 3415 1015 3441 5
1059 3402 1121 3435 hoc

122 3446 250 3489 augebit
280 3468 293 3485 ‚
335 3442 419 3477 illud
452 3453 517 3477 non
547 3445 675 3486 tollet3
714 3446 766 3480 sed
799 3458 837 3480 ne
879 3456 956 3481 tunc
988 3445 1120 3488 quidem

120 3501 196 3527 cum
226 3487 272 3532 est
307 3486 348 3520 ab
373 3485 524 3520 erodente
552 3487 722 3523 dumtaxat
752 3490 839 3524 causa
864 3514 876 3530 ,
907 3491 992 3523 velut
1014 3501 1118 3523 exem-

122 3535 180 3610 1plo
223 3530 358 3567 Nobilis
401 3531 561 3565 Matronae-
599 3533 755 3576 produififfi
778 3558 790 3574 ‚
833 3534 976 3568 ostendit·
1008 3534 1122 3566 Lanci-

136 3588 183 3612 1us
204 3578 288 3615 (r).

165 3630 217 3663 23.
238 3620 291 3653 De
325 3617 539 3661 aneurysmate
569 3629 676 3653 autem
705 3630 774 3664 quo
805 3619 975 3654 Subciavia
1009 3620 1123 3654 arteria

1172 318 1319 358 dextera,
1342 318 1427 352 nulla
1451 328 1482 350 re
1506 315 1694 361 interposita
1718 329 1829 351 nervos
1852 316 2012 360 premebat
2033 343 2042 357 ,
2065 328 2169 352 artum

1174 363 1356 405 proximum
1390 360 1534 395 adeuntes
1560 385 1571 401 ‚
1605 361 1782 404 quaerebam
1816 364 1848 394 in
1882 360 2081 394 Adversariis
2103 362 2167 394 VI.

1172 409 1186 444 <
1201 404 1228 447 s
1241 408 1254 445 >
1277 403 1331 438 ubi
1355 405 1474 438 incuria
1495 404 1601 437 nescio
1623 415 1686 447 qua
1709 402 2001 447 subclaviafimstra
2023 415 2083 445 pro
2093 404 2168 437 dex-

1173 458 1238 482 tera
1263 448 1378 489 scripta
1400 447 1466 484 est3
1491 447 1669 490 quaerebam
1690 471 1700 486 ‚
1724 448 1851 489 inquam
1874 474 1883 489 ‚
1915 459 1970 481 cur
1993 446 2058 491 ejus
2082 458 2170 480 corn-

1173 490 1334 536 preffionis
1358 491 1483 525 nullum
1506 501 1645 534 unquam
1667 491 1700 524 in
1723 501 1761 523 eo
1784 500 1852 524 artu
1880 491 2004 524 vivente
2017 491 2166 527 muliere,

1170 532 1322 571 extitisset
1345 532 1526 567 indicium?
1549 537 1596 569 At
1620 545 1729 578 qutero
1751 532 1872 569 adhuc.
1896 536 1982 567 Cum
2003 535 2087 567 enim
2110 533 2169 566 do-

1172 580 1275 617 lores,
1298 587 1332 612 ut
1358 576 1437 618 saepe
1460 576 1519 616 fit,
1543 580 1576 611 &
1598 578 1632 609 in
1657 578 1759 614 Viro,
1782 576 1874 619 cujus
1897 577 1986 619 supra
2008 578 2067 619 (t)
2092 576 2170 611 scri-

1170 630 1225 664 pta
1248 620 1289 654 est
1312 620 1444 655 historia
1466 643 1479 660 ‚
1512 619 1605 654 fiebat
1620 644 1632 661 ‚
1656 630 1708 655 aut
1732 629 1875 663 torpores
1898 621 1931 653 in
1956 619 2095 655 brachiis
2119 631 2170 652 ac-

1172 665 1284 698 cidunt
1307 674 1415 699 eorum
1438 663 1555 706 quibus
1580 665 1613 696 in
1637 663 1707 706 ipso
1730 665 1846 697 Aortae
1870 663 1959 704 supra
1983 675 2041 695 cor
2057 674 2170 697 trunco

1173 707 1358 751 aneurysma
1378 708 1506 745 oritur3
1530 705 1646 747 video,
1669 707 1708 740 ab
1732 707 1849 741 Doc‘tis
1871 706 2007 741 Medicis
2033 718 2098 739 rem
2120 718 2173 740 ex-

1173 751 1286 794 plicari
1322 761 1378 793 per
1399 751 1636 785 contrastiones
1670 762 1740 793 quae
1764 750 1802 783 ab
1836 761 1874 781 eo
1897 759 2013 783 trunco
2035 751 2068 782 in
2093 750 2174 784 Sub-

1172 795 1288 829 clavias
1310 802 1510 837 propagatae,
1533 793 1656 827 eosdem
1679 792 1793 836 quibus
1816 792 1853 825 de
1876 792 2063 836 loquimur,
2085 804 2176 826 com-

1174 839 1313 880 primant
1339 837 1519 871 Brachiales
1542 847 1676 872 nervos:
1701 847 1757 869 cur
1781 838 1885 879 igitur
1909 834 1967 870 hos
1992 845 2085 871 tanto
2108 848 2174 870 rna-

1174 883 1222 924 gis
1247 892 1311 914 non
1343 882 1537 922 comprimat
1562 879 1745 922 aneurysma
1776 881 1809 912 in
1834 880 1999 913 Subclavia
2033 880 2098 923 ipsa
2122 891 2176 913 na-

1172 934 1266 964 tum,
1288 923 1398 966 eosque
1420 925 1609 965 contingens
1630 923 1642 956 ?
1680 923 1767 957 Nam
1791 922 1845 956 etsi
1887 924 1940 956 alii
1964 934 2029 958 non
2062 922 2175 957 desunt

1173 969 1249 1003 Viri
1274 967 1546 1009 Experientiffimi
1568 991 1579 1008 ‚
1612 969 1668 1010 qui
1693 967 1739 999 vel
1767 967 1822 1000 diu
1846 966 2012 1003 arciiffime
2036 968 2139 1009 ligato
2166 989 2175 1004 ‚

1172 1022 1240 1045 non
1262 1011 1362 1043 modo
1383 1010 1588 1052 compresso,
1612 1021 1709 1043 nervo
1729 1009 1921 1045 confirment
1946 1035 1956 1049 ‚
1979 1010 2100 1044 sensum
2122 1009 2177 1043 de-

1170 1057 1267 1097 nique
1287 1079 1295 1093 ‚
1318 1056 1351 1086 δε
1374 1062 1500 1086 motum
1523 1054 1557 1085 in
1581 1054 1636 1087 illa
1661 1053 1700 1086 ad
1723 1065 1818 1095 quarn
1841 1064 1952 1087 nervus
1971 1052 2142 1087 contendit
2167 1076 2177 1091 ,

1171 1106 1259 1141 parte
1280 1097 1415 1130 omnino
1438 1097 1633 1131 incolumem
1656 1095 1889 1135 animadverti3
1915 1097 1948 1130 hi
1974 1108 2037 1130 non
2061 1106 2177 1140 negant

1171 1151 1278 1177 tamen
1302 1164 1314 1181 ‚
1348 1142 1456 1182 primo
1481 1138 1591 1174 saltem
1615 1138 1684 1181 post
1706 1140 1909 1181 alligaturam
1943 1149 2087 1182 tempore
2111 1141 2177 1173 sen-

1173 1185 1223 1219 sus
1238 1208 1250 1225 ,
1273 1186 1306 1217 &
1329 1192 1436 1215 motus
1457 1181 1611 1225 jadaram
1637 1181 1705 1214 fieri
1727 1207 1736 1217 .
1770 1184 1823 1215 An
1847 1183 1947 1224 igitur
1979 1181 2181 1225 compreffio-

1174 1239 1245 1263 nem
1269 1239 1339 1273 quae
1363 1225 1471 1260 sentim
1495 1224 1572 1266 fiat,
1595 1223 1766 1268 sensimque
1778 1235 1947 1268 augeatur,
1970 1227 2079 1266 nervi,
2101 1237 2180 1269 qua-

1174 1272 1197 1306 si
1221 1269 1443 1310 assuescentes,
1466 1271 1597 1312 impune
1620 1267 1752 1303 ferunt?
1776 1271 1832 1306 De<
1850 1268 1911 1302 lroc
1932 1278 1967 1304 tu
1980 1269 2122 1309 videris,
2145 1279 2181 1302 ut

1172 1316 1211 1349 de
1234 1315 1301 1348 illis
1324 1325 1450 1357 quoque
1473 1322 1523 1346 tot
1548 1313 1796 1355 experimentis,
1820 1323 1920 1355 nuper
1939 1335 1949 1351 ‚
1972 1323 2026 1346 nec
2054 1313 2093 1346 ab
2114 1323 2182 1346 uno

1174 1368 1324 1397 tantum,
1346 1357 1468 1393 habitis
1491 1358 1524 1389 in
1548 1357 1667 1401 quibus
1690 1356 1786 1389 aliter
1809 1368 1844 1389 ac
1868 1357 1901 1389 in
1925 1355 2024 1389 modo
2056 1357 2183 1391 iudica-

1175 1405 1241 1442 tis,
1263 1412 1325 1435 non
1349 1399 1544 1443 negligendae
1568 1411 1616 1433 res
1639 1409 1867 1440 occurrerunt,
1890 1409 1962 1434 turn
1983 1400 2022 1434 de
2045 1400 2112 1434 illis
2134 1407 2184 1433 et-

1168 1448 1239 1480 -iam
1262 1469 1273 1486 ‚
1298 1455 1375 1488 quas
1399 1443 1454 1479 hic
1477 1443 1627 1477 consulto
1650 1453 1803 1484 praetereo
1829 1467 1841 1485 ,
1872 1443 2147 1477 observationibus
2170 1465 2183 1482 ‚

1173 1503 1213 1524 ex
1234 1489 1350 1532 quibus
1372 1487 1523 1522 deducere
1546 1486 1675 1522 fortasse
1698 1488 1793 1520 liceat
1815 1507 1828 1527 ,
1852 1497 2023 1521 nervorum
2046 1487 2185 1521 aliorum

1175 1534 1314 1567 ramulos
1337 1542 1410 1567 cum
1432 1529 1638 1565 inferioribus
1673 1541 1783 1564 eorum
1807 1531 1864 1572 qui
1890 1530 1986 1572 ligati
2008 1528 2068 1564 sint
2092 1556 2101 1571 ‚
2134 1540 2185 1563 ra-

1173 1580 1235 1611 mis
1259 1576 1534 1611 communicantes
1548 1596 1557 1610 ,
1581 1575 1760 1618 paulatim,
1785 1574 1898 1615 aliquo
1919 1572 2088 1615 interieeto
2102 1582 2186 1607 tem-

1174 1633 1275 1665 pore,
1297 1618 1337 1653 fic
1359 1617 1492 1653 dilatare
1514 1616 1688 1662 aliquando
1712 1616 1798 1658 posse
1812 1625 1932 1651 meatus
1957 1616 2052 1658 suos,
2071 1626 2185 1651 utnon

1175 1665 1260 1701 secus
1284 1670 1377 1707 atque
1400 1662 1434 1696 in
1459 1660 1648 1704 sanguiferis
1671 1659 1748 1693 vafis
1773 1659 1913 1702 accidit,
1938 1662 1978 1694 iis
2001 1660 2186 1695 etransver-

1175 1708 1210 1745 so
1231 1707 1390 1749 suppetias
1413 1704 1535 1738 ferant·
1559 1706 1610 1740 De
1633 1704 1704 1742 his,
1729 1706 1860 1748 inquam
1880 1728 1892 1744 ,
1932 1704 1970 1739 de
1992 1705 2127 1749 aliisque
2151 1715 2187 1739 tu

1174 1751 1312 1784 videris.
1339 1750 1455 1792 Neque
1479 1749 1565 1781 enim
1587 1747 1676 1794 quod
1702 1758 1777 1782 tunc
1802 1749 1891 1782 nolui
1912 1771 1924 1787 ‚
1955 1747 1989 1781 id
2013 1749 2080 1793 ipse
2102 1759 2185 1782 nunc

1175 1795 1273 1834 volo,
1296 1791 1438 1826 obscuris
1461 1791 1634 1828 videlicet,
1660 1802 1695 1824 ac
1718 1793 1844 1834 longius
1868 1793 1952 1825 circa
1975 1803 2087 1826 nervos
2099 1803 2187 1835 quaa-

1176 1838 1332 1871 stionibus
1357 1836 1517 1878 implicari
1541 1860 1548 1868 .
1583 1835 1710 1869 Praestat
1732 1858 1742 1873 ,
1775 1844 1811 1869 ut
1834 1846 1905 1878 quae
1944 1836 2078 1880 quisque
2099 1836 2187 1870 circa

1172 1893 1231 1915 ¹eos
1253 1880 1474 1915 observamus,
1498 1879 1552 1912 illa
1579 1878 1767 1912 adnotemus
1787 1903 1799 1920 ,
1830 1878 1931 1913 donec
1952 1879 2049 1923 justus
2081 1879 2186 1913 obser-

1178 1925 1347 1958 vationum
1370 1920 1510 1958 ostendat
1535 1933 1682 1957 numerus
1707 1922 1787 1965 quid
1812 1922 1980 1965 sequamur
2005 1938 2014 1962 φ
2047 1924 2185 1958 aliorum

1178 1970 1297 2003 interea
1330 1969 1424 1999 certis
1448 1966 1640 2009 quibusdam
1672 1965 1869 2007 conjeafturis
1893 1988 1903 2003 ‚
1926 1970 1958 2001 δε
1984 1967 2185 2002 illationibus

1176 2020 1268 2044 caute
1292 2009 1472 2054 parcendo,
1496 2020 1567 2053 quae
1589 2008 1644 2046 etii
1670 2009 1764 2046 facile
1785 2009 1914 2045 defendi
1939 2010 2065 2054 possunt
2085 2021 2185 2052 ,non

1176 2065 1287 2088 omnes
1310 2064 1416 2087 tamen
1440 2053 1502 2087 hoc
1525 2052 1630 2099 ipsum
1653 2053 1846 2100 assequimur
1869 2068 1880 2095 3
1914 2065 2038 2099 quanto
2078 2056 2183 2089 minus

1180 2099 1284 2140 igitur
1307 2108 1388 2132 nunc
1412 2107 1519 2132 verum
1538 2121 1550 2139 ‚
1575 2099 1637 2132 alte
1661 2097 1763 2133 adhuc
1788 2097 1933 2134 abditum
1955 2123 1968 2141 ‚
2001 2097 2188 2143 assecuturil

1309 2142 1370 2176 Sed
1393 2150 1429 2176 tu
1452 2142 1534 2176 illud
1563 2143 1672 2186 potius
1698 2141 1826 2178 fortasse
1864 2142 1918 2178 hic
1939 2154 2059 2187 quaeres
2081 2167 2093 2184 ‚
2126 2153 2185 2177 cur

1178 2184 1264 2226 quod
1288 2185 1405 2222 vitium
1427 2185 1465 2218 ab
1488 2186 1592 2219 Aorta
1613 2187 1648 2220 in
1670 2186 1836 2228 dexteras,
1859 2198 1925 2227 non
1947 2189 2065 2233 pariter
2087 2188 2122 2220 in
2145 2185 2187 2220 fi-

1176 2227 1286 2261 nistras
1309 2228 1498 2262 Carotidem
1517 2252 1529 2268 ,
1562 2231 1595 2262 ἃς
1619 2230 1820 2264 Subclaviam
1852 2229 1891 2266 fit
1929 2240 2144 2275 propagatum
2168 2228 2183 2263 ἓ

1174 2271 1259 2304 Non
1282 2281 1345 2304 una
1363 2271 1400 2306 id
1423 2270 1514 2305 causa
1538 2271 1661 2306 fastum
1682 2273 1873 2308 crediderim
1894 2300 1904 2308 .
1928 2276 2019 2309 Nam
2042 2277 2184 2318 primum

1169 2313 1264 2348 cordi
1287 2314 1352 2348 illae
1372 2316 1541 2365 'propiores
1556 2337 1569 2356 ,
1592 2327 1686 2359 quam
1711 2317 1759 2351 hae
1785 2318 1880 2360 sunt,
1903 2318 1926 2353 si
1951 2321 2090 2361 primam
2116 2320 2185 2364 spe-

1170 2358 1294 2392 &cemus
1329 2369 1519 2401 originem.
1554 2361 1664 2403 Itaque
1696 2371 1770 2395 cum
1803 2374 1896 2406 aequo
1926 2362 2064 2406 majores
2095 2374 2184 2399 erant

1175 2401 1281 2434 cordis
1304 2403 1412 2442 vires‚·
1434 2403 1499 2436 illae
1519 2403 1618 2439 citius
1641 2415 1738 2447 quam
1763 2404 1814 2438 hae
1837 2429 1847 2444 ‚
1869 2417 2037 2449 coeperunt
2060 2407 2182 2441 labefa-

1174 2445 1255 2477 erari
1282 2459 1289 2477 ε
1323 2445 1531 2486 quamobrem
1555 2447 1674 2480 vitium
1707 2448 1793 2490 quod
1817 2450 1850 2482 in
1887 2448 2017 2484 finistris
2039 2451 2182 2494 postmo-

1173 2486 1249 2538 dum
1273 2488 1462 2521 inchoatum
1487 2489 1553 2529 est,
1577 2490 1704 2533 longius
1725 2492 1758 2524 in
1781 2492 1958 2534 Carotide,
1980 2495 2182 2538 quippecor-

1171 2530 1207 2564 dt
1230 2532 1382 2574 propiore
1406 2554 1418 2572 ‚
1450 2543 1547 2574 quam
1571 2534 1606 2565 in
1629 2534 1797 2571 Subclavia
1822 2559 1834 2577 ‚
1871 2537 2064 2579 produstum
2094 2539 2180 2574 vidi-

1172 2585 1265 2608 mus.
1289 2574 1416 2609 Deinde
1438 2587 1634 2619 quaecunque
1658 2589 1706 2611 ars
1723 2602 1735 2618 ,
1762 2583 1794 2613 &
1817 2580 2013 2614 consuetudo
2036 2581 2178 2617 foeminae

1172 2618 1263 2651 illius
1289 2618 1430 2655 fuerint,
1455 2618 1493 2652 de
1517 2620 1632 2662 quibus
1657 2621 1739 2654 nihil
1763 2625 1842 2656 certi
1868 2623 1990 2664 habe03
2015 2628 2082 2659 veri
2105 2629 2180 2670 qui-

1172 2661 1245 2711 dem
1268 2661 1369 2695 fimile
1393 2661 1586 2710 estnmulto
1611 2664 1747 2707 saepius,
1769 2667 1936 2711 multoque
1961 2668 2083 2704 diutius
2105 2694 2118 2711 ‚
2140 2683 2177 2705 ac

1173 2703 1311 2739 validius
1333 2714 1403 2740 artu
1428 2707 1513 2739 uiam
1536 2705 1594 2740 esse
1616 2708 1746 2742 dextero
1767 2732 1779 2750 ,
1809 2722 1904 2753 quam
1940 2710 2062 2746 sinistro
2085 2738 2094 2752 ‚
2127 2715 2178 2747 lo-

1171 2759 1309 2792 cumque
1333 2748 1388 2783 hic
1408 2749 1627 2792 quadantenus
1657 2750 1715 2785 effe
1736 2754 1946 2795 explicationi
1975 2755 2028 2788 Cl.
2054 2758 2176 2791 Malve-

1174 2793 1216 2824 tii
1239 2797 1249 2832 (
1273 2803 1293 2826 u
1314 2796 1328 2832 )
1351 2817 1364 2834 ,
1395 2795 1451 2837 qui
1478 2794 1649 2827 Subclaviae
1673 2797 1797 2829 arteriae
1820 2796 2045 2838 dilatationem
2070 2811 2084 2832 a
2107 2812 2176 2834 cre-

1171 2836 1333 2870 brioribus
1344 2860 1356 2877 ,
1378 2837 1647 2871 constantioribus
1668 2861 1679 2877 ‚
1702 2841 1735 2871 &
1758 2840 1989 2882 valentioribus
2012 2843 2175 2878 musculo-

1173 2890 1243 2913 rum
1267 2890 1351 2913 artus
1383 2880 1504 2926 dexteri
1527 2882 1559 2913 in
1585 2880 1721 2914 Artifice
1751 2884 2026 2920 contrad-ionibus
2060 2897 2178 2930 repete-

1173 2923 1250 2961 bat,
1274 2925 1391 2966 quippe
1416 2926 1617 2967 sanguinein
1641 2923 1681 2957 lic
1703 2927 1883 2968 compreffis
1897 2926 1970 2970 ejus·
1986 2928 2112 2964 brachii
2125 2942 2175 2965 ar-

1173 2969 1264 3000 teriis
1289 2968 1467 3007 retardato,
1491 2971 1544 3006 δι’,
1565 2967 1652 3010 quod
1672 2969 1877 3012 consequitur
1897 2997 1907 3013 ,
1938 2974 2040 3017 magis
2065 2986 2177 3010 cumu-

1169 3011 1236 3043 lato
1269 3012 1302 3042 in
1324 3011 1450 3052 origine
1482 3009 1596 3044 harum
1618 3011 1808 3053 Subclavia‚
1829 3015 1870 3048 iis
1893 3016 2175 3059 compreffionibus

1169 3054 1304 3088 minime
1328 3055 1486 3100 obnoxia.
1511 3054 1603 3096 Qid
1624 3053 1637 3087 ?
1668 3055 1690 3088 fi
1714 3057 1881 3092 accedebat
1904 3062 1938 3092 in
1961 3061 2089 3094 muliere
2111 3061 2173 3096 hu-

1167 3097 1218 3141 jus
1240 3097 1439 3131 dilatationis
1462 3098 1552 3131 causa
1575 3098 1672 3131 altera
1691 3123 1703 3140 ,
1738 3099 1880 3143 thorax,
1902 3103 2070 3137 balenatiz's
2089 3129 2102 3145 ,
2135 3115 2174 3139 ut

1171 3141 1338 3174 Petronius
1361 3144 1375 3180 (
1396 3151 1417 3175 x
1438 3146 1452 3181 >
1475 3142 1626 3184 loquitur
1644 3166 1657 3183 ,
1679 3144 1779 3187 virgis
1802 3145 1972 3180 insti-uetus
1995 3170 2008 3187 ,
2038 3149 2095 3189 qui
2119 3148 2171 3182 sua

1171 3183 1228 3219 sub
1251 3185 1357 3217 axillis
1381 3185 1480 3218 nimia
1495 3208 1507 3225 ‚
1530 3194 1565 3218 ut
1589 3184 1688 3228 saepe,
1711 3187 1852 3229 duritie,
1875 3198 1970 3232 atque
1993 3189 2171 3224 adstrifflo-

1171 3240 1210 3262 ne
1233 3229 1381 3261 arteriam
1405 3237 1497 3261 tanto
1521 3230 1619 3271 magis
1642 3241 1798 3272 premeret
1812 3255 1823 3271 ‚
1842 3241 1966 3276 quanto
1988 3232 2058 3267 haec
2069 3236 2172 3277 magis

1172 3273 1208 3305 in
1230 3273 1271 3304 iis
1294 3270 1331 3304 de
1354 3273 1470 3314 quibus
1493 3272 1593 3306 modo
1612 3272 1777 3313 diximus,
1803 3276 1945 3310 motibus
1965 3286 2078 3311 contra
2100 3289 2170 3312 eam

1173 3315 1326 3349 duritiem
1349 3325 1513 3357 urgeretur
1532 3339 1541 3355 ,
1566 3328 1665 3359 eoque
1688 3316 1847 3361 sanguinis
1869 3342 1878 3358 ,
1913 3320 1946 3352 in
1969 3319 2171 3356 Subclaviam

1172 3370 1189 3391 a
1211 3358 1305 3392 corde
1328 3359 1484 3392 valentius
1506 3360 1659 3403 compulfi
1684 3383 1694 3398 ,
1725 3363 1883 3405 impetum
1907 3364 1942 3396 in
1972 3363 2055 3398 hanc
2079 3364 2169 3399 refle-

1171 3403 1290 3437 eteret.
1313 3401 1437 3442 Quod,
1460 3402 1483 3436 fi
1504 3414 1568 3436 non
1593 3404 1771 3445 improbas,
1798 3405 1836 3439 ad
1857 3417 1969 3441 cae‘tera
1991 3407 2049 3440 illa
2072 3407 2171 3441 detri-

1172 3456 1278 3492 menta
1312 3445 1404 3479 addes
1428 3458 1499 3487 qua:
1530 3446 1751 3487 Solertiffimus
1789 3449 2001 3485 Winslowius
2024 3454 2079 3493 (y
2102 3455 2116 3491 )
2137 3463 2169 3485 e-

1171 3489 1312 3531 jusmodi
1335 3490 1542 3529 thoracibus,
1562 3491 1659 3525 nimis
1681 3492 1827 3525 axillaria
1851 3493 1920 3527 vasa
1952 3494 2171 3538 constringen-

1172 3533 1283 3574 tibus,
1307 3535 1499 3575 imputavit.
1633 3536 1780 3578 Denique
1803 3533 1827 3568 fi
1848 3535 2019 3579 conjuncta
2042 3538 2109 3572 haec
2133 3552 2170 3572 o-

1173 3579 1259 3610 mnia
1282 3588 1345 3610 non
1368 3576 1440 3610 satis
1464 3575 1586 3611 faciunt
1609 3590 1621 3617 ς
1655 3579 1741 3621 quod
1773 3579 1924 3614 veriffime
1945 3582 2054 3616 Celsus
2078 3585 2098 3622 (-
2113 3595 2137 3627 z
2158 3588 2173 3623 )

1173 3620 1315 3664 scripsit,
1339 3621 1446 3655 veniat
1469 3623 1502 3655 in
1525 3630 1663 3655 mentem
1683 3647 1693 3663 ,
1724 3633 1795 3656 raro
1817 3634 1986 3667 quenquam
2017 3635 2076 3660 non
2109 3628 2173 3660 ali-

2040 3680 2133 3712 quam

184 3813 225 3872 iq
241 3815 250 3843 )
265 3816 301 3838 De
317 3814 504 3856 Tumor3praet.
523 3819 570 3838 nat.
589 3822 609 3839 c.
628 3815 664 3844 38.
725 3817 736 3841 t
751 3823 762 3839 r
779 3814 789 3845 )
805 3817 840 3842 De
854 3817 945 3855 Aneur.
964 3815 1060 3851 propes.
1079 3824 1115 3847 3'11.

214 3852 230 3868 u
246 3845 261 3874 2
276 3846 352 3870 Mem.
369 3846 398 3870 de
413 3846 420 3869 l
438 3844 512 3869 acad.
533 3847 562 3869 R.
579 3844 618 3870 des
635 3846 672 3870 Sc.
691 3847 720 3870 A.
741 3853 804 3876 ¹⁷33·
866 3848 880 3876 (
896 3855 910 3870 x
928 3856 935 3877 χ
951 3847 1055 3877 Satyric-

1118 3851 1130 3875 (
1143 3855 1161 3879 y
1173 3850 1186 3885 ·)
1204 3851 1281 3873 Mem.
1297 3851 1328 3874 de
1344 3849 1367 3885 la
1384 3856 1464 3872 meme
1482 3851 1553 3875 Acad.
1573 3853 1600 3872 A.
1620 3857 1685 3879 ¹74ss

1173 3818 1190 3852 l(
1205 3817 1393 3847 s)Am'madv.
1410 3825 1446 3854 {4¹
1508 3819 1521 3847 (
1538 3825 1548 3841 t
1565 3818 1579 3847 )
1596 3826 1617 3842 m
1638 3826 1658 3846 ⁹-

1749 3852 1796 3880 (2.
1812 3852 1824 3878 )
1842 3853 1877 3875 De
1895 3850 1985 3876 Medic.
2004 3852 2018 3875 i.
2039 3857 2059 3874 1.
2076 3858 2095 3875 c.
2117 3859 2137 3878 ς,
