2498 4075
392 114 493 153 222

320 182 355 214 iii
378 183 496 224 quibus
517 177 709 213 verminosas
732 175 918 221 pleuritides
953 175 1074 209 summa
1108 186 1181 211 cura
1213 177 1331 210 descri-

321 225 438 265 bebat,
460 236 529 267 quae
553 223 667 265 hyeme
692 222 733 255 A.
765 232 856 263 ¹705-
883 218 1042 259 Parnesii,
1077 219 1131 252 ubi
1168 230 1243 254 tunc
1275 222 1329 253 ille

321 268 516 301 medicinam
543 265 702 305 faciebat,
725 265 759 297 in
784 276 879 306 eaque
902 263 1021 296 vicinia
1044 262 1219 304 epidemice
1245 264 1329 306 gras.

320 312 488 345 sabantur.
517 312 566 343 Ut
590 310 693 351 igitur
719 316 904 350 appareret,
937 308 1081 348 primum
1116 306 1249 348 quidem
1276 331 1285 346 ‚
1318 319 1334 339 a

320 354 481 388 vermibus
507 353 620 386 inferri
647 351 820 395 aliquando
843 349 1028 392 pleuritidis
1053 348 1298 396 similitudinem
1321 374 1333 391 ,

319 410 414 439 quae,
438 396 547 440 eje&is
568 396 732 429 vermibus
750 418 762 434 ,
784 396 939 426 continuo
964 395 1156 427 evanesceret
1177 406 1190 434 ;
1222 394 1334 428 deinde

325 451 428 475 autem
443 464 453 480 ,
478 451 582 472 veram
606 440 707 482 ipsam
732 438 1072 480 pleuropneumoniam
1094 438 1255 472 interdum
1279 438 1333 470 sie-

323 487 350 517 ri
367 507 374 520 ‚
401 483 423 516 si
450 495 549 526 porro
574 484 626 515 illi
653 484 781 515 irritare
807 488 995 523 pergerent,
1017 482 1049 513 δε
1073 478 1114 513 sic
1151 481 1189 514 ad
1224 481 1334 514 thora-

322 539 391 561 cem
414 538 478 560 non
501 538 634 570 vapores
658 526 764 559 nescio
786 525 868 566 qui,
893 523 945 557 secl
968 523 1144 557 constantes
1156 524 1333 567 spasmodi-

324 583 367 605 cae
394 570 651 604 membranarum
674 568 857 610 crispaturae
882 565 1144 607 traducerentur,
1166 579 1236 609 quae
1271 568 1339 602 ian..

319 616 452 656 guinem
477 614 632 656 denique,
660 611 838 653 praesertim
862 610 983 644 lentum
1004 632 1012 647 ‚
1058 613 1091 642 in
1137 610 1337 647 vasculorum

321 657 477 700 angustiis
503 659 699 696 retinerent,
723 653 826 687 visum
853 652 893 686 est
913 679 920 693 ‚
944 663 979 687 ut
1003 654 1065 686 hoc
1089 654 1202 686 licebat
1225 666 1264 687 ex
1286 667 1334 689 re-

318 703 464 735 centibus
490 701 632 734 Pedratti
662 697 957 732 Observationibus
984 697 1189 739 intelligere,
1220 697 1262 730 fic
1293 701 1333 733 ι’]-

321 744 377 779 lud
401 754 528 788 quoque
553 744 670 776 recenti
696 753 763 775 mea
787 739 1023 773 Observatione
1046 740 1236 775 confirmare
1260 766 1267 772 .

367 802 420 832 44.
447 788 615 831 Qoniam
639 796 717 818 vero
741 785 776 816 in
802 782 1013 824 Sepulchreto
1048 784 1170 817 nullam
1204 786 1336 820 invenio

321 832 571 870 dissestionem,
592 841 663 872 quae
688 829 721 860 in
745 825 919 869 pleuritide
943 826 1124 860 verminosa
1156 827 1300 863 ostendat
1322 854 1335 870 ‚

314 887 420 910 revera
445 873 527 918 posse
553 872 697 906 thoracis
730 871 886 903 interiora
919 870 1143 908 inflammari,
1183 883 1257 906 cum
1290 885 1333 907 eae

317 932 389 963 quae
413 931 452 952 ex
475 919 682 959 Qercetano
706 914 918 957 proferuntur
942 918 952 953 (
977 916 1030 958 q)
1054 938 1067 955 ‚
1098 915 1334 951 lumbricorum

319 964 465 997 cumulos
488 958 658 995 dumtaxat
682 957 879 997 exhibeant,
903 958 937 989 in
959 959 1138 992 ventriculo
1155 981 1164 996 ‚
1189 962 1221 993 ὃ(
1245 961 1330 993 inte-

320 1008 413 1043 stinis
438 1012 607 1049 repertos;
632 1014 703 1046 quae
728 1012 805 1035 tunc
830 1000 996 1034 Pedianus
1020 1003 1054 1035 in
1080 1001 1212 1035 thorace
1243 1015 1330 1037 mor-

316 1060 452 1084 tuorum
477 1048 617 1085 viderit,
644 1045 844 1084 adscribam5
879 1043 900 1077 fi
935 1046 1022 1087 prius
1054 1054 1159 1079 tamen
1192 1058 1262 1089 quae
1295 1049 1331 1080 in

313 1093 502 1128 viventibus
527 1091 721 1129 adnotavit,
744 1101 783 1122 ex
809 1089 849 1121 iis
872 1100 942 1131 quae
967 1100 1036 1122 tum
1061 1089 1331 1132 scripserat,tum

312 1149 423 1171 coram
448 1135 576 1169 addidit
601 1132 726 1179 possea,
748 1144 822 1166 curn
847 1133 1031 1179 plu-”apost
1054 1133 1203 1175 scriptam
1215 1134 1332 1178 episto-

312 1182 377 1215 lam
402 1178 611 1214 observasset,
637 1177 824 1211 summatim
848 1176 1090 1217 significavero.
1111 1176 1212 1220 Juvat
1246 1181 1331 1211 enim

311 1224 547 1266 decipientium
582 1221 775 1266 morborum
810 1219 1072 1253 Constitutiones
1105 1219 1211 1262 plures
1244 1246 1254 1263 ,
1297 1223 1331 1254 &

314 1269 393 1301 alibi
417 1267 617 1301 observatas,
644 1264 774 1306 legisse,
796 1266 828 1295 δι
853 1264 939 1295 inter
974 1263 1003 1295 se
1035 1261 1205 1297 contulisse
1226 1289 1233 1296 .
1272 1265 1331 1297 llle

316 1314 422 1355 igitur
449 1310 489 1344 fic
515 1309 726 1343 observavit.
764 1308 887 1339 Lateris
921 1305 1019 1339 dolor
1052 1306 1185 1340 obtusus
1219 1309 1329 1352 potius

315 1368 414 1400 quam
452 1364 595 1398 pungens
621 1375 630 1390 ,
676 1352 817 1394 primum
862 1351 1011 1383 omnium
1056 1350 1206 1384 existebat
1228 1376 1241 1393 ‚
1273 1353 1330 1395 qui

314 1409 527 1442 praeterquam
562 1395 648 1439 quod
684 1394 853 1427 nonnullas
876 1391 1015 1427 habebat
1049 1395 1293 1428 intermiffiones
1316 1419 1329 1437 ,

310 1444 413 1477 initio
448 1451 513 1475 erat
537 1438 719 1474 tolerabilis
745 1462 751 1468 .
786 1440 910 1470 Interea
934 1447 1038 1471 autem
1064 1438 1255 1481 apparebant
1279 1440 1329 1472 in-

305 1488 394 1521 dicia
428 1486 584 1519 vermium
621 1484 654 1515 in
689 1490 797 1516 ventre
833 1480 1087 1528 nidulantium:
1138 1484 1217 1525 quin
1266 1482 1328 1516 ho-

306 1543 379 1564 rum
415 1530 516 1573 aliqui
552 1538 587 1562 ut
624 1527 801 1569 plurimum
835 1537 874 1558 ex
908 1537 964 1558 ore
997 1526 1090 1568 ejecti
1115 1550 1123 1563 ,
1160 1537 1214 1559 aut
1251 1538 1325 1560 cum

305 1576 369 1608 alvi
406 1574 610 1606 recrementis
643 1568 957 1611 conspiciebantur.
1094 1569 1195 1604 Simul
1221 1580 1327 1604 autem

306 1630 372 1651 non
405 1616 468 1649 fine
502 1615 571 1650 tussi
597 1638 609 1654 ,
641 1617 674 1647 &
712 1612 771 1645 hac
803 1611 984 1645 vehementi
1010 1634 1019 1649 ,
1057 1612 1257 1654 sputaerant
1284 1613 1328 1646 al-

304 1662 343 1694 ba
366 1685 379 1702 ,
421 1672 484 1693 non
519 1657 675 1692 concocta
699 1679 711 1695 ‚
746 1655 917 1698 eademque
942 1655 1123 1697 sanguineis
1147 1657 1233 1700 quasi
1257 1657 1326 1690 fila-

306 1706 425 1739 mentis
471 1703 535 1746 jam
580 1701 682 1747 tincta
709 1723 716 1730 .
765 1698 896 1736 Febris,
922 1711 993 1742 quae
1017 1710 1089 1743 cum
1115 1699 1247 1733 horrore
1275 1704 1327 1734 jn-

306 1757 432 1791 ceperat
458 1770 470 1789 ‚
515 1758 581 1780 uno
627 1746 691 1777 sere
737 1752 848 1776 tenore
874 1768 882 1782 ,
930 1745 961 1776 &
1006 1743 1097 1776 cursu
1144 1744 1321 1785 perstabat:

305 1792 451 1832 Pulsus,·
488 1802 552 1824 non
576 1814 588 1830 ,
623 1796 658 1821 ut
693 1787 726 1819 in
768 1785 941 1828 pleuritide
976 1786 1112 1828 solent,
1136 1787 1232 1829 duri,
1257 1798 1327 1821 ten-

306 1836 367 1870 sive
395 1849 404 1875 5
439 1834 579 1868 humiles
603 1841 724 1869 crant,
760 1832 870 1872 parvi,
904 1830 1076 1876 inaequales
1100 1854 1108 1862 .
1143 1831 1197 1864 Ad
1232 1834 1327 1874 quin-

307 1882 393 1914 &arn
418 1878 537 1921 usque,
563 1886 641 1915 aut,
666 1874 848 1914 summum,
872 1872 911 1906 ad
936 1874 1107 1915 septimam
1128 1873 1216 1907 diem
1239 1887 1328 1908 mor-

305 1925 363 1958 bus
389 1934 454 1957 non
479 1920 579 1955 modo
603 1931 667 1953 non
693 1917 825 1950 crescere
841 1941 854 1957 ,
891 1916 941 1950 sed
975 1918 1086 1958 potius
1123 1917 1296 1951 decrescere
1315 1941 1328 1958 ,

306 1977 404 2010 atque
428 1965 508 2000 adeo
533 1963 598 2007 jam
626 1961 858 2004 propemodum
892 1961 998 1994 vistus
1028 1958 1085 1993 esse
1122 1960 1291 1995 videbatur
1316 1987 1324 2000 ,

305 2012 443 2047 dolore,
469 2021 502 2042 ac
528 2008 598 2041 tussi
624 2003 832 2042 abeuntibus,
858 2002 943 2036 febre
968 2013 1073 2037 autem
1099 2004 1165 2045 ipsa
1181 2017 1242 2038 non
1257 2016 1323 2037 me-

304 2055 461 2088 diocriter
486 2052 679 2085 imminuta.
706 2047 814 2081 Postea
839 2058 913 2079 vero
949 2046 1017 2080 haec
1066 2050 1175 2081 omnia
1220 2049 1318 2091 usque

305 2099 383 2132 adeo
398 2096 517 2140 majora
542 2106 637 2138 quam
663 2100 778 2131 antea,
801 2090 940 2127 fiebant,
965 2100 1115 2134 tantaque
1140 2095 1172 2125 <Sc
1197 2092 1319 2135 spiran-

305 2144 338 2177 di
364 2141 563 2179 difficultas,
590 2141 622 2170 &
655 2137 773 2169 virium
810 2133 948 2175 dejectio
981 2133 1214 2177 adjungebatur
1233 2160 1245 2176 ,
1282 2143 1318 2169 ut

305 2189 388 2220 intra
414 2185 509 2219 horas
533 2180 746 2227 quadraginta
770 2179 848 2219 aegri
873 2178 986 2211 misere
1019 2180 1159 2222 inquieti
1184 2204 1196 2220 ,
1230 2181 1320 2212 intus

304 2230 494 2269 aestuantes,
518 2235 593 2260 toto
618 2233 724 2258 autem
746 2223 894 2264 corporis
920 2222 1043 2256 ambitu
1078 2223 1284 2266 perfrigerati
1313 2247 1322 2261 ‚

306 2278 338 2308 ἃς
363 2298 375 2314 ,
407 2272 492 2315 quod
517 2269 726 2304 certiffimurn
751 2274 816 2300 erat
840 2267 955 2300 mortis
980 2264 1126 2309 fignum,
1161 2267 1321 2300 cadaveris

306 2318 403 2351 instar
427 2317 566 2349 liventes
588 2338 600 2354 ,
636 2313 730 2346 nullis
763 2320 838 2344 tunc
875 2310 1120 2352 proficientibus
1155 2311 1286 2343 auxiliis
1310 2332 1320 2347 ,

305 2362 477 2394 interirent
502 2383 509 2390 .
539 2358 599 2391 Sed
623 2358 655 2389 in
682 2354 787 2388 morbi
812 2354 934 2393 initio,
958 2364 994 2387 ut
1018 2355 1153 2396 denique
1178 2353 1322 2386 animad-

306 2405 428 2438 versum
454 2403 517 2442 est,
541 2399 667 2444 profuit
693 2399 733 2431 iis
755 2397 811 2440 qui
839 2396 937 2429 firmis
961 2396 1057 2429 essent
1093 2397 1216 2429 viribus
1248 2396 1321 2429 dare

313 2461 384 2492 quae
410 2447 574 2479 vomitum
597 2450 787 2480 moverent,
810 2443 843 2472 δε
866 2440 1061 2473 nominatim
1096 2451 1193 2482 quam
1227 2439 1322 2472 bene-

307 2493 429 2526 dictam
455 2497 590 2528 vocant,
615 2485 757 2520 Rulandi
783 2494 896 2525 aquam
914 2507 922 2521 ‚
949 2482 987 2516 de
1008 2494 1070 2526 qua
1098 2482 1209 2516 confer
1240 2482 1322 2526 quid

308 2539 342 2569 in
368 2533 527 2578 ejusmodi
552 2530 782 2574 pleuritidibus
806 2527 943 2561 censeret
967 2527 1192 2566 Qercetanus
1219 2540 1227 2564 ;
1263 2525 1321 2559 ha-

307 2581 362 2614 bes
400 2579 486 2610 enim
511 2577 560 2609 vel
586 2576 619 2607 in
645 2570 853 2616 Sepulchreto
876 2573 889 2609 (
912 2582 927 2603 r
948 2573 982 2609 ).
1006 2570 1130 2604 Alvum
1155 2578 1263 2604 autem
1285 2570 1321 2602 in

308 2624 374 2657 hoc
420 2621 537 2654 morbo
580 2619 662 2651 ciere
708 2617 781 2649 oleo
827 2615 923 2646 etiarn
968 2613 1039 2656 ipso
1084 2625 1122 2646 ex
1167 2612 1322 2655 amygda-

308 2668 347 2701 lis
370 2677 476 2700 recens
501 2661 642 2705 expresso
667 2687 676 2700 ‚
716 2667 770 2692 aut
794 2658 954 2691 mercurio
977 2680 988 2697 ,
1022 2666 1057 2692 ut
1083 2667 1225 2696 vocant,
1249 2657 1322 2689 dul-

307 2714 366 2750 ci,
388 2709 426 2742 ad
451 2706 629 2751 abigendos
654 2705 774 2737 certius
799 2712 916 2734 vermes
940 2712 1013 2733 cum
1038 2712 1132 2744 pauca
1156 2701 1285 2742 myrrha
1310 2723 1323 2740 ,

311 2759 343 2789 δε
388 2753 543 2787 corallina
587 2748 763 2792 conjunt‘to
787 2770 799 2786 ,
844 2756 908 2777 non
938 2747 983 2776 ita
1018 2744 1199 2786 proderat.
1234 2745 1323 2776 Nam

311 2798 366 2832 etsi
413 2796 476 2829 hoc
501 2794 651 2829 lumbrici
677 2789 813 2824 mirifice
849 2788 1117 2830 expellerentur;
1161 2799 1239 2820 mox
1274 2797 1323 2819 ta-

309 2853 381 2875 men
426 2852 442 2872 a
488 2836 722 2880 dejeffionibus
769 2832 1016 2867 exacerbabatur
1039 2831 1134 2864 dolor
1156 2854 1169 2871 ,
1201 2833 1233 2863 δε
1256 2841 1325 2862 cre-

312 2885 415 2919 scebat
460 2880 679 2915 inflammatio
704 2903 710 2908 .
760 2877 882 2909 Oleum
930 2886 1038 2910 autern
1082 2874 1163 2908 illud
1209 2885 1283 2907 cum
1308 2886 1324 2905 a

310 2930 419 2972 primo
464 2923 757 2966 expestorationem
801 2919 928 2953 reddere
975 2919 1158 2953 faciliorem
1202 2917 1325 2949 videre.-

310 2982 364 3005 tur
390 2982 400 3009 3
446 2968 543 3011 paulo
589 2965 658 3007 post
704 2974 810 2997 tamen
836 2988 845 3003 ‚
886 2962 969 3006 quasi
1017 2963 1183 3005 pulmones
1226 2959 1326 2994 laxas-

311 3016 355 3049 set
379 3039 391 3055 ,
437 3012 528 3045 aneta
574 3007 716 3051 spirandi
763 3006 951 3040 difficultate
997 3016 1134 3039 mortem
1170 3004 1325 3049 accelera-

309 3060 364 3092 bat
386 3069 398 3097 ;
443 3064 479 3089 ut
525 3054 661 3087 omnino
704 3050 805 3084 fuerit
851 3050 1068 3084 omittendum
1103 3075 1110 3082 .
1155 3050 1204 3082 At
1252 3050 1324 3080 san-

310 3104 418 3147 guinis
465 3098 609 3131 miffione
632 3120 641 3135 ‚
688 3096 808 3137 quippe
849 3095 930 3127 vires
974 3093 1146 3135 dejiciente
1171 3116 1183 3133 ,
1227 3090 1324 3140 absti-

312 3158 383 3179 nere
430 3142 604 3185 oportebat
628 3164 640 3181 ,
686 3141 741 3171 vix
786 3147 823 3171 ut
870 3148 1098 3179 nonnunquam
1130 3159 1139 3174 ,
1183 3145 1322 3168 maxrme

313 3198 443 3232 urgente
488 3182 747 3218 inflammatione
770 3205 781 3219 ‚
827 3182 946 3221 partite
991 3191 1093 3213 tamen
1117 3204 1128 3220 ,
1174 3191 1207 3212 ac
1254 3189 1326 3220 par-

312 3246 345 3267 ce
368 3258 380 3273 ,
428 3230 532 3264 fuerit
582 3228 730 3261 instituta
772 3251 779 3258 .
825 3225 898 3257 Sive
943 3225 1043 3266 igitur
1091 3224 1144 3257 hic
1192 3221 1324 3270 morbus

311 3280 358 3311 ita
401 3283 467 3308 erat
510 3269 723 3314 explicandus
743 3293 755 3309 ‚
802 3276 837 3302 ut
883 3269 980 3310 paulo
1028 3276 1100 3301 ante
1147 3267 1323 3315 (s)'1n-

313 3321 455 3355 dicatum
499 3315 542 3349 est
566 3339 578 3356 ‚
623 3313 874 3356 explicationem
920 3311 1133 3345 confirmante
1179 3309 1323 3343 utilitate

1001 3356 1105 3390 statim
1151 3354 1185 3388 id
1237 3350 1325 3394 quod

314 3377 353 3398 ex
396 3359 538 3397 Rulandi
585 3369 666 3403 aqua
722 3359 806 3389 inter
850 3355 943 3388 initia

922 97 1079 151 Liber
1114 96 1179 148 ΙΙ,
1213 99 1299 152 De
1337 98 1546 151 Morbis
1583 97 1840 151 Thoracis

1380 177 1551 212 lentiorem
1585 178 1771 221 sanguinem
1805 178 1970 212 s'ac‘turum
2007 177 2117 217 esset,
2150 177 2297 221 ejiciente
2319 203 2332 220 ,
2354 179 2393 213 sl-

1381 234 1417 256 ve
1442 224 1538 255 etiam
1563 233 1641 264 aqua
1665 221 1773 254 eadem
1798 221 1883 264 quasi
1907 220 2046 254 antidoti
2071 221 2165 254 instar
2189 234 2262 257 cum
2286 224 2394 265 Qer-

1389 275 1501 299 cetano
1525 288 1534 302 ‚
1581 264 1716 307 aliisque
1752 264 1893 306 spectata
1914 288 1924 303 ‚
1968 265 2117 299 morbum
2164 265 2247 300 hunc
2292 268 2391 300 mavis

1389 308 1526 350 pestiferi
1573 307 1699 350 aliquid
1743 306 1884 343 habuisse
1908 330 1920 347 ‚
1963 308 2051 350 quod
2098 319 2213 342 vermes
2257 311 2392 343 comita-

1389 362 1499 386 rentur
1544 353 1654 394 potius
1678 374 1690 389 ‚
1734 362 1828 393 quarn
1875 350 2014 383 facerent
2049 363 2062 391 ;
2104 362 2176 385 nam
2221 356 2253 386 δε
2299 352 2392 396 pesti..

1386 398 1485 429 lentes
1532 393 1715 437 pleuritides
1758 394 1930 436 interdum*
1961 394 2131 428 observatae
2177 396 2249 429 sunt
2271 420 2283 437 ,
2323 408 2393 440 quo

1384 440 1448 473 illae
1496 437 1576 481 apud
1624 437 1808 471 Ballonium
1854 439 1903 480 (t
1927 441 1940 477 )
1985 440 2017 470 in
2042 438 2265 472 Adnotatione
2288 441 2315 472 I.
2341 451 2392 473 re..

1385 482 1532 516 feruntur
1576 493 1646 525 quae
1693 480 1731 513 ab
1776 492 1814 514 eo
1859 481 1930 514 sunt
1977 480 2143 524 descriptae
2177 484 2277 516 initio
2299 485 2391 516 Con-

1383 527 1563 561 stitutionis
1608 526 1725 557 Vernae
1768 524 1809 557 A.
1847 534 1938 566 1571.
1974 525 2102 567 pressius
2134 527 2166 558 in
2201 526 2391 569 Sepulchre..

1392 580 1428 604 to
1459 575 1474 610 (
1496 582 1516 604 u
1538 574 1551 610 )
1583 577 1863 607 commemoratae‚·
1894 567 1976 601 illud
1998 578 2120 603 certum
2145 568 2187 603 est
2209 580 2283 603 curn
2306 571 2390 604 mul-

1390 624 1500 648 torum
1524 639 1532 653 ‚
1564 623 1643 655 quos
1667 610 1844 653 descriptus
1867 611 1994 645 morbus
2017 612 2208 653 abstulerat,
2240 614 2390 649 cadavera
2424 615 2434 627 ⁶

1388 668 1458 691 tum
1483 656 1645 695 Farnefii,
1670 663 1740 687 tum
1764 655 1796 687 in
1821 656 1979 696 proximis
2001 655 2166 698 oppidulis
2192 658 2389 699 secarentur,

1385 701 1502 734 viscera
1526 698 1657 743 quidem
1681 699 1798 730 ventris
1822 699 1854 729 in
1880 699 1949 731 aliis·
1994 700 2090 732 aliter
2113 723 2122 738 ‚
2168 710 2202 734 ut
2249 705 2389 745 propriae

1384 744 1584 787 singulorum
1607 741 1789 775 affectiones
1812 740 1974 782 serebant,
2000 743 2170 777 constituta
2194 747 2391 787 apparuisse,

1385 787 1541 822 scirrhosa
1586 785 1735 819 videlicet
1757 809 1770 825 ,
1814 784 1973 819 obstructa
2005 809 2018 826 ,
2061 796 2114 820 aut
2160 789 2221 822 alia
2269 792 2389 823 ratione

1385 832 1466 866 male
1499 831 1669 865 habentia,
1698 839 1761 871 pra:
1792 830 1912 861 caeteris
1957 839 2063 863 autem
2107 831 2196 864 valde
2242 832 2390 868 affefcum

1387 876 1600 909 ventriculum
1625 897 1636 913 ,
1680 875 1712 904 &
1737 873 1990 914 tympaniticum
2019 875 2052 906 in
2097 876 2228 909 modum
2252 901 2264 917 ,
2296 877 2389 911 infla-

1388 930 1458 953 tum
1483 944 1491 959 ,
1524 917 1715 962 putridaque
1743 941 1752 955 ‚
1784 918 1816 947 &
1840 916 2035 957 graveolenti
2059 916 2230 953 humorum
2263 920 2389 955 saburra

1380 962 1527 997 onustum
1563 975 1573 1001 5
1618 960 1668 994 sed
1714 959 1906 1001 praecipuam
1961 958 2118 993 laefionem
2162 964 2195 996 in
2239 965 2390 999 omnibus

1383 1008 1467 1040 intra
1490 1005 1665 1049 penetralia
1689 1001 1853 1044 thoracis,
1878 1002 1943 1050 fere
1966 1003 2094 1037 eandem
2119 1017 2153 1037 ac
2198 1018 2268 1049 quae
2313 1020 2389 1051 pro-

1384 1058 1490 1127 pterea
1514 1062 1553 1083 ex
1588 1060 1654 1082 uno
1691 1055 1820 1080 tantum
1854 1047 2025 1089 :subjicitur
2045 1073 2056 1089 ,
2089 1048 2312 1091 deprehensam
2345 1052 2390 1086 es-

1398 1105 1413 1127 e
1437 1118 1445 1125 .

1425 1148 1480 1180 45.
1506 1137 1609 1170 VIRI
1635 1147 1728 1177 quem
1751 1132 1849 1166 modo
1884 1133 2040 1179 propositi
2078 1135 2182 1169 morbi
2219 1138 2266 1170 vis
2297 1147 2388 1171 atre-

1384 1182 1453 1214 cius
1476 1202 1485 1216 ‚
1519 1191 1553 1213 ac
1586 1179 1717 1211 celerius
1750 1177 1960 1218 absumpserat
1980 1203 1993 1219 ,
2130 1181 2390 1217 PULMONES

1384 1224 1548 1259 tumebant
1572 1222 1673 1263 adeo,
1696 1231 1730 1255 ut
1755 1228 1862 1254 totum
1887 1219 2027 1254 thoracis
2050 1234 2163 1256 cavum
2196 1224 2391 1266 implerent.

1385 1266 1514 1302 Sinister
1537 1275 1669 1306 autem,
1692 1277 1759 1309 quo
1783 1266 1816 1296 in
1840 1264 1936 1296 latere
1959 1263 2056 1298 dolor
2092 1264 2195 1300 fuerat
2216 1291 2229 1307 ,
2261 1269 2390 1309 penitus

1383 1311 1602 1345 inflammatus
1627 1321 1660 1343 ac
1685 1309 1846 1351 nigricans
1869 1306 2056 1349 conspectus
2079 1308 2142 1349 est,
2167 1320 2313 1352 praeterea
2338 1313 2390 1345 in-

1385 1355 1506 1389 feriora
1530 1354 1635 1386 versus
1660 1352 1770 1386 albido
1792 1349 1902 1384 ichore
1934 1349 2091 1386 infarcstus
2109 1376 2122 1393 ,
2154 1352 2305 1388 abscessus
2339 1357 2389 1389 in-

1381 1399 1441 1433 star
1465 1424 1473 1432 .
1607 1398 1717 1431 Pleura
1739 1395 1861 1438 ubique
1881 1395 2077 1428 inflammata
2100 1418 2109 1433 ,
2142 1396 2290 1430 livescens
2311 1421 2321 1437 ,
2354 1401 2388 1433 3<

1381 1442 1544 1476 nonnullis
1567 1440 1654 1484 quasi
1678 1440 1805 1482 punffis
1829 1438 2008 1480 sanguineis
2031 1439 2180 1473 distincta
2204 1465 2212 1472 .
2239 1442 2387 1476 Interco-

1380 1486 1469 1519 stales
1493 1484 1625 1519 musculi
1650 1507 1662 1523 ,
1692 1483 1813 1517 luterni
1837 1482 2014 1525 praesertim
2036 1507 2049 1524 ‚
2081 1486 2112 1517 δε
2144 1483 2258 1519 sinistri
2283 1508 2293 1522 ,
2329 1485 2387 1519 ba-

1381 1531 1490 1563 &enus
1536 1528 1827 1562 inflammationem
1871 1534 2098 1573 contraxerant
2122 1549 2131 1563 ,
2176 1537 2213 1562 ut
2258 1527 2388 1572 sugilla-

1381 1575 1408 1607 ti
1456 1573 1640 1606 viderentur
1664 1595 1670 1600 .
1696 1571 1843 1611 Denique
1889 1579 1922 1600 in
1967 1570 2074 1603 cordis
2098 1572 2308 1613 ventriculis,
2332 1585 2387 1607 an-

1380 1615 1531 1660 nexisque
1565 1615 1696 1657 Magnis
1728 1613 1893 1654 utriusque
1916 1614 2039 1653 generis
2072 1612 2148 1646 vasis
2181 1615 2387 1657 grnm'rssue-

1380 1670 1456 1694 runt
1481 1660 1539 1692 atri
1566 1657 1749 1701 sanguinis,
1772 1668 1826 1689 nec
1859 1655 2021 1689 diffiniises
2056 1658 2223 1701 polyposae
2256 1670 2386 1692 concre-

1378 1714 1460 1737 tioni
1475 1729 1482 1737 .

1420 1751 1473 1790 46.
1508 1747 1562 1779 Ex
1595 1745 1647 1780 his
1676 1756 1746 1788 qum
1778 1755 1795 1777 a
1819 1745 1912 1777 nobis
1936 1743 1973 1776 de
1997 1744 2187 1777 Verminosa
2211 1746 2387 1781 Pleuritide

1378 1792 1476 1824 relata
1501 1790 1593 1829 sunt,
1616 1788 1801 1831 conjundfflcis
1824 1797 1931 1821 tamen
1953 1798 2027 1820 curn
2051 1789 2092 1820 iis
2115 1800 2187 1831 quae
2206 1789 2244 1822 de
2275 1790 2385 1823 eadem

1379 1834 1472 1877 supra
1496 1836 1509 1873 (
1532 1846 1553 1868 x
1576 1837 1589 1872 )
1615 1833 1734 1866 laudati
1769 1832 1928 1865 Austores
1961 1830 2154 1873 scripserunt
2178 1856 2189 1871 ,
2222 1832 2285 1875 jam
2320 1835 2386 1867 tibi

1380 1878 1475 1911 facile
1505 1877 1691 1920 apparebit,
1715 1876 1802 1909 nulla
1837 1874 1895 1910 esse
1928 1885 2008 1907 verae
2045 1875 2229 1916 pleuritidis
2261 1876 2347 1920 signa
2372 1903 2385 1918 ,

1378 1933 1449 1963 quae
1473 1932 1538 1953 non
1563 1919 1736 1963 aliquando
1759 1920 1791 1951 in
1816 1917 1871 1950 illa
1894 1928 2026 1960 quoque
2042 1917 2106 1963 sint
2130 1918 2294 1953 observata
2320 1933 2386 1955 non
2407 1917 2410 1920 ⁴

1377 1964 1476 1998 modo
1500 1975 1574 1998 cum
1597 1963 1659 2007 jam
1684 1966 1718 1995 in
1741 1973 1848 1995 veram
1869 1961 2101 2003 degenerasset,
2125 1961 2177 1995 sed
2201 1973 2270 1997 tum
2285 1967 2384 1998 etiam

1375 2019 1447 2041 cum
1472 2006 1567 2049 hujus
1592 2005 1822 2040 tantummodo
1846 2003 2090 2038 similitudinem
2116 2005 2243 2040 referret
2267 2032 2274 2038 .
2305 2005 2401 2050 Qo'

1374 2052 1497 2093 magis,
1519 2053 1554 2083 in
1578 2051 1682 2093 pueris
1709 2048 1904 2091 praesertim,
1930 2050 2071 2090 itemque
2095 2049 2129 2081 in
2154 2051 2225 2084 aliis
2249 2054 2304 2093 qui
2331 2055 2384 2085 so-

1371 2095 1457 2127 leant
1480 2094 1641 2126 vermibus
1664 2091 1721 2125 esse
1745 2091 1905 2137 obnoxii,
1929 2102 1984 2124 nec
2007 2103 2074 2125 non
2096 2093 2130 2124 in
2152 2094 2192 2127 iis
2216 2094 2386 2131 Constitu.

1372 2137 1518 2171 tionibus
1541 2148 1611 2179 quae
1635 2136 1754 2169 horum
1777 2136 1895 2167 seraces
1928 2133 1989 2167 fint
2014 2158 2028 2174 ‚
2061 2146 2168 2169 cavere
2200 2137 2347 2173 Medicas
2373 2162 2382 2177 ,

1373 2190 1532 2223 oportet,
1556 2191 1594 2212 ne
1618 2178 1705 2213 forte
1729 2189 1789 2221 pro
1811 2189 1883 2210 vera
1908 2177 2045 2211 habeant
2056 2178 2230 2220 pleuritide
2243 2182 2383 2225 aliquam

1374 2227 1407 2257 in
1431 2236 1495 2268 qua
1519 2224 1655 2257 necdum
1680 2221 1769 2256 aliud
1794 2219 1853 2260 fit,
1880 2221 1936 2254 nisi
1962 2220 2146 2265 pleuritidis
2182 2223 2382 2268 similitudo,

1375 2268 1451 2301 solis
1473 2265 1731 2300 anthelminticis
1756 2264 1916 2298 curanda.
2055 2264 2113 2298 Sed
2138 2267 2174 2299 de
2198 2268 2385 2311 pulmonis,

1375 2315 1407 2345 &
1430 2310 1568 2354 pleurae,
1592 2312 1623 2342 8<
1647 2310 1811 2351 utriusque
1846 2309 2160 2342 inflammationibus
2192 2312 2347 2353 legitimis
2370 2338 2385 2355 ,

1375 2363 1429 2389 aut
1453 2352 1565 2386 nothis
1587 2352 1737 2386 haetenus
1760 2376 1767 2383 .
1902 2355 1953 2386 De
1988 2353 2245 2396 inflammatione
2278 2369 2385 2394 autem

1374 2396 1629 2439 diaphragmatis
1652 2420 1664 2437 ,
1698 2406 1753 2429 aut
1778 2395 1983 2434 mediastini,
2012 2399 2044 2428 St·
2078 2397 2250 2438 pericardii
2285 2403 2384 2443 quid-

1373 2441 1451 2483 quid
1476 2441 1542 2473 vidi
1576 2451 1648 2474 curn
1681 2440 1746 2472 leve
1777 2438 1874 2473 fuerit
1897 2463 1909 2479 ‚
1940 2442 1971 2472 St
2006 2449 2079 2471 cum
2113 2442 2302 2481 pulmonum
2333 2448 2383 2478 in-

1375 2485 1596 2518 flammatione
1619 2481 1853 2525 conjunc‘sumi
1879 2483 1973 2515 fimus
1992 2493 2070 2516 ‘curn
2092 2483 2150 2516 hac
2173 2483 2237 2526 jam
2263 2489 2295 2519 in
2329 2489 2382 2522 his

1374 2528 1512 2561 Litteris
1537 2531 1590 2569 <y
1614 2531 1648 2566 ),
1674 2535 1727 2559 aut
1766 2527 1800 2559 in
1833 2527 1907 2560 aliis
1944 2527 2041 2559 etiam
2076 2529 2090 2564 (
2113 2538 2136 2569 z
2160 2531 2172 2566 )
2204 2529 2382 2566 indicatum

1372 2572 1431 2605 est.
1459 2570 1581 2605 Videre
1617 2570 1721 2612 igitur
1767 2571 1888 2611 poteris
1933 2571 1990 2612 qui
2035 2571 2206 2612 peculiares
2254 2575 2383 2609 illarum

1373 2614 1631 2649 membranarum
1656 2612 1929 2646 inflammationes
1952 2623 2015 2645 non
2047 2613 2278 2655 conspexerunt
2311 2631 2383 2652 mo-

1375 2660 1438 2695 do,
1465 2658 1513 2692 sed
1539 2661 1570 2690 &
1593 2668 1697 2690 earum
1722 2656 1807 2699 signa
1838 2656 2032 2690 adnotarunt
2054 2682 2060 2689 .
2096 2657 2261 2694 Neutrum
2295 2665 2382 2696 cuim

1377 2703 1481 2736 solum
1508 2702 1581 2735 satis
1606 2701 1669 2734 est.
1696 2702 1747 2733 Sic
1772 2700 1853 2733 olim
1877 2701 2064 2736 Avenzoar,
2088 2700 2180 2742 cujus
2213 2715 2277 2737 non
2311 2706 2382 2739 bre-

1376 2758 1448 2779 vem
1472 2746 1578 2778 locum
1605 2747 1743 2778 Zacutus
1791 2748 1800 2783 (
1826 2755 1843 2776 a
1865 2748 1879 2784 )
1926 2744 2067 2785 protulit
2087 2767 2099 2784 ,
2133 2747 2165 2777 δε
2190 2745 2286 2782 fusius
2309 2761 2381 2783 ante

1375 2788 1563 2823 Freindium
1586 2792 1598 2827 (
1621 2787 1639 2821 l]
1662 2792 1674 2827 )
1699 2785 1932 2826 consideravit,
1964 2786 2049 2830 signa
2087 2789 2294 2830 proposuerat
2332 2796 2383 2826 in-

1377 2834 1607 2866 flammationis
1632 2831 1837 2869 Mediastini,
1858 2841 1954 2873 quam
1979 2831 2008 2864 se
2031 2831 2212 2873 pertulisse,
2237 2846 2299 2868 non
2323 2838 2382 2872 du..

1375 2876 1520 2909 bitabat.
1546 2877 1596 2909 Sic
1621 2877 1720 2908 etiam
1739 2875 1887 2920 Jacotius
1912 2876 1996 2916 (c)
2026 2885 2089 2907 non
2124 2878 2255 2911 reticuit
2290 2891 2381 2914 notas

1375 2932 1452 2963 quas
1476 2919 1578 2953 eidem
1602 2919 1719 2952 morbo
1755 2918 1793 2950 de
1836 2917 2008 2951 Avicennae
2053 2928 2181 2961 quoque
2227 2922 2381 2958 sententia

1377 2964 1515 2997 credidit
1539 2964 1731 2996 convenire.
1757 2962 1809 3008 Sic
1833 2961 1966 3002 denique
1989 2962 2154 2994 Heurnius
2180 2975 2269 3006 pater
2292 2971 2303 3005 (
2325 2969 2380 3008 d)

1377 3008 1492 3050 quibus
1516 3019 1554 3040 ex
1577 3007 1706 3040 indiciis
1730 3006 1904 3047 conjiceret
1921 3031 1928 3043 ‚
1949 3005 2107 3047 juvenem
2134 3009 2288 3048 quendam
2321 3011 2381 3045 esse

1378 3052 1523 3084 indidem
1546 3060 1711 3083 mortuum
1730 3071 1742 3088 ,
1768 3049 1877 3089 legeris
1893 3073 1900 3080 .
1927 3050 2051 3081 Contra
2066 3071 2075 3085 ‚
2102 3049 2260 3086 Nicolaus
2293 3055 2382 3089 Mas.

1377 3094 1405 3128 sa
1429 3099 1441 3134 (
1464 3106 1479 3128 e
1504 3098 1514 3133 )
1537 3095 1593 3136 qui
1618 3093 1807 3135 apostemata
1832 3093 1927 3123 etiam
1960 3093 1993 3124 in
2039 3091 2225 3127 mediastino
2270 3097 2381 3132 vidisse

1377 3138 1405 3171 se
1421 3164 1429 3178 ‚
1453 3138 1575 3181 scripsit
1599 3161 1611 3177 ,
1634 3136 1671 3169 de
1694 3147 1802 3169 eorum
1826 3135 1921 3177 signis
1948 3135 2031 3169 nihil
2057 3135 2192 3178 adjecit,
2217 3150 2290 3173 cum
2323 3142 2382 3176 1112

1376 3195 1446 3224 quae
1471 3184 1504 3215 in
1530 3181 1647 3214 Nobili
1661 3180 1847 3213 Florentino
1871 3180 2075 3221 pleuriticum
2100 3178 2252 3225 apostema
2275 3187 2381 3217 comi-

1376 3236 1443 3259 tata
1489 3234 1576 3258 erant
1601 3248 1610 3262 ‚
1656 3223 1828 3265 diligenter
1874 3222 2025 3256 retulisset
2048 3246 2061 3263 ‚
2106 3233 2195 3264 cujus
2241 3227 2344 3260 morbi
2369 3251 2380 3266 ,

1376 3273 1408 3303 ἃ
1453 3268 1650 3302 dissec'sionis
1696 3269 1729 3299 in
1776 3266 1985 3309 Sepulchreto
2032 3266 2153 3298 nullam
2177 3268 2270 3302 video
2292 3283 2382 3304 men-

1378 3314 1500 3345 tionem
1547 3310 1614 3344 sit-ri
1641 3323 1647 3342 r
1694 3313 1726 3343 ἃ
1771 3312 1916 3351 quamvis
1963 3309 1991 3342 sc
2034 3306 2141 3351 vidzffe
2166 3334 2175 3349 ,
2218 3311 2281 3353 ajat
2303 3338 2316 3354 J
2338 3317 2381 3348 Θ·

1377 3356 1493 3390 multos
1517 3354 1596 3389 alios
1618 3377 1630 3393 ,
1663 3366 1680 3386 a
1700 3352 1869 3395 pleuritico
1892 3353 2073 3397 apostemate
2107 3362 2245 3388 mortuos
2268 3379 2278 3395 ‚
2309 3368 2382 3398 quo-

2268 3411 2338 3433 rum

332 3514 2381 3533 w

473 3601 531 3625 Obs.
551 3603 588 3629 38.
607 3600 680 3629 paulo
696 3605 750 3623 ante
768 3598 811 3623 eit.
831 3597 852 3620 8(
872 3595 951 3620 Schol.
971 3597 1001 3621 ad
1017 3597 1085 3622 eand.
1104 3595 1128 3619 in
1145 3594 1185 3618 fin.

441 3602 455 3660 ἒ
471 3631 550 3655 Schol.
568 3632 597 3655 ad
613 3631 671 3654 obs.
686 3631 722 3654 28.
740 3628 811 3656 hujus
829 3637 851 3657 4.
870 3627 932 3660 Sefi.
993 3630 1006 3657 (
1022 3636 1037 3652 x
1052 3627 1065 3656 )
1084 3636 1107 3651 n.
1124 3633 1161 3653 43·
1181 3626 1202 3648 8<
1220 3622 1263 3652 seq.

440 3663 453 3691 )
469 3664 505 3685 De
524 3662 616 3685 Medic.
638 3661 715 3684 Princ.
734 3660 795 3683 Hist.
813 3660 826 3682 1.
845 3665 868 3680 2.
886 3657 940 3680 hist.
957 3666 994 3687 ²3·

434 3697 445 3721 >
462 3694 564 3716 Enarrat
592 3694 704 3719 appar.
724 3691 739 3714 l.
759 3700 780 3720 5.
799 3689 883 3718 aphor-
901 3694 937 3716 2⁴.

1247 3594 1259 3622 (
1276 3602 1286 3617 r
1305 3592 1312 3622 )
1329 3594 1354 3617 in
1371 3593 1425 3618 eod.
1443 3593 1524 3618 Schos.

1169 3655 1173 3658 .
1283 3654 1287 3658 .
1327 3626 1551 3655 (mn-353⁶·

1057 3660 1069 3686 (
1086 3659 1099 3681 ,5
1119 3656 1126 3683 )
1145 3655 1201 3678 Hist.
1221 3654 1311 3678 Medic.
1329 3657 1357 3679 ad
1377 3658 1407 3678 Α.
1426 3656 1478 3683 980.

999 3690 1012 3718 (
1028 3698 1038 3712 e
1054 3688 1069 3717 3
1085 3690 1100 3712 l.
1120 3685 1254 3710 Introduct.
1274 3689 1347 3709 Anat.
1365 3693 1385 3709 c.
1403 3693 1442 3715 27.

1589 3592 1652 3622 (s)
1671 3600 1694 3614 n.
1712 3601 1749 3620 ιη.
1768 3594 1793 3616 in
1811 3592 1850 3616 fin.

1614 3625 1627 3652 (
1644 3624 1689 3650 z)
1711 3624 1783 3651 Ppist.
1801 3632 1823 3651 7.
1845 3633 1866 3646 n.
1889 3631 1923 3648 ιι.

1543 3656 1554 3679 (
1571 3662 1582 3677 c
1598 3654 1611 3682 )
1630 3655 1773 3679 Comment.
1793 3654 1818 3677 in
1835 3657 1905 3678 Coae.
1926 3655 1985 3679 Setis.
2003 3662 2024 3677 ².
2043 3655 2062 3676 s.
2081 3662 2102 3682 ς.
2120 3655 2173 3683 aph.
2191 3657 2228 3683 63.

1915 3591 1925 3621 (
1943 3600 1954 3617 t
1970 3594 1984 3622 )
2001 3591 2110 3620 Epidem.
2130 3595 2146 3616 l.
2166 3601 2185 3616 1.
