2498 4075
431 180 581 247 Epist·
619 182 779 233 Anat.
814 179 1024 235 Medica
1060 163 1378 230 XXX.A1.-'t.
1398 175 1444 236 8.
1466 190 1512 242 9.
1536 178 1773 231 10.&11.

96 262 160 297 alvi
182 261 347 295 evacuatio
370 260 587 305 requirebat„
606 261 682 293 Una
713 270 752 292 ex
785 260 933 293 omnibus
965 257 1087 292 intesti-

96 307 145 339 nis
167 304 389 347 Appendicula
412 304 645 339 Vermiformis
670 303 766 345 paulo
797 311 862 334 erat
895 302 1054 345 turgidior
1081 313 1090 331 :

95 347 266 390 eademque
289 349 425 382 exterius
449 348 593 387 rubebat.
617 348 654 379 In
677 345 884 386 mesenterio,
907 349 937 379 &
964 346 1093 388 reliquis

96 392 230 424 Ventris
254 391 401 433 Partibus
431 390 514 425 nihil
546 400 611 422 non
644 387 813 422 fecundum
846 397 990 422 naturam
1026 389 1094 420 ani-

90 432 326 469 madvertimus
349 459 356 466 .
489 435 527 466 In
552 431 702 465 Thorace
726 441 830 465 autem
854 434 1004 473 utrinque
1028 438 1094 463 erat

98 489 197 519 aqua,
222 481 277 511 nec
302 488 414 519 pauca,
441 488 495 510 nec
519 486 631 518 parum
652 474 907 517 sanguinolenta.
934 476 1095 515 Utrinque

96 521 217 562 pariter
240 520 406 563 pulmones
420 543 432 559 „
452 518 596 560 alioquin
621 518 686 551 sani
705 543 713 556 ,
737 529 791 560 per
814 517 920 551 crebra
934 540 942 554 ,
972 517 1068 551 crassa
1084 540 1095 556 ,

95 562 296 606 longiuscula
320 564 514 597 membranea
529 560 687 594 filamenta
702 561 739 594 ad
752 561 847 594 latera
863 560 1074 601 alligabantur
1086 583 1093 591 .

97 605 502 640 Pericardiumranftiffime
527 603 702 637 adhaerebat
727 605 816 637 omni
840 604 944 637 cordis
968 602 1097 646 supersi·

97 649 158 682 ciei
173 673 186 690 ,
210 653 239 682 &
266 649 412 682 auriculae
435 648 590 687 dexterae,
615 650 646 681 δε
670 658 857 689 magnorum
881 647 1025 681 vasorum
1059 647 1096 678 ad

99 704 157 725 cor
181 693 511 734 pertinentium-Cor
533 700 639 723 tamen
659 689 737 733 justa
763 689 826 723 fuit
852 699 921 723 turn
941 692 1097 732 parietum

102 735 323 773 craintudine,
348 743 417 768 tum
442 736 617 777 capacitate
639 734 908 767 ventriculorum.
948 733 1097 774 Qorum

98 787 229 821 uterque
252 779 360 822 plenus
382 786 445 811 erat
469 778 587 820 pariter
609 776 792 818 sanguinis,
814 777 915 819 qualis
938 786 976 809 ex
1000 775 1098 808 incisa

99 832 227 865 quoque
250 833 325 854 vena
349 823 434 853 Cava
458 822 577 855 multus
599 822 733 859 extitit„
759 820 845 859 atri,
868 824 898 852 &
923 829 1035 862 magna
1058 830 1096 851 ex

101 874 190 907 parte
211 865 244 896 in
267 875 396 906 grumos
421 866 549 907 coacti,
572 863 635 897 fine
657 860 720 896 ulla
744 863 790 894 vel
815 863 948 895 minima
960 864 1096 904 polypo-

101 907 136 941 sav
156 909 371 941 concretione.
385 908 529 941 Valvulae
541 918 610 948 quae
622 906 727 939 cordis
739 905 874 938 orificiis
884 904 1004 938 venosis
1016 915 1096 946 prae-

100 950 277 991 ficiuntur,
301 950 353 983 etsi
379 950 511 983 albicare
534 950 604 983 visae
628 949 718 986 sunt3
743 959 805 982 non
828 948 972 982 duriores
995 957 1102 994 tamen

98 992 248 1027 fuerunt.
274 995 326 1026 Ex
348 994 478 1036 reliquis
501 1003 603 1028 autem
627 1004 669 1025 eae
692 1003 762 1034 quae
787 990 1100 1032 adinitiumapposi-

99 1045 142 1069 tae
165 1035 237 1069 sunt
261 1038 397 1070 Arteriae
422 1038 557 1075 Aortae,
579 1037 716 1070 summos
738 1035 856 1069 limbos
879 1034 1095 1071 &uanior-es,

99 1081 133 1111 δε
154 1079 358 1121 cartilaginea
383 1079 506 1113 duritia
532 1079 732 1114 habuerunt.
759 1078 888 1111 Arteria
921 1077 988 1119 ipsa
1021 1078 1098 1110 bene

98 1121 209 1162 intus,
233 1132 381 1165 extraque
403 1122 597 1158 constituta:
626 1132 724 1165 neque
746 1122 810 1155 ulla
833 1122 968 1154 omnino
985 1129 1100 1163 praeter

98 1174 133 1197 ea
154 1176 224 1208 quae
248 1165 333 1201 dieta
358 1166 450 1206 sunt,
473 1168 508 1199 in
522 1165 671 1200 Thorace
693 1165 772 1198 vitia
786 1174 1015 1208 apparuerunt.

98 1208 208 1249 Caput
231 1219 286 1242 cur
309 1211 559 1252 attingeremus,
581 1210 679 1244 causae
703 1207 786 1241 nihil
810 1208 894 1242 fuit.

143 1251 172 1283 8.
197 1251 280 1292 Qae
302 1253 383 1285 vitia
405 1255 438 1285 in
462 1252 664 1295 pericardio,
686 1255 715 1284 δι
741 1252 837 1285 corde
861 1260 982 1292 reperta
1005 1250 1100 1290 sunt,

99 1303 253 1336 quatenus
277 1296 313 1329 ad
338 1295 612 1339 palpitationem,
636 1298 668 1329 &
688 1296 955 1328 intermittentem
978 1293 1101 1335 pulsum

101 1339 259 1371 attineant
274 1363 282 1377 ,
305 1339 376 1373 aliis
401 1350 418 1372 a
442 1350 491 1374 me
505 1340 586 1374 locis
608 1342 670 1381 (c)
692 1338 734 1371 est
750 1337 1040 1374 indicatum.Quae
1051 1347 1103 1369 ve-

100 1391 138 1414 ro
160 1382 194 1414 in
218 1381 304 1416 fellis
327 1381 485 1423 vesicula,
507 1385 539 1416 &
564 1391 749 1425 paucitate,
782 1382 838 1415 illa
873 1380 910 1414 ad
942 1380 1103 1413 vomitum

102 1423 240 1467 spectare
253 1447 262 1463 ,
286 1425 436 1460 existimo
449 1452 456 1459 .
479 1425 650 1460 Crederem
675 1422 801 1461 fortasse
820 1424 910 1458 illam
920 1424 1016 1456 etiam
1028 1434 1103 1456 ven—

100 1468 213 1501 triculi
238 1469 517 1509 contractionem,
540 1480 595 1512 per
617 1479 713 1512 quam
737 1469 770 1500 in
785 1467 864 1502 duos
888 1466 1103 1509 quadantenus

100 1509 272 1544 videbatur
293 1510 435 1549 divisus;
459 1511 517 1545 nisi
540 1511 669 1545 eandem
692 1511 754 1545 tibi
777 1510 1010 1545 struRuramin
1027 1509 1105 1543 dua-

99 1554 158 1588 bus
180 1555 250 1587 aliis
274 1555 461 1589 mulieribus
485 1556 549 1598 (d)
571 1552 814 1597 descripsissem,
835 1564 972 1596 quarum
995 1561 1106 1586 neutra

100 1598 278 1639 vomitioni
303 1598 446 1632 obnoxia
469 1597 595 1638 fuerat,
629 1606 664 1631 ut
698 1608 799 1641 neque
832 1596 979 1630 Foemina
1013 1597 1106 1630 Prin-

100 1652 193 1683 ceps,
216 1652 316 1683 neque
337 1642 408 1674 aliae
433 1651 577 1683 praeterea
601 1643 666 1681 (e)
687 1641 721 1673 in
744 1639 859 1684 quibus
894 1640 940 1674 ita
971 1638 1000 1673 se
1033 1650 1108 1673 ven·-

101 1684 256 1718 triculurn
280 1682 442 1720 habuisse,
466 1685 620 1717 memini.
646 1682 735 1718 Mihi
757 1685 844 1717 enim
866 1682 952 1717 forte
964 1682 1105 1722 accidit,

101 1736 138 1761 ut
175 1726 473 1760 conformationem
507 1726 597 1760 istam
620 1737 694 1761 cum
717 1726 807 1765 vidi,
832 1728 865 1760 in
890 1726 1074 1760 mulieribus
1098 1749 1109 1765 ,

102 1769 197 1804 sicuti
221 1772 252 1802 ὅ(
276 1769 425 1805 Valsalva
448 1767 511 1813 (f)
527 1794 534 1807 ‚
557 1769 717 1805 viderem.-
750 1771 831 1805 unde
865 1770 1015 1813 suspicari
1046 1781 1111 1803 coe-

104 1810 233 1855 pissem,
259 1824 297 1845 an
320 1814 387 1847 baec
410 1825 537 1857 quoque
561 1813 794 1848 annumeranda
816 1812 888 1847 esset
911 1813 1112 1847 detrimentis

101 1858 229 1891 caeteris
252 1867 322 1898 quae
347 1856 404 1889 sibi
430 1857 493 1889 illae
517 1866 621 1890 creant
646 1868 702 1899 per
736 1856 926 1891 constrictos
956 1856 995 1890 ad
1029 1856 1113 1890 ium-

102 1910 193 1933 mum
215 1901 336 1932 ventris
360 1899 504 1932 thoraces
527 1898 645 1940 duros,
668 1903 701 1934 &
723 1911 793 1942 quae
817 1899 946 1934 duriora
971 1898 1021 1932 his
1056 1899 1110 1934 ad-

102 1942 184 1976 dunt
208 1939 247 1975 ad
269 1943 460 1978 umbilicum
486 1942 583 1976 ferme
597 1942 776 1985 produ5m3
799 1943 855 1976 nisi
868 1942 1111 1976 animadvertis-

104 1985 167 2020 sem
182 2008 191 2021 ‚
213 1986 249 2018 in
271 1984 510 2029 cujusquemodi
534 1986 627 2020 sortis
652 1986 897 2020 foeminisillam
918 1984 1032 2026 fuisse,
1056 1996 1111 2020 nec

103 2031 139 2062 in
161 2027 305 2062 foeminis
331 2029 454 2070 solum,
480 2028 530 2062 sed
554 2031 586 2062 &
609 2031 644 2062 in
669 2031 746 2062 viris
769 2029 807 2063 ab
831 2029 971 2064 Riolano
1005 2032 1113 2072 (g),

105 2075 138 2106 &
162 2083 178 2105 a
201 2071 424 2106 Celeberrimis
448 2072 647 2106 Auctoribus
670 2072 817 2106 Heistero
839 2072 928 2113 (h),
954 2073 1114 2106 &Panto-

104 2126 149 2150 τιὸ,
170 2115 227 2154 (ι’)
250 2113 307 2148 esse
329 2114 569 2158 deprehensam.
595 2117 728 2150 Horum
753 2125 858 2150 autem
880 2127 990 2153 nemo,
1016 2124 1051 2148 ut
1063 2127 1115 2148 ne-

104 2169 167 2201 que
192 2158 247 2190 cl.
273 2159 349 2192 Viri
375 2157 547 2192 Petschius
573 2158 663 2201 (R),
686 2163 716 2192 δι
742 2158 931 2199 Amyandus
967 2157 1026 2197 (l)
1057 2159 1113 2200 qui

105 2202 141 2235 in
166 2199 313 2234 foeminis
336 2201 507 2239 viderunt,
522 2201 630 2237 fullam
651 2213 723 2235 cum
745 2201 890 2243 possent,
921 2203 953 2233 &
988 2200 1113 2243 aliqui,

106 2244 131 2278 fi
153 2246 200 2277 ita
224 2244 408 2285 accidisset,
430 2246 527 2278 etiarn
551 2244 700 2278 deberent
714 2267 727 2284 ‚
749 2244 849 2278 ullam
863 2265 874 2281 ‚
898 2244 1029 2290 inquam
1044 2266 1056 2282 ,
1078 2244 1115 2277 de

108 2288 237 2320 vomitu
261 2289 293 2319 in
318 2290 357 2320 iis
383 2288 483 2327 viris,
507 2286 689 2320 foeminisve
712 2289 908 2321 mentionem
941 2288 1116 2328 injiciunt.

109 2329 210 2371 Qod
233 2329 255 2362 fi
280 2334 311 2362 in
338 2329 509 2364 vl11.hac
535 2329 733 2371 Sepulchreti
750 2331 894 2364 Sectione
907 2329 1116 2369 Observatio-

108 2385 181 2407 nem
204 2377 279 2411 (m)
303 2374 444 2407 invenies
470 2373 588 2413 Blasii,
611 2375 668 2416 qui
701 2374 916 2417 ventriculum
950 2372 1115 2414 duplicem

109 2414 245 2451 offendit
290 2418 322 2449 :in
357 2417 458 2455 viro,
491 2415 686 2449 creberrimis
710 2417 946 2450 vomitionibus
968 2415 1024 2450 diu
1059 2428 1114 2448 ve-

109 2469 210 2499 xato,
234 2459 287 2493 has
310 2460 403 2493 illum
426 2458 548 2492 videbis
571 2469 636 2492 non
660 2458 699 2491 ab
722 2471 754 2492 ea
777 2458 990 2502 duplicitate,
1020 2458 1072 2493 sed
1097 2471 1114 2494 a

108 2514 222 2545 magna
247 2502 386 2544 angustia
409 2513 440 2534 re
464 2511 544 2536 etere
566 2501 632 2545 ejus
656 2501 823 2536 foraminis
846 2514 899 2546 per
923 2501 1010 2544 quod
1033 2504 1114 2536 alter

109 2547 306 2580 ventriculus
328 2556 400 2579 curn
424 2557 438 2578 a
455 2555 524 2579 tero
547 2545 827 2580 communicabat:
852 2545 1033 2588 cujusmodi
1057 2557 1116 2581 an-

112 2589 213 2634 gustia
238 2592 272 2622 in
316 2590 357 2623 iis
399 2600 474 2632 quas
506 2600 567 2632 ego
590 2589 783 2630 observavi,
816 2600 977 2633 nunquam
1009 2589 1076 2623 fuit
1101 2614 1110 2622 .

112 2630 233 2670 ,Qu-id?
257 2631 343 2675 quod
367 2630 669 2666 fiObservationem
693 2632 784 2666 illam
808 2632 889 2675 apud
915 2631 1052 2667 Blasium
1066 2636 1115 2673 (n)

118 2677 223 2719 legam
246 2674 451 2718 conjunctam
474 2686 547 2709 cum
583 2676 680 2709 altera
711 2677 943 2710 animadvertes
976 2675 1117 2718 ejusdem

113 2721 258 2763 {genez-is,
279 2720 313 2751 in
336 2729 397 2761 qua
419 2718 474 2753 etsi
498 2719 637 2762 angustia
661 2722 745 2753 inter
767 2720 979 2754 ventriculum
991 2728 1116 2754 utrum-

114 2775 172 2806 que
185 2773 248 2795 non
259 2760 354 2795 modo
366 2772 478 2805 magna
492 2785 506 2803 ,
528 2762 577 2797 sed
587 2764 725 2797 maxima
738 2789 747 2803 ‚
771 2763 931 2805 &summa
944 2762 1009 2797 fuit
1020 2786 1033 2803 ‚
1055 2762 1117 2796 lio-

117 2818 171 2840 mo
194 2816 322 2845 tamen,
345 2804 401 2837 nisi
425 2805 513 2849 quod
537 2805 629 2840 valde
653 2805 841 2846 famelicus,
865 2816 931 2839 erat
963 2807 1036 2840 bene
1062 2806 1116 2849 sa-

117 2861 197 2888 ms,
220 2851 252 2882 δε
276 2846 364 2890 quod
387 2849 612 2892 consequitur,
634 2850 867 2883 vomitionibus
899 2849 983 2884 haud
1013 2849 1117 2882 obno-

118 2894 212 2926 xius.
240 2889 338 2929 Quod
360 2889 382 2923 fi
396 2890 609 2926 nihilominus
632 2894 666 2925 in
679 2892 840 2935 propofita
852 2893 1003 2925 Matrona
1026 2893 1116 2926 istam

118 2934 287 2969 ventriculi
310 2933 495 2969 strusturam
517 2936 619 2980 ipsam
640 2947 766 2979 quoque
790 2935 911 2978 aliquid
933 2936 971 2970 ad
983 2947 1115 2973 vomen-

119 2980 198 3011 dum
221 2974 345 3016 fecisse,
369 2978 535 3019 malueris,
561 2980 679 3021 quippe
703 2978 916 3022 aprimordiis
940 2978 1115 3022 facilejun-

122 3022 208 3057 stam
230 3031 305 3054 cur-n
327 3030 422 3062 prava
446 3022 501 3056 illa
524 3023 685 3062 veficulae,
711 3026 743 3057 &
776 3025 949 3065 pancreatis
981 3022 1116 3065 dispofi-

120 3067 236 3104 tione,
258 3075 349 3106 quae,
371 3063 523 3098 crescente
546 3075 661 3103 aetate,
685 3065 883 3100 manifestior
905 3066 988 3099 faeta
1012 3068 1119 3099 vomi-

121 3118 192 3141 tum
212 3106 377 3141 induxerit
398 3107 603 3143 insanabilem
616 3122 626 3149 3
651 3121 716 3143 non
739 3110 943 3153 pertinaciter
965 3120 1118 3151 repugna-

121 3151 184 3184 bo.
209 3152 305 3184 Certe
323 3158 432 3184 ‘autem
453 3152 621 3187 crasfitudo
643 3161 730 3186 tanta
763 3155 795 3186 in
828 3152 966 3187 veficulae
1001 3155 1121 3187 tunicis

122 3197 230 3228 minus
251 3193 476 3236 obsequentem
499 3194 579 3229 hanc
602 3195 751 3230 reddebat
773 3198 966 3236 ventriculi,
999 3197 1122 3238 primo-

122 3248 233 3271 rumve
254 3236 477 3271 intestinorum
498 3238 660 3280 preffioni‚
687 3250 722 3274 ut
745 3238 871 3273 fortasse
894 3251 957 3274 non
981 3238 1054 3274 satis
1085 3252 1126 3275 ex

125 3292 160 3314 ea
183 3279 283 3321 bilis,
303 3291 373 3324 quae
395 3289 461 3313 erat
483 3281 609 3326 insuper
630 3281 710 3317 adeo
744 3284 859 3317 vitiosa
884 3307 896 3324 ,
933 3284 1124 3326 exprimere-

125 3335 199 3357 itur.
224 3326 373 3357 Pancreas
396 3334 471 3357 vero
493 3325 680 3366 exsuccum,
703 3329 734 3360 δε
760 3327 798 3360 ad
830 3326 942 3362 scirrhi
976 3336 1121 3361 naturam

127 3378 279 3409 tergens,
302 3375 423 3411 quanto
449 3368 553 3401 minus
574 3369 681 3410 succi,
705 3370 869 3414 minusque
892 3373 929 3405 ad
954 3370 1025 3404 suos
1049 3370 1123 3404 usus

128 3412 194 3452 apti
219 3411 409 3449 secerneret,
431 3409 525 3444 facile
548 3420 637 3453 potes
659 3413 858 3454 existimare,
880 3413 1033 3456 simulque
1055 3415 1122 3447 col-

128 3456 247 3496 ligere,
273 3465 371 3499 quam
392 3454 577 3496 imperfecta
598 3455 640 3489 ob
662 3457 826 3501 utriusque
849 3457 937 3492 illius
975 3457 1125 3490 humoris

127 3496 305 3537 (refanum,
329 3508 363 3531 ac
384 3499 501 3532 vitium
522 3500 557 3531 in
578 3497 743 3534 Duodeno
762 3501 915 3535 intestino
933 3501 1021 3535 fieret
1044 3500 1126 3543 chy-

130 3603 167 3612 σε.

2001 191 2058 226 21

1139 255 1165 288 li
1188 254 1386 294 elaboratio,
1408 262 1613 298 quantunque
1637 255 1683 287 ibi
1707 253 1856 288 restitaret
1877 254 1982 292 craffi,
2006 252 2135 286 viscidi—

1137 309 1221 340 que,
1244 300 1276 330 &
1299 296 1366 339 ejus
1389 297 1673 332 intestini'tunicas
1695 299 1728 329 in
1751 296 1873 331 diurnis
1886 295 2140 339 praesertimcor-

1143 343 1231 382 poris
1255 341 1484 382 agitationibus
1508 340 1547 373 fic
1571 341 1727 374 irritantis
1742 365 1750 378 ‚
1774 342 1852 374 utin
1865 349 1990 373 motum
2002 339 2136 380 denique

1142 383 1299 417 inversum
1322 387 1435 417 cieret.
1462 386 1539 425 (Qo
1563 382 1583 415 fi
1609 382 1669 415 tibi
1695 385 1789 417 liceat
1813 383 1922 417 addere
1952 382 2138 416 struunt-am

1146 427 1237 460 illam
1259 427 1427 460 ventriculi
1453 430 1557 459 minus
1580 425 1705 460 sortasse
1728 426 1873 459 idoneam
1897 425 1935 459 ad
1967 425 2139 465 alimenta,

1147 469 1169 503 si
1193 480 1256 503 non
1281 468 1498 511 conficienda,
1521 479 1552 509 at
1576 470 1650 503 satis
1673 469 1820 511 expedite
1843 471 1876 502 in
1900 469 1933 502 id
1955 467 2139 502 intestinum

1147 512 1388 554 compellenda3
1414 521 1505 546 tanto
1526 513 1586 545 erit
1620 514 1791 555 proclivius
1826 513 1932 547 causas
1963 511 2140 554 intelligere

1138 559 1289 589 'vomitus
1312 556 1400 589 istius
1423 566 1487 589 tam
1506 555 1656 590 'diuturni
1673 580 1681 589 .

1191 613 1220 641 9.
1259 601 1382 632 Verum
1414 608 1450 632 ut
1484 598 1522 631 de
1554 610 1612 632 una
1647 610 1753 633 earum
1787 597 1952 632 dumtaxat
1974 621 1983 636 ‚
2026 596 2059 631 id
2103 596 2145 630 est

1148 640 1186 676 de
1230 643 1404 684 pancrcatis
1427 643 1510 675 vitio
1528 664 1538 679 ‚
1573 642 1737 675 brevitatis
1769 643 1870 685 gratia
1891 665 1903 682 ,
1933 640 2023 673 verba
2048 639 2147 673 facia·

1149 697 1253 726 mus;
1288 684 1397 719 videsis
1430 684 1482 718 hic
1507 686 1540 717 in
1561 685 1770 727 Sepulchreto
1808 697 1869 718 non
1902 684 2000 718 modo
2022 683 2144 716 Obser-

1148 730 1310 763 vationem
1357 730 1452 761 LIII.
1476 731 1531 761 ‘&
1574 739 1644 770 quae
1679 728 1886 770 sequuntur«,
1920 726 1970 760 sed
1994 727 2070 759 alias
2092 735 2141 758 et—

1147 775 1213 805 iarn
1237 783 1311 806 cum
1334 772 1444 813 supra,
1467 780 1537 804 tum
1561 771 1732 811 praesertim
1756 770 1840 804 infra
1854 770 1910 804 sub
1933 781 2018 804 num.
2030 769 2139 802 LVII.

1148 820 1212 856 (o)
1237 818 1267 848 &
1294 816 1422 848 LVIII.
1447 818 1515 856 (p)
1537 813 1667 856 aliisque
1691 815 1868 851 indicatam
1892 816 1924 846 &
1955 824 2029 847 curn
2065 822 2145 852 pan-

1145 859 1260 892 creatis
1283 860 1372 891 vitiis
1394 857 1600 899 conjunctum
1623 860 1786 891 vomitum
1810 858 1963 900 reperies.
1988 854 2150 898 Equidem

1146 914 1185 934 ex
1196 903 1235 934 iis
1247 913 1310 933 non
1323 900 1389 934 sum
1400 903 1454 941 qui
1468 900 1573 933 nescio
1582 912 1663 942 quos
1676 912 1739 934 non
1754 901 1896 941 morbos,
1909 903 1940 934 &
1952 901 2094 932 vomitus
2102 897 2150 930 vel

1154 945 1336 986 sanguinis,
1357 956 1375 976 a
1398 943 1462 987 solo
1483 951 1649 984 panti-cate
1682 943 1884 978 deducendos
1919 941 2153 976 arbitrabantur

1154 992 1238 1029 (q):
1263 988 1330 1019 imo
1354 987 1415 1020 hoc
1437 987 1561 1025 viscus,
1583 998 1639 1019 nec
1662 998 1757 1026 raro,
1780 986 1842 1020 sine
1864 988 1991 1020 vomitu
2015 986 2095 1018 male
2108 983 2156 1017 af-

1151 1031 1272 1064 fectum
1297 1030 1509 1068 fateorame‚
1533 1029 1572 1061 ab
1594 1029 1725 1073 aliisque
1746 1029 1991 1073 deprehensum.
2006 1027 2157 1071 Ejusdem

1151 1084 1256 1108 tamen
1280 1071 1683 1106 morbosavomitionibus
1709 1085 1772 1106 non
1796 1071 1951 1115 sejuneins
1973 1075 2065 1105 &me
2076 1083 2156 1104 con-

1154 1115 1302 1160 spexiffe,
1327 1119 1359 1149 ἃ
1384 1116 1421 1149 ab
1443 1115 1512 1149 aliis
1536 1114 1612 1156 saepe
1634 1116 1819 1157 conspectos
1843 1115 1993 1150 audivisse
2012 1138 2025 1155 ,
2048 1125 2159 1157 negare

1150 1171 1219 1193 non
1240 1159 1364 1203 possum
1375 1185 1383 1194 .
1396 1158 1454 1192 Sed
1480 1159 1556 1190 meis
1581 1157 1713 1199 quidem
1726 1157 2013 1192 observationibus
2026 1159 2087 1190 erit
2101 1157 2160 1190 ali-

1156 1205 1192 1238 bi
1215 1205 1430 1246 opportunior
1452 1202 1639 1234 locus.Hic
1661 1212 1734 1234 vero
1744 1201 1911 1235 nonnullas
1925 1202 2161 1235 aliorumcom·

1156 1246 1360 1281 memorabo.
1375 1248 1419 1279 Et
1432 1245 1571 1287 primum
1586 1247 1691 1287 accepi
1703 1256 1718 1277 a
1732 1243 1909 1287 Malpighii
1919 1243 2041 1279 Ass‘ecla
2055 1267 2064 1281 ‚
2078 1245 2160 1277 1³1·ae-

1153 1300 1283 1333 ceptore
1297 1301 1387 1328 me0‚
1405 1288 1503 1323 docto
1515 1309 1525 1326 ‚
1537 1298 1609 1321 cum
1620 1288 1737 1322 viveret
1750 1310 1759 1326 ,
1772 1287 1927 1321 Bononiae
1940 1287 2072 1321 Medico
2085 1286 2162 1331 ,Ja—

1154 1334 1404 1372 coboSandrio‚
1425 1331 1527 1374 plures
1550 1330 1607 1364 fibi
1630 1331 1797 1365 adnotatas
1821 1331 1878 1364 effe
1900 1328 2163 1364 diffec‘tioneseo-

1160 1388 1232 1411 rum
1247 1378 1304 1420 qui
1315 1375 1551 1409 vomitionibus
1562 1375 1695 1407 obnoxii
1708 1375 1831 1408 fuerant
1845 1399 1855 1415 ,
1877 1373 2023 1408 humoris
2035 1372 2164 1416 praeser-

1155 1423 1217 1455 tim
1228 1421 1337 1453 colore
1351 1418 1513 1452 tabanum
1526 1417 1689 1451 referentis
1701 1430 1711 1457 3
1723 1419 1756 1451 in
1768 1418 1809 1450 iis
1820 1426 1924 1451 autem
1936 1418 2086 1450 omnibus
2099 1427 2166 1449 ma-

1156 1465 1185 1498 le
1208 1474 1353 1506 pancreas
1377 1460 1517 1496 habuisse
1533 1486 1540 1493 .
1565 1462 1750 1496 Heraclitus
1773 1470 1877 1494 autem
1888 1459 2089 1495 Manfredius
2104 1485 2112 1499 ‚
2136 1460 2164 1494 is

1157 1519 1251 1550 quem
1263 1507 1324 1539 tibi
1338 1507 1412 1540 alias
1425 1506 1540 1538 merito
1551 1504 1675 1538 laudavi
1688 1526 1697 1542 ,
1720 1515 1795 1538 cum
1808 1515 1846 1537 ex
1857 1504 1961 1537 Patria
1971 1504 2005 1536 in
2017 1514 2114 1545 quam
2126 1502 2168 1535 ad

1155 1550 1275 1585 menses
1288 1550 1412 1592 aliquot
1426 1546 1613 1585 secesseram,
1627 1548 1807 1581 Bononiam
1819 1544 1975 1580 rediissem
1989 1557 2085 1585 ann0,
2096 1546 2169 1588 opi-

1158 1606 1231 1633 nor,
1246 1604 1337 1636 1704.
1351 1592 1431 1626 hanc
1445 1590 1530 1624 suam
1543 1590 1625 1624 mihi
1638 1592 1777 1623 narravit
1790 1589 2168 1630 Observationemtquarn

1160 1637 1214 1671 hic
1238 1646 1344 1670 tecum
1367 1635 1468 1677 magis
1488 1635 1563 1676 quia
1583 1633 1622 1667 ad
1631 1633 1810 1676 susceptum
1829 1632 1866 1667 de
1878 1641 2040 1676 pancreate
2052 1632 2170 1665 sermo-

1161 1690 1248 1720 nem,
1260 1690 1355 1723 quam
1369 1679 1405 1711 ad
1416 1676 1561 1710 ordinem
1573 1677 1761 1720 promissum
1772 1678 1901 1718 attinet,
1910 1677 2168 1711 communicabo.

1211 1733 1259 1757 10.
1287 1724 1371 1757 VIR
1395 1720 1560 1761 robustus,
1585 1722 1669 1754 nulla
1696 1719 1859 1754 manifesta
1881 1720 1971 1755 causa
1994 1719 2170 1762 praeceden-

1163 1776 1197 1800 te
1213 1790 1226 1807 ,
1244 1776 1362 1800 conatu
1386 1764 1538 1797 vomendi
1562 1763 1677 1797 affiduo
1702 1765 1873 1807 angebatur
1888 1787 1896 1803 ‚
1922 1764 1973 1798 sed
1998 1772 2111 1806 praeter
2123 1773 2171 1795 re-

1165 1809 1290 1846 media,
1314 1812 1344 1843 &
1368 1809 1544 1847 alimenta,
1568 1818 1707 1850 quorum
1730 1808 1862 1841 retinere
1885 1807 2009 1847 nullum
2021 1815 2170 1850 poterat,

1167 1864 1264 1895 pauca
1279 1875 1288 1890 ,
1312 1856 1344 1885 δι
1368 1863 1461 1891 rar0,
1486 1853 1518 1884 δε
1541 1850 1608 1884 haec
1633 1862 1752 1894 aquea,
1775 1862 1809 1885 ac
1835 1852 1898 1884 sere
1921 1862 2024 1884 amara
2046 1861 2172 1883 evome-

1165 1897 1221 1930 bat
1235 1895 1306 1931 .Ad
1329 1894 1420 1935 haec,
1444 1895 1650 1935 torquebatur
1672 1905 1785 1938 magna
1809 1893 1885 1935 fiti,
1908 1894 2027 1928 crebris
2040 1893 2171 1937 quibus-

1167 1940 1241 1973 dam
1254 1940 1352 1972 animi
1366 1937 1601 1973 defecOtionibus
1615 1960 1624 1975 ,
1648 1940 1680 1972 &
1692 1938 1805 1972 dolore
1817 1938 1991 1980 praesertim
2003 1949 2065 1971 non
2087 1937 2171 1970 secus

1167 1994 1202 2017 ac
1213 1983 1233 2016 si
1246 1982 1401 2015 acanibus
1422 1980 1645 2028 discerperetur
1656 2005 1668 2021 ,
1688 1981 1725 2015 ad
1737 1993 1920 2016 communes
1931 1981 2006 2015 fines
2019 1980 2171 2021 thoracis,

1168 2030 1201 2060 &
1217 2027 1334 2059 ventris
1349 2037 1355 2057 .·
1379 2035 1474 2067 quem
1489 2026 1510 2057 si
1523 2034 1665 2067 tangeres
1679 2036 1689 2064 3
1701 2024 1774 2059 duri
1789 2049 1801 2066 ,
1825 2034 1879 2059 aut
1890 2025 2057 2058 renitentis
2071 2028 2173 2068 perci-

1168 2081 1241 2112 pere
1265 2068 1347 2102 nihil
1375 2067 1495 2112 posses.
1517 2071 1604 2102 Cum
1626 2069 1676 2113 his
1691 2092 1703 2109 ,
1729 2069 1912 2113 humilique
1934 2068 2054 2112 pulsu,
2085 2069 2173 2102 intra

1167 2113 1374 2146 undecimum
1386 2113 1514 2145 circiter
1527 2111 1611 2146 diem
1621 2112 1662 2147 est
1673 2121 1816 2147 mortuus
1827 2139 1834 2147 .
1968 2112 2173 2147 VENTRE

1167 2165 1297 2197 aperto,
1320 2154 1406 2197 jecur
1429 2156 1603 2189 maximum
1625 2155 1828 2198 conspectum
1851 2155 1914 2196 est,
1945 2154 1997 2190 sed
2030 2156 2139 2189 sanum
2161 2179 2169 2187 .

1167 2201 1247 2231 Sana
1270 2209 1396 2241 quoque
1420 2197 1587 2240 intestina,
1610 2202 1641 2232 ὃ(
1665 2201 1879 2234 ventriculus.
1894 2201 1939 2233 Et
1952 2199 2172 2234 mesenterium

1168 2242 1300 2284 quidem
1323 2252 1389 2274 non
1412 2240 1473 2275 fine
1488 2243 1592 2285 aliqua
1605 2242 1819 2276 obstructione
1831 2268 1839 2275 .
1853 2243 1911 2276 Sed
1922 2254 2066 2286 pancreas
2080 2253 2172 2285 aequo

1168 2284 1294 2328 majus,
1318 2294 1488 2328 totumque
1510 2288 1540 2318 &
1555 2285 1729 2320 tuberculis
1740 2286 1967 2324 subrotundis,
1990 2297 2090 2329 neque
2103 2287 2172 2319 exi-

1168 2331 1265 2371 guis,
1291 2328 1445 2371 inaequale
1461 2354 1469 2368 ,
1494 2331 1527 2362 ὅ(
1548 2329 1667 2364 duritie
1690 2329 1977 2373 adcartilagineam
1987 2329 2171 2364 accedente.

1297 2374 1335 2405 In
1361 2371 1508 2419 Thorace
1531 2373 1690 2415 multum,
1712 2375 1746 2407 in
1769 2374 1948 2417 pericardio
1972 2384 2077 2409 autem
2099 2374 2172 2418 plu-

1165 2416 1285 2450 rimum
1309 2427 1416 2457 aquae,
1437 2427 1503 2457 ejus
1525 2416 1637 2450 similis
1661 2419 1693 2450 in
1718 2429 1778 2460 qua
1799 2429 1875 2451 caro
1897 2429 2000 2451 recens
2021 2418 2087 2451 lota
2106 2417 2169 2451 est.

1165 2461 1234 2491 Cor
1258 2457 1346 2492 valde
1368 2469 1521 2500 parvum:
1547 2460 1581 2491 in
1604 2460 1728 2502 ejusque
1752 2461 1893 2495 auricula
1916 2460 2043 2495 dextera
2076 2460 2170 2505 quid-

1165 2502 1254 2544 piam
1280 2502 1447 2535 albicantis
1469 2502 1632 2544 polyposae
1655 2505 1887 2539 concretionis.

1214 2556 1260 2578 11.
1286 2548 1354 2578 Cur
1379 2554 1520 2578 tumores
1544 2548 1744 2587 pann-eatis,
1766 2547 1825 2581 nili
1848 2549 1934 2585 forte
1956 2553 1987 2584 &
2012 2549 2070 2594 ipsi
2103 2561 2169 2584 ma-

1165 2590 1249 2623 ximi
1273 2586 1356 2629 fint‚
1380 2591 1412 2621 &
1435 2591 1511 2631 aegri
1534 2589 1624 2634 valde
1650 2593 1831 2632 macilenti,
1856 2594 2047 2628 difficillime
2079 2595 2168 2628 tac0m

1168 2633 1290 2675 percipi
1314 2641 1452 2674 queant,
1478 2634 1594 2666 retrusa
1608 2634 1737 2668 visceris
1749 2635 1832 2670 sedes
1844 2636 1942 2677 facit,
1963 2637 2168 2681 &quidquid

1167 2676 1274 2710 manui
1298 2674 1327 2708 se
1351 2676 1552 2719 interponit,
1578 2677 1752 2719 praesertim
1775 2691 1851 2714 vero
1881 2691 2007 2722 turgens
2041 2681 2168 2715 flatibus

1166 2719 1387 2759 ventriculus,
1411 2728 1464 2753 aut
1486 2719 1593 2763 jecur,
1618 2730 1654 2754 ut
1678 2723 1709 2755 in
1733 2721 1797 2755 hoc
1808 2725 1900 2764 viro,
1926 2725 2052 2767 ampla,
2075 2725 2168 2757 &di-

1167 2762 1264 2797 latata
1275 2763 1515 2804 magnitudine.
1530 2765 1602 2806 Q
1617 2765 1649 2797 in
1662 2764 1852 2800 difficultate
1866 2768 1982 2809 quibus
1993 2768 2064 2800 aliis
2073 2767 2168 2809 signis

1167 2809 1216 2841 uti
1239 2808 1359 2847 liceat,
1380 2818 1455 2840 cum
1476 2807 1630 2841 indicaret
1646 2809 1796 2843 Riverius
1819 2814 1884 2850 (r),
1907 2812 1940 2844 in
1960 2812 1998 2843 iis
2010 2810 2168 2853 petendaa

1167 2851 1311 2893 proximi
1335 2851 1506 2884 ventriculi
1530 2851 1640 2883 dolore
1655 2874 1663 2887 ‚
1688 2852 1816 2899 aliisque
1828 2853 2094 2895 symptomatibus
2105 2864 2168 2886 non

1166 2893 1468 2927 omifit.Caeterum
1493 2904 1638 2937 pancreas
1663 2895 1873 2929 multifariam
1895 2897 1997 2939 potest
2008 2900 2168 2931 vomitum

1165 2939 1327 2971 concitare
1337 2960 1346 2974 ,
1359 2946 1393 2969 ut
1407 2948 1479 2971 cum
1490 2937 1701 2971 ventriculum
1711 2941 1915 2982 contiguum,
1924 2944 1979 2983 qui
1993 2941 2077 2975 sensu
2089 2950 2169 2983 prae-

1166 2979 1319 3015 sertimfit
1329 2979 1530 3022 exquisitiore
1541 3004 1556 3021 ‚
1576 2978 1693 3014 duritie
1704 3005 1717 3022 ,
1738 2992 1794 3016 aut
1807 2984 2090 3025 asperitateirritat
2102 2984 2167 3024 sua,

1168 3034 1222 3058 aut
1235 3024 1364 3057 adaufflz
1375 3024 1471 3055 etiam
1483 3025 1704 3066 magnitudine
1716 3026 1838 3067 obstat,
1860 3039 1897 3060 ne
1918 3027 1992 3061 satis
2005 3027 2096 3071 possit
2118 3027 2168 3061 di-

1167 3069 1260 3102 latari
1273 3091 1281 3099 .
1294 3064 1537 3107 Affumptorum
1553 3069 1792 3104 enimomniurn
1813 3073 1956 3105 vomitus
1978 3070 2168 3113 impeditam

1168 3111 1337 3145 ventriculi
1352 3111 1575 3144 dilatationem
1588 3111 1813 3155 consequitur,
1826 3113 1887 3148 five
1896 3114 1961 3157 ipse
1973 3114 2100 3148 dilatari
2117 3113 2144 3146 se
2155 3137 2169 3155 ,

1170 3166 1235 3188 non
1245 3155 1406 3197 patiatur,
1428 3155 1652 3196 quippecraffis
1667 3156 1888 3199 scirrhofisque
1911 3158 2004 3191 safris
2027 3155 2092 3198 ejus
2115 3165 2169 3190 tu-

1172 3200 1274 3238 nicis,
1299 3207 1333 3231 ut
1358 3199 1390 3229 in
1401 3199 1471 3230 Cel.
1485 3199 1642 3232 Virorum
1653 3200 1939 3234 Observationibus
1951 3201 2064 3233 Laubii
2087 3200 2145 3242 (s)
2159 3223 2170 3240 ,

1174 3245 1206 3276 δε
1229 3241 1355 3275 Halleri
1381 3241 1457 3282 (t):
1482 3239 1565 3282 five;
1584 3253 1656 3276 narn
1681 3243 1807 3285 perinde
1830 3242 1859 3276 se
1870 3243 2042 3283 reshabet,
2064 3253 2169 3285 oppo-

1174 3285 1232 3319 fita
1255 3283 1316 3317 sint
1338 3282 1496 3330 obstacula
1516 3285 1581 3329 ejus
1604 3285 1810 3326 dilatationi,
1831 3286 1920 3321 velut
1943 3286 2169 3329 ingentiastea-

1174 3337 1318 3368 tomam,
1341 3339 1410 3370 quae
1434 3338 1524 3368 Juxta
1547 3330 1756 3363 ventriculum
1778 3329 2171 3372 conspexitCl.Verdrie-

1173 3372 1233 3406 lius
1255 3375 1298 3410 (u
1313 3374 1348 3410 )‚
1375 3380 1428 3404 aut
1451 3374 1626 3406 maximum
1650 3372 1731 3405 illud
1753 3384 1888 3414 corpus,
1909 3374 1996 3416 quod·
2018 3373 2061 3406 ibi
2087 3373 2172 3415 pari-

1174 3425 1221 3448 ter
1244 3416 1277 3447 in
1300 3414 1418 3448 duabus
1428 3413 1571 3449 foeminis
1582 3418 1769 3454 inventurn,
1790 3415 1983 3459 descriptum
1994 3417 2075 3459 leges
2087 3414 2172 3458 apud

1174 3457 1459 3492 Praestantrffimum
1481 3460 1661 3493 Heisterum
1682 3461 1780 3498 (x).
1804 3460 1975 3494 Obstacula
1997 3468 2104 3493 autem
2125 3457 2173 3492 es-

1177 3501 1206 3535 se
1228 3499 1311 3545 posse
1333 3503 1429 3534 etiam
1452 3502 1519 3546 ipsa
1541 3502 1721 3537 ventriculo
1741 3504 1892 3546 contigua
1902 3504 2040 3544 viscera,
2061 3502 2174 3545 iiprae-

1327 3549 1335 3566 ¹
2088 3555 2138 3579 ter

239 3634 253 3662 )
269 3633 342 3663 Epist.
360 3641 399 3663 ²3·
417 3641 442 3658 n.
459 3640 495 3658 ιι.
512 3633 536 3657 Bt
551 3642 587 3664 ²3-
604 3636 627 3660 ἃ
642 3635 700 3661 alibi
712 3656 718 3661 .

187 3633 197 3692 s
213 3642 234 3693 ἰν
250 3664 263 3692 )
279 3665 442 3694 Anthi-opum.
458 3666 474 3688 1„
490 3671 512 3687 2.
530 3672 550 3689 c.
567 3673 604 3690 ιο.
666 3666 676 3697 Q
692 3669 706 3691 b
724 3669 733 3697 )
749 3667 804 3692 Diff-
821 3669 865 3694 fist.
881 3670 940 3695 obs.
956 3672 1026 3697 Med.
1043 3673 1147 3698 Miscell.
1164 3675 1223 3700 Obs.
1240 3679 1262 3700 6.

188 3695 204 3751 ἓ
218 3694 234 3747 ξ
254 3695 261 3749 ξ
278 3695 458 3755 &ziz-Anat(-
470 3693 637 3757 ff3s§.§'2.82'.
694 3699 709 3757 ξ
723 3698 1095 3762 ςζῐθῐάᾰῖζίῐὲιιηὸζίξῗῐεῖη
1109 3707 1223 3759 Afin1734.
1241 3707 1321 3731 Hebd.
1338 3716 1374 3736 25·
1391 3709 1416 3732 in
1434 3708 1474 3733 fin.

192 3755 207 3784 (ι’,
222 3761 229 3778 a
250 3755 259 3785 )
274 3756 363 3786 opusc.
384 3756 477 3781 Pathol.
494 3755 552 3782 Obs.
568 3764 602 3782 ιι.
665 3758 679 3788 <
694 3766 710 3783 a
725 3759 740 3787 )
756 3759 818 3789 Eph.
833 3760 877 3786 eit.
894 3763 966 3788 Cent.
983 3766 1009 3788 ⁶.
1025 3751 1087 3789 o'bs.
1104 3753 1156 3791 16.⁴

779 3640 793 3667 (
809 3638 824 3662 d
840 3639 854 3667 )
872 3640 943 3668 Epist.
961 3643 997 3665 16.
1014 3649 1037 3666 n.
1056 3644 1092 3669 38,
1111 3643 1134 3667 ἃ
1151 3644 1224 3673 Epist.
1240 3648 1279 3669 26.
1297 3655 1320 3671 n.
1338 3653 1373 3676 31.

1362 3678 1367 3682 ¹
1432 3649 1446 3678 (
1464 3656 1476 3672 e
1492 3649 1506 3678 )
1522 3649 1597 3678 Epist.
1616 3659 1654 3681 3⁷·
1672 3660 1696 3675 n.
1715 3655 1752 3676 28.
1813 3653 1827 3682 (
1843 3651 1882 3680 f)
1901 3652 1972 3682 Epist.
1990 3655 2031 3683 36.
2046 3659 2071 3676 n.
2088 3659 2111 3675 2.

1328 3679 1340 3706 (
1356 3686 1365 3701 ι
1382 3682 1394 3705 >
1409 3680 1444 3703 De
1459 3679 1559 3704 observ.
1579 3682 1646 3706 Med.
1662 3684 1685 3707 ἃ
1702 3685 1773 3708 Anat.
1791 3683 1855 3711 Epist
1884 3690 1904 3712 3.
2065 3698 2068 3701 ι

1536 3712 1714 3741 (m)n.'26.
1774 3712 2129 3744 <n)!³.4.0bs.1vtnd.⁹.

1217 3737 1231 3766 (
1246 3746 1257 3761 r
1271 3739 1285 3766 3
1302 3740 1374 3773 Prax.
1392 3740 1487 3776 Med—l.
1506 3747 1542 3769 ¹3-
1559 3749 1581 3766 c.
1596 3749 1619 3771 4.
1680 3742 1691 3773 (
1707 3744 1724 3774 J
1737 3745 1826 3775 ›Eph.
1845 3746 1877 3768 N.
1895 3745 1925 3769 C.
1942 3746 2012 3770 Ceut.
2029 3752 2054 3775 7.
2070 3743 2170 3772 Obs.4t-

1204 3768 1244 3797 (x
1260 3769 1274 3798 )
1289 3770 1360 3798 Epist.
1377 3771 1404 3796 de
1422 3771 1497 3801 1³:115,
1514 3771 1588 3797 offib.
1606 3780 1627 3802 p.
1645 3780 1671 3798 n.
1753 3776 1763 3806 ἶ
1791 3796 1793 3799 .
