2498 4075
467 126 556 181 116

386 203 520 242 deuntis
532 217 546 237 e
561 206 685 238 naribus
699 203 949 238 Observationes
963 213 1110 247 quatuor,
1124 203 1172 236 vel
1185 205 1294 246 potius
1308 215 1367 239 tres
1384 230 1391 236 .

388 248 429 283 X.
443 250 537 286 enirn,
557 251 587 282 ὃ(
601 250 697 281 XIII.
712 259 772 281 una
784 249 952 291 eademque
977 248 1046 281 sunt
1072 246 1230 280 evidenter
1242 247 1319 281 adeo
1331 272 1343 289 ,
1356 257 1391 281 ut

388 293 564 335 permirum
609 290 647 324 fit
672 314 685 331 ,
718 293 750 323 in
785 301 872 324 tanta
904 292 1069 324 vicinitate
1102 290 1136 324 id
1169 292 1302 324 minime
1334 290 1390 324 effe

388 334 645 371 *animadversum
669 359 677 366 .
712 335 814 378 Quod
848 343 951 367 autem
986 334 1137 376 ejusmodi
1170 336 1388 369 excretionum

392 379 494 412 fomes
520 379 602 410 intra
625 379 769 412 cranium
793 376 892 417 esset,
913 377 996 410 credi
1021 378 1100 411 olim
1126 388 1276 420 poterat,
1305 389 1389 414 nunc

390 432 467 454 vero
490 432 554 453 non
578 420 701 464 potest.
725 423 885 457 Caeterum
909 429 944 453 ut
969 421 1200 454 Observatione
1223 423 1281 453 XI.
1309 433 1390 463 prze-

383 464 469 503 clare
494 464 669 498 ostenditur
690 488 698 502 ‚
733 464 819 505 quod
845 475 900 505 pus
922 475 936 494 e
960 464 1141 498 moribundi
1164 464 1292 497 naribus
1306 465 1391 496 exic-

387 516 438 540 rat
463 529 471 544 ‚
505 508 582 541 illuc
619 519 633 540 e
656 508 862 550 pulmonibus
898 507 1114 546 redundasse3
1148 506 1189 539 sic
1222 518 1278 550 per
1310 509 1387 539 XII.

385 561 451 583 non
473 551 593 583 consiat
610 575 621 591 ,
645 550 732 593 quod
756 562 770 582 e
795 549 966 591 lethargici
1005 553 1094 592 pueri
1132 550 1205 583 naso
1238 549 1390 593 egressum

385 593 429 626 est
450 617 462 633 ‚
495 596 527 626 in
553 593 637 627 hunc
662 605 700 629 ex
733 594 850 626 cerebri
883 593 1017 628 abscessu
1049 592 1235 629 descendisse
1261 605 1269 625 :
1303 592 1390 635 quod

384 635 530 679 Epistola
555 648 682 680 quoque
706 636 743 670 ad
768 646 799 669 te
823 638 884 669 VI.
908 638 989 680 (s)
1011 638 1066 670 ubi
1090 649 1163 670 cum
1189 637 1248 669 alia
1262 637 1389 669 alterius

385 681 476 721 pueri
493 703 502 718 ,
529 679 623 721 hujus
648 681 745 712 etiam
768 678 955 718 historiam,
981 680 1120 722 superius
1144 681 1180 711 in
1202 679 1389 722 Sepulchre-

387 732 423 762 to
446 726 459 762 <
484 731 497 755 t
521 726 532 761 )
557 723 774 765 propositam,
800 733 870 755 ante
894 723 1005 757 oculos
1028 723 1183 755 habebam
1207 745 1217 760 ‚
1243 722 1316 755 satis
1339 724 1389 756 in-

382 765 526 799 dicatum
551 765 592 799 est
620 791 627 799 .
662 765 761 805 Qod
785 765 806 802 fi
831 766 891 798 alia
916 765 1000 799 forte
1034 767 1199 809 requiris'3
1234 776 1323 809 potes
1356 767 1388 798 in

385 808 530 851 Epistola
559 810 601 841 V.
635 811 688 847 (u
712 809 881 851 >relegere
904 832 917 849 ,
949 808 1033 842 nihil
1068 811 1157 852 puris
1192 811 1276 841 intra
1322 808 1388 851 ejus

379 852 537 885 cadaveris
559 855 706 888 cranium
729 850 819 885 fuisse
842 875 854 892 ,
877 864 892 883 e
916 852 1005 893 cujus
1029 853 1156 886 naribus
1180 852 1261 886 illud
1275 853 1388 887 des-lue-

381 906 413 927 re
438 920 448 933 ‚
479 895 703 937 conspexeram
729 919 735 926 .
773 895 861 929 Idem
892 895 1058 929 admonere
1094 896 1264 929 Palfinium
1298 897 1387 940 (x)

380 938 501 971 videbis
526 962 537 979 ,
562 939 708 1014 reffeque
739 950 754 971 e
779 939 905 972 Sinibus
941 939 1124 973 Pituitariis
1157 938 1387 982 ejusdemmodi

381 984 576 1014 excretiones
609 981 645 1015 de
670 993 760 1015 ucere
787 1009 793 1015 .
831 981 1037 1025 Indidemque
1058 1008 1071 1024 ,
1108 993 1161 1017 aut
1195 984 1304 1025 potius
1348 995 1386 1017 et<

379 1025 451 1059 aliis
482 1029 606 1058 narium
632 1025 791 1059 receffibus
819 1026 981 1067 intelliges
1014 1024 1172 1062 deduxisse
1207 1028 1385 1059 Feruelium

378 1080 417 1101 eo
440 1070 514 1101 loco
537 1070 593 1113 qui
618 1070 652 1101 in
678 1069 911 1102 Observatione
937 1071 978 1102 V.
1005 1070 1098 1114 hujus
1123 1070 1278 1102 Sefflonis
1311 1081 1385 1112 pro-

380 1110 487 1146 fertur
505 1124 520 1157 p:
566 1113 683 1149 circum
730 1124 779 1146 eas
806 1113 895 1156 sedes
918 1112 1066 1160 absccffus
1091 1113 1245 1146 interdum
1263 1111 1351 1155 fiunt
1376 1136 1386 1152 ,

377 1154 464 1188 nulla
479 1154 570 1196 febre
594 1177 603 1193 ,
649 1156 777 1190 minimo
804 1157 904 1193 dolore
928 1179 936 1192 ,
981 1167 996 1189 e
1031 1156 1143 1199 quibus
1177 1157 1282 1197 ruptis
1316 1157 1383 1189 ani-

377 1198 533 1235 madverti
553 1207 613 1238 pus
631 1199 799 1240 syncerum
818 1210 876 1241 per
897 1211 988 1235 nares
1033 1199 1156 1243 affatim
1199 1197 1350 1241 profluere
1373 1222 1383 1236 ,

370 1241 499 1283 perinde
523 1249 617 1282 arque
640 1251 654 1273 e
674 1242 856 1282 purulentis
880 1242 1009 1276 auribus
1033 1240 1060 1282 ,'
1090 1243 1179 1284 idque
1213 1241 1300 1274 nullo
1337 1242 1384 1274 in-

375 1284 531 1317 commodo
553 1283 747 1320 valetudinis
773 1309 779 1316 ·
807 1285 890 1321 Quis
912 1287 999 1319 enim
1022 1285 1090 1319 haec
1113 1284 1222 1319 credat
1247 1283 1384 1326 ejusmo-

374 1327 409 1360 di
434 1328 555 1361 Virum
578 1326 616 1363 de
639 1326 826 1361 absceffibus
849 1328 960 1362 dixisse
986 1329 1023 1363 ad
1047 1341 1095 1362 eas
1119 1339 1220 1371 partes
1246 1329 1389 1370 speetatr-

376 1370 491 1410 tibus,
514 1381 590 1413 quas
615 1373 764 1412 proxime
799 1374 1021 1408 nominaverat
1043 1396 1054 1413 ,
1084 1373 1204 1415 priores
1237 1371 1387 1406 videlicet

374 1413 491 1448 cerebri
513 1413 729 1455 ventriculos,
754 1415 794 1448 (φ
817 1426 868 1452 eas
887 1418 1073 1459 propagines
1097 1417 1128 1449 in
1144 1414 1256 1457 quihus
1267 1413 1305 1453 es}
1317 1416 1387 1447 odo.

373 1457 464 1491 randi
480 1456 616 1500 sensus?
638 1458 735 1489 Certe
761 1469 823 1491 non
849 1460 890 1493 iis
915 1460 947 1492 in
973 1456 1097 1494 sedibus
1120 1457 1229 1499 dixit,
1253 1458 1303 1491 sed
1326 1459 1388 1491 cir-

374 1512 445 1534 cum
468 1511 520 1533 eas
536 1501 625 1543 sedes
651 1525 657 1531 .
696 1500 801 1538 Quod·
822 1501 843 1534 si
870 1502 1022 1537 Palfinius
1045 1507 1059 1543 (
1082 1515 1099 1543 γ
1125 1506 1161 1543 )‚
1194 1501 1389 1535 confirman-

374 1553 408 1576 te
431 1542 653 1590 observatione
676 1545 777 1577 Henr.
802 1546 877 1579 Alb.
904 1546 1043 1579 Nicolai
1068 1550 1082 1585 (
1107 1558 1130 1589 z
1154 1549 1189 1583 )‚
1214 1545 1389 1588 praesertim

372 1598 446 1620 cum
470 1587 641 1621 absceslurn
664 1589 697 1619 in
723 1588 929 1622 Frontalibus
954 1590 1080 1624 Sinibus
1104 1590 1153 1621 bis
1187 1588 1215 1621 se
1250 1588 1385 1630 reperis-

373 1631 402 1664 se
426 1653 435 1668 ‚
468 1629 580 1668 dicat3
605 1629 626 1662 si
653 1630 805 1664 Paffinius
829 1633 980 1675 inquam,
1005 1633 1234 1675 suppuratione
1258 1644 1327 1675 quae
1353 1633 1387 1665 in

376 1675 560 1709 Pituitariis
585 1673 713 1707 Sinibus
736 1677 908 1719 contingat
923 1700 935 1716 ,
962 1686 1087 1710 motum
1114 1677 1182 1714 iri,
1206 1676 1275 1715 ait,
1301 1675 1387 1707 dolo-

379 1729 444 1755 rem
466 1716 716 1756 intolerabilem5
748 1729 871 1761 quanto
894 1720 969 1752 hinc
1005 1723 1108 1762 magis
1131 1719 1243 1751 debere
1266 1720 1298 1751 in
1324 1730 1388 1750 me-

379 1762 534 1803 ningibus
557 1763 705 1800 moveri,
730 1771 806 1798 tunc
830 1762 993 1796 censuisset
1029 1763 1187 1797 Pernelius
1210 1786 1223 1802 ,
1256 1773 1389 1804 quarum

378 1805 476 1840 altera
503 1805 692 1848 propagines
715 1805 778 1838 illae
803 1807 887 1840 intra
908 1807 1289 1844 calvariamvestiuntur,
1313 1806 1390 1838 alte-

375 1851 404 1887 ri
429 1848 617 1882 incumbunt
643 1860 653 1886 5
678 1859 757 1881 nam
779 1850 907 1883 illarum
932 1852 1061 1883 nomine
1085 1849 1208 1883 easdem
1231 1848 1296 1890 ipse
1309 1861 1390 1891 quo-

374 1904 434 1936 que
458 1896 470 1932 (
495 1905 512 1925 a
535 1896 549 1932 )
575 1893 763 1934 propagines
788 1893 1016 1936 intelligebat,
1038 1905 1114 1936 quas
1141 1903 1223 1926 nunc
1248 1892 1388 1934 primum

373 1948 547 1972 nervorum
569 1935 829 1979 ,conjugationem
853 1949 1006 1971 vocamus
1031 1950 1041 1969 .-
1074 1947 1169 1979 atque
1193 1957 1203 1972 2
1236 1945 1272 1968 ut
1296 1935 1388 1969 dolo-

370 1993 437 2014 rem
463 1981 735 2030 praetermittam3
760 1981 925 2022 quomodo
951 1981 1037 2014 nulla
1061 1990 1136 2015 tunc
1166 1977 1291 2013 febris?
1314 1980 1387 2012 nul-

369 2026 439 2061 lum
462 2022 704 2060 incommodum
729 2024 920 2058 valetudinis
945 2023 957 2056 Ρ
991 2025 1067 2058 Sane
1092 2025 1146 2056 vix
1172 2023 1240 2055 haec
1272 2022 1309 2055 de
1331 2024 1388 2055 ab..

370 2067 513 2103 sceffibus
537 2065 620 2099 credi
648 2064 775 2108 possunt
798 2091 810 2108 ,
841 2070 897 2110 qui
931 2069 965 2103 iu
991 2067 1053 2101 nafi
1078 2069 1184 2110 aliqua
1208 2066 1385 2112 hebetioris

371 2111 473 2148 sensus
499 2120 588 2152 parte
612 2110 687 2144 fiant
711 2134 717 2143 .
852 2113 1018 2146 Caeterum
1052 2121 1234 2145 ozaenarum
1269 2110 1386 2146 saniem

376 2166 440 2190 non
464 2154 502 2187 de
527 2155 597 2186 aliis
622 2153 720 2186 modo
743 2155 875 2191 narium
902 2155 1025 2189 sedibus
1049 2181 1057 2195 ‚
1092 2165 1203 2189 verum
1239 2153 1277 2186 de
1311 2153 1385 2195 ipsis

375 2210 502 2241 quczque
528 2196 655 2231 Sinibus
679 2197 840 2231 interdum
865 2199 997 2241 prodire
1020 2223 1033 2240 ,
1066 2201 1096 2231 ἃ
1136 2197 1310 2239 praesertirn
1349 2197 1386 2230 de

374 2242 601 2277 Maxillaribus
624 2265 631 2278 ‚
670 2241 814 2274 Drakius
837 2244 850 2280 (
873 2241 891 2274 b
915 2245 925 2281 )
950 2241 1086 2275 ostendit
1112 2267 1121 2282 ,
1153 2240 1204 2273 sed
1228 2251 1264 2273 ex
1287 2241 1386 2275 Cow-

376 2287 467 2328 peri,
494 2285 514 2317 si
539 2285 620 2318 reete
653 2286 786 2316 memini
812 2310 820 2321 ,
853 2285 1135 2320 observationibus
1158 2307 1169 2324 ‚
1202 2296 1273 2326 quae
1320 2294 1387 2315 rem

375 2329 477 2371 ipsam
500 2352 512 2368 ,
543 2326 749 2369 dignoscendi
785 2326 850 2368 ejus
885 2328 1019 2362 modum
1043 2353 1054 2368 ‚
1099 2331 1130 2361 ἅ
1163 2339 1260 2369 quam
1298 2325 1389 2358 facili

377 2374 502 2406 ratione
526 2373 559 2407 in
583 2370 657 2403 illos
679 2370 765 2412 ipsos
788 2372 881 2403 Sinus
906 2373 1045 2404 immitti
1092 2379 1207 2412 queant
1254 2370 1389 2404 medica-

378 2426 486 2450 menta
510 2438 519 2452 ‚
555 2412 794 2457 patefecerunt,
820 2424 884 2446 non
909 2414 971 2447 sine
1004 2416 1178 2448 Anatomes
1204 2435 1213 2450 ,
1247 2414 1299 2446 cui
1333 2413 1389 2445 illa

377 2461 489 2494 omnia
514 2457 670 2494 debentur
693 2481 705 2498 ,
739 2458 855 2489 eximia
899 2458 992 2491 laude
1016 2483 1023 2490 .
1065 2458 1154 2490 Nam
1199 2455 1220 2489 fi
1269 2465 1389 2488 veteres

378 2503 562 2544 Chirurgi,
585 2512 620 2534 ut
644 2499 687 2534 est
709 2511 724 2532 a
751 2501 792 2535 ud
815 2500 943 2535 Celsum
969 2502 1020 2545 (c
1041 2505 1054 2541 )
1078 2524 1089 2540 ,
1126 2511 1234 2533 narem
1271 2499 1391 2532 incide-

384 2559 416 2581 re
435 2571 446 2588 ,
471 2558 546 2579 mox
569 2543 724 2580 transuen,
740 2555 788 2576 am
805 2566 815 2581 ‚
840 2542 1021 2587 docebant,
1044 2553 1079 2578 ut
1105 2543 1142 2576 ad
1166 2544 1262 2584 longe
1286 2544 1391 2577 minus

387 2591 531 2624 abditam
554 2598 670 2621 ozaenae
694 2586 796 2620 sedem
822 2587 874 2620 sua
897 2589 1061 2630 pervenire
1084 2585 1226 2629 praefidia
1250 2586 1392 2628 possent3

387 2645 470 2669 nunc
493 2633 656 2665 Anatome
680 2631 785 2667 multo
809 2632 1040 2674 expeditiorem
1059 2634 1120 2665 &o
1146 2630 1328 2665 tabiliorem
1345 2642 1394 2663 ra-

387 2680 513 2713 tionem
534 2674 648 2710 docuit
669 2698 681 2715 ,
714 2685 774 2716 qua
810 2677 993 2716 perveniant
1017 2677 1050 2710 in
1075 2673 1111 2706 ab
1135 2673 1315 2707 itiffimam.
1341 2677 1394 2708 An

381 2733 458 2756 vero
484 2719 541 2762 (id
563 2718 651 2760 quod
675 2718 704 2751 E
729 2717 853 2752 istolam
879 2717 957 2751 hanc
978 2717 1158 2757 recensens,
1182 2719 1213 2749 in
1226 2719 1396 2760 Prograrn-

388 2774 471 2801 mate
492 2763 633 2806 quodam
655 2762 700 2804 (d
747 2772 829 2794 nunc
848 2764 990 2804 primurn
1004 2763 1067 2804 legi
1078 2760 1397 2794 EruditiffimiGun-

388 2809 434 2844 zii
460 2811 470 2847 )
505 2804 636 2841 eandem
659 2803 791 2837 curandi
824 2806 979 2839 rationem
1008 2806 1064 2851 JO·
1087 2805 1186 2837 Henr.
1213 2803 1397 2848 Meibonius

393 2851 576 2889 invenerit,
600 2851 633 2884 ὃς
666 2848 826 2885 Hemicus
859 2860 987 2892 quoque
1020 2848 1088 2892 ejus
1121 2847 1204 2880 filius
1241 2849 1273 2880 in
1307 2848 1397 2883 usum

388 2894 517 2929 duxerit
543 2915 555 2933 ,
587 2891 645 2924 alii
669 2889 797 2923 videant
821 2914 829 2925 .
863 2891 932 2933 Ipse
965 2894 1049 2926 enim
1070 2915 1079 2930 ,
1115 2901 1228 2933 praeter
1274 2892 1396 2924 exitum

386 2948 441 2985 pet
466 2934 646 2972 evulsorum
671 2933 814 2967 dentium
839 2934 979 2969 alveolos.
1000 2948 1014 2968 e
1037 2936 1204 2969 Maxillari
1229 2935 1305 2968 Sinu
1328 2946 1395 2966 ma-

393 2982 481 3015 teriae
505 2978 641 3018 datum,
663 2986 849 3012 caeterorum
872 2989 942 3020 quae
975 2993 990 3013 a
1014 2983 1175 3020 Cowpero
1210 2978 1279 3011 sunt
1302 3002 1313 3018 ,
1347 2979 1396 3009 ni-

392 3024 466 3062 hil,
490 3032 646 3065 tanquam
668 3019 997 3098 Meibomiisdpariter
1020 3031 1133 3057 notum
1150 3047 1158 3062 ‚
1183 3022 1236 3055 hic
1274 3020 1396 3063 profer-

397 3069 449 3107 ri,
472 3065 721 3103 animadverto:
747 3066 825 3106 quin
849 3066 858 3096 i
884 3076 933 3098 em
956 3079 993 3100 ex
1028 3073 1117 3111 parte
1148 3065 1269 3100 fatetur
1301 3067 1392 3098 Gun-

392 3112 487 3152 zius,
510 3122 526 3143 a
549 3120 616 3152 quo
640 3108 776 3151 denique
799 3107 908 3141 addita
930 3111 1027 3143 etiam
1052 3110 1135 3150 alia,
1159 3109 1196 3142 ad
1232 3107 1396 3151 persicien-

393 3155 466 3191 dam
489 3164 557 3189 eam
580 3153 783 3187 curationem
821 3153 989 3189 attinentia
1007 3177 1021 3193 ‚
1053 3164 1116 3186 non
1149 3153 1310 3185 illibenter
1341 3164 1395 3185 co·-

391 3197 549 3241 gnosces.
586 3198 693 3236 Qem
729 3204 833 3231 autern
866 3195 903 3229 ad
940 3196 1074 3230 modum
1097 3197 1260 3231 transferri
1284 3197 1392 3237 priora

390 3242 448 3276 illa
472 3239 584 3283 poffint
609 3239 646 3274 ad
671 3241 765 3273 Sinus
789 3240 980 3281 Frontales,
1003 3252 1056 3282 per
1079 3250 1110 3273 te
1133 3240 1198 3282 ipse
1211 3240 1394 3281 intelliges,

392 3284 416 3322 fi
440 3285 555 3318 horum
580 3282 682 3318 sedem
705 3282 898 3323 attenderis,
920 3286 952 3319 ὃς
975 3283 1170 3327 propositam
1194 3284 1227 3317 in
1243 3283 1394 3326 suppura-

394 3331 484 3361 tione
506 3338 575 3370 quae
598 3328 631 3361 in
654 3326 729 3369 ipsis
754 3326 874 3359 accidat
894 3350 907 3367 ,
932 3339 946 3359 a
973 3326 1108 3361 Palfinio
1140 3331 1152 3366 (
1175 3338 1190 3360 e
1212 3331 1226 3366 )
1257 3328 1395 3362 terebra-

392 3374 536 3405 tionem:
563 3381 632 3413 quae
656 3381 701 3403 res
725 3381 789 3404 non
812 3370 884 3403 esl'et
905 3370 1035 3413 quidem
1060 3371 1196 3413 optanda
1221 3369 1298 3405 adeo
1318 3393 1330 3410 ,
1362 3373 1394 3403 ἅν

394 3416 465 3452 sua,
492 3424 528 3452 ut
550 3415 637 3449 idem
659 3415 758 3458 paulo
782 3423 852 3448 ante
874 3413 1009 3448 ostendit
1028 3438 1040 3454 ,
1076 3413 1246 3457 conjuneta
1281 3414 1394 3447 habere

395 3458 492 3503 posset
515 3458 742 3492 incommoda.-
766 3457 815 3490 sed
838 3465 943 3490 tamen
968 3458 1061 3499 longe
1085 3457 1226 3500 majora,
1254 3460 1286 3490 δι’
1310 3469 1395 3490 mor-

395 3513 461 3538 tena
483 3502 620 3547 denique
646 3501 747 3544 ipsam
770 3512 832 3535 non
854 3511 962 3535 curata
985 3513 1117 3543 ozaena,
1141 3505 1172 3536 δι’
1205 3503 1305 3535 caries
1338 3501 1394 3537 se‘·

982 124 1140 180 Liber
1173 124 1210 173 l.
1244 122 1330 174 De
1364 120 1571 174 Morbis
1603 119 1808 183 Capitis

1444 210 1616 245 penumero
1643 198 1795 231 attulere.
1823 199 1892 231 Ubi
1915 210 1990 233 vero
2010 198 2075 232 nasi
2098 198 2187 233 ulcus
2220 206 2309 231 extra
2341 200 2435 233 Sinus

1443 244 1514 278 esset
1525 267 1538 283 ,
1561 253 1617 274 nec
1637 240 1811 282 constaret,
1835 241 1873 275 ad
1894 254 1970 285 quas
1994 243 2129 277 omnino
2162 252 2288 285 partes,
2311 245 2343 279 &
2359 255 2438 286 qua-

1442 299 1534 321 tenus
1557 285 1585 318 se
1609 284 1803 325 extenderet,
1826 286 2007 319 Valsalvam
2039 287 2171 318 memini
2194 285 2354 329 quidquid
2387 287 2438 319 in-

1439 332 1613 365 noxiorum
1638 326 1850 362 remediorum
1871 328 2038 372 injiceret,
2062 339 2117 371 per
2148 328 2282 362 fistulam
2313 328 2440 372 injecis-

1441 374 1468 407 se
1485 398 1494 413 ‚
1516 372 1604 414 cujus
1627 380 1724 412 caput
1742 395 1754 411 ,
1777 375 1808 405 &
1835 372 1953 407 summa
1977 373 2074 406 latera
2097 371 2235 418 undique
2267 372 2445 407 foraminu-

1441 419 1480 451 lis
1505 413 1628 459 pertusa
1651 413 1769 454 essent,
1802 416 1889 448 nulla
1923 425 1958 448 ut
1990 426 2060 458 pars
2091 414 2259 457 aspersione
2291 425 2407 449 careret
2429 446 2438 455 ,

1442 461 1533 495 Idem
1555 469 1683 501 quoque
1706 469 1779 490 curn
1802 470 1856 501 per
1879 459 1968 494 ulcus
1990 457 2105 498 exedi,
2128 460 2159 491 δε
2185 457 2336 493 subsidere
2356 461 2439 494 inci-

1443 513 1529 547 peret
1553 504 1685 542 Septum
1709 499 1794 540 nafi,
1817 502 1907 535 simul
1931 503 2064 534 internis
2088 501 2285 544 externisque
2317 514 2439 546 pugna-

1441 550 1496 581 bat
1522 544 1652 579 auxiliis
1668 567 1680 583 ,
1703 555 1739 576 ne
1763 545 1852 578 ulcus
1876 544 2044 582 cresceret,
2067 544 2160 579 simul
2195 545 2275 577 leves
2310 547 2439 582 tubulos

1445 590 1572 625 naribus
1597 587 1727 620 indebat
1750 599 1783 620 ea
1805 587 1930 628 forma,
1952 591 1982 621 δι
2007 587 2247 630 magnitudine,
2272 598 2308 622 ut
2331 595 2440 625 conci-

1445 637 1552 668 dentes
1576 628 1638 677 nas}
1664 631 1719 663 alae
1743 633 1872 671 minus,
1893 643 1958 673 quo
1980 631 2018 666 ad
2040 632 2107 678 ejus
2136 630 2204 664 fieri
2238 631 2337 675 posset
2356 658 2369 675 ,
2403 636 2441 668 ab

1444 677 1581 712 naturali
1607 674 1704 716 ligura
1727 673 1918 707 recederent.
2238 676 2240 678 ’

1489 732 1539 762 23.
1567 721 1747 764 Sequuntur
1771 729 1840 761 quae
1865 718 1901 750 ad
1925 716 2193 761 haemorrhagiam
2215 720 2340 753 narium
2364 722 2440 753 atti-

1444 772 1518 797 nent
1542 762 1810 796 Observationes.
1835 762 1957 795 Earum
1979 763 2048 794 aliae
2070 761 2108 795 ad
2131 763 2328 796 curationem
2341 766 2440 805 perti-

1441 817 1536 845 nent,
1562 817 1660 850 neque
1683 805 1716 835 in
1742 813 1946 838 mortuorum
1969 804 2154 846 corporibus
2187 804 2304 840 habitae
2337 807 2405 840 sunt
2430 820 2437 840 .-

1441 852 1511 883 aliae
1536 861 1609 882 vero
1632 849 1665 880 in
1689 846 1739 880 his
1763 847 1895 890 quidem
1919 848 1989 881 sunt
2004 846 2143 888 habitae,
2165 847 2216 882 sed
2229 860 2292 883 non
2305 850 2358 883 ubi
2372 863 2440 883 ma-

1440 896 1526 927 xime
1550 892 1729 936 debebant,
1750 891 1782 922 in
1817 891 1891 924 naso
1924 891 2075 924 videlicet
2096 915 2103 922 .
2138 892 2249 934 Itaque
2285 904 2440 936 perpauca

1440 937 1605 971 dumtaxat
1630 934 1835 976 subjiciemus
1859 946 1928 976 quae
1954 934 1991 967 ad
2025 943 2195 976 utrumque
2228 947 2324 979 genus
2358 938 2441 969 atti-

1440 990 1554 1017 neant,
1582 992 1596 1012 a
1620 977 1756 1012 secundo
1778 979 1990 1020 incipientes.
2013 979 2098 1010 Cum
2123 978 2360 1020 frequentibus,
2386 989 2440 1014 aut

1440 1025 1563 1066 magnis
1587 1034 1640 1066 per
1664 1033 1750 1055 nares
1774 1020 2019 1064 haeinorrhagiis
2043 1020 2199 1054 viscerum
2225 1023 2328 1055 labem
2360 1036 2440 1056 con-

1436 1067 1551 1110 jungi,
1576 1066 1691 1109 jecoris
1702 1065 1901 1107 praesertim,
1927 1069 1953 1098 δε
1970 1064 2085 1104 lienis,
2109 1064 2354 1099 Observationes
2365 1078 2442 1099 con-

1438 1110 1564 1144 firmant
1589 1110 1683 1142 XIV.
1710 1112 1741 1141 ἃ
1764 1109 1857 1141 XVI.
1884 1104 1998 1151 plteter
2021 1108 2096 1140 alias
2107 1118 2183 1150 quas
2203 1108 2315 1143 addere
2328 1120 2442 1151 potes,

1438 1157 1470 1186 in
1496 1155 1607 1196 primis
1632 1163 1727 1185 unam
1753 1152 1905 1184 Mauricii
1929 1150 2120 1185 Hoffmanni
2145 1150 2247 1195 (f).
2275 1154 2345 1187 Nec
2379 1155 2442 1186 mi-

1438 1209 1533 1235 mm5
1559 1208 1630 1229 nam
1654 1194 1714 1228 sive
1737 1206 1770 1226 ea
1793 1195 1873 1226 vitia
1909 1193 2090 1227 effufionem
2125 1194 2287 1238 sanguinis
2322 1208 2442 1240 praece-

1439 1241 1540 1278 dunt,-
1565 1243 1612 1272 ita
1648 1237 1739 1280 hujus
1777 1237 2035 1271 distributionem
2071 1248 2278 1282 naturamque
2314 1251 2444 1283 perver-

1441 1294 1513 1317 tunt
1528 1308 1539 1324 ,
1563 1293 1598 1317 ut
1622 1294 1693 1316 curn
1717 1280 1882 1314 difficilius
1908 1293 1961 1323 per
1983 1290 2146 1319 ventrem,
2172 1281 2298 1316 facilius
2314 1307 2326 1324 ,
2343 1283 2442 1323 rideo-

1439 1339 1501 1371 que
1524 1325 1685 1370 copiosius
1698 1336 1751 1367 per
1766 1324 1926 1367 superiora
1939 1323 2061 1357 seratur
2075 1324 2201 1370 ,dimus
2219 1327 2265 1359 bb
2283 1338 2321 1369 aq
2337 1324 2440 1367 seam,

1440 1380 1494 1404 aut
1518 1379 1619 1404 acrem
1643 1369 1785 1401 indolem
1818 1369 1942 1402 exitum
1976 1369 2051 1401 hinc
2086 1369 2144 1401 nbi
2181 1379 2234 1403 aut
2267 1370 2410 1403 inveniat
2434 1391 2444 1407 2

1440 1424 1495 1447 aut
1520 1424 1638 1456 paret,
1663 1412 1724 1445 sive
1750 1413 1909 1455 sanguinis
1933 1411 2170 1454 profusionibus
2195 1425 2228 1446 ea
2259 1414 2321 1446 viti
2376 1414 2446 1448 suc-

1440 1458 1581 1497 cedunt,
1607 1458 1639 1489 in
1665 1457 1752 1488 illius
1778 1457 1900 1489 alveum
1925 1455 1967 1487 ob
2001 1457 2209 1490 imminutam
2242 1456 2324 1491 refist
2366 1459 2446 1491 tiam

1442 1502 1547 1535 multa
1573 1499 1694 1534 affatim
1719 1500 1903 1539 confluent,
1931 1510 2001 1540 quae
2025 1500 2069 1531 ob
2092 1500 2125 1533 id
2160 1501 2266 1543 ipsum
2299 1512 2341 1534 no
2397 1512 2447 1534 re-

1440 1554 1549 1587 parent
1573 1544 1662 1588 quod
1686 1542 1768 1575 deest
1780 1542 1941 1584 sanguinis
1954 1566 1965 1581 ,
1990 1542 2039 1575 scd
2050 1543 2138 1585 quod
2152 1543 2267 1584 restat,
2287 1544 2447 1586 obstant,

1440 1600 1576 1630 eumque
1601 1588 1808 1624 inertiorem,
1833 1586 2072 1625 craffioremve,
2095 1590 2126 1620 §e
2151 1587 2190 1620 ad
2214 1598 2337 1621 moram
2393 1599 2447 1621 ro-

1441 1644 1517 1665 num
1541 1640 1636 1664 tanto
1660 1630 1790 1662 facilius
1814 1629 1979 1668 efficiant,
2004 1629 2092 1671 quod
2116 1641 2179 1663 non
2216 1630 2273 1663 nisi
2308 1643 2323 1663 e
2357 1632 2447 1665 bono

1442 1676 1588 1713 sanguine
1612 1675 1688 1706 boni
1715 1672 1797 1704 succi
1822 1672 1936 1705 secerni
1962 1672 2089 1714 possunt
2115 1673 2152 1706 ad
2176 1674 2297 1707 bonum
2309 1672 2446 1718 ch'ylum

1440 1714 1678 1751 conficiendum
1698 1743 1703 1747 .
1729 1718 1837 1757 Igitur
1859 1726 1971 1760 eorum
1993 1715 2151 1761 vis-‘cerum
2176 1718 2259 1751 labes
2283 1718 2449 1753 interdurn

1441 1761 1483 1795 est
1506 1761 1595 1795 cansa
1612 1789 1620 1802 ,
1644 1759 1805 1792 interdum
1829 1760 1958 1805 effecius
1983 1758 2078 1800 huJus
2105 1759 2353 1803 haemorrhagiae
2383 1773 2391 1794 .·
2416 1766 2449 1794 &

1441 1807 1585 1849 quamvis
1610 1816 1687 1837 mox
1710 1815 1780 1845 quae
1804 1812 1869 1835 erat
1894 1803 2044 1838 effeetus,
2068 1803 2158 1836 causa
2185 1804 2262 1842 fiat,
2286 1816 2304 1836 n
2331 1816 2448 1848 nquam

1442 1860 1546 1882 tamen
1571 1848 1719 1891 proxima
1742 1845 1830 1878 causa
1854 1846 1916 1885 est,
1940 1845 1990 1878 sed
2016 1855 2159 1878 remota.
2298 1851 2321 1881 P
2340 1851 2450 1882 oxima

1442 1890 1572 1935 quidem
1595 1893 1684 1924 causa
1708 1889 1848 1922 corrosio
1872 1890 1927 1921 illa
1963 1887 2034 1922 esset
2068 1888 2381 1936 vasorumssq‘uam
2415 1894 2449 1925 in

1440 1937 1515 1968 XV.
1542 1935 1774 1968 Observatione
1799 1935 1843 1965 ait
1868 1932 2011 1972 holcus,
2040 1932 2067 1965 se
2094 1932 2296 1981 observaviffe
2309 1937 2341 1969 in
2352 1943 2450 1970 Ana·
2478 1947 2491 1959 *x

1441 1987 1523 2012 tome
1547 1990 1657 2011 eorum
1680 1978 1733 2020 qm*
1750 1977 1914 2019 sanguinis
1934 1974 2021 2017 fluxu
2045 1987 2060 2009 e
2082 1977 2209 2010 naribus
2233 1981 2414 2013 moriuntur
2438 1991 2450 2019 ς

1439 2022 1459 2054 si
1484 2022 1522 2054 de
1545 2021 1622 2054 vasis
1647 2033 1716 2064 quae
1740 2023 1774 2052 in
1797 2021 1900 2052 caveis
1925 2021 2051 2053 narium
2076 2019 2172 2061 sunt,
2195 2022 2344 2056 locutum
2371 2022 2451 2061 esse,

1438 2065 1594 2097 constaret
1610 2078 1620 2096 .·
1644 2075 1717 2098 nam
1740 2063 1824 2106 quod
1849 2063 1887 2095 de
1910 2064 2009 2095 initio
2032 2064 2137 2097 venosi
2164 2066 2231 2107 ejus
2266 2067 2357 2099 Sinus
2393 2069 2452 2110 qui

1439 2108 1542 2141 Fascis
1567 2109 1719 2151 Superior
1745 2107 1891 2146 dicitur,
1915 2105 2044 2139 videtur
2070 2108 2184 2150 loqui,
2209 2109 2241 2142 id
2267 2121 2349 2143 certe
2382 2112 2448 2143 ini-

1439 2153 1525 2185 tium
1548 2152 1634 2184 intra
1657 2162 1745 2183 nares
1769 2161 1833 2183 non
1857 2149 2066 2189 extenditur3
2091 2162 2127 2184 ut
2163 2155 2311 2195 quamvis
2344 2153 2452 2187 eadem

1441 2196 1529 2228 causa
1555 2206 1627 2238 quae
1652 2194 1723 2227 vasa
1749 2196 1834 2226 intra
1858 2194 1913 2227 has
1938 2193 2081 2226 eroderet
2097 2218 2109 2235 ,
2134 2195 2219 2229 illud
2241 2208 2369 2240 quoque
2402 2200 2453 2229 in-

1441 2238 1566 2272 terdum
1591 2238 1748 2277 erosislet,
1773 2238 1810 2269 ab
1833 2238 1892 2270 illo
1917 2246 2021 2270 tamen
2046 2236 2160 2272 effusus
2186 2241 2335 2282 sanguis,
2358 2252 2453 2273 ecra-

1441 2284 1497 2314 nio
1522 2282 1692 2315 secundum
1717 2291 1862 2315 naturam
1885 2281 2084 2322 constituto,
2109 2284 2294 2317 descendere
2317 2296 2381 2318 non
2395 2296 2453 2327 po-

1441 2322 1547 2359 tuisset
1572 2326 1605 2358 in
1630 2335 1740 2362 nares,
1764 2324 2034 2368 quemadmodum
2059 2338 2098 2358 cx
2122 2327 2318 2361 Schneidero
2330 2329 2453 2361 cumin

1445 2369 1600 2409 Scholio,
1624 2368 1674 2400 illi
1699 2367 1931 2400 Observationi
1956 2367 2124 2410 subjceto,
2149 2380 2219 2404 turn
2243 2374 2383 2405 maxime
2418 2372 2453 2403 in

1445 2424 1478 2445 ea
1501 2423 1570 2453 quae
1594 2412 1740 2453 proxime
1766 2410 1934 2454 praeposita
1958 2411 2019 2447 est,
2048 2413 2093 2443 ΙΙ.
2119 2415 2311 2457 Appendjce
2344 2417 2453 2449 adver-

1448 2456 1495 2488 sus
1521 2456 1627 2497 plures
1649 2455 1793 2497 egregios
1817 2456 1962 2496 alioquin
1988 2455 2111 2495 Viros,
2134 2460 2191 2499 qui
2226 2461 2353 2491 narium
2387 2459 2454 2493 hae-

1443 2498 1723 2540 morrhagiamex
1747 2498 1805 2531 illo
1830 2499 1907 2530 Sinu
1929 2497 2104 2536 deduxere,
2130 2501 2219 2542 plane
2257 2502 2453 2537 demonstra-

1444 2553 1514 2575 tum
1540 2541 1603 2575 est.
1631 2541 1679 2574 Hi
1704 2543 1761 2584 qui
1786 2540 1929 2580 fuerint,
1953 2552 2048 2585 atque
2071 2544 2131 2575 alia
2156 2556 2339 2588 perperam,
2366 2547 2451 2578 inter

1447 2585 1631 2619 Schneideri
1654 2584 1770 2622 verba,
1797 2595 1834 2616 ne
1858 2587 2033 2627 suspicante
2057 2588 2190 2629 quidem
2215 2590 2333 2623 lec‘tore
2367 2601 2452 2633 prae-

1446 2628 1612 2674 termissa,
1635 2639 1690 2662 aut
1714 2628 1887 2674 oscitanter
1907 2629 2065 2675 descripta
2083 2652 2093 2668 ‚
2116 2632 2260 2666 Auftore
2294 2633 2365 2677 ipso
2400 2635 2452 2667 in-

1448 2674 1556 2716 specto
1570 2686 1583 2713 5
1606 2675 1776 2714 cognosces
1791 2697 1797 2704 .

1492 2728 1542 2758 24.
1570 2717 1726 2751 Quamvis
1752 2726 1855 2750 autem
1881 2717 2036 2750 Valsalvae
2050 2716 2268 2761 Observatio,
2295 2721 2452 2754 Bononiae

1449 2761 1547 2794 etiarn
1571 2771 1654 2792 nunc
1678 2771 1751 2793 cum
1776 2760 1869 2793 laude
1892 2771 2163 2802 commemorata,
2191 2764 2301 2797 habita
2326 2775 2391 2797 non
2413 2762 2452 2796 sit

1449 2807 1482 2836 in
1506 2803 1698 2845 corporibus
1721 2813 1949 2842 mortuorunm
1975 2815 2039 2837 non
2065 2805 2105 2838 est
2130 2816 2235 2840 tamen
2268 2808 2321 2841 hic
2351 2808 2452 2841 omit-

1448 2847 1541 2881 tenda
1556 2871 1568 2887 ,
1591 2847 1718 2889 quando
1742 2848 1841 2880 etiam
1865 2849 1897 2879 in
1924 2847 2133 2891 Sepulchreto
2150 2874 2163 2891 ,
2185 2861 2221 2884 ut
2247 2861 2317 2884 ante
2349 2851 2419 2884 dixi
2439 2873 2450 2889 ,

1449 2891 1701 2924 Observationes
1727 2889 1976 2934 producuntur,
2000 2891 2088 2925 velut
2111 2905 2145 2926 ea
2168 2906 2238 2937 quae
2261 2896 2294 2927 in
2318 2896 2451 2937 Appen-

1447 2934 1516 2968 dice
1539 2934 1580 2967 est
1601 2935 1627 2966 Ι.
1642 2933 1680 2967 ad
1704 2935 1900 2968 curationem
1926 2936 2113 2970 attinentes.
2140 2939 2203 2972 Vir
2226 2938 2451 2972 Nobiliffimus

1448 2978 1615 3021 postquam
1631 2977 1667 3011 ad
1680 2977 1911 3011 confirmandos
1925 2980 2076 3013 articulos
2087 2982 2188 3021 ,lutis
2199 2983 2361 3024 Euganeis
2372 2982 2451 3014 abu..

1448 3023 1496 3055 sus
1533 3021 1636 3055 fuerat
1660 3044 1669 3059 ‚
1700 3023 1801 3063 coepit
1837 3021 1892 3054 esse
1917 3023 2078 3056 obnoxius
2104 3029 2229 3059 narium
2252 3024 2451 3061 haemorrha-

1448 3067 1508 3109 giae
1532 3088 1542 3104 ,
1585 3067 1663 3109 saepe
1709 3064 1788 3097 adeo
1822 3065 1999 3107 redeunti,
2043 3077 2079 3100 ut
2110 3069 2241 3113 singulis
2276 3067 2340 3102 fere
2372 3068 2451 3101 heb·

1447 3108 1592 3143 domadis
1616 3119 1698 3142 nunc
1723 3109 1829 3154 minor
1849 3131 1858 3145 ‚
1893 3121 1974 3144 nunc
1998 3110 2100 3154 major
2121 3137 2134 3154 ,
2157 3125 2239 3147 nunc
2263 3124 2353 3147 tanta
2382 3112 2450 3145 san-

1448 3154 1556 3196 guinis
1580 3155 1675 3196 copia
1701 3152 1916 3187 efiunderctur
1939 3179 1948 3194 ,
1981 3165 2018 3187 ut
2042 3160 2197 3191 summam
2233 3162 2351 3195 virium
2374 3184 2383 3198 ‚
2416 3168 2449 3199 ἃ

1446 3198 1564 3239 capitis
1597 3194 1857 3230 imbecillitatem
1894 3199 2084 3242 relinqueret
2108 3226 2115 3232 .
2153 3203 2414 3243 Qadriennium

1447 3252 1546 3282 eoque
1570 3240 1705 3286 amplius
1728 3250 1776 3272 res
1800 3241 1843 3273 ita
1870 3242 1895 3274 se
1920 3242 2118 3278 habuerunt:
2146 3257 2218 3279 nam
2241 3246 2297 3281 etfi
2318 3259 2369 3280 eos
2393 3235 2449 3284 an:

1446 3295 1503 3317 nos
1520 3310 1528 3323 ‚
1551 3295 1586 3317 ut
1612 3285 1707 3325 ipsius
1730 3283 1904 3330 postulabat
1930 3298 2042 3320 munus
2066 3288 2155 3329 (erat
2178 3292 2262 3324 enim
2286 3293 2450 3337 interpri-

1447 3326 1566 3361 marios
1591 3329 1719 3376 Magna:
1742 3330 1905 3376 cujusdam
1930 3332 2024 3364 Aulae
2048 3332 2213 3368 Ministros
2236 3340 2249 3376 )
2284 3340 2317 3370 in
2348 3340 2447 3374 variis

1447 3373 1552 3413 exegit
1576 3395 1588 3411 ,
1613 3376 1845 3414 praecipuisque
1869 3375 2007 3417 Europae
2032 3377 2235 3413 Civitatibus
2258 3404 2270 3420 ,
2296 3381 2349 3414 ubi
2376 3384 2448 3424 plu-

1445 3426 1477 3446 ra
1502 3425 1572 3464 tum
1596 3425 1742 3464 coram)
1765 3424 1834 3448 tum
1859 3428 1912 3459 per
1935 3418 2057 3453 litteras
2081 3419 2212 3455 consilia
2237 3424 2446 3460 Medicorum

1446 3468 1565 3499 accepit
1587 3470 1601 3497 ;
1636 3470 1742 3492 omnia
1778 3469 1881 3494 tamen
1906 3462 2034 3497 fuerunt
2067 3464 2160 3497 irrita
2186 3490 2193 3497 .
2231 3468 2378 3501 Tandem
2411 3471 2444 3502 in

1447 3503 1586 3534 Patriam
1611 3502 1709 3535 redux
1732 3528 1746 3544 ,
1769 3503 1951 3541 Valsalvani
1979 3506 2111 3541 advocat
2135 3520 2173 3542 eo
2217 3518 2358 3552 tempore
2379 3525 2447 3556 quo

2303 3567 2405 3597 major

478 3667 1126 3701 slim-5.(t)Sest.3.Obs.34.(u)n.1

482 3707 496 3722 a
514 3698 524 3729 )
541 3698 593 3732 Viti.
611 3698 787 3733 Physiologq.
807 3707 824 3723 ι.
844 3707 856 3723 c
884 3708 904 3728 9.
1181 3731 1185 3734 .

486 3728 501 3753 d
518 3734 527 3759 )
543 3737 555 3753 e
573 3734 607 3754 xto
623 3730 653 3754 Α.
673 3736 738 3758 1733·
755 3736 779 3753 in
795 3736 844 3759 quo
860 3730 918 3755 Obs.
936 3730 965 3755 ad
982 3731 1099 3755 Ozaenarn
1117 3730 1241 3757 Maximae
1258 3737 1319 3760 pert.

455 3666 464 3724 s

456 3729 471 3759 ς

1134 3678 1154 3698 ᾳ,
1187 3670 1231 3698 (x
1246 3669 1259 3698 )
1277 3675 1305 3696 tr.
1325 3672 1366 3694 cit.
1384 3671 1452 3700 supra
1467 3671 1495 3696 ad
1512 3679 1534 3695 nv
1554 3679 1588 3699 17.
1606 3673 1645 3696 ch.
1665 3679 1701 3701 15.
1735 3673 1777 3703 (y
1794 3674 1806 3701 )
1826 3674 1886 3698 Ibid.
1921 3674 1964 3704 (z
1979 3676 1993 3704 )
2010 3676 2067 3699 Dec.
2084 3675 2142 3700 Obs.
2161 3678 2207 3701 111.
2229 3680 2302 3702 Anat.
2320 3678 2379 3704 obs.
2399 3689 2434 3706 ro.

968 3700 980 3728 (
998 3700 1011 3721 b
1028 3699 1041 3727 )
1057 3700 1202 3729 Anthi-opos.
1221 3699 1288 3724 book
1304 3709 1326 3724 2.
1344 3704 1381 3728 ch.
1403 3710 1438 3725 ιο.

1385 3733 1399 3761 (
1413 3741 1423 3756 e
1440 3732 1453 3761 )
1469 3731 1505 3756 ch.
1525 3740 1559 3761 ι]
1579 3740 1617 3757 cit.

1501 3702 1510 3729 (
1529 3710 1540 3725 ι·
1556 3703 1568 3730 )
1586 3705 1620 3725 Dc
1640 3704 1729 3727 Medic.
1747 3705 1762 3726 l.
1779 3714 1801 3729 τ’.
1820 3713 1841 3729 c.
1862 3712 1894 3729 11.

1682 3735 1694 3762 ζ
1711 3734 1723 3762 s
1738 3735 1750 3761 >
1768 3735 1828 3762 Εμὶι.
1848 3737 1878 3758 N.
1898 3737 1924 3761 C.
1942 3738 2013 3760 Cent.
2025 3744 2043 3765 9.
2064 3736 2086 3760 8<
2107 3744 2141 3761 10.
2158 3738 2184 3761 in
2200 3739 2310 3768 append.
2323 3741 2343 3764 1.
2355 3741 2442 3772 02:115.
