2498 4075
364 231 522 299 Epist.
560 230 722 283 Anat.
757 231 973 284 Medica
1005 233 1234 282 XXXIX.
1255 226 1374 280 Art.
1411 229 1483 281 16.
1512 244 1578 293 17.
1614 231 1670 282 &
1701 230 1773 282 18.

79 321 137 355 per
157 312 294 348 medium
315 311 475 356 diffedum
494 310 622 343 invenit
646 308 751 343 ulnam
771 307 973 352 ‘Parifiensem
987 307 1080 351 supe-

74 366 171 396 rare,
195 355 250 389 ille
274 356 408 388 veroin
441 354 590 387 Theatro
621 351 685 386 hoc
719 352 826 387 nostro
861 354 945 385 vidit
980 358 1080 385 totam

72 397 250 434 abdominis
273 398 423 441 rigionem
447 406 592 439 occupare
607 421 616 436 ‚
639 395 765 438 ipsaque
787 395 928 435 intestina
942 395 1078 435 cooperi-

74 452 127 476 re.
152 443 263 480 Quam
287 440 451 475 extensum
472 451 602 483 quoque
634 440 668 471 in
701 451 741 473 eo
771 438 825 471 Cl.
860 436 1076 472 Widmannus

77 487 163 524 (c)
196 484 442 528 deprehenderit
462 506 472 521 ,
506 484 564 524 qui
596 483 653 516 vix
687 481 838 516 credibili
860 484 951 524 panis
974 502 983 518 ‚
1018 491 1076 514 nec

71 529 199 563 minori
229 529 372 563 cervisiae
396 529 489 568 copia
512 526 541 559 se
564 525 713 569 quotidie
737 525 870 568 implere
901 524 1078 559 consueve-

73 581 145 609 rat-³
175 573 264 607 illius
284 570 434 605 sostendit
464 569 662 611 descriptio.
796 568 964 602 Interdum
1000 578 1077 601 vero

72 625 140 649 non
163 625 295 658 propter
319 614 448 648 aunam
469 612 748 653 magnitudinem,
771 622 807 646 ut
831 614 977 653 regiones
1000 611 1077 644 alias

74 660 220 699 ventris,
244 659 285 693 sic
309 656 554 699 hypogastrium
578 668 730 699 quoque,
763 656 810 690 sui
847 657 956 698 aliqua
988 662 1077 697 parte

72 712 233 744 occupat3
257 702 308 742 sed
331 699 453 743 justum
485 698 610 734 servans
644 699 878 742 magnitudinis
911 697 1043 731 modum
1068 717 1077 732 2

73 755 129 780 aut
154 747 255 779 altero
276 754 443 783 extremo,
466 753 501 777 ut
525 753 603 784 puta
623 742 778 782 dextero,
801 741 1076 785 quemadmodum

72 789 110 823 in
134 799 316 823 memorato
337 790 351 827 (
374 787 393 819 d
410 786 428 827 )
451 787 600 829 exemplo
622 785 819 820 Bibliothecae
840 785 1042 818 Anatomicae
1066 807 1075 822 ,

71 844 140 875 quo
161 835 191 866 &
217 831 327 874 Meryi
348 832 362 873 (
384 829 436 872 e)
466 831 604 864 alterum
638 829 734 863 addas
756 829 832 862 licet
854 840 867 868 ,·
901 836 957 862 aut
988 835 1077 860 totus

72 875 226 910 deorsum
251 876 340 909 ruit.
367 873 472 907 Ruere
496 883 602 907 autern
626 871 734 914 potest
758 881 813 906 aut
847 871 885 906 ad
918 870 1077 904 inferiora

71 920 214 956 tractus,
237 928 293 952 aut
315 929 354 951 eo
376 917 582 959 compulsus.
608 915 862 949 Trahebaturin
886 910 1078 956 Vesalii(f)

71 973 160 1005 aegro
182 973 198 995 a
221 960 397 1004 graviffimi
420 962 545 994 omenti
569 961 709 1002 pondere
732 960 779 992 ita
802 956 941 999 deorsum
964 967 1002 991 ex
1017 957 1078 999 sua

64 1004 157 1049 fhde,
181 1014 217 1038 nt
239 1005 343 1047 ipsum
369 1005 541 1038 ventriculi
566 1014 681 1037 munus
711 1002 861 1036 deficeret
884 1025 893 1040 ‚
927 1000 1074 1043 ortisque

70 1048 268 1089 singultibus
290 1058 376 1081 mors
390 1049 554 1089 ingrueret
568 1073 576 1080 .
602 1046 809 1081 Trahebatur
820 1056 951 1088 quoque
975 1045 1074 1078 aTe-

66 1092 186 1126 nuibus
208 1092 368 1126 intestInis
389 1101 469 1133 pene
492 1091 663 1128 omnibus,
688 1099 725 1123 ut
747 1090 781 1122 in
795 1088 851 1121 illa
875 1088 984 1130 Meryi
1000 1088 1075 1121 Ob-

68 1134 272 1172 servatione,
296 1136 330 1167 in
355 1133 497 1169 scrotum
521 1135 703 1173 devolutis,
728 1141 784 1165 aut
813 1132 847 1165 in
872 1132 1073 1173 praelongum

68 1180 206 1213 alterurn
230 1179 376 1216 saccum,
401 1187 437 1211 ut
461 1179 494 1211 in
519 1178 580 1211 alia
603 1177 685 1211 Chr.
707 1176 847 1211 Henrici
870 1176 976 1216 Papen
988 1176 1071 1216 (g).

67 1221 234 1257 Deorsum
259 1230 368 1256 autem
391 1221 647 1264 compellebatur
681 1221 716 1253 in
749 1219 820 1252 aliis
850 1219 1071 1262 corporibusa

68 1265 222 1300 Valsalva
245 1264 359 1308 (h),
380 1274 435 1297 aut
459 1276 475 1298 a
501 1275 549 1298 me
572 1268 582 1304 (
607 1265 620 1298 i
643 1267 654 1303 )
675 1262 837 1300 diffeffls,
860 1272 993 1305 urgente
1017 1271 1072 1308 aut

65 1306 210 1352 depresso
231 1307 478 1351 diaphragmate
492 1332 501 1347 ,
523 1316 577 1342 aut
601 1306 781 1350 praegrandi
795 1305 959 1346 jecinore:
981 1316 1074 1347 cujus

67 1352 181 1386 ultimi
203 1353 329 1394 generis
352 1351 529 1395 praesertim
552 1352 624 1384 sunt
640 1350 711 1385 duae
724 1349 982 1385 Observationes
994 1351 1074 1383 Fan-

65 1397 141 1429 toni
165 1399 265 1438 patris
289 1395 341 1438 (k
364 1399 398 1434 ):
432 1406 504 1436 quae
526 1395 637 1428 omnia
659 1394 806 1434 exempla
841 1392 896 1427 hic
931 1404 1075 1427 comme-

67 1451 191 1479 moro,
213 1449 250 1473 ut
274 1440 455 1482 generatim
477 1438 618 1472 indicem
641 1436 846 1480 depreffionis
858 1438 984 1474 causas;
1008 1447 1074 1469 non

65 1482 156 1526 quod
180 1494 289 1518 revera
311 1483 347 1515 in
371 1482 620 1525 hypogastrium
632 1480 729 1524 usque
741 1480 886 1514 detrusus
909 1478 981 1513 esset
994 1490 1073 1513 ven-

65 1526 226 1561 triculus.
357 1527 396 1559 In
420 1525 630 1569 hypogastrio
663 1524 795 1567 quidem
831 1525 872 1557 ab
903 1522 1073 1565 Ruyschio

63 1569 115 1612 (l
135 1573 152 1610 >
179 1568 367 1611 conspestus
389 1569 458 1609 est,
481 1581 555 1603 cum
580 1568 721 1607 mulieris
745 1568 785 1601 ab
809 1566 962 1602 asthmate
985 1576 1074 1599 mor-

61 1621 128 1648 tuae
140 1613 274 1648 cadaver
296 1612 472 1647 incideret.
499 1612 556 1646 Sed
580 1624 682 1654 neque
705 1610 994 1648 causaindicatur,
1018 1619 1075 1645 cut

64 1657 133 1697 ipse
156 1667 227 1690 cum
250 1655 425 1694 intestinis,
451 1655 515 1689 loco
532 1653 590 1698 suo
612 1654 754 1688 naturali
775 1653 883 1687 relisio
899 1678 908 1694 ‚
941 1652 1076 1696 hypoga-

57 1699 172 1740 sirium
195 1697 385 1743 occupaffet,
408 1709 467 1732 nec
489 1710 563 1741 quae
587 1697 747 1733 inusitatae
760 1697 837 1732 huic
861 1696 927 1730 sedi
948 1698 1077 1730 incom-

63 1744 162 1777 moda
185 1744 219 1776 in
242 1746 370 1775 vivente
393 1741 640 1785 responderent:
668 1752 747 1785 quas
770 1742 815 1774 ob
839 1740 946 1775 causas
979 1740 1077 1773 sciens

64 1787 190 1820 omitto
211 1786 309 1824 alias,
333 1786 470 1819 minoris
495 1785 695 1828 praesertim,
717 1784 887 1818 descensus
909 1783 1076 1817 Observa-

62 1831 188 1863 tiones.
214 1830 299 1865 Quae
322 1839 429 1865 autem
453 1837 554 1870 nuper
577 1830 748 1865 adnotavit
771 1828 824 1861 Cl-
839 1829 904 1862 Vir
917 1828 1075 1860 Molinel—

60 1874 122 1908 lius
146 1876 212 1918 (m
230 1873 269 1915 )‚
295 1873 334 1905 ad
358 1872 572 1915 conjunctum
597 1874 707 1915 potius
730 1871 880 1905 morbum
904 1872 1043 1905 alterum
1066 1895 1075 1909 ,

59 1927 96 1952 ut
120 1918 257 1959 opinor,
282 1917 467 1950 attinebant
481 1939 490 1954 ‚
509 1917 661 1951 videlicet
676 1916 714 1951 ad
728 1917 893 1958 ingentem
909 1938 917 1952 ‚
941 1914 1077 1948 durum*-

57 1973 121 2004 que
143 1969 306 1994 tumorem
320 1983 333 1999 ,
353 1961 488 1994 initium
514 1958 641 2002 prorsus
672 1959 899 1993 occludentem
921 1958 1075 1992 Duodeni

58 2003 225 2043 intestini,
249 2003 333 2037 unde
356 2014 420 2037 non
447 2003 552 2036 solum
566 2002 804 2040 difficillimus,
830 2014 865 2035 ac
898 2001 1071 2036 diuturnus

60 2048 211 2082 omnium
232 2048 397 2083 vomitus,
421 2048 454 2080 δε
479 2048 595 2081 macies
619 2047 743 2081 summa
758 2073 766 2087 ‚
790 2048 820 2079 &
844 2046 992 2079 ietericus
1015 2057 1073 2079 co-

60 2092 132 2129 lor,
158 2101 269 2125 verum
293 2091 390 2124 etiam
415 2091 591 2125 ventriculi
616 2093 719 2134 repeti
756 2089 859 2132 potest
892 2090 1075 2131 magnitudo

58 2136 115 2170 illa
139 2141 228 2168 tanta
242 2155 252 2171 ,
273 2142 310 2167 ut
331 2134 371 2166 ad
393 2135 547 2176 regionem
569 2133 662 2177 usque
680 2133 776 2176 pubis
809 2132 1000 2175 descenderet
1031 2132 1073 2164 ἔθ’

59 2177 290 2221 hypogastrium
312 2184 476 2218 occuparet
492 2174 564 2219 fere
598 2184 705 2211 totum
726 2199 735 2214 ‚
769 2186 805 2210 ut
834 2179 865 2208 δι’
900 2174 1073 2217 oesophagi

58 2221 147 2265 justo
171 2219 276 2262 major
299 2218 495 2261 longitude,
519 2222 551 2253 δε
574 2220 663 2261 quod
685 2219 899 2262 consequitur
915 2244 925 2260 ,
949 2219 1074 2252 ventri-

59 2264 126 2299 culi
143 2262 329 2306 prolapfus.
354 2262 511 2305 Namque
532 2272 570 2296 ut
593 2263 638 2296 ob
656 2263 747 2299 illius
775 2264 914 2297 tumoris
948 2262 1072 2304 pondus

60 2318 204 2344 annexus
226 2306 360 2348 pylorus
382 2305 553 2349 depreffior
575 2315 667 2347 erat,
690 2305 734 2340 fic
765 2306 810 2340 ob
844 2307 905 2340 viae
938 2307 979 2339 ab
1011 2307 1075 2340 hoc

61 2352 102 2386 ad
126 2349 277 2384 intestina
301 2348 539 2386 occlusionem‚
561 2350 651 2388 cibi,
677 2350 892 2394 potionesque
906 2359 978 2384 tum
999 2350 1075 2384 diu-

59 2397 128 2431 tius
152 2393 379 2432 immorando,
403 2392 621 2428 ventriculum
655 2392 932 2436 amplificaverant
954 2416 965 2430 ,
1000 2403 1074 2427 tum

60 2438 201 2481 denique
224 2436 340 2479 saepius
363 2437 549 2476 irritando,
573 2439 605 2470 &
628 2437 661 2470 in
686 2437 847 2471 violentas
872 2437 1074 2471 con-tractio-

62 2493 139 2519 nes‚
161 2479 252 2523 quod
274 2479 468 2514 difficillima
490 2481 634 2514 vomitio
656 2480 841 2518 indicabat,
873 2480 1036 2522 adigendo
1059 2505 1072 2521 ,

60 2534 244 2564 connexum
266 2534 342 2557 cum
366 2523 472 2557 altero
502 2523 635 2558 orificio
669 2523 883 2567 oesophagum
918 2524 1073 2558 distraxe-

57 2579 154 2606 rant,
176 2569 209 2601 &
231 2567 413 2609 longiorem
446 2565 609 2606 fecerant3
633 2577 670 2602 ut
693 2570 734 2601 in*
750 2569 813 2602 hoc
837 2567 910 2602 casu
932 2568 972 2602 ad
995 2579 1073 2601 ven-

79 2613 174 2649 ticuli
196 2608 455 2653 magnitudinem
468 2611 636 2655 prolapsus
648 2610 830 2653 accesserit,
854 2610 943 2651 isque
966 2623 1073 2645 acau-

54 2622 100 2693 iis
131 2654 281 2691 deorsum
312 2664 379 2687 non
413 2655 688 2697 compellentibus
711 2679 721 2696 ,
754 2655 807 2690 sed
842 2655 1070 2689 trahentibus.

192 2698 294 2732 Nunc
317 2697 479 2732 Valsalvae
505 2698 725 2737 Observatm,
748 2698 770 2733 si
794 2710 869 2734 cum
893 2698 942 2732 his
964 2700 1071 2732 omni-

60 2743 122 2778 bus
143 2741 440 2819 Olssservationibus
459 2739 670 2781 conferatur,
704 2755 805 2786 quam
838 2754 907 2777 rara
940 2740 1037 2776 fuerit
1061 2766 1072 2781 ,

64 2799 82 2822 a
130 2797 181 2821 are
208 2794 256 2818 it.

85 2798 164 2864 pp&
188 2827 340 2868 Valsalva
363 2829 467 2871 igitur
490 2839 555 2862 non
580 2838 704 2872 partem
727 2830 905 2867 ventriculi
940 2837 996 2862 aut
1026 2829 1071 2862 ob

63 2875 192 2911 auflam
215 2872 499 2914 magnitudinem,
523 2883 579 2906 aut
601 2875 646 2906 ob
670 2882 833 2907 mutatum
856 2873 986 2907 alterius
1017 2884 1073 2905 ex-

64 2918 165 2953 tremi
177 2914 295 2955 situm,
318 2914 372 2964 sed.
394 2924 504 2950 totum
530 2914 669 2950 fundum
693 2918 727 2950 in
750 2918 983 2960 hypogastfio,
1005 2927 1071 2949 non

62 2965 100 2997 in
122 2961 256 3004 regione
277 2958 456 2993 umbilicali
470 2984 480 3000 ,
503 2959 713 3002 deprehendit
727 2984 735 2992 .
758 2961 997 2994 Convulfiones
1021 2961 1072 2992 vi-

63 3006 190 3042 scerum
212 3013 286 3046 quae
309 3011 419 3037 ventre
441 3004 654 3038 continentur
668 3029 677 3045 ‚
699 3003 880 3046 graviffime
903 3003 965 3037 huc
978 3004 1073 3037 illum

63 3051 292 3085 detraxerant,
315 3056 386 3079 eam
411 3055 538 3089 partem
561 3049 767 3082 extenuando
781 3070 791 3086 ,
816 3059 919 3090 eoque
941 3049 1074 3089 longio-

63 3104 135 3129 rem
159 3088 350 3130 efficiendo,
371 3099 444 3132 quae
466 3092 790 3133 gulaecontinuatur.
814 3091 904 3124 Nam
927 3091 983 3124 etfi
997 3092 1074 3124 Nlo-

65 3135 209 3172 linellius
231 3137 246 3174 (
266 3143 287 3166 n
307 3133 454 3175 >gulam
477 3135 577 3176 ipsam
601 3135 721 3169 factam
753 3137 935 3178 longiorem
968 3134 1072 3173 vidit,

64 3182 238 3216 Fautonus
261 3185 367 3210 autem
388 3185 482 3218 pater
504 3180 538 3211 in
561 3180 664 3221 prima
689 3179 743 3222 (o
764 3182 778 3218 )
801 3182 839 3213 de
850 3178 973 3212 duabus
996 3189 1074 3221 quas

67 3220 346 3261 commemoravi,
371 3219 665 3256 Observationibus
687 3222 814 3257 crebras
837 3221 1007 3256 adnotavit
1031 3233 1076 3255 ae-

67 3266 231 3312 grotantis
249 3263 394 3306 querelas
414 3263 455 3297 de
477 3263 588 3306 lingua
610 3277 682 3309 quae
706 3267 767 3300 fibi
789 3265 888 3300 basim
913 3265 1017 3298 versus
1028 3277 1075 3298 re·-

68 3310 159 3346 trahi
191 3307 364 3342 videbatur
384 3328 394 3345 ‚
425 3306 552 3342 indicio
584 3308 668 3345 haud
699 3309 838 3343 obscuro
857 3334 867 3349 ‚
900 3320 936 3343 ut
969 3309 1074 3342 Filius

66 3351 279 3391 Dofflffimus
301 3353 529 3393 interpretatus
540 3351 583 3386 est
597 3352 649 3394 (p
666 3352 705 3393 ),
726 3352 876 3387 deorsum
895 3353 990 3386 traffl
1003 3363 1080 3394 pro-

70 3398 229 3440 duffique
260 3394 460 3436 oesophagi,
492 3406 550 3429 nec
581 3394 677 3429 facile
711 3405 810 3431 tantae
859 3396 1079 3439 longitudinis

70 3451 172 3486 quam
194 3438 348 3473 Valsalva
370 3436 557 3481 conspexit,
581 3449 650 3480 pars
684 3440 794 3483 aliqua
815 3450 910 3481 rapto
934 3440 972 3473 ad
995 3438 1079 3473 infe-

72 3487 161 3521 riora
184 3481 366 3525 oesophago
376 3481 520 3524 neganda
543 3481 605 3519 est3
629 3491 737 3517 tamen
750 3484 882 3525 quando
905 3482 1079 3525 illumipse

72 3527 212 3570 agnovit
244 3524 284 3560 ad
306 3525 524 3559 ventriculum
548 3526 703 3566 attinere,
724 3526 865 3561 inficiari
891 3538 954 3561 non
967 3526 1056 3560 decet
1071 3550 1080 3565 ‚

74 3570 153 3608 huic
176 3571 283 3605 multo
305 3569 445 3603 maxima
467 3580 508 3602 ex
531 3579 619 3611 parte
630 3568 720 3604 fuisse
730 3571 956 3606 tribuendam.
978 3570 1080 3611 Quod

126 3671 561 3685 .,.-.-..---

225 3718 282 3748 Λᾶ,
296 3720 329 3743 N.
346 3719 378 3743 C.
394 3719 469 3744 Tom.
484 3723 507 3744 6.
524 3719 584 3745 ΟΜ.
604 3728 653 3750 ¹49·

224 3751 261 3773 De
276 3756 343 3778 corp.
359 3749 429 3773 hum.
445 3750 507 3775 fabr.
524 3753 543 3775 1.
560 3760 580 3781 5.
589 3758 611 3776 c.
628 3760 652 3782 4.

234 3778 292 3804 Obs.
309 3779 379 3804 Med.
396 3781 472 3805 Anat.
489 3789 512 3811 ς.
528 3780 552 3805 δι
567 3789 604 3810 ²4·

235 3819 258 3834 n.
276 3817 314 3840 ις.
331 3809 415 3871 ῐηζῆὲι.
475 3812 490 3841 ι
505 3820 519 3835 a
534 3817 545 3842 >
561 3811 624 3873 ochi}

805 3729 829 3745 n.
847 3729 883 3751 14.
903 3722 929 3747 in
947 3721 991 3746 fin.

779 3725 790 3749 )

777 3752 806 3807 gs
828 3785 901 3807 Anat.
919 3783 987 3807 Chir.
1008 3785 1044 3812 5⁶·

783 3814 797 3843 )
813 3813 897 3837 Schol.
914 3814 944 3838 ad
960 3814 1029 3838 eand.
1046 3811 1110 3838 Obsa

715 3720 761 3751 (d

666 3753 774 3841 (ιῗὸ

750 3819 768 3843 Ρ
808 3843 917 3874 (x)n.
936 3852 958 3873 9.

138 3717 155 3746 (

138 3748 156 3806 ἓ

141 3808 159 3868 ἓ
224 3847 246 3867 c·
260 3847 298 3870 71·
638 3820 689 3874 ἴε.
705 3850 744 3874 75·

1976 245 2063 292 ης

1129 302 1189 339 nisi
1212 302 1258 337 ob
1279 302 1347 339 haec
1370 316 1441 347 quae
1465 307 1565 339 modo
1586 305 1802 340 animadversa
1826 306 1898 341 sunt
1913 306 2056 346 anobis,
2078 306 2131 339 di-

1129 347 1282 381 scrimina
1306 348 1478 390 singularis
1500 348 1574 382 esset
1595 349 1683 382 inter
1705 360 1834 384 caeteras
1864 349 2023 383 Valsalvae
2056 351 2131 382 Ob-

1117 391 1290 428 .servati03
1313 400 1402 426 certe
1423 394 1467 425 ob
1490 392 1572 426 illud
1593 390 1669 426 ess'et
1684 416 1692 430 ,
1714 392 1805 435 quod
1827 404 1902 427 cum
1938 393 1972 425 in
2004 394 2130 426 caeteris

1127 434 1222 468 fimul
1246 434 1363 478 aliquae
1387 434 1459 482 aliae
1481 435 1608 480 pessime
1633 434 1753 469 affectae
1765 446 1854 470 erant
1867 437 1988 470 ventris
2001 437 2130 475 Partes,

1128 487 1370 514 momentum,
1394 489 1506 520 Jecur,
1528 490 1581 513 ren
1596 479 1696 518 alter,
1723 490 1891 521 pancreas,
1915 477 2131 515 Duodenum,

1127 520 1256 555 aliudve
1288 521 1503 562 intestinum,
1526 524 1558 555 &
1578 534 1592 562 ;
1623 532 1662 556 ne
1695 523 1871 556 ventriculi
1902 523 2000 565 ipsius
2031 532 2131 555 noxas

1127 564 1203 598 alias
1225 565 1441 602 omittamu53
1465 574 1519 599 aut
1552 566 1687 609 pylorus
1718 577 1797 606 pene
1824 566 2010 600 obstruc'tus
2032 588 2041 603 ‚
2074 574 2131 599 aut

1128 608 1264 650 parietes
1287 618 1399 643 omnes
1420 610 1562 642 maxime
1582 610 1706 649 laxati3
1728 610 1762 642 in
1786 609 1944 642 Valsalvae
1965 608 2131 644 Observa-

1128 653 1217 684 tione
1249 650 1332 685 nihil
1366 651 1485 687 horum
1501 675 1511 691 ,
1535 652 1606 690 sed,
1631 653 1761 694 dempta
1784 653 1840 685 illa
1863 652 2015 694 supremae
2051 662 2129 684 ven-

1128 695 1238 728 triculi
1261 695 1362 736 partis
1377 695 1611 738 productione,
1637 696 1799 738 quidquid
1812 704 1878 729 erat
1891 696 1988 734 vitii,
2011 696 2045 727 in
2069 694 2132 728 hu-

1124 739 1176 778 jus
1201 737 1352 781 prolapsu
1375 738 1503 772 visceris
1527 738 1742 776 consistebam
1767 749 1803 772 ut
1828 739 1866 772 ad
1886 737 2132 780 peculiariahu-

1126 781 1178 824 jus
1201 781 1309 814 morbi
1333 781 1522 816 addiscenda
1546 781 1633 825 signa
1657 782 1741 815 faesia
1765 781 1821 815 esse
1853 781 2020 815 videatur.
2044 781 2131 821 de

1127 825 1199 858 sane
1223 825 1271 858 ita
1291 826 1326 857 in
1350 837 1384 859 ea
1408 823 1566 868 expressa,
1591 825 1906 868 &perspicuasunt,
1930 833 1967 858 ut
1990 822 2132 858 difficul-

1127 878 1177 901 tas
1199 880 1270 910 quae
1296 868 1399 910 major
1422 881 1439 902 a
1463 869 1559 902 nobis
1580 870 1614 902 in
1637 869 1702 903 hoc
1726 867 1819 902 fuisse
1839 891 1849 906 ‚
1887 877 1985 911 quam
2015 867 2051 900 in
2082 866 2133 899 di-

1128 911 1311 955 gnoscendo
1335 922 1464 946 tumore
1487 913 1590 954 uteri,
1613 912 1700 946 dic-sa
1720 912 1765 945 est
1788 914 1802 950 (
1823 923 1841 954 q
1866 915 1876 949 )
1895 933 1903 947 ‚
1928 922 1991 944 non
2016 922 2056 944 ex
2079 909 2133 942 in-

1129 956 1290 989 diciorum
1311 955 1445 989 obscura
1469 954 1722 997 significatione,
1748 955 1799 989 sed
1821 966 1859 988 ex
1872 954 2009 988 indicati
2023 953 2135 987 morbi

1128 999 1262 1032 raritate
1286 997 1325 1032 fit
1347 999 1548 1032 aestimanda.
1575 1001 1702 1033 Verum
1722 1010 1778 1032 nec
1802 1000 1915 1031 raritas
1940 996 2004 1040 ipsa
2029 995 2135 1039 potest

1124 1042 1295 1084 sagacitati
1317 1053 1433 1075 eorum
1457 1042 1582 1076 obstare
1602 1043 1661 1085 qui
1684 1042 1814 1075 solerter
1847 1040 1933 1084 signa
1967 1043 2135 1083 inquirere

1128 1086 1254 1125 sciant,
1276 1095 1372 1127 atque
1397 1085 1612 1128 perpendere,
1635 1086 1756 1127 quippe
1779 1086 1812 1118 in
1839 1083 2029 1126 sebiionibus
2055 1105 2065 1120 ‚
2097 1093 2135 1116 ut

1125 1128 1273 1163 Valsalva
1297 1137 1385 1166 erat,
1411 1140 1447 1160 ac
1469 1129 1501 1161 in
1524 1129 1737 1169 operationum
1759 1135 1852 1169 atque
1875 1126 2057 1160 utilitatum
2081 1128 2133 1158 in-

1124 1182 1289 1207 ternarum
1312 1171 1457 1205 Partium
1475 1169 1707 1205 inventionibus
1730 1170 1897 1204 exercitati
1917 1183 1925 1202 ι
1962 1180 2034 1211 quae
2068 1169 2135 1203 duo

1125 1216 1271 1250 Galenus
1297 1220 1307 1255 (
1332 1215 1401 1256 r),
1425 1212 1590 1257 postquam
1602 1214 1780 1251 docuerat,
1807 1212 2085 1255 quemadmodum
2108 1213 2136 1244 i-

1124 1260 1177 1304 pse
1201 1258 1370 1301 cujusdam
1396 1258 1612 1292 ventriculum
1635 1268 1791 1300 parvum,
1813 1260 1844 1289 &
1869 1256 2067 1294 rotundum,
2091 1255 2136 1288 al-

1126 1303 1227 1338 terius
1250 1313 1358 1336 autem
1382 1300 1517 1335 vesicam
1542 1313 1699 1344 parvam,
1721 1303 2005 1343 &prominentem
2024 1325 2033 1340 ,
2057 1300 2138 1332 alia-

1127 1359 1189 1390 que
1211 1346 1261 1379 his
1286 1345 1473 1390 obscuriora
1496 1343 1719 1387 cognovisset,
1744 1346 1777 1377 in
1792 1343 1936 1378 Medicis
1947 1344 2006 1384 qui
2023 1341 2135 1386 facul-

1126 1389 1438 1465 tatembdignofiendi
1461 1390 1539 1422 talia
1562 1386 1704 1430 consequi
1723 1396 1873 1430 cuperent
1887 1413 1896 1429 ,
1920 1388 2059 1421 omnino
2082 1397 2133 1420 re-

1155 1444 1223 1467 uire
1251 1442 1280 1465 at
1297 1457 1305 1465 .

1129 1445 1150 1476 q
1173 1487 1223 1519 17.
1250 1476 1342 1510 Idem
1365 1484 1473 1510 tamen
1498 1476 1596 1517 paulo
1627 1484 1702 1508 ante
1733 1474 1817 1516 (f)
1850 1473 2005 1508 docuerat
2027 1496 2040 1514 ‚
2072 1482 2137 1515 quae

1124 1519 1209 1553 intra
1233 1529 1342 1562 corpus
1356 1518 1454 1561 sunt,
1476 1529 1535 1551 non
1556 1516 1748 1561 omniapoffe
1760 1516 1916 1560 cognosci,
1938 1517 1970 1551 &
1994 1521 2006 1557 (
2018 1520 2138 1558 t)qute

1126 1562 1183 1596 sub
1208 1562 1333 1596 sensum
1356 1574 1419 1597 non
1443 1562 1583 1600 cadunt,
1605 1571 1640 1593 ea
1664 1568 1785 1594 tentare
1808 1567 1945 1602 oportere
1968 1571 2061 1602 quam
2071 1569 2140 1592 rna-

1127 1608 1211 1640 xime
1230 1603 1306 1648 fieri
1324 1605 1444 1648 potest,
1460 1605 1488 1648 fi
1510 1615 1569 1637 non
1590 1602 1755 1646 certiffima
1780 1603 1917 1646 scientia
1931 1624 1940 1639 ‚
1971 1600 2139 1644 artificiosa

1122 1649 1237 1693 saltem
1266 1648 1440 1691 conjebiura
1463 1645 1732 1689 comprehendere:
1757 1657 1897 1688 cumque
1917 1647 1986 1681 haec
2008 1657 2080 1689 quae
2092 1656 2145 1678 re->

1128 1694 1264 1727 tulimus
1278 1718 1286 1733 ,
1310 1693 1421 1726 omnia
1443 1693 1484 1727 de
1507 1693 1550 1724 iis
1570 1691 1704 1723 internis
1727 1690 2018 1724 constitutionibus
2040 1688 2144 1722 dixis-

1130 1736 1174 1770 set
1200 1747 1273 1778 quae
1296 1735 1371 1770 sunt
1396 1747 1412 1768 a
1436 1744 1571 1770 natura,
1597 1744 1673 1767 mox
1700 1737 1711 1772 (
1736 1735 1790 1777 u)
1824 1744 1874 1767 eas
1907 1745 1979 1777 quae
2016 1731 2088 1767 sunt
2123 1745 2140 1765 a

1129 1780 1270 1817 morbo,
1293 1778 1524 1822 dignoscendas
1547 1775 1606 1811 esse
1621 1803 1630 1817 ,
1653 1778 1840 1816 indicavit,
1864 1787 1903 1810 ex
1925 1777 2141 1819 operationum

1127 1822 1317 1866 laesionibus,
1339 1830 1396 1855 aut
1419 1822 1469 1857 his
1502 1832 1566 1864 quae
1594 1829 1823 1857 excernuntur,
1858 1827 1915 1853 aut
1946 1817 2106 1854 doloribus
2131 1843 2143 1859 ,

1127 1874 1184 1901 aut
1207 1865 1383 1903 tumoribus
1403 1874 1514 1907 praeter
1534 1871 1701 1902 naturam,
1724 1872 1779 1898 aut
1801 1864 1913 1897 horum
1935 1861 2141 1906 quibusdam,

1125 1909 1177 1944 'vel
1201 1908 1360 1943 omnibus.
1386 1910 1429 1944 Et
1462 1909 1554 1944 doffte
1602 1908 1710 1943 uidem
1735 1934 1744 1950 ‚
1776 1917 1812 1941 ut
1846 1916 1974 1943 tantum
2006 1906 2142 1941 decebat

1128 1954 1349 1996 Magistrum,
1372 1953 1542 1988 monstrati
1588 1964 1617 1986 ic
1641 1953 1736 1986 nobis
1759 1951 1831 1985 sunt
1856 1952 1919 1985 loci
1940 1972 1949 1990 ‚
1986 1953 2018 1985 &
2046 1948 2137 1993 quasi

1125 1997 1232 2032 fontes
1257 1996 1441 2039 signorum.
1466 1998 1524 2032 Sed
1549 2008 1583 2030 ea
1606 1995 1687 2039 saepe
1723 1995 1911 2038 implicatio
1946 1994 2139 2030 morborum

1125 2043 1187 2082 est,
1211 2045 1237 2074 is
1259 2043 1407 2074 Partium
1431 2040 1620 2079 consensuS,
1655 2040 1929 2083 atquesvicinitas
1947 2062 1958 2078 ,
1993 2050 2029 2072 ut
2063 2049 2144 2072 raros

1124 2084 1287 2128 certissima
1310 2085 1366 2118 illa
1383 2083 1518 2127 scientia
1542 2084 1694 2127 speranda·
1719 2085 1760 2118 fit
1769 2094 1783 2124 ‚·
1805 2084 1953 2119 crebrius
1965 2080 2138 2125 artificiosis

1125 2129 1302 2171 consectum
1326 2129 1498 2169 tentanda,
1520 2130 1551 2163 δε
1576 2127 1716 2162 modeste
1741 2128 1984 2171 verecundeque
2016 2136 2139 2168 propo·

1125 2172 1248 2207 nenda.
1275 2172 1378 2214 Qod
1403 2183 1477 2206 cum
1501 2171 1577 2207 alias
1599 2169 1704 2207 facere
1726 2172 1897 2212 consuevi,
1922 2181 1994 2207 turn
2017 2172 2051 2203 in
2064 2170 2142 2213 qui<-

1126 2215 1259 2250 busdarn
1283 2227 1348 2249 non
1372 2217 1418 2251 ita
1443 2217 1643 2261 pervulgatis
1674 2216 1799 2253 casibus
1833 2216 1915 2253 mihi
1951 2213 2139 2251 faciendum

1128 2260 1332 2308 existimavi,
1356 2261 1416 2305 qui
1439 2263 1524 2297 inter
1547 2263 1623 2295 illos
1644 2271 1740 2295 erunt
1751 2273 1833 2305 quos
1856 2261 1920 2304 iam
1944 2261 2008 2295 tibi
2031 2272 2069 2293 eo
2083 2271 2139 2293 or-

1127 2305 1202 2339 dine
1226 2306 1400 2346 subyiciam
1417 2328 1426 2342 ‚
1448 2316 1485 2340 ut
1509 2306 1549 2339 iis
1572 2306 1630 2349 qui
1646 2316 1684 2339 ex
1699 2306 1851 2341 Valsalva
1875 2304 2142 2349 propositisunt..

1126 2349 1149 2381 si
1173 2360 1239 2382 non
1263 2359 1431 2383 tumorum
1456 2359 1592 2387 natura,
1615 2351 1647 2383 &
1671 2349 1763 2392 sede,
1795 2360 1827 2384 at
1847 2352 1993 2393 'regione
2025 2348 2139 2382 saltem

1128 2393 1252 2430 media,
1277 2402 1330 2426 aut
1355 2394 1421 2426 ima
1443 2404 1543 2436 quam
1564 2394 1599 2426 in
1623 2403 1735 2428 ventre
1757 2395 1967 2437 occupabant
1991 2402 2137 2427 tumores

1126 2437 1207 2479 ipsi,
1231 2435 1466 2478 respondeant:
1491 2438 1715 2480 quanquamis
1737 2439 1969 2472 uudeinitium
1993 2436 2136 2474 sumam,

1126 2480 1223 2522 paulo
1248 2480 1400 2514 altiorem
1424 2491 1463 2514 ex
1486 2492 1578 2523 parte
1601 2480 1773 2515 obtinebat
1797 2482 1931 2523 locum,
1963 2492 2065 2524 neque
2098 2483 2138 2514 ab

1126 2534 1192 2569 uno
1215 2527 1225 2562 (
1249 2533 1271 2557 x
1294 2526 1304 2561 )
1327 2534 1442 2556 eorum
1466 2526 1523 2566 qui
1549 2523 1641 2565 supra
1652 2523 1806 2568 descripti
1819 2526 1917 2566 sunt,
1944 2534 2057 2558 natura
2070 2525 2139 2559 dis-

1125 2569 1278 2609 crepabat
1293 2592 1302 2607 ,
1327 2566 1351 2600 fi
1376 2567 1476 2601 modo
1500 2568 1688 2609 aueurysma
1712 2569 1746 2602 in
1770 2569 1852 2609 illo,
1875 2572 1906 2603 δε
1930 2571 1963 2602 ίη
1987 2568 2051 2602 hoc
2075 2580 2135 2601 no-

1123 2611 1192 2644 stro
1213 2610 1449 2655 agnoscendum
1471 2611 1567 2649 effer,
1591 2612 1624 2643 in
1647 2623 1790 2655 quorum
1800 2614 1904 2646 altero
1927 2614 1972 2647 ob
1996 2611 2138 2646 historiae

1123 2653 1290 2696 figuorum
1314 2654 1529 2692 breVitatem‚
1554 2657 1587 2688 in
1611 2655 1713 2689 altero
1744 2657 1789 2689 ob
1823 2656 1945 2691 nullam
1980 2657 2136 2690 consecu-

1124 2707 1191 2731 tam
1215 2700 1389 2733 sestionem
1412 2710 1481 2732 rem
1504 2709 1564 2740 pro
1587 2708 1675 2732 certa
1700 2698 1856 2733 affirmare
1881 2711 1946 2733 non
1970 2701 2047 2735 licet
2063 2725 2070 2732 .

1174 2744 1221 2776 18.
1255 2743 1437 2784 Honesta,
1470 2745 1500 2774 &
1525 2743 1576 2784 pia
1611 2743 1721 2785 Virgo
1758 2754 1857 2777 annos
1889 2754 1963 2778 nata
1997 2751 2137 2785 quatuor

1123 2787 1155 2819 δι
1184 2787 1400 2830 quadraginta
1422 2810 1436 2828 ,
1468 2787 1521 2821 cui
1545 2785 1674 2827 sanguis
1706 2785 1859 2820 haeftenus
1891 2786 2027 2830 singulis
2048 2798 2137 2820 men==

1124 2830 1211 2865 sibus
1245 2831 1391 2864 ubertim
1425 2841 1481 2873 per
1504 2838 1635 2862 uterum
1666 2827 1905 2872 responderat,
1943 2842 2019 2865 cum
2053 2830 2137 2865 flue-

1123 2886 1157 2907 re
1189 2886 1254 2908 uno
1289 2873 1357 2916 jam
1382 2895 1392 2911 ,
1426 2883 1522 2916 atque
1546 2873 1648 2906 altero
1683 2872 1790 2906 mense
1822 2874 1961 2917 omnino
1984 2875 2136 2909 intermi-

1123 2916 1208 2952 sisset
1223 2943 1231 2958 ,
1254 2919 1345 2961 queri
1369 2918 1472 2958 coepit
1496 2916 1534 2950 de
1546 2915 1796 2958 palpebrarum,
1819 2919 2036 2952 &oculorum
2057 2929 2136 2960 pru-

1124 2963 1217 3002 ritu,
1241 2963 1273 2994 &
1296 2962 1335 2994 de
1357 2960 1512 2993 brevibus
1524 2959 1679 3001 quidem,
1705 2959 1756 2994 sed
1779 2962 2040 3002 recurrent-ibus,
2062 2974 2138 2995 cor-2-

1123 3004 1192 3045 dis,
1218 3014 1254 3039 ut
1277 3004 1342 3047 ipsa
1355 3003 1487 3047 quidem
1512 3004 1636 3045 ajebat,
1664 3003 1955 3047 palpitationibus.
1980 3006 2132 3039 Cumhae

1125 3057 1256 3090 repente
1290 3049 1455 3090 graviores
1490 3045 1581 3081 faetae
1614 3046 1733 3086 essent,
1755 3050 1787 3081 &
1821 3047 1969 3086 affiduae3
1994 3050 2138 3083 advoca--

1126 3103 1218 3125 mur.
1246 3092 1338 3125 Tum
1361 3101 1446 3132 aegra
1470 3100 1506 3124 ut
1529 3101 1638 3124 earum
1661 3091 1758 3124 nobis
1781 3090 2043 3129 sedemindicet‚
2068 3103 2137 3126 non

1126 3137 1234 3178 peetus
1259 3134 1342 3175 fibi,
1365 3134 1416 3167 sed
1435 3134 1642 3177 epigastrium
1667 3136 1794 3178 tangit.
1821 3135 1960 3170 Manum
1983 3135 2138 3169 huicim-

1128 3181 1300 3221 ponimus,
1321 3181 1353 3211 &
1375 3177 1492 3211 durum
1512 3177 1700 3219 quoddam,
1725 3191 1759 3212 ac
1783 3179 1902 3221 grande
1925 3188 2043 3220 corpus
2065 3189 2137 3211 ma-

1125 3234 1192 3264 gno
1215 3224 1341 3265 impetu
1365 3222 1509 3261 vibrari,
1532 3224 1564 3254 &
1588 3232 1719 3255 manum
1742 3221 1842 3255 ferire
1864 3246 1872 3261 ‚
1907 3222 2103 3264 percipimus
2126 3246 2135 3255 .

1126 3266 1298 3308 Ingentem
1308 3261 1434 3298 dixisses
1449 3264 1681 3306 aneurysmatis
1692 3263 1812 3299 subesse
1833 3274 2019 3304 tumorem,
2043 3264 2138 3298 iden-

1127 3310 1229 3344 tidem
1253 3309 1446 3351 pulsationes
1469 3310 1727 3351 ingeminantem
1742 3333 1751 3348 ,
1774 3316 1990 3349 occupantem
2026 3317 2136 3342 autem

1132 3364 1199 3386 non
1222 3353 1382 3386 modicam
1405 3353 1439 3385 in
1466 3352 1573 3386 medio
1596 3360 1717 3394 partem
1741 3354 1773 3384 ἃς
1797 3351 1970 3393 supremas,
1995 3353 2026 3384 δε
2060 3363 2137 3393 pro-

1129 3398 1224 3430 ximae
1250 3398 1369 3430 ventris
1393 3396 1580 3438 regionem.
1606 3396 1678 3428 Nec
1701 3395 1795 3427 aliter
1818 3396 1889 3428 aliis
1920 3395 2027 3429 visum
2061 3395 2104 3429 est
2127 3420 2135 3427 .

1131 3441 1219 3473 Mihi
1256 3450 1331 3473 vero
1361 3450 1434 3473 cum
1465 3441 1504 3473 iis
1537 3438 1752 3473 conveniebat
1784 3438 1917 3480 quidem
1940 3461 1953 3477 2
1981 3438 2065 3472 nihil
2097 3440 2137 3474 ad

1131 3494 1188 3516 cor
1211 3495 1261 3517 eas
1284 3481 1480 3524 pulsationes
1503 3484 1658 3517 attinere,
1681 3482 1802 3524 quippe
1835 3493 1910 3515 cum
1941 3484 1976 3515 in
2008 3483 2138 3524 pefiore

1132 3528 1219 3561 nulla
1251 3526 1326 3562 esset
1361 3526 1506 3560 vibratio
1529 3550 1538 3564 ,
1569 3524 1718 3567 nihilque
1751 3522 1860 3566 pulsus
1884 3547 1894 3562 ‚
1930 3534 2070 3569 utroque
2103 3527 2138 3560 in

1131 3582 1229 3613 carpo
1252 3570 1368 3604 tentati
1396 3594 1405 3609 ‚
1435 3569 1636 3604 ostenderent
1658 3567 1749 3610 quod
1772 3568 1941 3603 anaturali
1965 3569 2063 3646 mogo
2083 3570 2140 3604 ab·

1996 3623 2012 3645 e
2040 3621 2070 3645 et
2085 3634 2093 3649 ,

1053 3722 1068 3750 (
1083 3729 1095 3746 ε
1114 3722 1121 3747 )
1138 3722 1219 3747 Mem.
1236 3721 1265 3745 de
1280 3721 1381 3746 l‘Acad.
1399 3723 1429 3746 R.
1447 3722 1488 3747 des
1503 3724 1542 3749 Se.
1556 3725 1587 3748 A.
1609 3731 1676 3753 ¹701-
1694 3722 1752 3746 obs.
1773 3731 1796 3751 5-

809 3752 886 3781 Epist.
902 3754 931 3777 de
949 3754 1024 3777 Hem.
1045 3751 1139 3776 Dor-sal.

1107 3784 1116 3807 (
1133 3789 1158 3806 m
1176 3786 1188 3809 )
1204 3784 1344 3806 Commeat.
1361 3782 1391 3806 de
1406 3785 1499 3808 Bonon.
1517 3786 1555 3809 Sc.
1575 3785 1648 3809 Aeaci.
1665 3786 1740 3808 Tom.
1759 3791 1780 3808 a..
1799 3785 1825 3808 Ρ.
1842 3785 1862 3809 1.
1879 3784 1905 3809 in
1920 3778 2015 3811 Meaie.

1203 3753 1217 3781 ζ
1234 3752 1248 3775 b
1268 3755 1273 3778 )
1291 3751 1362 3779 Epist.
1381 3759 1419 3782 ¹7·
1433 3760 1459 3776 n.
1476 3761 1513 3783 ις.
1576 3756 1591 3783 (
1607 3755 1618 3777 ἑ
1633 3754 1646 3782 )
1663 3753 1736 3781 Epist.
1753 3761 1790 3779 ιι.
1807 3761 1831 3778 n.
1847 3761 1886 3783 ²4.

1168 3814 1176 3844 (
1195 3806 1280 3843 {)n.
1299 3820 1335 3841 η.
1352 3812 1377 3837 in
1395 3813 1440 3840 sin.
1500 3815 1515 3844 (
1528 3824 1540 3840 ν
1555 3816 1569 3844 )
1586 3818 1639 3842 Art.
1657 3815 1726 3840 Med.
1744 3821 1764 3839 c.
1781 3821 1821 3844 54.
