2498 4075
795 314 1253 431 Ampliffimo
1313 317 1487 402 Viro

164 531 229 614 P
322 520 612 614 ET
723 527 811 613 R
927 525 1017 611 O
1239 524 1291 607 S
1409 521 1476 606 E
1591 520 1687 608 N
1807 520 1904 611 A
2020 525 2103 612 C

463 705 747 762 Potentiffimi
784 705 1037 756 Galliarum
1070 706 1207 763 Regis
1236 704 1480 751 Archiatro
1513 702 1796 753 Meritisfimo

571 853 790 922 Joan-nes
822 853 1060 919 Baptista
1094 851 1412 918 Morgagnus
1444 851 1491 902 S.
1524 849 1580 904 P.
1614 848 1685 905 D.

181 1032 187 1040 ι
256 1020 435 1039 ὰῖ-
467 1005 569 1051 UM
612 1004 873 1052 REGIAE
913 1006 981 1050 isti
1033 1005 1328 1051 Scientiarum
1379 1001 1820 1048 ACADEMIAE
1861 1018 1978 1049 anno
2022 1014 2147 1054 173102

217 1135 229 1144 Q
284 1140 297 1142 Π
317 1074 436 1144 ῳ,Ξ
483 1081 700 1142 placitum
740 1079 877 1124 fuerit
916 1081 932 1132 (
961 1078 1007 1123 id
1048 1080 1168 1138 quod
1197 1110 1213 1135 ‚
1255 1078 1340 1123 Vir
1380 1075 1651 1133 Ampliffime
1679 1107 1694 1131 ,
1733 1078 1811 1135 qui
1851 1078 1925 1122 vel
1966 1090 2069 1123 ante
2097 1079 2146 1123 id

141 1151 170 1229 ι’
256 1159 266 1161 ”
484 1170 659 1215 tempus
700 1169 864 1212 magno
903 1155 1008 1202 Tuo
1044 1156 1204 1199 merito
1243 1154 1333 1212 jam
1374 1164 1470 1195 eras
1499 1165 1557 1194 ex
1586 1163 1638 1194 eo
1669 1150 1832 1196 Illustri
1863 1152 2029 1207 Coetu,
2058 1155 2147 1198 rni-

314 1261 350 1283 Χ
369 1220 439 1262 *2
484 1227 605 1273 nime
644 1230 864 1283 ignoras)
904 1237 956 1270 ut
995 1241 1067 1273 me
1108 1226 1324 1271 honorem
1364 1233 1542 1268 tantum
1570 1235 1660 1266 non
1688 1223 1821 1270 modo
1849 1237 1939 1269 non
1967 1225 2147 1284 speran-

258 1263 439 1322 Q&
484 1310 577 1344 tem
604 1330 619 1355 ‚
661 1301 735 1344 sed
779 1313 837 1344 ne
875 1299 1143 1354 cogitantem
1168 1297 1350 1357 quidem
1391 1292 1576 1340 REGI
1621 1294 1828 1341 Maximo
1880 1306 2144 1355 proponeret

110 1386 248 1430 quem
297 1374 418 1418 inter
455 1370 549 1415 Vos
589 1371 635 1414 in
665 1370 834 1416 Summi
873 1370 1134 1415 Anatomici
1175 1367 1392 1424 Ruyschii
1434 1365 1588 1411 locum
1636 1366 1918 1412 substitueret
1943 1398 1957 1422 ‚
1999 1383 2143 1426 neque

101 1458 185 1500 ego
225 1443 309 1489 nisi
349 1441 603 1498 obsequiosi
642 1443 782 1488 animi
823 1439 980 1486 officiis
1021 1455 1220 1500 unquam
1261 1438 1484 1497 potuerim
1522 1437 1702 1482 eximiae
1743 1437 1807 1481 illi
1840 1438 2009 1483 Vestrae
2038 1453 2144 1495 erga

101 1529 175 1559 me
217 1513 498 1559 Liberalitati
529 1513 789 1571 respondere
810 1541 825 1566 ‚
867 1513 1031 1570 quippe
1060 1515 1134 1557 hic
1159 1511 1330 1558 affiduis
1360 1508 1727 1565 occupationibus
1755 1509 1978 1560 districtus
2007 1511 2146 1563 mei-s,

98 1600 208 1644 quas
236 1616 251 1639 ,
291 1584 402 1643 siqui
443 1582 556 1637 alii,
597 1585 646 1628 hi
688 1583 930 1641 praesertim
969 1582 1073 1629 libri
1114 1583 1333 1627 testantur
1379 1582 1435 1625 de
1476 1580 1655 1624 Sedibus
1684 1609 1699 1632 ,
1740 1583 1784 1624 δέ
1825 1580 1981 1626 Cauiis
2014 1580 2146 1624 Mor-

100 1657 261 1700 borum
300 1669 379 1713 per
418 1655 675 1699 Anatomen
717 1654 932 1711 indagat-is
962 1671 978 1708 ς
1019 1669 1140 1700 nunc
1180 1653 1360 1698 tandem
1400 1652 1447 1695 in
1487 1662 1684 1696 mentem
1723 1652 1848 1695 venit
1876 1651 1938 1695 ab
1968 1651 2144 1705 Huma-

100 1729 239 1772 nitate
280 1726 384 1771 Tua
425 1736 578 1784 petere
605 1755 621 1780 ‚
662 1736 712 1771 ut
751 1727 832 1771 hos
871 1727 984 1785 ipsos
1023 1727 1157 1772 velles
1178 1756 1192 1780 ,
1236 1735 1453 1782 tanquam
1495 1737 1619 1767 meos
1648 1722 1866 1768 veridicos
1907 1723 2143 1766 excusato-

97 1812 166 1843 res
194 1828 210 1852 ‚
253 1797 508 1842 Academiae
550 1797 804 1843 offerendos
842 1812 1002 1844 curare
1026 1833 1037 1842 .
1080 1797 1180 1843 Nec
1219 1796 1409 1840 dubium
1451 1795 1635 1852 quidem
1674 1804 1772 1837 erat
1801 1823 1815 1848 ,
1857 1795 1965 1853 quin
2019 1793 2142 1837 beni-

97 1882 183 1925 gne
221 1869 328 1913 effe-t
370 1867 586 1914 auditura
613 1899 629 1924 ‚
670 1868 704 1912 si
743 1883 824 1926 per
865 1870 935 1916 Te
975 1870 1260 1914 mitterentur
1283 1897 1297 1921 ,
1340 1867 1487 1924 sicque
1528 1864 1627 1922 ipsis
1666 1865 1848 1909 daretur
1888 1864 2014 1909 locus
2073 1876 2138 1909 te-

98 1939 311 1984 stificandi
341 1969 357 1993 ,
394 1949 504 1997 quot
531 1969 547 1994 ,
586 1943 633 1984 δε
673 1949 842 1998 quanta
882 1940 945 1984 ab
982 1940 1058 1985 illa
1098 1941 1334 1986 didicerim
1363 1968 1378 1991 ,
1417 1940 1464 1981 &
1515 1935 1688 1995 quoties
1733 1935 2134 1993 Experientiffimo-
2208 1928 2215 1936 ’

99 2025 202 2055 rum
242 2010 620 2055 Academicorum
648 2041 664 2066 ‚
702 2026 815 2070 quos
856 2013 1122 2057 nominatim
1160 2011 1351 2069 persaepe
1389 2007 1525 2052 laudo
1553 2038 1569 2062 ‚
1610 2007 1722 2051 bene
1751 2008 1918 2053 meritis
1947 2008 2002 2052 de
2033 2008 2138 2052 Me-

96 2082 198 2135 dica
234 2082 463 2126 Anatome
500 2080 725 2127 laboribus
765 2097 884 2128 meos
925 2082 1263 2127 illustraverim.
1298 2126 1306 2130 ,
1434 2080 1516 2124 Sed
1555 2079 1695 2124 altera
1724 2074 1788 2123 exv
1811 2091 1935 2137 parte
1975 2094 2002 2123 a
2042 2081 2136 2137 pri-

97 2167 172 2197 mo
211 2152 399 2197 verebar
426 2181 442 2206 ,
486 2166 542 2197 ne
581 2154 760 2198 viderer
799 2155 948 2197 minus
990 2154 1240 2197 verecunde
1279 2151 1425 2195 facere
1454 2181 1469 2205 ‚
1508 2150 1541 2193 fi
1582 2151 1735 2208 primis
1762 2179 1777 2203 ‚
1820 2164 1929 2207 quas
1958 2151 2019 2194 ad
2063 2151 2131 2195 Te

96 2224 251 2267 darem
280 2253 295 2276 ,
335 2223 495 2269 litteris
523 2252 539 2276 ,
579 2224 690 2268 adeo
731 2223 902 2277 magnis
943 2225 988 2268 in
1025 2238 1099 2267 me
1140 2224 1252 2268 Tuis
1282 2252 1297 2275 ‚
1341 2221 1475 2265 nullis
1513 2223 1621 2266 meis
1661 2221 1708 2264 in
1750 2219 1819 2264 Te
1848 2223 2129 2278 promeritis,

97 2307 188 2338 non
231 2308 311 2353 pro
352 2294 440 2339 illis
482 2295 646 2350 gratias
686 2307 864 2350 agerem
893 2324 909 2347 ‚
948 2294 1023 2338 sed
1059 2304 1110 2338 ut
1150 2293 1237 2338 iilis
1275 2292 1364 2338 alia
1415 2292 1597 2337 adderes
1627 2321 1641 2345 ‚
1692 2304 1820 2335 orare
1870 2293 2084 2337 auderem
2113 2326 2123 2336 .

97 2365 285 2420 Egiffem
325 2379 436 2409 vero·
470 2364 808 2410 cumulatissime
850 2364 922 2408 vel
963 2364 1107 2409 multo
1143 2376 1275 2409 antea
1303 2395 1317 2419 ,
1358 2367 1449 2408 imo
1488 2368 1533 2409 &
1574 2361 1815 2407 retulissem
1843 2392 1858 2417 ,
1899 2363 1930 2406 fi
1964 2365 2124 2410 volun-

95 2438 176 2482 tati
217 2449 296 2494 par
335 2436 441 2480 esset
482 2438 528 2480 in
569 2450 640 2479 me
680 2436 868 2480 facultas
897 2460 915 2489 ς
954 2435 1082 2480 ficuti
1122 2436 1184 2479 est
1223 2436 1282 2479 ad
1321 2436 1511 2491 gratiam
1554 2434 1830 2487 habendam,
1859 2448 1995 2492 quam
2025 2451 2122 2481 cer-

94 2524 140 2552 te
166 2538 181 2561 ,
222 2516 436 2564 quantam
478 2509 725 2552 maximam
765 2507 935 2566 poffum
962 2536 977 2561 ,
1019 2510 1063 2551 &
1101 2506 1243 2550 habeo
1271 2536 1286 2559 ‚
1325 2510 1369 2551 &
1411 2506 1581 2563 semper
1622 2504 1834 2548 habebo.
1889 2507 1952 2550 Ea
2005 2510 2127 2553 enim

96 2579 216 2625 ultro
254 2579 297 2620 in
338 2591 408 2622 me
448 2576 669 2623 contulisti
700 2608 716 2634 ,
756 2587 932 2637 propter
969 2591 1070 2636 quae
1110 2578 1208 2622 sera
1248 2576 1474 2635 posteritas
1516 2577 1528 2628 (
1570 2575 1629 2621 ad
1671 2573 1796 2619 illam
1836 2578 1956 2621 enim
1996 2579 2123 2626 Tuus

94 2652 155 2696 de
191 2649 353 2693 Cordis
393 2651 624 2696 &ruitura
652 2680 667 2703 ‚
707 2649 897 2694 Actione
927 2680 944 2703 r
990 2652 1035 2693 &
1076 2648 1249 2693 Morbis
1290 2647 1553 2693 immortalis
1594 2648 1820 2706 perveniet
1853 2649 2119 2706 Tractatus)

96 2736 201 2766 eum
240 2720 327 2763 hoc
368 2721 529 2766 saeculo
559 2752 572 2776 ,
614 2722 741 2766 fuisse
781 2736 852 2765 me
882 2751 896 2775 ‚
936 2720 1086 2764 credet
1115 2751 1129 2774 ‚
1170 2735 1304 2780 quem
1344 2721 1526 2779 ipsemet
1549 2749 1564 2773 ,
1603 2718 1736 2774 hujus
1776 2733 1884 2764 meae
1923 2724 2125 2767 conscius-

99 2791 417 2837 mediocritatis
459 2808 547 2838 non
585 2795 670 2838 effe
713 2806 783 2837 me
819 2793 967 2837 fateor
990 2824 1000 2835 .
1044 2792 1256 2846 Dedisti,
1297 2793 1452 2852 opinor
1475 2822 1490 2845 ,
1529 2792 1614 2834 hoc
1654 2790 1811 2834 nostrae
1842 2821 1857 2844 ,
1908 2795 1982 2837 cui
2022 2805 2119 2837 tan-=

99 2874 197 2908 tum
238 2863 324 2919 ipse
362 2860 485 2909 faves
509 2897 523 2920 ‚
564 2865 708 2910 ltaliae
733 2896 748 2920 ‚
802 2874 1021 2924 quantum
1071 2868 1180 2909 certi
1227 2865 1410 2923 quidam
1450 2863 1650 2907 homines
1694 2862 1919 2906 adversari
1963 2865 2118 2910 viden-

97 2946 198 2986 tur,·
230 2948 374 2992 neque
402 2940 520 2981 enim
549 2938 696 2997 reapse
736 2938 926 2981 adverso·
952 2938 1104 2980 animo
1129 2937 1217 2981 effe
1243 2937 1389 2995 poffe,
1415 2935 1622 2980 existimo
1646 2963 1664 2985 ‚
1702 2947 1812 2989 quos
1843 2933 1971 2980 ltalia
1994 2965 2009 2989 ,
2038 2945 2117 2980 aut

98 3015 215 3050 certe
246 3007 536 3061 Gymnasium
567 3010 652 3055 hoc
690 3010 888 3055 nostrum
928 3023 1160 3067 nunquam
1199 3008 1506 3067 provocaverit
1535 3038 1546 3048 .
1605 3005 1747 3060 Quod
1788 3006 1958 3050 interea
2015 3021 2117 3056 corr-

98 3089 272 3123 tentum
329 3079 414 3122 erit
470 3080 574 3125 Tuo
599 3111 614 3135 ,
672 3085 717 3128 &
777 3081 966 3126 aliorum
995 3111 1009 3134 ,
1067 3081 1160 3126 Tui
1217 3079 1424 3124 similium
1452 3108 1470 3132 ,
1529 3076 1796 3132 Magnorum
1855 3077 2068 3122 Virorum
2101 3108 2120 3132 ‚

99 3155 143 3196 δέ
201 3151 352 3205 Regiae
410 3151 456 3192 in
512 3153 663 3209 primi-s
722 3155 977 3199 Academiae
1034 3153 1152 3197 istius
1210 3152 1378 3208 judicio
1435 3147 1870 3193 honorificentissimo
1898 3177 1913 3200 ‚
1970 3162 2123 3209 neque*

97 3237 126 3266 a
154 3221 330 3277 posteris
372 3222 594 3268 reticendo
621 3255 635 3278 ,
676 3239 777 3283 quae
815 3240 920 3269 cum
959 3223 1051 3280 lege
1091 3234 1276 3268 cautum
1315 3222 1367 3266 stt
1395 3251 1410 3275 ,
1452 3234 1508 3264 ne
1547 3220 1602 3263 de
1643 3220 1806 3264 exteris
1848 3219 2118 3263 Nationibus

97 3293 311 3338 universis
350 3294 496 3352 plures
537 3296 615 3340 fibi
654 3308 774 3352 optet
816 3298 959 3341 Socios
987 3326 1002 3350 ,
1040 3310 1177 3354 quam
1217 3294 1360 3344 o&o;
1402 3292 1525 3337 binos
1555 3308 1613 3336 ex
1645 3305 1734 3335 uno
1763 3292 1846 3332 hoc
1876 3289 2117 3343 Gymnafio

97 3368 269 3424 optavit
298 3396 312 3420 ,
353 3381 424 3410 me
464 3367 652 3423 benigne·
676 3399 691 3422 ‚
730 3368 1059 3425 liberaliterque
1087 3398 1102 3420 s
1142 3378 1191 3412 ut
1231 3367 1368 3419 dixi,
1408 3366 1677 3409 meritiffimo
1717 3372 1865 3404 autem
1908 3362 2118 3405 Amicum

98 3451 251 3482 meum
281 3437 504 3482 summum
544 3438 853 3484 Marchionem
889 3437 1243 3483 Celeberrimum
1277 3437 1495 3488 ⁴loannem
1537 3435 1750 3479 Polenum
1772 3462 1782 3472 .
1825 3432 2019 3483 Verum,
2060 3433 2120 3477 ad

100 3509 169 3554 Te
193 3519 244 3552 ut
264 3510 444 3553 redeam
457 3525 469 3561 3
495 3523 752 3569 quanquam
774 3512 829 3555 de
853 3511 1095 3555 Academia
1119 3510 1301 3568 loquens
1315 3541 1327 3564 ‚
1352 3524 1377 3553 a
1391 3509 1459 3553 Te
1481 3507 1661 3550 minime
1683 3503 1894 3557 digressus
1916 3502 2014 3546 sum
2026 3521 2042 3555 ,-
2064 3518 2120 3550 ea

100 3581 193 3638 ipsa
216 3595 314 3641 quae
340 3582 488 3639 sponte
512 3596 590 3640 pro
602 3583 705 3627 Tua
717 3583 925 3637 {iugulari
941 3583 1235 3627 Humanitate
1248 3581 1442 3627 tribuere
1456 3580 1566 3622 mihi
1582 3575 1753 3618 voluisti
1767 3604 1780 3626 ,
1806 3587 1884 3626 ea,
1909 3588 2116 3631 mquam,

102 3654 191 3718 ipsa
220 3654 415 3708 faciunt,
445 3670 523 3708 ne,
555 3654 696 3712 siquid
729 3655 796 3697 Te
825 3669 1002 3710 rogem,
1033 3656 1175 3697 vereri
1206 3654 1416 3705 debeam,
1445 3664 1498 3694 ne
1531 3649 1634 3693 Tibi
1666 3647 1817 3690 videar
1848 3646 2010 3700 rogasse
2043 3661 2118 3698 pat-

185 3686 415 3769 Morgagi'ti
433 3714 477 3754 de
508 3710 600 3754 Sed
634 3708 838 3772 ffCauJ.
869 3685 1010 3754 Morb'.
1043 3711 1172 3753 Tom.
1207 3712 1264 3753 Η
1598 3705 1638 3746 Α
1700 3718 1722 3743 2
1963 3718 2062 3745 rum
