2498 4075
6 2535 15 2547 ’·
63 2528 99 2564 in
143 2526 278 2559 Medico

235 190 387 264 Epist.
424 198 586 252 Anat.
616 198 839 252 ·Mediea.
876 200 1106 253 XXVII.
1144 199 1266 251 Art.
1285 213 1330 262 9.
1357 215 1437 251 10.
1464 218 1534 252 ιι.
1559 216 1636 254 12.
1655 202 1710 254 &
1734 216 1805 267 ¹3·

57 282 89 313 &
111 278 148 311 de
172 277 311 319 pectoris
336 276 511 320 angustiis,
534 277 757 320 inquietasque
782 277 811 312 se
834 278 862 311 se
887 278 947 315 huc
967 279 1058 312 illuc-

55 333 114 363 que
137 319 276 353 vertebat
297 344 304 351 .
340 320 438 360 Qod
460 332 533 355 curn
558 321 661 362 spatio
693 318 851 362 temporis
875 333 938 355 non
970 322 1058 355 brevi

56 362 201 403 fecisset;
224 371 349 405 repente
372 364 400 397 se
424 365 504 395 mori
529 363 643 402 sensit,
670 362 824 405 simulque
850 366 966 407 pallens
993 388 1002 401 ,
1028 369 1059 399 &

59 408 86 442 se
110 407 257 449 agium,
279 407 372 440 illico
395 407 538 441 interiit.
670 407 935 442 ABDOMINE
963 407 1059 442 didu-

58 451 112 484 ‹fto
130 475 138 488 ,
172 451 300 483 inventa
323 449 394 484 sunt
417 451 524 483 omnia
558 449 729 486 secundum
759 460 923 486 naturam.

57 493 186 527 Peecore
210 502 314 526 autem
338 503 471 535 aper-tn,
490 495 522 525 δε
546 494 778 535 pulmonibus,
800 496 856 538 qui
881 494 1059 528 antrorsum

55 535 209 579 compulsi
221 545 328 576 erant,
351 535 508 574 dimotis,
533 538 751 578 pericardium
774 538 1001 581 deprehensum
1016 537 1059 572 est

56 581 149 623 nigro
173 604 181 618 ,
205 590 413 622 concretoque
436 578 586 621 sanguine
609 580 780 615 distentum
800 607 807 614 .
841 584 873 615 Is
896 593 912 614 e
935 580 1061 615 sinistro

55 621 162 657 cordis
183 623 362 658 ventriculo
383 623 505 656 exierat
541 636 594 666 per
617 624 776 659 scissuram
810 626 939 667 longam
960 625 1060 658 unciae

53 666 225 701 dimidium
240 690 252 707 ‚
274 669 306 700 ὃ(
331 664 499 699 secundum
523 668 612 701 illius
636 668 869 709 longitudinem
899 666 1026 702 ductam
1050 691 1062 708 ,

53 710 137 742 circa
162 722 258 753 quam
282 708 386 743 cordis
410 707 502 743 fior-22
525 722 589 744 non
613 712 729 745 recenti
763 710 943 745 corrosione
966 710 1061 744 exesae

56 753 353 796 conspiciebantur,

102 809 132 837 9.
156 798 331 831 Nimirum
356 796 446 839 quod
471 797 668 832 Trombellii
700 799 788 832 casus
810 801 827 837 (-
846 795 865 830 b
885 801 899 838 )
922 796 1063 831 ostende-

59 850 130 880 rat,
155 840 205 874 hic
230 840 320 872 nobis
340 839 513 874 confirmat
536 865 547 880 ,
580 853 656 883 quas
680 839 833 874 erofiones
855 841 890 873 in
913 850 984 874 cute
1007 852 1064 873 no-

57 884 162 917 lumus
180 909 189 924 ‚
221 894 269 916 eas
294 881 371 917 hinc
396 884 540 926 depulsas
565 906 573 920 ‚
597 886 750 918 interiora
774 883 857 918 haud
882 895 952 917 raro
974 885 1065 917 inva-

57 926 155 967 dere,
178 929 211 960 δε
234 928 443 970 inopinatum
466 929 603 961 exitium
628 926 753 961 afferre.
779 927 1000 965 Quamobrem
1022 926 1063 958 il-

59 969 113 1004 lud
137 971 280 1012 primum
303 970 478 1004 videndum
501 971 567 1011 est,
590 982 627 1003 ne
649 970 710 1004 fine
735 971 828 1012 longa
853 997 862 1011 ‚
896 982 991 1012 eaque
1012 968 1064 1002 di-

54 1014 191 1055 ligenter
223 1016 326 1048 etiam
351 1024 445 1059 atque
479 1015 577 1047 etiam
601 1013 708 1047 habita
730 1014 958 1048 deliberatione
979 1021 1066 1046 exte-

58 1058 142 1099 riora
166 1056 290 1099 ulcera,
317 1059 438 1101 aliaque
472 1057 506 1090 id
529 1068 624 1100 genus
648 1057 798 1092 diuturna
821 1057 901 1091 mala
925 1055 1066 1098 persane-

31 1102 126 1136 ‘inus
148 1111 160 1137 5
193 1108 269 1134 turn
301 1103 356 1135 ubi
393 1103 526 1134 internis
550 1101 650 1142 magis
671 1124 684 1141 ,
720 1112 816 1143 quam
838 1101 974 1135 externis
998 1111 1068 1142 per-

54 1143 157 1176 sanata
182 1145 334 1179 remediis
357 1144 500 1183 fuerint,
522 1154 557 1178 ut
583 1144 616 1178 id
639 1155 732 1177 omne
744 1144 845 1178 homo
869 1143 994 1177 solicite
1017 1141 1068 1176 fu-

56 1188 124 1219 oiat
148 1187 234 1220 unde
266 1190 383 1222 iterum
406 1189 581 1230 gignantur
612 1187 798 1230 corpuscula
820 1185 970 1220 erodendi
1002 1187 1067 1220 vim

53 1215 209 1263 {abentia
233 1245 245 1265 ;
281 1231 390 1265 deinde
423 1232 508 1274 siqua
544 1241 627 1263 nova
657 1232 737 1264 oriri
761 1232 918 1274 incipiant
941 1232 1067 1263 incom-

55 1272 173 1312 moda,
199 1283 240 1309 ut
265 1276 419 1308 maturius
442 1285 488 1307 ars
513 1274 630 1315 satagat
655 1298 664 1314 ‚
698 1272 718 1307 si
745 1273 828 1307 forte
860 1274 981 1316 priores
1004 1274 1067 1306 illae

55 1315 220 1353 erofiones
252 1319 360 1352 reduci
385 1317 497 1360 poffint
518 1330 529 1355 5
563 1325 592 1349 at
617 1316 638 1349 fi
662 1328 728 1367 non·
748 1317 860 1361 poffint
883 1341 896 1357 ,
929 1325 965 1350 ut
997 1317 1066 1350 aliae

54 1359 258 1397 sufficiantur
281 1374 291 1400 ς
329 1360 490 1394 noviffime
514 1370 550 1394 ur
583 1371 656 1395 cum
679 1363 782 1403 prima
805 1361 923 1394 interni
946 1383 959 1400 ,
991 1371 1083 1402 prae1

54 1402 171 1440 sertim
206 1407 240 1439 in
271 1404 403 1439 thorace
428 1427 438 1443 ‚
472 1403 576 1437 morbi
612 1403 640 1435 se
673 1403 875 1446 prodiderint
908 1402 1030 1436 indicia
1055 1425 1069 1442 ‚

53 1450 210 1490 quamvis
233 1460 265 1481 ea
299 1449 379 1481 levia
404 1446 463 1480 sint
488 1471 497 1486 ‚
521 1446 652 1479 obscura
675 1469 686 1484 ‚
718 1446 866 1489 ambigua
893 1471 902 1486 ,
940 1455 1035 1489 atque
1060 1468 1070 1483 ‚

56 1500 95 1524 ur
119 1491 338 1534 ‘comparando
357 1489 450 1524 facile
472 1490 653 1531 intelliges,
676 1489 740 1523 fere
758 1491 793 1522 in
815 1490 890 1523 aliis
911 1489 994 1526 alia,
1017 1500 1070 1522 ve-

58 1543 169 1569 reatur
192 1534 360 1571 Medicus.
384 1545 422 1567 ne
444 1533 523 1577 quid
547 1534 633 1565 intus
666 1532 798 1567 monstri
822 1533 924 1566 alatur
946 1557 955 1571 ‚
986 1542 1022 1565 ut
1046 1530 1070 1565 si

53 1579 170 1612 :minus
194 1578 296 1612 facere
318 1577 431 1620 possit,
457 1576 686 1616 acrimoniam,
707 1576 858 1618 copiam,
879 1576 1074 1609 concitatio-

54 1632 134 1655 nem
156 1622 321 1664 sanguinis
332 1619 523 1656 minuendo,
546 1629 583 1652 ne
593 1617 719 1652 tandem
742 1618 823 1653 illud
834 1627 961 1662 reperite
972 1630 1075 1652 erum-

59 1674 118 1706 pat
134 1689 147 1705 ,
170 1665 225 1699 det
249 1664 361 1697 saltem
383 1674 538 1703 operam,
559 1670 595 1695 ut
619 1671 716 1704 quam
740 1661 911 1696 tardiffime
931 1684 942 1701 ,
966 1673 1022 1696 nec
1046 1661 1075 1695 se

55 1709 148 1743 suam
169 1707 308 1741 omnino
331 1705 413 1748 apud
434 1707 513 1748 aegri
536 1703 726 1740 domesticos
749 1704 962 1749 suspicionem
986 1715 1076 1739 antea

56 1752 245 1785 occultante
263 1776 270 1783 .
289 1767 291 1770 >

114 1805 164 1828 io.
188 1796 241 1829 De
263 1793 378 1827 ultima
416 1801 522 1826 autem
545 1790 640 1834 hujus
663 1793 786 1836 generis
811 1792 1043 1827 Observatione
1067 1819 1077 1834 ‚

60 1837 98 1872 in
134 1836 352 1880 potentissimo
390 1836 477 1878 Rege
514 1833 623 1869 habita
642 1859 655 1876 ‚
687 1835 777 1878 cujus
808 1834 928 1871 sinister
968 1835 1077 1870 cordis

60 1881 263 1919 *ventriculus
297 1881 447 1912 inventus
478 1877 520 1912 est
550 1877 690 1921 oblonga
725 1878 848 1915 scissura
881 1878 1042 1923 disruptus
1064 1901 1077 1921 ,

63 1923 128 1958 non
161 1924 308 1965 expetens
340 1946 352 1961 ,
384 1922 503 1963 opinor
535 1943 547 1960 ‚
578 1930 615 1954 ut
637 1922 731 1956 verba
762 1921 880 1956 faciam
903 1945 912 1961 ‚
954 1924 1075 1968 quippe

61 1967 101 2002 de
134 1977 166 2008 re
200 1977 265 2005 non
288 1965 351 1999 tibi
386 1964 487 1998 modo
509 1987 521 2004 ‚
555 1962 603 1997 sed
629 1964 777 1998 universo
808 1974 964 2000 terrarum
999 1967 1074 2001 orbi

65 2021 131 2043 non
154 2009 320 2052 incognita
334 2029 362 2042 ,ν
478 2009 560 2041 Eam
583 2007 852 2042 Observationem
876 2009 898 2042 fi
920 2022 993 2044 cum
1014 2020 1075 2043 cae-

64 2054 176 2093 teris,
206 2063 282 2096 quas
315 2052 510 2094 protulimus
542 2074 552 2089 ‚
597 2061 710 2098 novem
742 2052 947 2095 conjunxeris
980 2065 990 2092 3
1035 2052 1074 2087 de

63 2095 172 2130 decem
197 2119 208 2136 ‚
242 2104 295 2129 aut
318 2104 401 2128 certe
433 2093 473 2127 de
496 2094 574 2126 οξτο
596 2103 610 2132 ,·
646 2095 777 2129 secunda
809 2096 893 2130 enim
918 2095 957 2130 ad
990 2095 1075 2130 fistu-

62 2140 126 2172 lam
151 2138 271 2182 spe6bat
293 2138 408 2172 vulnus
430 2137 593 2177 secutam,
615 2148 730 2179 quarta
755 2148 860 2172 autem
881 2151 989 2173 manca
1013 2138 1075 2178 est‚·

62 2194 182 2222 unam,
205 2180 291 2215 haud
314 2181 450 2223 amplius
477 2204 486 2219 ‚
511 2180 644 2222 reperies
668 2192 737 2223 quae
760 2183 975 2216 ventriculum
999 2181 1074 2214 dex-

62 2234 166 2266 terum
181 2223 373 2267 *disruptum
395 2222 565 2256 ostenderit
588 2246 601 2263 ,
634 2234 708 2256 cum
732 2222 850 2263 septem
882 2226 1010 2267 reliquae
1035 2222 1075 2257 fi-

64 2268 199 2302 nistrurn
223 2277 333 2305 omnes
366 2265 571 2312 exhibuerint
591 2289 601 2299 .
632 2267 708 2301 Huc
740 2267 817 2300 alias
850 2267 964 2301 addito
990 2291 1002 2307 ,
1034 2266 1072 2314 de

63 2311 182 2354 quibus
203 2321 277 2343 cum
302 2309 370 2342 haec
396 2309 651 2349 recognoscerem
674 2331 684 2347 ‚
717 2311 836 2343 certior
858 2310 925 2344 sum
951 2310 1071 2344 faetus.

64 2355 216 2396 Namque
237 2362 272 2386 ut
295 2352 385 2385 illam
409 2360 602 2393 praeteream*
626 2362 722 2394 quam
744 2363 782 2386 ex
805 2354 977 2388 Santoriiio
1008 2364 1074 2386 am·

65 2398 163 2440 bigne
198 2397 323 2429 indicat
347 2393 564 2428 Miehelottus
597 2398 611 2434 (
632 2406 648 2427 c
670 2400 684 2434 )
718 2403 869 2438 tanquam
894 2396 961 2438 ejus
984 2395 1073 2429 simi-

64 2441 153 2481 lem,
175 2451 246 2483 quae
271 2451 287 2471 a
311 2437 475 2479 rnesupra
497 2440 510 2476 (
531 2438 552 2473 d
573 2441 587 2477 )
609 2438 643 2470 in
668 2439 790 2472 Veneta
804 2441 935 2473 muliere
957 2438 1072 2473 descri-

63 2482 187 2526 ptaest
210 2495 221 2522 3
259 2483 292 2520 in
315 2480 435 2514 duabus
458 2489 542 2512 certe
565 2492 640 2523 quas
662 2481 696 2513 in
720 2481 805 2515 Viro
830 2485 970 2518 Patricio
993 2505 1005 2523 ,
1038 2486 1070 2516 &

321 2522 462 2571 quodam
507 2522 632 2558 habitas
665 2549 675 2565 ,
723 2525 868 2560 laudatus
907 2528 1071 2561 Marianus

65 2568 149 2603 mihi
184 2567 286 2611 postea
310 2565 502 2609 significavit
525 2590 539 2608 ,
568 2578 586 2600 a
612 2579 660 2600 me
694 2575 799 2603 tecum
833 2570 907 2604 aliis
934 2571 1071 2604 Litteris

66 2615 151 2654 (ε)
185 2609 467 2652 communicandas
489 2633 503 2650 ,
544 2610 687 2657 pertusus
718 2622 784 2646 erat
815 2611 933 2648 sinister
964 2613 1071 2648 cordis

64 2654 279 2689 ventriculus.
304 2653 477 2687 Undenam
502 2663 577 2688 vero
610 2655 731 2688 iad—stum
754 2655 897 2692 dicemus
918 2680 928 2696 ‚
962 2666 998 2691 ut
1022 2657 1070 2690 ibi

66 2699 176 2736 multo
199 2699 299 2731 rarius
322 2697 490 2740 contingat
512 2698 622 2740 ruptio
641 2721 653 2737 ,
667 2724 669 2726 -
684 2698 736 2731 ubi
761 2709 855 2733 tanto
885 2700 999 2744 saepius
1022 2701 1072 2733 vi-

64 2742 161 2776 detur
193 2738 389 2780 metuenda,
420 2748 542 2783 quanto
575 2742 707 2784 parietis
740 2744 912 2778 ventriculi
947 2744 1071 2777 dexteri

65 2783 258 2822 craffitudo‚
282 2786 314 2816 δε
339 2783 436 2817 robur
449 2784 572 2816 minora
596 2784 691 2825 sunt,
714 2784 822 2820 ficum
846 2786 969 2821 sinistro
982 2798 1070 2820 com-

66 2826 246 2872 parentur?
271 2827 414 2861 Primum
436 2825 551 2861 finisti-i
574 2838 644 2869 pars
667 2829 732 2862 ima
755 2831 789 2862 in
810 2842 873 2873 qua
887 2830 998 2873 ruptio
1021 2842 1071 2863 ac-

64 2872 151 2906 cidit
184 2871 218 2902 in
244 2870 380 2918 ,quincta
415 2893 427 2910 ‚
461 2873 494 2903 &
526 2870 613 2903 sexta
644 2872 875 2906 observatione
911 2872 1073 2916 proposita

64 2910 175 2957 (f),
200 2922 351 2952 tenuior,
372 2915 404 2955 ἃ
428 2913 589 2947 infirmior
610 2914 653 2948 est
674 2937 683 2952 ,
707 2927 805 2959 quam
829 2917 930 2959 paries
952 2918 1073 2950 ventri-

65 2957 133 2994 culi
157 2956 279 2996 dexteri
301 2979 310 2986 .
349 2957 472 2990 Deinde
494 2955 607 2991 sinistri
638 2959 685 2992 vis
707 2969 830 3002 quanto
863 2959 964 3003 major
995 2959 1036 2993 est
1058 2982 1069 2998 ,

64 3012 166 3045 quam
189 2998 339 3038 dexteri,
361 3007 452 3040 tanto
476 3004 574 3043 magis
593 3025 607 3041 ,
639 3003 812 3044 praesertim
829 3014 902 3037 cum
925 3002 1070 3038 obstacu-

64 3046 136 3086 Jum
158 3041 339 3092 quodpiam
361 3041 390 3075 se
412 3045 551 3089 opponit
574 3043 723 3088 ‘sanguini
758 3047 797 3080 ab
819 3046 879 3080 illo
903 3048 1032 3080 exeunti
1056 3071 1069 3087 ‚

59 3090 223 3132 *parietem
245 3084 310 3128 ipsa
333 3094 423 3126 urget
447 3087 559 3128 suum,
582 3097 618 3122 ut
642 3088 727 3131 siqua
750 3089 844 3133 hujus
863 3101 933 3134 pars
955 3100 1009 3124 aut
1021 3090 1070 3124 ul-

64 3132 135 3166 cere
158 3155 168 3170 ,
205 3139 262 3162 aur
287 3129 407 3162 ratione
431 3129 491 3166 alia
515 3132 621 3174 aliqua
645 3130 704 3166 sive
729 3145 744 3166 a
769 3133 883 3167 morbo
903 3157 913 3172 ,
946 3132 1007 3166 five
1031 3133 1069 3167 ab

64 3186 141 3211 ortu
162 3173 307 3219 debilior
337 3170 493 3215 fityquam
525 3175 676 3208 naturalis
708 3178 850 3220 requirat
883 3177 1034 3213 iii-uerum
1056 3201 1069 3218 ‚

64 3228 163 3256 tantae
187 3227 245 3259 par
267 3213 325 3249 effe
346 3215 379 3249 vi
402 3226 534 3258 nequeat
550 3240 562 3259 ‚
585 3217 634 3252 sed
657 3219 702 3251 ibi
728 3222 831 3262 paries
852 3244 863 3260 ,
895 3229 1070 3264 quantum-

66 3265 114 3296 vis
140 3261 252 3301 alibi,
283 3261 316 3292 &
339 3260 486 3302 proxime
517 3271 644 3305 quoque
677 3263 751 3297 satis
786 3262 899 3297 crassus
919 3288 929 3303 ‚
962 3274 997 3298 ut
1033 3264 1066 3297 iti

66 3306 202 3342 Harveii
227 3302 462 3337 Observatione
485 3305 541 3350 (ss
562 3307 598 3345 ),
620 3308 653 3339 δι
675 3306 818 3341 robustus
841 3305 879 3341 fit
890 3331 903 3348 ,
925 3318 1069 3351 perrum-

67 3359 163 3390 patur
185 3347 321 3389 denique
334 3368 347 3387 ,
371 3349 403 3379 &
426 3346 589 3382 dehiscat.
722 3351 800 3384 Erat
821 3351 953 3395 quidem
986 3361 1068 3394 prae-

69 3402 116 3426 ter
146 3393 195 3426 eas
218 3402 289 3437 quae
315 3389 451 3439 ‘prolatae
478 3390 550 3424 sunt
571 3415 582 3431 ,
613 3392 806 3427 Observatio
837 3406 963 3438 quoque
994 3395 1070 3428 Viri

67 3437 121 3470 el.
146 3434 323 3469 Christiani
357 3434 470 3467 Vateri
494 3438 508 3475 (
529 3434 551 3467 h
573 3438 587 3474 )
609 3437 779 3471 ventriculi
811 3438 916 3472 cordis
944 3437 1068 3472 dexteri

68 3490 126 3514 non
146 3477 258 3521 procul
278 3489 296 3510 a
319 3486 463 3510 mucrone
481 3502 491 3517 ,
527 3476 581 3511 ubi
595 3478 707 3522 septo,
729 3480 821 3516 velut
842 3483 996 3519 mediante
1011 3481 1068 3524 su-

152 3521 318 3566 Morgagni
329 3520 364 3554 de
377 3523 398 3551 S
399 3520 447 3554 ed.
460 3521 501 3555 ζα·
511 3520 596 3564 caus.
608 3522 710 3558 Morb.
726 3525 825 3558 Torn.
839 3526 866 3558 Ι.

1108 286 1204 318 tura,
1227 276 1372 315 cohaeret,
1396 276 1481 311 ultra
1503 278 1725 322 longitudinem
1748 278 1883 320 unguis,
1908 280 1993 319 rupti
2012 303 2020 310 .
2047 278 2105 313 Sed

1108 322 1182 365 quia
1206 320 1292 354 nulla
1313 320 1419 353 cordis
1442 323 1556 362 praevia
1580 321 1727 355 morbosa
1748 319 1977 362 dispositione,
2002 333 2017 354 a
2040 333 2110 364 gra-

1110 364 1231 397 viffimo
1255 364 1323 397 iun
1346 366 1563 404 praetereuntis
1585 375 1695 399 currus
1719 376 1750 397 ea
1775 366 1884 405 ruptio
1906 373 1974 397 tota
1991 365 2108 398 accidit

1110 408 1169 441 illo
1192 404 1303 440 eodem
1327 408 1480 447 temporis
1505 409 1649 448 punct05
1674 417 1836 450 propterea
1852 409 1935 440 inter
1956 417 2107 448 caeteras,

1110 462 1180 492 quae
1205 449 1242 483 ad
1268 448 1466 492 propositum
1490 449 1647 484 faciebant
1670 450 1833 486 nostrum,
1857 449 1940 484 haud
1962 449 2004 485 est
2027 452 2108 484 rela-

1110 502 1162 571 ἓ.
1296 493 1340 527 Et
1362 490 1401 528 de
1425 502 1526 526 morte
1550 494 1713 536 repentina
1737 506 1752 527 a
1774 493 1922 535 disrupto
1935 493 2029 528 corde
2052 493 2110 528 ha-

1145 547 1236 570 enus.

1158 590 1207 613 11.
1229 579 1328 612 Nunc
1349 591 1418 622 quae
1441 590 1480 613 ex
1503 580 1575 613 aliis
1598 578 1715 614 accidit
1738 579 1846 614 cordis
1882 580 1971 613 vitiis
1992 580 2036 614 est
2060 589 2110 614 at—

1111 622 1283 657 tendendav
1307 623 1360 655 Ex
1383 623 1498 664 quibus
1531 634 1604 657 cum
1626 623 1691 666 ejus
1716 622 1909 665 potiffimum
1942 623 2111 657 dilatatio·

1113 678 1183 699 nem
1208 666 1342 708 prolatis
1366 666 1441 699 alias
1463 669 1476 704 (
1498 666 1510 699 i
1531 670 1546 705 )
1568 665 1711 700 historiis
1735 665 1962 700 ostenderimus
1986 676 2038 700 aut
2062 678 2111 700 ce-

1113 710 1241 743 leriores
1263 709 1416 750 opinione
1437 731 1447 746 ,
1482 717 1535 742 aut
1560 708 1681 743 subitos
1703 710 1836 743 omnino
1858 710 2006 743 interitus
2031 719 2115 744 attu-

1113 753 1178 787 lisse
1197 776 1210 793 ,
1233 752 1345 785 nostrae
1369 762 1474 787 autem
1496 751 1734 788 consuetudinis
1758 753 1890 786 minime
1912 751 1950 785 sit
1973 762 2043 795 quae
2068 753 2114 786 se-

1115 796 1175 830 mel
1200 794 1488 837 perscripserimus,
1512 796 1646 834 iterare,
1669 795 1758 838 juvat
1782 797 1835 831 hic
1868 806 1982 830 novam
2000 817 2012 835 ‚
2043 807 2113 839 quae

1114 838 1354 874 luculentiffime
1378 839 1411 873 id
1433 837 1602 872 confirmet
1625 862 1639 878 ,
1670 838 1935 873 Observationern
1959 836 2115 880 produce-

1114 895 1147 916 re
1173 908 1180 914 .
1216 883 1264 914 Ea
1286 881 1454 916 Mediaviae
1487 881 1585 915 nostri
1607 880 1672 921 est,
1697 881 1752 918 sub
1776 884 1907 916 initium
1929 883 2045 918 Martii
2068 885 2113 916 A.

1117 935 1208 968 1741.
1231 924 1362 975 habita,
1386 929 1418 961 δε
1441 924 1606 959 nobiscum
1630 925 1740 960 eodem
1764 937 1831 970 quo
1844 925 1952 960 habita
1975 926 2040 966 est,
2065 925 2117 959 die

1114 977 1351 1004 communicata
1365 993 1371 1000 .

1163 1023 1210 1045 12.
1233 1012 1464 1056 JUVENIS,
1486 1013 1614 1055 egregio
1636 1013 1783 1056 corporis
1805 1013 1920 1047 habitu
1941 1039 1950 1054 ,
1981 1012 2115 1047 confor-

1118 1057 1259 1089 matione
1280 1078 1289 1094 ,
1325 1057 1356 1088 &
1380 1055 1494 1089 statura
1518 1055 1692 1098 praeditus,
1715 1067 1789 1090 cum
1812 1057 1876 1099 jam
1898 1057 1953 1090 diu
1978 1057 2117 1100 spirandi

1117 1098 1306 1132 difficultate
1339 1107 1563 1140 premeretur3
1596 1098 1744 1140 sanguine
1781 1112 1797 1132 e
1827 1101 1952 1134 naribus
1989 1100 2119 1135 subinde

1118 1150 1300 1183 erumpente
1325 1142 1484 1175 levabatur
1506 1165 1513 1174 .
1549 1140 1607 1176 Sed
1631 1142 1831 1184 posteaquam
1854 1154 1957 1177 carere
1979 1152 2120 1187 coeperat

1118 1185 1176 1220 hac
1200 1185 1360 1227 sanguinis
1383 1186 1584 1225 excretione,
1607 1196 1681 1219 cum
1706 1183 1790 1218 forte
1814 1186 1947 1229 longum
1969 1187 2031 1220 iter
2042 1187 2123 1219 Tri-

1117 1229 1215 1263 dento
1238 1230 1402 1262 Patavium
1427 1229 1544 1270 partim
1591 1227 1699 1262 edibus
1718 1252 1729 1268 ,
1763 1230 1881 1271 partim
1904 1228 2049 1271 jumento
2070 1240 2125 1261 ve·

1119 1273 1211 1313 ctus,
1234 1273 1317 1304 intra
1338 1271 1472 1305 biduum
1496 1239 1700 1311 conigeisset,
1726 1271 1805 1306 dum
1830 1272 1859 1307 se
1882 1273 1988 1307 statim
2004 1273 2041 1306 ab
2064 1273 2124 1307 iti-

1119 1327 1190 1350 nere
1214 1338 1224 1353 ,
1266 1315 1305 1349 ad
1329 1315 1496 1349 sarcinulas
1520 1315 1655 1348 inclinat
1679 1337 1688 1352 ,
1724 1316 1816 1350 humi
1840 1315 1997 1358 depositas
2014 1339 2022 1353 ‚
2046 1327 2125 1348 con-

1119 1360 1201 1394 cidit
1234 1359 1326 1392 illico
1371 1367 1518 1393 mortuus
1542 1383 1550 1390 .
1694 1360 1728 1392 T
1752 1360 1786 1394 H
1812 1361 1847 1392 O
1871 1361 1901 1393 R
1928 1361 1955 1392 A
1979 1362 2009 1393 X
2051 1370 2127 1393 curn

1120 1401 1272 1446 postridie
1308 1401 1503 1436 incideretur
1526 1424 1536 1439 ,
1567 1399 1639 1434 vasa
1672 1402 1884 1438 animadversa
1916 1402 1986 1437 sunt
2017 1403 2126 1443 colli,

1121 1449 1151 1480 δι
1185 1446 1299 1486 capitis
1331 1445 1480 1487 sanguine
1514 1444 1641 1487 turgida
1668 1469 1675 1475 .
1714 1446 1784 1479 Ubi
1807 1457 1883 1480 vero
1906 1456 2030 1489 apertus
2053 1445 2094 1480 est
2115 1468 2129 1486 ,

1120 1489 1204 1524 nihil
1227 1490 1261 1522 in
1284 1499 1323 1522 eo
1345 1488 1477 1523 effusum
1500 1511 1510 1526 ,
1541 1499 1597 1522 nec
1631 1489 1797 1530 pulmones
1820 1489 1952 1532 usquam
1975 1490 2014 1523 ad
2038 1490 2130 1532 pleu-

1124 1544 1191 1567 ram
1216 1531 1409 1566 adhaerentes
1431 1532 1590 1574 conspthi
1615 1529 1686 1566 sunt
1708 1558 1716 1566 .
1749 1534 1851 1569 Erant
1875 1533 1912 1566 hi
1935 1540 1952 1566 a'
1976 1532 2127 1576 sanguine

1125 1576 1238 1616 lividi,
1260 1578 1294 1609 in
1317 1574 1391 1618 ipsis
1416 1583 1592 1609 remorante
1614 1585 1621 1606 :
1657 1576 1749 1617 parvi
1773 1585 1923 1618 praeterea
1945 1578 1988 1610 ob
2011 1577 2133 1610 imma-

1125 1630 1197 1653 nem
1227 1619 1335 1653 cordis
1368 1618 1622 1661 magnitudinem
1644 1642 1653 1649 .
1689 1618 1788 1659 Qod
1815 1641 1825 1656 ,
1857 1619 1959 1653 inciso
1993 1621 2132 1663 pericar-

1126 1662 1205 1704 dio,
1227 1662 1282 1697 ubi
1306 1672 1371 1696 erat
1403 1673 1468 1696 non
1491 1672 1605 1705 parum
1628 1659 1771 1696 subrubri
1797 1661 1855 1696 seri
1869 1687 1877 1702 ,
1900 1664 2067 1698 inventum
2089 1663 2135 1699 est

1127 1707 1176 1740 vel
1200 1706 1323 1741 bubulo
1346 1704 1446 1748 majus
1469 1728 1479 1738 .
1511 1706 1557 1738 Et
1581 1714 1670 1739 erant
1693 1704 1834 1748 quidem>
1849 1707 1998 1742 auriculae
2020 1732 2032 1748 ‚
2056 1706 2135 1742 dex-

1128 1760 1238 1794 terque
1262 1749 1456 1784 ventriculus
1480 1748 1649 1791 ampliores
1673 1770 1683 1786 ,
1706 1759 1803 1791 quam
1827 1748 1968 1785 soleant:
1994 1753 2136 1785 maxima

1129 1803 1234 1828 tamen
1269 1791 1461 1836 magnitudo
1485 1790 1522 1826 ad
1556 1791 1711 1837 sinistrum
1745 1794 1931 1828 attinebat:
1965 1806 2001 1829 ne
2028 1808 2065 1830 ue
2099 1806 2134 1829 ea

1129 1837 1303 1882 parietibus
1337 1836 1511 1870 debebatur
1534 1836 1588 1877 qui
1613 1836 1710 1868 iolito
1733 1847 1798 1871 non
1822 1847 1911 1871 erant
1945 1849 1996 1873 cra
2021 1850 2101 1873 iores
2124 1852 2136 1880 ς

1128 1881 1179 1916 sed
1201 1881 1373 1915 ventriculi
1395 1891 1497 1919 cavo,
1522 1878 1660 1913 dilatato
1685 1877 1762 1914 adeo
1784 1904 1796 1923 ‚
1829 1891 1865 1915 ut
1889 1881 1971 1916 nihil
1997 1885 2099 1926 magis
2122 1907 2136 1925 ,

1126 1925 1222 1968 eopia
1245 1934 1349 1958 autem
1373 1924 1434 1956 atri
1457 1923 1616 1965 sanguinis
1637 1946 1650 1963 ‚
1675 1933 1730 1956 nec
1754 1926 1787 1958 in
1812 1925 1985 1969 polyposas
2006 1938 2137 1961 concre-

1127 1970 1256 2006 tiones,
1282 1966 1331 2000 sed
1356 1967 1389 1998 in
1414 1976 1543 2008 grumos
1569 1965 1720 2000 nonnihil
1743 1969 1850 2002 coasti
1874 1992 1887 2009 ‚
1909 1981 1974 2003 non
1998 1970 2098 2005 modo
2120 1996 2134 2013 ,

1124 2021 1160 2046 ut
1185 2012 1305 2054 reliqua
1327 2008 1433 2043 cordis
1457 2021 1529 2043 cava
1552 2033 1561 2048 ,
1588 2011 1745 2052 oppleto,
1767 2022 1877 2046 verum
1901 2014 1999 2047 etiam
2020 2014 2139 2048 disten-

1126 2065 1184 2089 to.
1211 2056 1329 2087 Praeter
1355 2053 1442 2091 haec,
1466 2053 1602 2087 valvulae
1621 2076 1630 2092 ,
1669 2066 1740 2098 quae
1764 2053 1836 2089 sunt
1861 2053 1898 2090 ad
1920 2056 1987 2100 ejus
2010 2058 2137 2093 emissa-

1128 2100 1212 2132 rium
1226 2121 1237 2138 ‚
1261 2097 1495 2137 Semilunares,
1518 2107 1582 2130 non
1605 2095 1694 2130 osseae
1716 2098 1846 2141 quidem
1867 2125 1876 2141 ‚
1902 2099 1952 2135 sed
1974 2100 2081 2143 durae,
2103 2106 2137 2137 &

1127 2141 1216 2183 quod
1240 2141 1272 2172 in
1296 2140 1408 2174 oculos
1430 2139 1537 2174 statim
1558 2141 1742 2174 incurrebat
1757 2165 1769 2182 ‚
1791 2153 1951 2186 perparvae
1971 2157 1982 2184 3
2007 2156 2139 2180 contra-

1128 2185 1188 2217 &cae
1212 2184 1299 2218 enim
1322 2192 1431 2223 erant,
1453 2192 1713 2227 corrugataeque.
1742 2186 1861 2220 Manna
1885 2197 1991 2222 autem
2001 2192 2137 2229 arteria.

1128 2226 1183 2260 etsi
1207 2238 1301 2269 aequo
1323 2226 1461 2269 amplior
1483 2238 1547 2261 non
1569 2236 1634 2261 erat
1646 2240 1657 2266 5
1681 2237 1788 2261 tamen
1800 2224 1878 2273 *quo
1900 2233 2001 2274 magis
2026 2245 2043 2266 a
2065 2244 2139 2268 cor..

1124 2270 1162 2304 de
1182 2269 1385 2304 recedebatur
1404 2293 1417 2311 ,
1449 2281 1488 2304 eo
1510 2271 1637 2304 tunicas
1662 2270 1798 2305 habebat
1820 2285 1915 2317 aequo
1937 2277 2101 2311 tenuiores
2125 2301 2133 2310 .

1123 2315 1196 2348 Nec
1219 2312 1315 2347 facies
1337 2313 1403 2357 ejus
1426 2314 1552 2347 interna
1576 2313 1670 2347 sulcis
1693 2315 1728 2347 in
1741 2315 1980 2358 longitudinem
2002 2320 2132 2361 duffis,

1125 2358 1271 2400 quamvis
1294 2355 1521 2397 subobscuris,
1542 2357 1687 2391 carebat.
1712 2359 1876 2394 Caeterum
1898 2362 1931 2395 in
1954 2363 2073 2403 corde,
2100 2368 2133 2399 δε

1125 2400 1255 2434 thorace
1279 2409 1353 2433 toto
1374 2398 1459 2433 nihil
1484 2408 1634 2443 praeterea
1656 2399 1723 2435 fuit
1746 2403 1832 2444 quod
1857 2403 2029 2441 secundum
2041 2418 2136 2444 natu-

1124 2455 1192 2477 ram
1215 2454 1278 2477 non
1303 2442 1375 2477 esset
1390 2469 1397 2474 .
1533 2443 1605 2477 Post
1628 2444 1696 2477 haec
1720 2445 1876 2481 Ventrem
1896 2471 1909 2488 ,
1933 2452 1965 2482 &
1988 2452 2098 2493 Caput
2123 2475 2133 2490 ,

1122 2487 1161 2520 de
1184 2488 1299 2530 quibus
1334 2486 1421 2520 nulla
1451 2486 1575 2529 querela
1600 2486 1702 2520 suerat
1718 2509 1731 2527 ,
1762 2491 2132 2535 aperirersupervacuum

1123 2531 1165 2564 est
1188 2530 1290 2564 visum
1305 2555 1312 2560 .

1169 2585 1218 2617 13.
1243 2575 1274 2607 Si
1300 2570 1389 2617 quod
1411 2581 1522 2608 natura
1546 2576 1835 2617 praemonstraverat
1855 2603 1865 2619 ,
1900 2579 1955 2615 hic
1977 2581 2051 2618 esset
2069 2585 2132 2630 Ju-

1125 2620 1214 2651 venis
1247 2616 1371 2651 secutus
1391 2640 1403 2657 ,
1435 2627 1472 2651 ut
1496 2617 1676 2661 sanguinem
1697 2644 1710 2661 ‚
1743 2624 1838 2664 quive
1870 2626 1997 2661 nal-ibus
2033 2628 2130 2663 fluere

1124 2660 1274 2699 desierat,
1302 2670 1357 2703 per
1379 2659 1496 2711 sesiam
1518 2672 1627 2695 venam
1640 2674 1821 2707 opportune
1835 2667 2062 2706 detrahendum
2073 2684 2131 2707 cu·-

1123 2714 1206 2738 raret
1226 2715 1241 2744 ;
1274 2713 1330 2738 aut
1361 2713 1427 2738 non
1459 2714 1506 2738 ita
1528 2728 1541 2745 ,
1578 2714 1632 2740 aut
1666 2708 1786 2742 tardius
1818 2721 1903 2745 certe
1938 2715 2127 2750 interiisset.

1124 2749 1223 2782 Nunc
1258 2757 1375 2791 magno
1407 2746 1602 2782 documento
1625 2751 1764 2785 Medicis
1787 2752 1856 2788 fuit·
1872 2778 1885 2795 ,
1907 2756 1985 2800 quid
2009 2759 2129 2794 facien-

1123 2790 1200 2826 dum
1222 2790 1261 2825 fit
1284 2813 1294 2830 ,
1333 2791 1392 2825 ubi
1427 2790 1574 2839 aliquis,
1605 2804 1639 2825 ea
1672 2796 1833 2838 praecipue
1864 2807 1957 2833 aetate
1979 2824 1992 2841 ,
2025 2813 2126 2846 eoque

1123 2836 1270 2879 corporis
1294 2833 1406 2882 habitu
1419 2858 1432 2875 ,
1454 2835 1609 2877 ejusmodi
1634 2840 1838 2872 evacuatione
1860 2852 1962 2876 carere
1985 2845 2126 2889 incipit,

1125 2879 1300 2922 praesertirn
1332 2880 1355 2911 si
1399 2879 1482 2911 idem
1512 2877 1552 2911 sit
1594 2880 1737 2921 cuipiam
1771 2882 1929 2920 obnoxius
1973 2889 2115 2923 morbo·

1125 2931 1162 2957 ut
1195 2921 1247 2956 hic
1273 2931 1339 2954 erat
1372 2921 1559 2968 difficultati
1582 2921 1801 2964 respirationis
1824 2950 1832 2959 .
1964 2933 2029 2967 Cui
2052 2914 2126 2976 qui³

1121 2967 1194 3000 dem
1235 2965 1399 2998 obnoxios
1436 2964 1527 3012 fuisse
1571 2965 1736 3010 plerosque
1774 2980 1883 3008 omnes
1926 2985 2008 3017 quos
2057 2977 2122 3011 tibi

1122 3010 1198 3044 alias
1220 3012 1234 3049 (
1255 3008 1310 3050 lq)
1340 3007 1448 3050 scripsi
1470 3019 1544 3042 curn
1577 3009 1715 3043 dilatato
1745 3013 1840 3046 corde
1874 3027 2001 3059 repente
2034 3031 2124 3055 mor-

1121 3063 1195 3087 tuos
1217 3077 1226 3092 ,
1257 3052 1380 3084 relectis
1411 3062 1521 3085 eorum
1553 3051 1696 3088 historiis
1727 3078 1739 3095 ,
1783 3059 1924 3093 invenies
1948 3086 1956 3093 .
1991 3064 2043 3098 Sic
2076 3074 2125 3098 et.

1120 3098 1184 3130 iam
1216 3097 1250 3129 in
1272 3094 1330 3128 hac
1356 3093 1554 3136 Sepulchreti
1577 3097 1635 3129 XI.
1661 3098 1808 3134 Sefflone
1830 3102 1877 3145 (l
1898 3107 1912 3144 )
1934 3105 2039 3141 videre
2062 3119 2122 3152 po-

1120 3142 1196 3174 teris
1220 3163 1232 3180 ‚
1267 3147 1303 3172 ut
1326 3138 1450 3180 Auriga
1475 3160 1484 3175 ‚
1517 3141 1549 3172 iii
1573 3151 1667 3185 curru
1688 3140 1727 3176 de
1750 3144 1927 3186 improviso
1937 3151 2122 3192 extinstus,

1119 3182 1210 3226 cujus
1233 3193 1288 3215 cor
1310 3190 1375 3214 erat
1398 3182 1509 3223 quovis
1532 3182 1645 3217 bubulo
1667 3186 1772 3228 majus
1789 3211 1802 3228 ,
1836 3187 1914 3232 saepe
1929 3190 1965 3232 [ὲ
1986 3195 2122 3229 crederet

1112 3225 1262 3271 suffocari
1281 3248 1294 3265 ,
1326 3223 1383 3257 nifi
1407 3224 1543 3267 appressa
1576 3226 1743 3262 thoracem
1766 3251 1775 3268 ‚
1809 3233 1843 3264 &
1875 3233 2032 3269 abdomen
2055 3247 2124 3271 ma,

1118 3282 1162 3319 nu
1192 3269 1450 3318 comprimeret,
1477 3279 1541 3320 non
1576 3270 1662 3305 secus
1695 3283 1733 3306 ac
1765 3274 1844 3306 alter
1875 3276 1958 3319 apud
1997 3280 2122 3314 Harve-

1118 3325 1187 3356 ,um
1209 3318 1221 3353 (
1244 3322 1274 3346 m
1296 3315 1310 3352 )
1330 3335 1342 3352 ,
1375 3322 1426 3346 cui
1452 3314 1553 3347 cordis
1574 3315 1671 3349 moles
1695 3337 1705 3352 ‚
1736 3319 1778 3351 θ
1799 3319 2046 3355 ventriculorum
2068 3336 2120 3358 ca-

1119 3358 1240 3390 vitates
1263 3354 1411 3398 sauguine
1433 3354 1576 3391 distentae
1587 3380 1599 3397 ,
1620 3358 1727 3392 bovini
1749 3361 1851 3394 cordis
1873 3365 2119 3407 magnitudinem

1120 3400 1285 3443 aequabant
1308 3422 1320 3439 ,
1353 3399 1493 3432 levamen
1516 3400 1550 3433 in
1575 3400 1693 3434 summa
1716 3401 1823 3437 cordis
1845 3407 1878 3438 δε
1901 3407 2039 3448 ρεᾶοι-ἰε
2062 3420 2121 3453 op·

1121 3442 1269 3484 pressione
1298 3441 1432 3484 aliquod
1454 3443 1647 3487 percipiebat
1676 3468 1689 3485 ,
1719 3456 1792 3481 cum
1814 3456 1886 3481 tota
1908 3451 2049 3491 peel-oris
2072 3463 2122 3486 re.

1120 3487 1180 3529 gio
1201 3497 1219 3520 a
1242 3485 1416 3519 fortiffimo
1445 3486 1516 3520 viro
1537 3488 1806 3531 comprimeretur
1827 3513 1841 3532 ‚
1873 3493 1906 3525 ἅτ
1921 3492 2006 3536 ficut
2025 3495 2123 3537 pistor

1630 3532 1666 3565 Ο
1686 3541 1708 3564 0
1968 3546 2082 3580 panem

71 3627 2124 3656 Q

127 3698 140 3722 ί
156 3698 171 3723 b
186 3698 200 3726 )
215 3698 271 3734 Vid.
290 3698 363 3729 Epist.
382 3701 421 3724 26.
438 3706 462 3724 n.
481 3707 518 3730 39.
577 3702 593 3730 (
608 3710 618 3726 c
801 3722 808 3728 .

128 3728 143 3757 (
158 3729 199 3764 ι.)
214 3730 442 3765 Epist-'64.n.14.
459 3731 484 3754 ἀ
504 3738 537 3761 ις.
615 3732 654 3761 (f
697 3741 721 3757 n.
754 3750 760 3757 .
776 3736 800 3759 ει

133 3759 148 3787 (
161 3767 172 3782 n
187 3761 200 3787 )
216 3764 243 3784 ut
259 3761 334 3794 Epist.
355 3762 390 3785 18.
407 3768 434 3785 n.
451 3768 473 3784 2.
490 3762 515 3785 8.
536 3768 571 3789 ιιι.
589 3764 612 3786 ει
629 3763 700 3792 Epist.
723 3771 763 3793 ²⁴·
779 3772 804 3789 n.
823 3773 859 3796 ¹3·

131 3790 138 3816 (
159 3796 182 3812 m
199 3793 208 3816 )
224 3792 259 3815 De
275 3792 365 3817 Circul.
384 3793 470 3820 Sangu.
490 3792 576 3817 Exere.
594 3801 618 3823 3.

633 3701 647 3730 )
664 3703 700 3727 Co
729 3707 798 3727 ment
822 3704 852 3730 de
866 3706 960 3731 Bonon-
977 3707 1016 3731 Sc.
1033 3708 1109 3733 Aead.
1125 3711 1200 3735 Tem.
1218 3718 1238 3736 ι.
1256 3711 1281 3736 ἰη
1299 3710 1389 3740 opusc.

666 3733 680 3760 )
738 3741 752 3757 2
818 3743 840 3766 ς.
900 3737 916 3767 (
928 3744 947 3766 g
962 3742 972 3762 )
990 3737 1073 3768 supra,
1089 3746 1115 3764 n.
1133 3748 1154 3765 1.

814 3774 817 3778 ·
921 3770 936 3797 (
952 3767 970 3792 le
986 3768 1000 3797 )
1018 3768 1072 3794 vid.
1089 3769 1176 3801 supra,
1191 3772 1220 3797 ad
1238 3781 1263 3798 n.
1282 3780 1318 3798 ii·

1216 3743 1231 3770 (
1247 3743 1262 3766 h
1278 3743 1286 3772 )
1302 3742 1418 3775 391¹·,N-
1435 3710 1626 3774 d.'³t›2c.⁰}.²k.
1644 3753 1669 3776 ⁹-
1685 3746 1745 3772 obs.
1764 3750 1815 3777 16⁴.

1380 3772 1388 3802 (
1404 3773 1416 3797 ι
1429 3773 1444 3802 J
1460 3774 1520 3800 oss.
1539 3782 1575 3805 ις.
