2498 4075
42 211 48 219 s

20 242 26 250 ,

379 210 478 279 446

307 292 559 332 contingerent,
581 281 740 326 inaequaii·
758 283 847 317 intus
871 279 1054 323 superficie,
1079 277 1131 312 sed
1162 278 1216 314 sua
1249 289 1309 313 un-

305 337 405 377 dique
429 331 611 366 membrana
633 326 891 368 comprehensae.
926 323 1039 358 Vesica
1071 324 1211 356 urinaria
1244 334 1313 356 ain-

305 380 421 422 plior,
445 377 478 409 in
502 370 743 413 longitudinem
765 367 964 412 praesertim,
996 375 1031 399 ut
1065 366 1165 408 duplo
1197 378 1313 410 prope.

307 421 447 456 modurn
474 415 604 457 longior
627 413 724 450 effer,
748 423 846 454 quam
870 411 990 444 soleat.
1014 408 1070 442 Sed
1090 408 1163 451 liaec
1188 435 1197 450 ,
1221 420 1263 444 ut·
1279 411 1313 443 in

307 464 430 500 biboso
454 483 464 500 ,
498 462 577 493 mira
603 467 668 491 non
693 456 789 490 sunt.
814 455 868 488 Ad
892 455 1074 488 Veneream
1099 464 1206 487 autem
1231 455 1315 487 luem

311 519 390 542 num
416 505 618 548 pertineret,
643 511 682 534 an
706 512 721 532 a
757 499 945 541 primordiis
978 495 1019 529 sic
1052 495 1126 529 eslet
1160 498 1247 539 q‘uod
1281 499 1315 530 in

310 549 467 586 Seminali
488 544 661 582 caruncula
684 541 921 581 animadverti,
938 551 1009 574 non
1033 538 1126 573 facile
1149 540 1287 574 dixerim
1304 564 1314 575 .

310 595 403 628 Sinus
426 592 483 634 qui
506 591 541 623 in
563 588 620 621 illa
641 587 708 625 est,
732 585 895 619 orificium
921 585 1097 617 maximum
1122 593 1188 616 erat
1213 596 1250 617 ex
1272 597 1309 617 o·-

305 637 435 672 mnibus
459 645 531 677 quae
555 630 669 666 vidisse
694 640 835 671 unquam
858 628 991 661 memini
1016 649 1026 664 ‚
1060 637 1117 660 nec
1140 626 1314 662 secundum

308 677 549 722 longitudinem
573 699 584 714 ,
618 674 670 708 sed
687 701 694 715 ‚
719 672 813 715 quod·
839 673 872 704 in
904 672 1032 704 nemine
1063 671 1210 710 conspexi
1235 694 1244 710 ,
1280 674 1315 705 in

306 722 518 759 transversum
543 718 702 763 politum.
728 718 837 749 Semen
862 724 967 748 tamen
992 735 1001 753 2
1033 725 1050 746 e
1083 714 1229 748 vesiculis
1261 726 1313 749 ex.

309 767 448 812 pressum
463 790 473 806 ‚
497 774 561 798 non
586 772 641 805 per
663 759 765 800 illud,
788 760 838 793 sed
862 770 917 800 per
940 759 1016 792 bina
1028 758 1159 799 oscula,
1184 768 1220 792 ut
1232 770 1311 792 con-

310 812 435 849 suevit,
460 806 636 849 prodibat,
658 816 729 847 qnae
754 803 795 837 ab
819 802 973 836 latei-ibus
997 801 1086 834 illius
1109 801 1201 835 sunt.
1226 805 1313 835 Aor-

308 864 350 888 tae
374 853 510 887 interior
535 850 630 883 facies
653 857 766 881 contra
789 846 942 879 Coeliacae
975 845 1093 878 ostium
1126 855 1191 879 non
1225 845 1313 879 laevis

307 906 375 932 erat
399 918 408 934 ‚
444 904 479 929 ut
517 904 571 936 per
604 901 748 924 ventrem
780 890 858 924 alibi
881 912 890 926 ‚
926 891 995 922 imo
1025 888 1102 921 duas
1134 888 1182 922 ibi
1214 888 1313 923 oss‘eas

306 939 488 983 squamulas
511 935 697 971 ostendebat
724 959 734 968 .
866 935 904 965 ln
927 931 1082 966 Thorace
1105 944 1235 975 quoque
1259 944 1310 965 ea-

305 985 380 1019 dem
402 983 529 1024 Magna
551 980 668 1013 arteria
692 977 858 1011 nonnullis
879 976 965 1009 locis·
981 975 1067 1009 idem
1079 977 1166 1009 intus
1189 976 1308 1009 vitium

307 1026 469 1065 fovebat,·
493 1023 543 1057 sed
567 1034 666 1066 prope
691 1021 833 1055 valvulas
857 1019 1035 1061 praesertim
1059 1020 1147 1059 suas,
1171 1030 1308 1062 quarum

304 1072 377 1106 duae
400 1066 462 1104 osse
484 1078 550 1102 non
573 1066 724 1100 carebant
747 1090 754 1098 .
790 1065 890 1105 Supra
925 1062 1005 1105 ipsas
1040 1072 1145 1096 autem
1163 1075 1177 1103 ‚·
1207 1075 1306 1106 quan-

306 1126 405 1157 quarn
429 1122 485 1147 cor
507 1120 575 1146 erat
599 1110 780 1145 mediocre3
803 1107 907 1149 major
933 1106 1091 1140 Valsalvae
1115 1105 1198 1140 finus
1214 1118 1308 1149 aequo

306 1167 371 1193 erat
396 1158 513 1191 latior.
539 1154 598 1188 Sed
622 1154 689 1188 hate
713 1165 729 1185 a
754 1151 870 1185 morbo
892 1174 901 1183 .
932 1151 986 1184 Ab
1019 1160 1131 1184 natura
1163 1161 1242 1183 vero
1273 1150 1308 1184 id

306 1200 397 1245 quod
421 1211 485 1233 non
508 1197 620 1231 videor
644 1198 720 1230 alias
745 1194 853 1229 vidisse
874 1218 881 1226 .
916 1194 1083 1227 Subclavia
1119 1204 1197 1240 vena
1231 1193 1309 1227 dex-

308 1255 376 1279 tera
398 1255 437 1277 ex
459 1244 583 1276 duabus
605 1239 768 1274 constabat
791 1249 863 1281 quae
885 1238 919 1270 in
951 1237 1092 1270 Axillari
1126 1247 1189 1278 jam
1224 1238 1309 1271 inci-

306 1291 455 1331 pientes,
477 1297 542 1318 non
575 1293 648 1317 ante
680 1284 714 1316 in
748 1293 846 1316 unam
878 1279 1090 1314 confluebant
1143 1291 1239 1322 quam
1274 1281 1312 1315 ad

306 1332 425 1366 ostium
449 1326 634 1363 accessissent
657 1326 820 1370 Jugularis
844 1327 1000 1361 Interme,
1024 1327 1056 1357 δε
1079 1323 1180 1357 insula
1221 1323 1313 1358 fieret

306 1376 402 1417 longa
417 1374 540 1415 digitos
552 1370 749 1405 transversos
761 1371 921 1412 quinque.
936 1369 1038 1402 Erant
1049 1378 1156 1402 autem
1167 1366 1237 1402 duae
1248 1369 1315 1403 illae

306 1430 379 1459 quae
404 1417 540 1450 insulam
562 1412 901 1457 comprehendebant,
927 1423 1015 1445 venae
1040 1413 1108 1455 pari
1121 1411 1219 1444 ambae
1232 1412 1314 1445 cras-

306 1461 471 1499 firudine3
499 1462 530 1493 δι
554 1470 570 1492 a
595 1457 724 1492 sinistris
751 1458 785 1490 in
823 1456 965 1490 Axilla-ri
1001 1466 1078 1489 vena
1110 1464 1177 1488 erat
1209 1455 1314 1490 insula

308 1507 417 1540 multu
451 1503 583 1537 brevior
609 1523 618 1539 ,
660 1501 781 1543 quippe
815 1509 880 1533 non
914 1499 1012 1541 longa
1045 1499 1168 1541 digitos
1199 1499 1279 1533 duos
1303 1522 1312 1537 ‚

306 1543 801 1593 imparibusquecornprehensa
823 1545 931 1584 venis,
957 1545 1053 1576 altera
1070 1542 1218 1576 videlicet
1230 1544 1311 1577 mul-

309 1603 347 1626 to
369 1603 465 1636 quam
491 1591 610 1630 altera,
634 1590 801 1622 tenuiore.
936 1587 1125 1630 Priusquam
1148 1587 1186 1620 de
1211 1588 1313 1629 Capi-

309 1645 342 1671 te
365 1637 498 1672 dicam,
524 1633 648 1675 aliquot
683 1632 757 1665 sunt
791 1629 1014 1673 interjicit-uda
1033 1654 1043 1671 ,
1078 1641 1220 1673 quorum
1252 1630 1312 1664 alia

308 1681 463 1714 omittere
486 1678 538 1711 hic
572 1677 676 1714 nolo,
698 1676 760 1708 alia
785 1684 891 1708 autem
916 1685 1060 1717 nequeo.
1083 1675 1168 1707 Cum
1179 1678 1313 1717 pingue.

309 1723 353 1758 do
377 1725 411 1757 in
435 1720 628 1758 abdomine,
651 1720 683 1752 δε
705 1720 789 1752 intra
813 1719 972 1753 abdomen
994 1728 1060 1751 non
1084 1728 1182 1759 pauca
1216 1716 1312 1756 esset3

308 1770 342 1801 in
368 1769 489 1801 cervice
513 1788 522 1803 ‚
558 1763 676 1802 dorio,
700 1763 906 1796 lumbis'non
931 1769 996 1795 erat
1018 1761 1149 1803 quidem
1172 1762 1216 1794 ita
1231 1763 1314 1795 mul-

308 1820 366 1849 ta3
390 1811 440 1844 sed
463 1807 682 1844 musculorum
707 1806 906 1849 superficiei,
938 1807 968 1838 δι
1006 1803 1234 1839 fasciculorum
1279 1817 1317 1839 ex

310 1855 431 1898 quibus
455 1853 514 1896 ipsi
538 1851 797 1893 compinguntur
814 1872 826 1890 ‚
851 1850 930 1883 adeo
953 1857 1067 1891 praeter
1091 1849 1223 1882 solitum
1257 1849 1312 1882 ad-

309 1898 477 1937 haerebat,
500 1897 571 1929 imo
594 1893 688 1928 affixa
712 1903 801 1934 erat,
826 1902 862 1927 ut
899 1892 1136 1937 Proseiiloribus
1169 1892 1321 1927 molestiae

311 1941 386 1976 effer
411 1953 475 1975 non
501 1940 584 1973 levi.
719 1938 791 1971 Ubi
828 1937 867 1971 ad
899 1938 1005 1971 Artus
1038 1937 1209 1970 inferiores
1245 1948 1321 1970 ven-

310 1997 382 2021 tum
406 1985 469 2023 est3
493 1986 528 2017 in
552 1994 590 2016 eo
614 1982 672 2025 qui
698 1981 788 2015 sanus
810 1990 897 2021 erat,
921 1979 1004 2013 milii
1027 1979 1144 2013 accidit
1167 1981 1255 2021 quod
1269 1992 1320 2013 ra-

310 2042 369 2068 10,
393 2039 428 2063 ut
467 2027 677 2061 Posteriorem
707 2036 839 2059 nervum
872 2024 1046 2058 Cruralem
1078 2022 1219 2057 immisso
1242 2047 1250 2060 ,
1284 2033 1319 2057 ut

312 2074 427 2109 solitus
452 2072 520 2107 sum
543 2095 551 2111 ,
584 2069 681 2114 cultri
705 2069 876 2103 manubrio
899 2077 955 2101 aut
986 2077 1083 2100 manu
1121 2069 1204 2101 inter
1236 2067 1316 2101 duos

314 2129 420 2152 ramos
443 2117 476 2149 in
501 2125 584 2158 quos
605 2113 745 2156 denique
769 2112 807 2146 ad
830 2113 990 2156 poplitem
1015 2111 1142 2145 videtur
1173 2111 1279 2145 dividi
1304 2133 1315 2150 ‚

314 2172 381 2196 non
405 2160 547 2204 possem,
571 2157 692 2191 sursum
726 2156 831 2191 versus
864 2154 1025 2189 tendendo
1047 2179 1056 2196 ‚
1088 2154 1280 2188 confirmare
1304 2177 1313 2192 ‚

315 2216 382 2239 non
406 2214 507 2238 unum
531 2201 612 2241 esse,
640 2200 692 2234 sed
715 2212 754 2234 ex
776 2200 902 2234 duobus
923 2198 1019 2238 fieri,
1043 2210 1098 2242 per
1130 2209 1239 2232 toturn
1272 2198 1317 2231 fe-

315 2260 387 2282 mor
411 2271 419 2286 ,
455 2248 525 2281 imo
558 2244 722 2279 interdum
755 2243 849 2287 supra
888 2254 1047 2286 quoque,
1078 2241 1316 2276 cohaerentibus

314 2292 447 2336 quidem
462 2317 470 2328 ,
496 2289 546 2325 sed
568 2300 675 2323 revera
699 2291 734 2322 in
758 2299 858 2322 unum
882 2288 1014 2320 minime
1038 2286 1288 2320 coalescentibus
1312 2311 1320 2319 .

446 2335 535 2369 Cum
560 2344 657 2372 vero,
681 2332 714 2366 id
737 2331 824 2374 quod
856 2334 888 2364 in
924 2342 1035 2364 eorum
1070 2331 1204 2371 singulis
1224 2355 1232 2370 ‚
1267 2338 1320 2363 aut

316 2388 402 2414 certe
425 2381 458 2413 in
482 2377 628 2412 craffiore
651 2375 752 2410 facere
773 2374 947 2412 consuevi,
971 2374 1142 2408 secundum
1175 2374 1320 2416 longitu-

316 2424 425 2457 dinem
450 2422 649 2459 inciderem,
674 2430 709 2454 ut
733 2419 900 2462 parallelas
927 2444 935 2458 ,
966 2429 1006 2450 ex
1028 2419 1145 2459 quibus
1176 2418 1321 2456 constat,

317 2468 415 2502 fibras
447 2465 722 2501 demonstrarem3
746 2465 881 2496 miratus
905 2460 971 2495 sum
995 2471 1121 2495 tanturn
1144 2463 1230 2495 inter
1265 2461 1319 2494 has

318 2510 524 2555 pinguedinis
556 2507 759 2550 interjectum
792 2506 974 2547 conspicere
999 2528 1008 2543 ,
1041 2516 1078 2539 ut
1112 2505 1205 2547 hujus
1247 2506 1319 2548 plus

321 2565 419 2597 quam
467 2553 645 2588 fibrarum,
668 2551 835 2585 continere
866 2550 985 2592 ubique
1019 2550 1179 2583 videretur
1206 2573 1213 2580 .
1252 2548 1319 2582 Etsi

321 2599 409 2631 enim
434 2597 567 2639 plurimi
592 2595 663 2628 sunt
689 2595 823 2639 anni-ex
854 2605 920 2634 quo
953 2594 986 2624 in
1019 2593 1227 2626 cadaveribus
1257 2603 1322 2625 non

321 2640 452 2685 prorsus
475 2639 654 2673 macilentis
679 2638 824 2678 interjici
847 2637 886 2670 iis
911 2635 1000 2669 fibris
1025 2635 1223 2670 manifestam
1249 2637 1322 2677 pin-

321 2684 494 2728 guedinem
518 2682 603 2716 haud
628 2692 700 2714 raro
724 2679 938 2714 animadverti
971 2689 1084 2712 contra
1117 2691 1152 2713 ac
1184 2679 1324 2714 creditur

323 2731 365 2762 ab
389 2729 428 2761 iis
452 2726 631 2770 praesertim
653 2724 772 2768 quibus
806 2735 922 2757 nervos
949 2723 1051 2765 placet
1085 2735 1159 2757 curri
1192 2725 1324 2756 intentis

324 2771 442 2807 fidibus
463 2779 671 2812 comparare;
694 2778 837 2802 attamen
861 2780 896 2800 ea
919 2778 980 2809 qua
1003 2776 1081 2801 tunc
1106 2767 1195 2803 vidi,
1231 2768 1324 2808 copia

324 2813 493 2858 interjici‚
515 2823 679 2855 nunquam
705 2819 797 2845 antea
820 2811 1047 2852 conspexeram
1065 2836 1074 2851 ,
1098 2822 1156 2845 nec
1179 2812 1212 2844 in
1235 2821 1325 2844 men-

325 2869 393 2893 tem
413 2867 540 2892 venerat
562 2880 574 2897 ,
607 2855 714 2897 posse,
738 2865 773 2889 ut
796 2854 892 2888 facile
915 2854 1070 2897 intelligis
1090 2879 1098 2894 ,
1133 2855 1155 2889 si
1190 2856 1326 2897 pingue-

327 2903 414 2937 dinis
436 2902 510 2935 loco
531 2899 620 2934 aliud
642 2898 731 2941 quod
755 2908 870 2941 praeter
893 2906 1039 2931 naturam
1065 2897 1104 2931 sit
1133 2920 1143 2937 ‚
1180 2899 1327 2940 aliquan-

327 2945 372 2979 do
395 2944 457 2979 huc
479 2944 697 2985 conjiciatur,
719 2953 774 2975 eos
807 2940 891 2975 nasci
927 2942 1059 2975 morbos
1090 2953 1170 2983 quos
1203 2940 1326 2974 obstru-

326 2990 407 3028 ffis,
430 2998 484 3022 aut
508 2988 599 3020 aliter
621 2987 746 3019 vitiatis
768 2985 842 3029 ipsis
865 2987 988 3018 nerveis
1021 2984 1111 3018 fibris
1133 2988 1297 3028 imputant
1322 3010 1329 3016 ,,

330 3034 430 3066 Sanus
452 3041 559 3065 tamen
584 3055 594 3071 ‚
630 3039 665 3062 ut
688 3030 777 3066 dixi,
801 3030 827 3062 is
861 3038 947 3063 artus
979 3037 1044 3061 erat
1067 3052 1076 3061 .
1231 3029 1326 3063 Alter

329 3084 409 3109 vero
430 3087 495 3118 quo
519 3074 621 3108 homo
645 3072 846 3106 claudicabat
871 3097 879 3112 ,
914 3072 954 3106 sic
979 3072 1134 3106 attracstus
1158 3081 1225 3105 erat
1252 3095 1260 3109 ‚
1294 3081 1331 3104 ut

328 3130 521 3163 quacunque
546 3127 697 3150 manuum
722 3118 755 3148 vi
778 3115 924 3149 adhibita
946 3113 1076 3150 extendi
1099 3126 1169 3149 crus
1184 3127 1246 3148 non
1260 3114 1332 3158 pos-

331 3164 377 3196 set
393 3186 400 3193 .
423 3163 541 3204 Neque
564 3161 674 3203 potuit
696 3159 774 3194 satis
796 3160 945 3197 extendi;
969 3158 1022 3192 etsi
1055 3168 1131 3192 tunc
1165 3160 1332 3203 aliquanto

330 3205 458 3240 facilius
479 3203 736 3243 extendebatur;
757 3214 831 3237 cum
842 3204 1013 3237 Plexorum
1024 3202 1239 3237 musculorum
1263 3212 1333 3236 ten-

332 3251 424 3284 dines
448 3272 458 3288 ‚
492 3250 549 3291 qui
580 3247 618 3281 ad
650 3247 810 3290 poplitem
841 3246 933 3280 valde
965 3247 1111 3279 contenti
1144 3256 1232 3280 erant
1253 3267 1263 3284 ‚
1298 3247 1332 3278 in

333 3291 548 3326 transversum
572 3290 694 3324 dissecti
719 3290 813 3324 sunt.
836 3291 989 3330 Qorum
1013 3288 1229 3324 musculorum
1254 3315 1263 3328 ‚
1294 3300 1329 3323 ut

334 3347 438 3378 neque
461 3335 701 3373 Extensorum,
724 3334 815 3368 color
838 3333 902 3367 fuit
924 3358 933 3372 ,
967 3344 1002 3366 ut
1034 3342 1225 3367 caeterorum
1259 3332 1329 3366 sane

334 3379 459 3416 fuerat,
483 3378 618 3415 rubens;
644 3377 694 3411 sed
717 3376 839 3418 fuscus,
862 3380 894 3410 &
915 3375 1100 3410 obsoletus.
1124 3376 1217 3414 Qiin
1231 3378 1328 3410 etiam

335 3433 500 3466 perpaucae
523 3421 728 3462 mucilaginis
749 3432 821 3463 quae
845 3422 878 3454 in
910 3431 994 3462 genu
1026 3419 1085 3452 illo
1117 3430 1182 3453 erat
1201 3446 1210 3461 ‚
1241 3420 1331 3453 color

336 3466 377 3500 ab
400 3464 538 3500 naturali
560 3463 758 3507 discrepabat
780 3486 790 3502 ,
813 3467 845 3498 &
869 3463 1103 3505 Mucilaginosa
1127 3463 1230 3506 major
1243 3463 1333 3506 glan-

337 3510 436 3549 dula,
458 3508 537 3542 albae
560 3507 656 3541 instar
679 3531 688 3546 ‚
728 3507 936 3551 subduraeque
971 3507 1173 3549 pinguedinis
1205 3519 1333 3549 appare-

339 3552 394 3586 bat
421 3576 430 3586 .
459 3552 519 3586 Sed
542 3550 608 3585 haec
631 3551 698 3586 fere
722 3553 831 3585 omnia
864 3563 881 3585 a
914 3559 1062 3585 motuum
1091 3550 1260 3584 cessatione
1295 3550 1334 3582 ila

738 199 894 262 Liber
929 206 995 258 V·
1031 200 1115 257 De
1149 200 1404 256 addendis
1437 198 1506 254 ad
1537 197 1721 252 Libros
1754 197 2036 266 superiores

1359 276 1468 312 lorum
1489 275 1711 315 musculorum
1734 296 1744 312 ‚
1778 275 1904 320 ejusque
1925 275 2081 319 juno-ure
2102 279 2284 315 deducenda
2306 278 2367 315 ess‘e

1362 320 1556 354 videbantur
1582 343 1592 350 -
1722 319 1834 361 Caput
1857 321 1996 363 denique
2020 321 2155 358 secando
2175 346 2185 361 ‚
2219 325 2371 368 Tempo-

1362 366 1460 398 ralem
1483 363 1615 406 quidem
1640 363 1817 397 musculum
1840 367 1897 406 qui
1922 365 1961 397 ab
1984 366 2049 399 ictu
2073 367 2225 403 contusus
2248 367 2365 406 fuerat,

1364 406 1551 449 tumidum,
1576 408 1769 449 nigrumque
1791 408 1941 449 conspexi
1965 409 2009 441 ob
2031 421 2247 446 remorantem
2269 414 2303 446 in
2327 424 2368 446 eo

1364 452 1553 493 sanguinein
1572 473 1585 490 ,
1629 452 1882 493 interioremque
1926 452 2117 489 struouram
2163 455 2324 491 laxantem
2358 479 2369 488 .

1365 495 1527 529 Granium
1552 504 1629 527 vero
1652 504 1753 536 neque
1775 494 1824 527 ibi
1849 519 1858 534 ,
1890 505 1993 538 neque
2016 496 2095 531 alibi
2119 499 2183 533 ulla
2207 499 2370 538 fractura,

1368 537 1541 577 fissurave,
1564 540 1595 569 δι
1628 548 1666 571 ne
1688 536 1882 578 depreffione
1910 537 2042 581 quidem
2076 542 2185 576 laesum
2219 541 2341 577 offendi
2358 567 2370 578 .

1367 581 1451 615 Vasa
1475 589 1581 614 autem
1612 591 1667 623 per
1699 580 1845 616 Tenuem
1879 584 2063 625 meningem
2096 588 2239 628 repentia
2272 587 2369 630 nigro

1368 624 1518 666 sanguine
1543 624 1652 673 paffim
1676 624 1888 666 turgidiffima
1919 637 2128 662 occurrerunt
2151 652 2162 668 ‚
2193 629 2286 671 cujus
2318 630 2371 664 su-

1366 680 1423 711 pra
1446 678 1514 701 eam
1540 678 1722 708 meningem
1747 666 1835 701 effusi
1859 679 1990 711 grunius
2014 682 2078 704 non
2104 673 2275 707 mediocris
2288 684 2370 709 con-

1364 712 1560 754 spiciebatur
1586 735 1595 744 .
1630 711 1742 753 Hujus
1765 712 1869 753 igitur
1895 737 1904 751 ‚
1937 716 1968 746 δι’
1999 716 2215 750 concuffionis
2246 717 2370 751 cerebri

1365 767 1452 789 mors
1475 755 1619 788 illatam
1644 756 1707 788 cita
1731 753 1950 791 effectussuit
1966 781 1974 790 .

1405 811 1437 843 3.
1460 798 1641 831 Historiam
1674 798 1756 831 hanc
1792 798 1864 832 aliis
1887 799 1980 833 addes
2012 813 2090 845 quas
2133 802 2193 837 sub
2233 805 2370 840 initium

1364 842 1544 885 scripsimus
1567 840 1785 883 Epistolarurn
1808 842 1866 875 LI.
1892 846 1922 876 δι
1957 845 2034 879 LII.
2070 848 2216 882 cranium
2249 850 2371 890 pariter

1363 888 1404 920 ab
1425 886 1544 919 ictibus
1566 885 1704 919 illaesutn
1727 907 1736 921 ‚
1769 894 1800 918 at
1824 896 1889 919 non
1912 898 1946 920 ea
1968 899 2038 931 quae
2061 893 2174 925 cranio
2205 890 2342 926 subsunt
2357 915 2368 932 ‚

1363 929 1610 967 ostendentes5
1654 939 1853 971 quamquam
1901 931 1934 963 in
1987 932 2118 968 illarum
2165 935 2259 969 nulla-
2302 946 2370 972 tam

1361 976 1428 1021 cita
1472 984 1557 1013 mors
1605 971 1712 1006 secuta
1754 972 1827 1005 est.
1873 972 1973 1007 Nunc
2019 979 2128 1020 accipe
2172 990 2270 1022 quam
2313 980 2373 1015 ad-

1359 1019 1453 1060 jicias
1498 1017 1593 1050 alteri
1627 1017 1661 1048 in
1696 1016 1845 1058 proxima
1878 1017 2025 1060 Epistola
2069 1022 2167 1056 LIII.
2199 1021 2371 1066 descripta:

1361 1062 1414 1105 (a
1439 1064 1449 1099 )
1474 1084 1482 1094 .
1517 1060 1661 1093 Secunda
1684 1062 1768 1093 enim
1793 1059 1838 1093 est
1860 1060 1894 1093 in
1916 1071 1980 1104 qua
2004 1064 2099 1102 nobis
2135 1065 2166 1103 se
2211 1065 2242 1099 se
2273 1066 2372 1102 obtu-

1361 1106 1401 1139 lit
1431 1103 1686 1138 cordis‘vulnus
1709 1128 1717 1135 .
1761 1104 1815 1137 Sic
1860 1115 1877 1135 a
1922 1108 2086 1149 praecipuo
2133 1108 2254 1144 viscere
2282 1122 2372 1145 cere-

1360 1149 1420 1182 bro
1464 1146 1502 1181 acl
1548 1147 1685 1181 alterum
1730 1145 1834 1181 viscus·
1894 1150 2093 1192 praecipuum
2137 1164 2228 1192 cor,
2275 1156 2307 1187 &
2353 1167 2372 1189 a

1360 1194 1472 1270 {cleris
1498 1192 1614 1225 mortis
1636 1190 1708 1224 casu
1732 1189 1770 1225 ad
1814 1190 1989 1226 celerrimae
2032 1197 2217 1240 exemplum
2254 1197 2372 1232 tranfi-

1387 1247 1497 1271 imus·

1406 1293 1437 1322 4.
1463 1280 1482 1312 S
1508 1279 1541 1311 U
1566 1278 1600 1311 T
1623 1279 1657 1310 O
1680 1278 1713 1311 R
1737 1278 1754 1312 I
1790 1288 1959 1316 pannorum
1992 1282 2127 1317 circiter
2173 1278 2372 1328 quadragin-

1365 1333 1398 1359 ta
1421 1333 1474 1365 per
1499 1321 1595 1355 scalas
1618 1321 1801 1355 ascendenti
1836 1322 1988 1367 inimicus
2018 1326 2209 1361 descendens
2240 1327 2374 1364 obviam

1365 1370 1477 1404 venit,
1499 1367 1708 1408 cultrumque
1742 1366 1777 1398 in
1811 1366 1918 1406 pectus
1950 1367 2066 1403 defixit
2094 1393 2110 1411 ,.
2139 1373 2171 1404 δι
2203 1374 2367 1407 continuo

1366 1410 1512 1453 aufugit.
1537 1410 1596 1443 llle
1621 1420 1698 1443 vero
1721 1407 1751 1442 se
1775 1409 1974 1444 vulneratum
1998 1412 2058 1446 esse
2082 1436 2093 1452 ‚
2126 1412 2269 1449 clamans
2291 1439 2304 1456 ‚
2338 1419 2371 1450 δι

1363 1457 1506 1491 cultrum
1529 1465 1545 1487 e
1568 1455 1697 1488 vulnere
1720 1451 1889 1486 extrahens
1912 1476 1924 1493 ‚
1959 1462 2026 1488 tam
2050 1457 2118 1491 cito
2144 1458 2270 1492 ibidem
2282 1470 2373 1493 mor-

1364 1510 1438 1534 tuus
1461 1497 1527 1534 est,
1552 1506 1588 1530 ut
1612 1497 1670 1539 qui
1693 1496 1730 1530 de
1754 1497 1905 1537 proximo
1929 1500 2094 1538 accersiti,
2119 1501 2289 1537 confestim
2321 1514 2375 1538 ac-

1364 1550 1531 1577 currerant
1552 1564 1565 1580 ‚
1598 1542 1711 1573 vivum
1746 1541 1890 1572 invenire
1924 1552 1989 1574 non
2025 1546 2196 1585 potuerint
2217 1571 2227 1580 .
2316 1550 2319 1553 '

1362 1589 1392 1620 C
1418 1589 1446 1619 A
1470 1587 1503 1618 D
1528 1586 1557 1617 A
1581 1585 1614 1618 V
1639 1585 1667 1617 E
1693 1584 1724 1616 R
1757 1581 1907 1616 studiosa
1934 1584 2096 1628 Juventns
2133 1599 2197 1623 non
2232 1588 2366 1625 difficile

1362 1630 1507 1664 obtinuit
1532 1649 1541 1663 ‚
1575 1630 1605 1660 &
1630 1628 1667 1660 ad
1692 1638 1762 1664 me,
1785 1628 1818 1659 in
1851 1627 2036 1669 Gymnas-io
2069 1641 2147 1666 tunc
2182 1636 2371 1667 Anatomen

1362 1674 1533 1708 docentem
1558 1694 1567 1709 ,
1603 1670 1708 1704 mense
1750 1669 1901 1703 videlicet
1929 1671 2088 1714 Januario
2125 1678 2165 1708 A.
2193 1686 2284 1719 1733.
2322 1676 2372 1711 af.

1364 1717 1534 1752 ferendum
1557 1718 1683 1748 curavit
1707 1739 1715 1747 .
1845 1713 2005 1755 Magnum
2025 1727 2092 1750 erat
2107 1744 2116 1759 ,
2141 1720 2278 1762 sanoque
2314 1719 2376 1754 ha-

1366 1762 1437 1795 bitu
1458 1784 1466 1799 ,
1501 1768 1537 1793 ut
1562 1760 1621 1791 nisi
1647 1759 1814 1800 aliquanto
1838 1759 1991 1798 pinguius
2014 1760 2112 1798 esset,
2136 1773 2234 1803 quam
2268 1763 2370 1797 velle-

1367 1816 1437 1840 mus
1462 1830 1470 1844 ,
1508 1802 1622 1837 melius
1647 1799 1686 1835 ad
1723 1798 1959 1834 observandum
1984 1825 1992 1839 ‚
2016 1802 2371 1849 demonstrandumque

1370 1848 1477 1892 optari
1501 1858 1565 1880 non
1591 1844 1690 1888 poss'et
1708 1868 1716 1876 .
1740 1844 1893 1879 Quorum
1916 1855 2093 1888 utrumque
2115 1847 2238 1884 faistum
2262 1862 2278 1884 a
2312 1862 2371 1884 no-

1370 1893 1421 1926 bis
1442 1891 1488 1925 est
1512 1899 1682 1924 accurate:
1707 1898 1893 1931 quanquam
1915 1888 1969 1922 hic
1993 1891 2076 1924 nihil
2100 1902 2219 1934 praeter
2241 1905 2274 1927 ea
2299 1905 2372 1937 quae

1372 1937 1410 1970 ad
1433 1935 1548 1969 vulnus
1570 1957 1583 1974 ,
1617 1936 1647 1966 δι
1687 1933 1769 1965 ίᾶυς
1800 1934 1834 1963 in
1869 1932 2012 1966 cadendo
2045 1938 2182 1970 attinent
2207 1962 2217 1977 ‚
2250 1949 2377 1971 memo-

1371 1980 1534 2013 rabimus.
1665 1977 1772 2017 Igitur
1805 1975 1924 2009 vulnus
1949 1978 2094 2019 perbrevi
2130 1981 2304 2014 intervallo
2337 1982 2377 2014 ab

1371 2023 1466 2058 sterni
1499 2021 1627 2056 sinistro
1660 2020 1755 2052 latere
1789 2018 1874 2052 inter
1910 2021 2115 2064 cartilagines
2149 2026 2253 2057 tertiae
2286 2048 2297 2064 ,
2342 2027 2375 2058 δε

1369 2077 1490 2110 quartae
1513 2065 1606 2099 costae
1641 2061 1809 2112 inflictum,
1832 2087 1840 2101 ‚
1875 2067 2015 2098 exterius
2051 2067 2107 2099 vix
2139 2067 2270 2110 longius
2302 2076 2374 2102 erat

1367 2111 1528 2144 semuncia
1562 2108 1650 2151 pedis
1682 2105 1895 2139 Bononiensis
1919 2129 1928 2145 ,
1964 2108 2037 2141 inde
2069 2121 2175 2144 autem
2219 2123 2273 2154 per
2308 2124 2378 2146 me-

1366 2154 1558 2189 djastinum,
1583 2155 1613 2186 ὅ(
1639 2151 1852 2199 pericardium
1877 2150 1915 2184 ad
1946 2152 2117 2186 dexterum
2150 2156 2374 2190 ventriculum

1366 2198 1473 2232 cordis
1508 2203 1694 2240 pervenerat
1718 2216 1727 2232 ‚
1773 2193 1902 2241 ejusque
1935 2198 2091 2236 parietem
2137 2197 2226 2239 septo
2262 2201 2376 2241 proxi-

1371 2253 1484 2278 mum,
1510 2240 1614 2274 media
1639 2238 1701 2272 fere
1724 2240 1808 2270 inter
1832 2238 1932 2271 basim
1957 2261 1966 2276 ‚
2001 2243 2035 2273 ἀ
2069 2240 2233 2284 cuspidem
2266 2243 2336 2276 sede
2364 2268 2375 2284 ,

1373 2284 1552 2329 pervaserat
1574 2307 1584 2322 ‚
1620 2293 1683 2315 non
1708 2283 1836 2323 longius
1859 2281 1907 2314 ibi
1932 2283 2024 2316 lineis
2047 2284 2171 2318 tribus.
2196 2285 2312 2328 Itaque
2324 2299 2379 2329 pe-

1372 2330 1545 2363 ricardium
1571 2329 1665 2369 nigro
1693 2326 1844 2368 sanguine
1866 2326 2017 2367 grumoso
2041 2327 2220 2363 distentum
2244 2331 2379 2364 invene-

1370 2384 1475 2408 ramus
1500 2395 1508 2411 ,
1541 2369 1721 2406 mediastini
1755 2378 1862 2402 autem
1896 2371 2089 2404 anteriorem
2120 2383 2244 2414 partem
2271 2399 2281 2415 ‚
2314 2385 2378 2416 qua

1372 2419 1485 2452 vulnus
1508 2415 1678 2449 transierat
1702 2438 1711 2453 ,
1746 2416 1777 2446 &
1800 2412 1913 2454 supra,
1948 2412 2097 2456 infraque
2131 2415 2168 2449 ad
2205 2428 2269 2450 non
2303 2418 2379 2451 bre-

1372 2473 1442 2494 vem
1465 2461 1604 2494 tracium
1631 2470 1645 2491 a
1670 2456 1821 2502 sanguine
1845 2457 2056 2499 nigricantem
2078 2460 2133 2496 ‚&
2157 2460 2245 2501 quasi
2270 2463 2379 2503 turgi-

1371 2505 1468 2542 dam3
1492 2503 1574 2537 nihil
1598 2513 1703 2536 autern
1728 2501 1890 2542 sanguinis
1916 2527 1924 2541 ,
1958 2503 1991 2534 in
2015 2505 2204 2537 ventriculis
2238 2504 2346 2538 cordis
2370 2529 2380 2544 ,

1375 2549 1502 2591 ejusque
1525 2547 1677 2581 auriculis
1700 2570 1707 2578 .
1747 2544 1865 2586 Neque
1889 2546 1972 2578 intra
1998 2544 2165 2580 thoracem
2198 2548 2378 2590 quidquam

1374 2602 1523 2635 praeterea
1548 2590 1655 2624 laesum
1691 2588 1794 2622 fuerat
1820 2612 1827 2618 .
1862 2590 2013 2622 Exterius
2047 2600 2152 2623 autem
2187 2592 2220 2623 in
2254 2592 2381 2625 summo

1372 2635 1470 2669 dorso
1503 2633 1701 2669 contusionis
1734 2633 1867 2673 vestigia
1900 2633 1971 2674 (ωε
2004 2644 2020 2664 a
2051 2642 2125 2666 cute
2166 2635 2199 2667 in
2245 2636 2381 2677 pingue-

1375 2682 1487 2713 dinem
1522 2678 1620 2720 usque
1656 2676 1686 2709 se
1722 2674 1934 2720 extendebant
1959 2699 1968 2713 ‚
2005 2675 2174 2710 Rotundis
2207 2678 2379 2721 utriusque

1376 2723 1510 2766 scapulae
1544 2720 1694 2755 musculis
1738 2721 1942 2759 interjestam
1969 2745 1977 2752 .
2109 2721 2240 2765 Capitis
2280 2723 2379 2755 etiam

1375 2769 1596 2808 integumenta
1627 2761 1823 2796 contufionis
1847 2762 1934 2805 signa
1968 2765 2001 2795 in
2034 2761 2143 2797 fronte
2176 2763 2346 2800 servabant
2369 2788 2380 2804 ‚

1376 2811 1471 2845 credo
1515 2811 1598 2843 inter
1645 2806 1826 2841 cadendum
1871 2807 2014 2846 relatae,
2066 2806 2160 2840 sicuti
2211 2818 2380 2843 mortuum

1376 2855 1471 2889 credo
1515 2854 1547 2886 in
1594 2851 1683 2885 scalis
1727 2853 1740 2889 (
1780 2850 1815 2881 in
1860 2862 1997 2893 quarum
2041 2849 2156 2892 gradus
2190 2876 2200 2892 ,
2255 2851 2381 2894 surgere

1376 2906 1509 2932 conatus
1532 2919 1545 2936 ,
1581 2897 1697 2929 iterum
1728 2892 1887 2927 cecidisset
1913 2897 1923 2932 )
1955 2895 2001 2927 ita
2040 2893 2179 2937 denique
2214 2893 2341 2937 jacuisse
2366 2917 2381 2935 ‚

1381 2952 1415 2976 ut
1438 2942 1473 2973 in
1497 2948 1593 2983 caput
1617 2938 1793 2980 proclivius
1815 2937 1960 2979 sanguini
1983 2935 2082 2970 fuerit
2107 2959 2117 2975 ,
2140 2949 2239 2980 quam
2262 2941 2296 2972 in
2320 2950 2383 2980 op·-

1382 2983 1518 3028 positam
1542 2991 1685 3024 partem,
1709 2978 1867 3015 defluere:
1892 2990 1975 3014 certe
1999 2992 2070 3023 quae
2091 2979 2177 3014 infra
2199 2993 2255 3016 cor
2277 2990 2383 3022 erant,

1381 3028 1453 3061 vasa
1477 3028 1671 3060 mediocrem
1704 3025 1864 3068 sanguinis
1898 3025 2056 3065 copiam,
2087 3034 2118 3057 at
2149 3036 2222 3067 quae
2255 3024 2347 3067 supra
2371 3046 2382 3061 1

1382 3072 1559 3114 plurimum
1598 3070 1808 3104 continebant
1833 3092 1840 3099 .
1880 3068 1995 3110 Itaque
2029 3068 2151 3100 cerebri
2194 3068 2382 3111 superficies

1382 3115 1517 3148 rubebat
1553 3126 1569 3147 a
1600 3112 1748 3147 distentis
1794 3113 1946 3155 sanguine
1988 3110 2067 3144 vasis
2099 3123 2171 3154 quae
2216 3124 2269 3154 per
2312 3113 2382 3146 Te-

1382 3170 1477 3192 nuem
1517 3158 1698 3199 meningem
1741 3155 1902 3190 ducuntur
1926 3177 1935 3192 ‚
1977 3165 2153 3197 eorumque
2185 3155 2382 3201 ‚ramusculis

1384 3212 1446 3235 non
1481 3200 1567 3234 secus
1598 3212 1632 3234 ac
1654 3197 1675 3232 fi
1701 3200 1814 3233 rubens
1846 3199 1978 3232 materia
2011 3197 2120 3231 suisset
2144 3199 2283 3239 inJeeta.
2310 3198 2383 3231 Nec

1382 3246 1488 3280 minus
1512 3244 1602 3288 plena
1625 3242 1697 3276 vasa
1728 3244 1782 3276 illa
1817 3242 1917 3282 vidi,
1950 3252 2023 3283 quas
2054 3242 2140 3275 intra
2174 3241 2384 3277 medullarem

1381 3288 1593 3323 substantiam
1634 3296 1789 3329 apparent
1832 3286 1908 3319 alias
1963 3284 2095 3318 filorum
2140 3286 2273 3322 instarz
2327 3284 2385 3319 hic

1380 3335 1468 3410 {nim
1511 3343 1607 3365 cavos
1648 3329 1711 3364 esse
1756 3329 1887 3364 tubulos
1914 3355 1924 3371 ,
1967 3327 2173 3363 manifestum
2226 3329 2381 3363 omnibus

1398 3386 1466 3410 uit.

1427 3429 1456 3461 5.
1490 3419 1522 3451 Si
1567 3418 1683 3451 vulnus
1727 3416 1790 3450 hoc
1835 3417 1941 3450 cordis
1994 3427 2069 3449 cnm
2118 3427 2157 3449 eo
2203 3416 2383 3450 contuleris

1381 3461 1471 3506 quod
1513 3461 1577 3494 tibi
1620 3461 1761 3501 Epistola
1806 3462 1899 3493 LIII.
1931 3458 2020 3499 (b)
2057 3470 2095 3492 ex
2127 3459 2289 3494 Valsalvae
2321 3459 2385 3493 ob-

1384 3506 1563 3539 servatione
1612 3503 1832 3545 descripsimus
1873 3528 1881 3539 ‚
1947 3514 2121 3542 utrumque
2177 3512 2288 3537 autem
2346 3504 2384 3536 in

1385 3548 1523 3592 ejusdem
1569 3570 1579 3586 ,
1647 3559 1759 3589 nempe
1804 3548 1927 3582 dexteri
1973 3546 2145 3581 ventriculi
2198 3557 2328 3581 caveam
2375 3568 2386 3585 ,

2290 3600 2346 3623 nec

347 3697 2378 3720 W

401 3781 570 3812 [ahma.
632 3779 777 3812 (b)n.3.
