2498 4075
370 292 418 324 17.
456 278 560 323 Cujus
589 276 735 311 cerebelli
758 275 903 314 scirrho,
936 274 959 308 fi
993 276 1144 318 negleffls
1177 274 1327 307 omnibus

317 334 387 366 quae
410 325 444 357 in
466 321 599 357 cerebro
623 329 735 360 erant,
758 321 871 356 vitiis,
910 317 997 361 quast
1020 319 1106 354 nulla
1131 328 1240 351 eorum
1263 319 1326 350 ini-

313 370 360 408 tia
392 376 463 401 ante
497 358 664 407 paralysim
696 372 809 396 contra
847 373 881 396 ac
922 363 1038 404 capitis
1071 360 1236 397 acutiffimi
1267 361 1325 403 qui

316 407 399 444 hanc
428 406 659 454 praecesserant,
684 406 813 439 dolores
834 405 1001 445 indicant,
1034 404 1091 439 esse
1117 402 1288 448 potuissent
1313 417 1323 441 3

314 452 336 488 sl
362 455 411 487 illi
437 479 445 493 ‚
478 455 607 493 inquam
631 474 642 489 ‚
676 449 799 482 scirrho
821 450 912 483 unice
936 471 946 485 ,
969 451 1001 481 ἃς
1025 460 1078 490 per
1101 449 1130 482 se
1155 447 1323 490 paralysim

314 498 395 530 velis
418 498 602 536 imputare3
626 492 711 526 haud
735 491 893 526 videberis
916 491 1089 526 meminisse
1112 518 1122 532 ,
1156 496 1220 537 non
1252 502 1324 525 eum

312 539 477 574 dumtaxat
503 547 605 571 artum
625 536 810 569 inferiorem
833 536 889 576 qui
914 534 1035 568 scirrho
1057 546 1122 571 erat
1145 534 1326 575 subjectus,

313 582 364 618 sed
388 593 557 625 utrumque
581 581 698 622 pariter
722 578 814 613 fuisse
837 578 1032 614 resolutum:
1066 591 1136 622 quae
1158 589 1205 610 res
1227 578 1323 611 nimi-

313 638 384 662 rum
410 626 510 663 facit,
535 633 572 660 ut
595 622 677 657 illud
701 621 789 666 quod
814 619 955 656 dixeram
979 620 1041 664 (f)
1071 634 1125 665 per
1149 621 1227 656 alias
1249 621 1322 654 Ob-

313 669 506 703 servationes
529 666 632 701 adhuc
655 665 712 701 esse
733 664 1008 705 confirmandum,
1040 677 1094 708 per
1126 665 1206 699 hanc
1237 674 1320 698 certe

312 712 493 747 confirmari
532 723 572 746 ne
606 710 716 753 poffit.
751 707 904 752 Idemque
936 707 1170 751 prohibuissent
1203 708 1264 741 alia
1289 710 1323 741 in

311 757 433 792 duabus
455 753 742 791 observationibus
765 753 798 785 in
822 752 937 795 quibus
963 753 1145 786 alterutram
1177 751 1323 785 cerebelli

311 811 433 844 partem
457 797 556 835 effuso
579 798 662 830 intra
685 796 788 838 ipsum
813 795 980 838 sanguine,
1007 794 1165 829 velaffuso
1188 795 1322 828 eroden-

314 855 345 876 te
371 855 446 883 nure
470 852 522 875 aut
548 842 671 883 magis,
696 849 749 872 aut
773 839 865 873 unice
889 839 992 873 laesam
1016 838 1159 880 Epistola
1185 840 1230 871 II.
1255 838 1320 881 (g)

312 889 344 920 ἃ
367 888 461 920 XIV.
484 885 552 926 (h)
577 882 822 927 proposuimus.
848 883 888 914 In
911 882 1007 915 altera
1030 884 1115 916 enim
1139 882 1244 917 ullane
1266 881 1323 915 he-

310 931 465 972 miplexia
490 928 613 966 fuerit,
637 926 849 960 animadverti
882 936 947 959 non
980 929 1093 969 potuit
1116 939 1124 960 ε
1158 927 1192 959 in
1228 925 1323 959 altera

312 983 394 1009 certe
417 973 503 1007 nulla
527 970 591 1007 fuit
608 997 616 1005 .

359 1018 406 1050 18.
435 1019 481 1051 At
506 1018 611 1053 enim„
637 1015 778 1057 inquies,
800 1011 957 1056 descripta
980 1014 1091 1056 Coqui
1116 1012 1247 1047 historia
1282 1013 1324 1045 il-

311 1060 365 1095 lud
390 1060 501 1094 saltem
523 1058 728 1093 confirmabit
753 1055 840 1101 quod
864 1056 1004 1091 adversus
1037 1067 1088 1090 tot
1122 1058 1176 1090 illa
1211 1068 1281 1100 quae
1306 1068 1322 1089 a

316 1103 459 1136 Willisio
482 1102 607 1136 fuerant
630 1101 787 1136 cerebello
809 1101 986 1138 attributa,
1010 1111 1092 1134 nunc
1117 1100 1223 1142 passim
1246 1110 1322 1140 pro-

311 1146 418 1181 ferunt
455 1147 530 1180 Viri
570 1145 669 1181 Docti
695 1170 703 1178 .
738 1146 824 1179 Cum
860 1153 952 1179 tanto
973 1145 1061 1177 enirn
1085 1145 1211 1178 visceris
1234 1143 1323 1176 illius

309 1192 416 1229 vitio,
443 1190 636 1233 respiratio,
660 1191 692 1222 &
715 1188 860 1221 alimenti
888 1190 1046 1230 appetitus
1060 1189 1092 1220 in
1104 1189 1221 1228 Coquo
1233 1196 1322 1219 erant

312 1234 470 1268 naturales
494 1256 505 1273 ,
540 1231 705 1275 pulsusque
729 1230 788 1274 ipsi
811 1230 888 1264 tensi
911 1231 1044 1272 quidem
1069 1254 1081 1271 ‚
1113 1233 1144 1264 δε
1168 1229 1285 1262 vibrati
1312 1253 1323 1269 ,

310 1287 421 1311 caetera
459 1275 653 1309 mediocres.
690 1276 764 1317 Ego
798 1285 875 1307 vero
914 1275 1006 1308 sicuti
1032 1284 1093 1308 non
1118 1274 1228 1306 omnia
1253 1285 1323 1315 quae

309 1321 347 1353 de
370 1320 525 1354 cerebello
547 1316 708 1356 VVillifius
730 1315 875 1360 scripsit,
900 1318 1061 1361 agnosc0;
1093 1319 1137 1350 ita
1178 1318 1324 1359 aliquan-

310 1363 355 1398 do
377 1374 510 1404 vereor,
531 1373 569 1396 ne
592 1362 678 1397 forte
701 1361 851 1396 nonnulli
874 1361 1031 1397 cerebello
1054 1360 1196 1396 nimium
1215 1360 1323 1394 detra-

725 200 882 253 Liber
917 197 978 250 V.
1017 198 1095 249 De
1131 198 1386 252 addendis
1422 195 1492 253 ad
1528 196 1713 252 Libros
1747 197 2036 262 superiores

1379 274 1480 309 hant.
1506 275 1714 321 Qapropter
1736 272 1759 308 fi
1784 273 1990 318 aliquid*pr0
2012 272 2075 309 hoc
2097 274 2233 314 viscere,
2258 280 2383 322 praeser.

1377 319 1439 351 tim
1464 327 1633 360 antequam
1657 318 1783 360 objecta
1807 317 1841 349 in
1866 317 1969 359 ipsum
2003 317 2082 352 adeo
2115 318 2279 356 crevissent
2301 347 2314 364 ,
2346 325 2379 357 in

1376 363 1454 396 meis
1477 361 1516 395 acl
1540 370 1571 394 te
1595 363 1730 395 Litteris
1753 361 1812 401 (ι’)
1835 362 1959 403 attigi,
1994 361 2028 394 in
2052 373 2121 395 eam
2155 373 2275 405 partem
2299 369 2387 401 acci-

1375 407 1443 449 pias
1460 427 1470 443 ,
1495 406 1594 438 velim
1610 427 1622 444 ,
1643 413 1680 439 ut
1703 403 1861 439 existimes
1879 427 1892 444 ,
1925 415 1988 436 non
2021 405 2092 438 aliis
2125 407 2259 441 omnino
2294 420 2385 452 repu..

1382 447 1569 492 gnandum,
1592 446 1643 481 sed
1664 455 1775 486 caute,
1798 451 1829 481 δι
1855 447 2049 490 pedetentim
2072 449 2105 482 in
2131 449 2226 493 hujus
2256 462 2384 495 quoque

1375 493 1532 526 doftrinae
1555 488 1813 537 mutatione-esse
1837 501 1853 523 a
1877 501 1926 523 me
1951 490 2180 534 incedendum,
2212 494 2361 530 censuisse
2376 520 2386 528 .

1378 537 1451 570 Nec
1474 535 1561 569 aliud
1585 546 1634 567 me
1655 534 1824 568 consilium
1847 536 2032 576 permovit,
2067 545 2103 569 ut
2140 547 2213 570 cum
2236 537 2274 571 de
2297 550 2386 573 ccre-

1375 579 1454 614 belli
1476 578 1659 612 vulneribus
1692 577 1891 611 scribendum
1924 577 1989 611 fuit
2012 577 2100 618 (le),
2125 590 2158 612 ea
2182 592 2220 614 ne
2253 591 2386 623 praeter..

1374 624 1537 657 mitterem
1559 633 1628 664 quae
1653 631 1730 655 tunc
1753 621 1855 663 legisti
1871 646 1879 659 ,
1900 630 1936 654 ut
1961 633 2059 664 neque
2083 634 2116 655 ea
2151 635 2222 666 quae
2255 624 2293 658 ad
2327 626 2382 659 lae-

1373 667 1474 701 fiones
1495 664 1634 708 ejusdem
1657 665 1822 705 attinent,
1844 675 1915 707 quae
1937 675 2002 697 non
2026 665 2140 704 illico,
2168 676 2204 700 ut
2228 669 2356 703 vulnera
2372 690 2383 706 ‚

1375 709 1426 744 sed
1449 717 1593 751 tempore
1616 718 1671 743 aut
1695 708 1824 747 minus,
1848 717 1901 741 aut
1927 709 2028 750 magis
2051 708 2151 751 longo
2174 709 2255 744 fiunt
2290 716 2360 756 (z)
2375 738 2385 751 „

1374 762 1410 787 ut
1434 764 1497 796 prae
1519 753 1639 786 caeteris
1663 749 1795 785 scirrhi.
1824 751 1907 789 Qae
1930 762 2002 785 curn
2026 753 2160 795 relegere
2185 754 2295 796 possis,
2321 766 2385 789 non

1375 797 1428 831 liic
1451 796 1592 830 iterabo.
1618 795 1702 828 Noli
1726 803 1830 828 autem
1866 803 1977 836 putare
2007 806 2080 829 cum
2104 806 2137 829 in
2160 797 2315 831 cerebello
2337 799 2387 832 vi·-

1375 842 1458 875 tium
1482 838 1544 872 hoc
1567 847 1693 872 tantum
1714 837 1834 871 offendi
1856 837 1942 879 quod
1967 838 2030 871 tibi
2056 849 2200 874 accurate
2212 842 2387 883 ,ingenue-

1419 895 1434 916 e
1458 881 1646 926 perscripsi,
1668 893 1717 915 me
1741 892 1804 914 non
1828 883 1933 915 minus
1954 892 2049 924 quam
2071 893 2103 916 te
2127 884 2160 916 in
2173 884 2387 926 perlegendo,

1391 925 1466 961 uisse
1505 927 1656 961 miratum
1679 948 1691 965 ,
1724 923 1868 958 hominis
1892 932 2005 959 'tamen
2038 926 2280 969 respirationem
2302 950 2312 966 ‚
2350 931 2384 961 &

1373 970 1480 1013 pulsus
1500 970 1574 1016 ita,
1598 979 1633 1003 ut
1656 967 1827 1010 diligenter
1837 967 2010 1011 quaerendo
2023 972 2187 1012 comperi,
2212 970 2241 1004 se
2252 971 2381 1006 habuis-

1375 1014 1426 1048 se.
1460 1015 1557 1047 Certe
1591 1013 1676 1046 enirn
1700 1013 1770 1054 plus
1792 1021 1863 1044 ante
1887 1010 1953 1045 haec
1984 1013 2146 1047 noviffima
2184 1023 2329 1057 tempora
2352 1016 2382 1048 ei

1374 1057 1486 1091 visceri
1510 1057 1670 1090 tributum
1693 1053 1770 1092 esse,
1794 1053 1960 1097 perspexi,
1982 1066 2077 1098 quarn
2100 1059 2386 1098 conveniret,lau-

1374 1100 1497 1134 dandos
1519 1112 1557 1134 ue
1580 1099 1655 1132 illos
1678 1097 1736 1133 esse
1759 1098 1916 1140 Egregios
1941 1099 2063 1139 Viros,
2085 1100 2142 1143 qui
2165 1112 2229 1134 non
2257 1111 2384 1136 tantum

1376 1144 1435 1177 esse
1459 1112 1517 1186 ipsi
1543 1142 1772 1182 tribuendum,
1795 1151 1987 1175 monuerunt
2002 1166 2010 1173 .
2035 1143 2147 1178 Minus
2169 1144 2301 1187 quidem
2315 1169 2325 1185 ,
2347 1154 2386 1179 ut

1378 1188 1450 1221 aliis
1473 1185 1663 1229 quibusdam
1686 1187 1833 1227 corporis
1858 1185 2005 1220 Partibus
2040 1186 2103 1219 alia
2135 1187 2168 1220 in
2191 1199 2249 1228 re,
2279 1190 2324 1222 ita
2347 1190 2383 1222 in

1377 1232 1419 1264 iis
1440 1241 1510 1272 quae
1533 1229 1620 1263 dieta
1643 1231 1712 1264 sunt
1727 1252 1739 1269 ‚
1761 1228 1918 1262 cerebello
1940 1228 2146 1264 deferendum
2177 1230 2258 1272 esse,
2289 1242 2386 1274 appa-

1377 1284 1448 1313 ret,
1471 1284 1565 1317 quam
1594 1274 1748 1316 superiori
1771 1281 1936 1314 tempore.
1963 1272 2151 1307 Videndum
2174 1283 2281 1308 tamen
2304 1285 2384 1317 qua—

1373 1327 1478 1396 he-nus:
1501 1316 1701 1395 idquevpluto
1724 1316 1943 1360 meliusquam
1967 1326 2048 1359 nos,
2069 1317 2209 1361 posteros
2231 1316 2288 1353 esse
2309 1328 2386 1352 con-

1400 1369 1563 1395 ituturos.
1622 1371 1639 1394 a
1654 1372 1691 1396 e.

362 1645 881 1712 EPISTOLA
921 1645 2030 1710 ANATOMICO-MEDICA
2068 1644 2311 1709 LXIII.

524 1805 745 1859 Attinet
779 1799 852 1855 ad
888 1799 1237 1864 Caecitatem,
1271 1800 1338 1852 ad

430 2012 524 2034 unam
551 2001 587 2034 ad
611 2011 643 2034 te
668 1999 736 2034 misi
761 2004 775 2039 (
798 1998 816 2033 b
842 2003 852 2039 )
876 2012 913 2034 ex
938 2003 1017 2034 meis
1049 1998 1219 2035 Caecitatis
1253 1999 1323 2031 Ob-

340 2073 342 2077 .
431 2044 664 2079 servationibus
679 2069 692 2086 ,
713 2037 808 2077 unar‘n
833 2055 908 2077 vero
924 2068 933 2083 ,
959 2043 1043 2079 haud
1069 2041 1207 2083 amplius
1222 2063 1229 2077 ›
1252 2053 1322 2083 quae

310 2084 347 2121 ad
383 2087 569 2121 A.honiam
593 2091 679 2131 (c),
702 2090 842 2129 itemque
867 2099 961 2121 unam
985 2100 1056 2131 quae
1091 2086 1129 2120 ad
1160 2086 1324 2127 Anginam

311 2133 378 2170 (d)
404 2133 578 2170 attineret3
602 2142 706 2164 tamen
731 2128 772 2163 sic
797 2130 936 2171 accidit,
960 2141 994 2165 ut
1019 2132 1107 2165 exiis
1130 2129 1225 2163 etiam
1249 2139 1326 2171 quas

313 2174 418 2217 poma
453 2174 548 2208 habui
576 2198 584 2213 ‚
618 2174 756 2216 singulas
787 2174 897 2216 possim
935 2186 1017 2208 nunc
1055 2174 1117 2207 tibi
1152 2171 1324 2206 describere

315 2230 385 2260 quae
420 2217 458 2251 ad
492 2218 632 2260 singulos
669 2218 728 2252 hos
765 2216 844 2251 duos
877 2219 1017 2252 ultimos
1044 2214 1194 2252 Affmstus
1227 2216 1324 2256 perti-

310 2271 404 2296 neant
434 2287 441 2299 ,
473 2273 547 2296 cum
584 2262 686 2302 plures
720 2261 884 2303 suppetant
917 2273 987 2303 quae
1020 2260 1160 2303 spestent
1194 2257 1233 2292 ad
1255 2260 1326 2293 Cae-

311 2306 443 2339 citatem
469 2330 476 2338 ,
513 2318 526 2338 a
561 2304 676 2346 quibus
714 2314 879 2346 propterea
914 2306 1047 2338 initium
1078 2304 1234 2339 ducetur.

356 2360 385 2382 2.
416 2348 542 2382 ANUS
565 2348 728 2390 cujusdam
752 2348 862 2381 oculus
886 2349 972 2381 inter
1007 2350 1069 2381 tion
1095 2357 1212 2389 paucos
1248 2345 1327 2378 alios

311 2392 429 2436 quibus
457 2395 617 2434 Ax1747.
649 2391 686 2424 ad
711 2395 892 2424 Anatomen
933 2392 1100 2425 Publicam
1123 2400 1287 2424 uteremur
1309 2412 1321 2429 ‚

317 2436 442 2468 oblatus
468 2434 509 2468 est
545 2433 648 2472 mihi,
672 2445 766 2478 quem
791 2445 829 2467 eo
863 2432 1324 2475 libentiusdiffecarem‚quod

312 2490 431 2512 caecum
456 2477 547 2512 fuisse
571 2478 733 2511 indicabat
758 2476 823 2520 ejus
847 2477 946 2520 figura
971 2489 1033 2511 non
1059 2477 1134 2511 satis
1158 2475 1323 2518 sphaerica,

313 2524 448 2556 Corneae
482 2531 586 2555 autem
624 2524 761 2556 maxima
798 2533 865 2562 pars
899 2534 912 2552 a
938 2523 1061 2564 magnis
1087 2522 1168 2555 albis
1193 2520 1324 2553 maculis

313 2567 402 2599 valde
427 2576 523 2607 opaca
539 2589 546 2596 .
729 2565 926 2597 TUNICAE
939 2565 1119 2598 Scleroticae
1142 2562 1326 2597 Choroidcs

316 2610 455 2649 arc-fiius,
479 2619 573 2650 quam
599 2607 704 2647 solet,
729 2607 929 2647 adhaerebat,
954 2608 1129 2650 praesertim
1154 2605 1325 2649 posterius.

315 2651 503 2692 crystallini
530 2651 671 2684 humoris
696 2652 834 2683 anterior
858 2649 953 2683 facies
978 2653 1010 2684 in
1036 2650 1143 2683 medio
1164 2659 1230 2682 erat
1253 2651 1327 2682 ince-

316 2696 454 2739 qualiter
477 2704 621 2729 excavata
636 2718 646 2734 ,
669 2694 764 2735 idque
799 2694 960 2727 altiuscule
981 2707 988 2727 :
1023 2695 1150 2736 reliquae
1183 2692 1329 2727 humoris

321 2739 457 2782 ejusdem
483 2749 586 2780 partes
634 2739 812 2779 quanquam
836 2739 898 2770 luci
922 2736 1055 2780 objectae
1081 2737 1198 2770 flavum
1232 2736 1329 2770 succi-

321 2794 396 2816 nurn
423 2780 624 2820 referebant5
649 2782 725 2814 sanae
751 2792 811 2823 pro
833 2793 864 2814 ea
889 2791 981 2814 aetate
1004 2790 1090 2813 erant
1117 2790 1242 2813 tamen.
1269 2780 1330 2812 Iri-

320 2827 391 2860 dem
416 2837 489 2859 curn
514 2826 626 2858 vellem
650 2836 666 2857 a
690 2827 706 2855 (
722 2836 815 2857 ornea
851 2824 1036 2864 dimovere,·
1069 2834 1173 2857 totam
1208 2822 1329 2856 auferre

321 2881 384 2903 non
420 2880 536 2910 potui,
572 2866 716 2901 a—medio
742 2868 934 2907 praesertirn.
969 2869 1052 2901 Cum
1089 2869 1174 2900 enim
1198 2867 1236 2899 ab
1268 2877 1328 2900 una

323 2923 411 2956 palte
436 2913 470 2945 ad
499 2913 640 2946 medium
665 2914 778 2954 usque.
813 2912 881 2944 imo
913 2912 998 2945 ultra
1023 2911 1162 2944 medium
1194 2913 1329 2943 Cornea:

324 2956 526 2994 adhaererem
563 2959 715 2997 nmquam
751 2955 835 2988 arfte
859 2955 956 2994 adeo,
994 2966 1026 2987 ac
1053 2956 1087 2987 in
1113 2953 1241 2991 medio,
1275 2952 1328 2986 ad-

322 2999 460 3034 bamba-t
488 2999 541 3032 ubi
570 2999 623 3031 illa
648 3000 783 3031 cornea>
809 2998 902 3032 facies
926 3008 990 3031 erat
1015 2998 1180 3040 inaequalis
1196 3023 1204 3037 ‚
1229 3000 1259 3030 δι
1285 2997 1329 3029 la-

294 3055 296 3058 ·
324 3044 451 3077 mnam
478 3042 612 3075 habebat
640 3040 722 3082 quali
748 3041 905 3075 abscedere
941 3042 1148 3084 insipientem
1168 3067 1177 3081 ,
1210 3044 1241 3074 ἃ
1273 3041 1324 3073 in·

321 3091 458 3120 trorlum
485 3084 632 3119 nonnihil
658 3092 840 3124 extantem,
863 3097 935 3118 curn
959 3085 1054 3118 facies
1077 3086 1215 3118 exterior
1240 3085 1326 3117 laevis

322 3130 417 3170 esset,
453 3141 554 3170 neque
587 3131 619 3161 in
655 3129 761 3161 eadem
797 3137 908 3169 praeter
943 3128 1145 3162 minutiffima
1178 3127 1325 3170 quaedam

322 3174 404 3217 quasi
431 3174 574 3213 vuacta,
595 3184 691 3217 eaque
717 3172 927 3213 luboblcura,
951 3172 1036 3206 aliud
1060 3171 1179 3215 possem
1191 3171 1333 3205 animad-

326 3229 445 3251 vertere
471 3242 478 3248 .

309 1955 474 2067 ETsi
497 1966 611 2000 praeter
647 1969 697 1991 eas
719 1966 797 1998 quas
833 1965 904 1991 ante
927 1957 1087 1992 edideram
1125 1957 1140 1994 (
1161 1964 1179 1987 a
1200 1957 1237 1995 ),
1260 1965 1325 1988 non

365 3273 396 3304 3.
422 3263 504 3295 Quae
528 3271 601 3292 cum
625 3261 669 3292 ita
693 3259 722 3293 se
746 3259 896 3294 haberent
912 3281 921 3295 ‚
954 3270 1008 3291 nec
1030 3258 1102 3292 ullae
1136 3258 1268 3301 usquam
1292 3258 1325 3289 in

323 3306 477 3338 exteriore
513 3303 599 3336 oculi
640 3302 719 3336 facie
753 3305 918 3336 cicatricts
950 3302 1206 3343 conspicerentur
1229 3328 1237 3339 ,
1261 3312 1325 3334 non

324 3350 409 3381 setus
432 3356 581 3389 atquem
617 3348 715 3378 altero
751 3358 844 3389 quam
875 3346 929 3379 (41.
963 3347 1176 3379 Anatomxcus
1210 3345 1326 3377 incinit

324 3391 395 3424 Phil
434 3394 525 3423 Conr
561 3390 724 3423 Fabricius
747 3392 806 3430 (e)
832 3413 841 3427 ,
866 3390 926 3422 alta
949 3389 1077 3431 quidem
1101 3412 1114 3429 ³
1138 3388 1233 3430 digna
1256 3399 1326 3431 quae

322 3446 336 3466 a
363 3445 390 3466 te
416 3435 582 3476 legantur,
607 3433 759 3467 habente,
785 3432 833 3465 led
857 3435 890 3464 in
916 3433 981 3465 sede
1015 3431 1232 3465 ex'cavationis
1265 3433 1325 3464 liu-

324 3479 425 3511 moris
451 3476 637 3520 crystallini
661 3487 733 3509 cum
765 3476 828 3509 hoc
853 3474 960 3509 nostro
983 3485 1190 3509 conveniente
1213 3487 1226 3516 ,-
1261 3484 1324 3507 non

1373 1800 1694 1867 Aphoniam
1710 1839 1726 1862 ,
1760 1798 1828 1851 ad
1862 1800 2171 1868 Angiuam.

1375 1954 1423 1989 ita
1447 1953 1579 1989 difficile
1601 1952 1685 1987 mihi
1709 1961 1777 1986 erat
1802 1953 1882 1988 vitia
1905 1965 1975 1997 quae
1998 1951 2147 1996 descripsi
2170 1975 2184 1993 ‚
2213 1952 2322 1994 omnia
2345 1952 2385 1987 ad

1375 1998 1589 2039 interiorem,
1621 2008 1691 2040 quae
1724 1998 1804 2030 olim
1840 1996 2047 2040 praeceffisset‚
2071 1996 2194 2030 causam
2217 2017 2228 2033 ,
2260 1995 2321 2030 sive
2345 2008 2381 2029 ea

1376 2042 1590 2075 inflammatio
1612 2039 1740 2079 fuisset,
1764 2040 1828 2074 sive
1852 2040 1912 2073 alia
1939 2066 1948 2081 ,
1972 2039 2087 2073 referre
2112 2064 2119 2071 .
2144 2041 2267 2072 Contra
2290 2037 2323 2073 in
2346 2052 2385 2073 o-

1376 2085 1449 2120 culo
1471 2096 1564 2128 quem
1589 2095 1673 2118 anno
1696 2082 1873 2126 insequenti
1906 2085 2027 2126 pariter
2058 2084 2092 2116 in
2127 2081 2306 2125 Gymnasio
2338 2081 2387 2117 se-

1376 2129 1428 2175 cui
1453 2150 1464 2166 ,
1497 2139 1612 2170 anceps
1636 2126 1708 2160 has-i
1732 2151 1740 2165 ,
1777 2140 1814 2161 an
1838 2128 1947 2161 omnia
1971 2138 2040 2169 quae
2063 2127 2221 2160 continuo
2246 2125 2351 2160 dicam
2372 2145 2386 2166 ·,

1376 2171 1532 2214 ejusmodi
1557 2170 1655 2205 causae
1679 2169 1772 2204 essent
1796 2170 2003 2214 imputanda.

1419 2227 1451 2257 4.
1478 2217 1578 2250 VIRI
1601 2215 1712 2249 oculus
1734 2213 1870 2249 habebat
1895 2216 2054 2248 Corneam
2078 2224 2094 2247 a
2118 2213 2218 2255 longo
2241 2238 2250 2252 ,
2273 2222 2309 2248 ut
2332 2213 2384 2247 vi-

1381 2258 1516 2293 debatur
1540 2283 1551 2298 ,
1574 2268 1717 2301 tempore
1740 2269 1871 2302 opacam
1895 2284 1904 2298 ,
1938 2260 1970 2291 &
1993 2258 2128 2300 geminae
2151 2257 2310 2291 cicatricis
2332 2265 2379 2290 te-

1379 2305 1453 2335 nuia
1477 2304 1609 2346 quidem
1631 2327 1643 2343 ‚
1683 2301 1734 2335 sed
1765 2301 1926 2335 evidentia
1949 2325 1962 2342 ,
2004 2300 2132 2343 vestigia
2164 2301 2351 2335 retinentem
2376 2323 2387 2334 .

1377 2346 1748 2381 CRYSTALLINUS
1771 2344 1887 2380 humor
1923 2355 1998 2378 cum
2022 2345 2131 2378 tunica
2169 2343 2270 2378 modo
2299 2343 2387 2379 dicta

1375 2400 1537 2424 connexus
1560 2399 1649 2428 erat,
1676 2400 1730 2422 nec
1753 2398 1858 2423 tamen
1884 2388 1980 2422 durus
2004 2409 2014 2425 ‚
2035 2399 2218 2432 quanquam
2241 2386 2386 2422 decreve-

1376 2442 1424 2465 rat
1449 2433 1528 2466 adeo
1554 2459 1562 2473 ‚
1595 2443 1630 2466 ut
1655 2434 1708 2466 vix
1729 2443 1840 2474 quarta
1864 2431 1929 2475 ejus
1952 2443 2021 2473 pars
2056 2430 2220 2474 superesset
2246 2456 2254 2464 .
2290 2432 2384 2465 Uvea

1375 2486 1439 2522 non
1476 2477 1621 2518 peffime3
1653 2487 1685 2510 at
1719 2477 1854 2510 Vitreus
1891 2474 2039 2512 humor,
2072 2477 2105 2508 &
2128 2476 2243 2509 Retina
2278 2475 2385 2508 multo

1377 2529 1465 2560 pejus
1491 2518 1519 2552 se
1545 2519 1723 2554 habebant.
1749 2520 1878 2553 Nervus
1903 2519 2063 2561 Opticus,
2089 2520 2217 2552 tenuior
2247 2517 2349 2552 faetus
2371 2540 2385 2557 ‚

1378 2573 1438 2604 pro
1461 2562 1597 2602 medulla
1623 2562 1824 2597 substantiam
1850 2562 1934 2595 arete
1968 2562 2196 2603 compactam,
2228 2559 2385 2594 albidam-

1379 2616 1439 2646 que
1463 2607 1647 2641 continebat
1671 2615 1744 2639 toto
1766 2620 1805 2641 eo
1826 2607 1929 2639 trastu
1953 2616 2019 2646 quo
2040 2607 2124 2638 intra
2146 2604 2288 2636 orbitam
2315 2604 2388 2637 fue-

1383 2657 1430 2680 rat
1454 2673 1462 2680 ·
1494 2652 1546 2684 Ab
1577 2651 1682 2684 orbita
1716 2661 1820 2684 autem
1844 2650 1977 2682 interius
2008 2647 2110 2692 qualis
2143 2645 2249 2681 fuisset
2272 2669 2283 2684 ,
2314 2658 2389 2691 cum

1380 2692 1544 2741 cerebrum
1589 2705 1791 2737 praepropere
1838 2689 2013 2727 humass'ent
2036 2716 2047 2733 ,
2092 2690 2170 2724 scire
2213 2701 2277 2724 non
2320 2702 2380 2735 po-

1383 2744 1431 2767 tui
1458 2760 1466 2769 .

1428 2789 1457 2820 5.
1482 2780 1558 2813 Hoc
1582 2788 1685 2813 autem
1707 2792 1804 2824 quam
1839 2791 1921 2823 aegre
1952 2778 2082 2813 tulerim
2105 2803 2118 2820 ‚
2151 2779 2183 2810 &
2215 2788 2272 2812 cur
2302 2777 2386 2811 tule-'

1381 2824 1442 2856 rim
1465 2846 1477 2864 ‚
1514 2835 1551 2857 ex
1574 2825 1614 2856 iis
1635 2835 1704 2866 quae
1727 2834 1796 2858 tum
1819 2825 1852 2857 in
1879 2822 2034 2866 Epistolis
2057 2822 2260 2855 Anatomicis
2285 2819 2342 2864 (f
2359 2825 2387 2861 )‚

1382 2876 1454 2901 turn
1487 2867 1564 2899 alias
1588 2870 1641 2909 (g
1662 2871 1675 2906 )
1711 2867 1747 2901 acl
1771 2878 1802 2901 te
1835 2880 1963 2910 quoque
1987 2864 2093 2907 scripsi
2118 2890 2127 2906 ,
2161 2863 2256 2898 facile
2289 2865 2388 2897 intel-

1382 2910 1460 2952 liges
1485 2935 1492 2942 .
1524 2911 1601 2950 Qo
1624 2912 1746 2953 magis,
1768 2911 1932 2954 principio
1954 2909 2063 2943 saltem
2086 2932 2098 2949 ,
2133 2908 2257 2952 gavisus
2281 2907 2348 2941 sum
2373 2930 2386 2948 ‚

1378 2965 1450 2987 cum
1475 2954 1508 2986 in
1532 2952 1734 2987 Nosocomio
1759 2965 1842 2987 anno
1873 2955 2021 2997 proximo
2049 2962 2142 2996 1749.
2177 2950 2233 2986 sub
2256 2952 2389 2984 initium

1375 2997 1522 3041 Januarii
1567 2996 1689 3030 occasio
1724 2997 1807 3031 mihi
1843 2997 1870 3031 se
1894 2996 2014 3030 obtulit
2039 3007 2111 3029 eum
2134 3005 2264 3029 nervum
2290 3007 2305 3028 a
2328 2999 2389 3028 cie-

1379 3051 1420 3073 co
1442 3040 1540 3073 oculo
1562 3041 1646 3074 intra
1669 3043 1812 3075 cranium
1835 3039 2039 3084 persequendi
2066 3065 2076 3072 .
2125 3039 2208 3076 Quae
2240 3037 2388 3071 observa-

1377 3085 1427 3116 tio
1449 3109 1458 3124 ‚
1489 3095 1561 3117 cum
1584 3095 1644 3117 una
1668 3084 1705 3117 sit
1729 3085 1766 3117 cle
1791 3084 1912 3118 duabus
1933 3094 2010 3125 quas
2033 3083 2094 3116 tibi
2118 3083 2198 3115 olim
2223 3088 2232 3122 (
2258 3081 2278 3115 h
2299 3085 2312 3122 )
2335 3082 2387 3114 in-

1384 3126 1488 3160 dicavi
1513 3150 1524 3167 ,
1557 3130 1588 3160 &
1623 3138 1695 3161 cum
1720 3129 1852 3161 alteram
1875 3127 2006 3169 quidem
2038 3125 2144 3168 postea
2165 3127 2179 3164 (
2203 3127 2215 3160 i
2236 3129 2272 3166 ),
2306 3124 2389 3160 hanc

1386 3180 1492 3204 autem
1524 3171 1659 3205 necdum
1690 3171 1831 3205 miserim
1851 3194 1862 3210 ,
1898 3181 1980 3203 nunc
2012 3168 2188 3213 diligenter
2230 3167 2392 3203 describe-

1383 3223 1437 3248 tur
1461 3238 1468 3246 .

1420 3260 1450 3289 6.
1477 3257 1599 3291 VIRO
1632 3259 1713 3292 olim
1734 3282 1746 3300 ,
1775 3268 1849 3291 cum
1883 3268 1960 3300 puer
1990 3254 2062 3290 esset
2087 3282 2097 3297 ,
2137 3256 2268 3290 variolae
2312 3264 2393 3290 ocu-

1377 3301 1444 3334 lum
1475 3298 1641 3335 dexterum
1679 3303 1760 3335 male
1792 3301 1870 3334 adeo
1903 3299 2050 3334 affectum
2082 3301 2274 3343 reliquerant
2295 3323 2308 3340 ,
2351 3307 2388 3333 ut

1376 3344 1459 3377 nihil
1496 3342 1651 3379 videret.
1687 3347 1830 3378 Parentes
1866 3355 1971 3378 autem
2013 3344 2069 3378 diu
2115 3343 2284 3377 lambendo
2329 3342 2388 3376 ha-

1376 3387 1485 3420 &tenus
1518 3387 1751 3430 profecerunt,
1785 3398 1820 3422 ut
1856 3387 1979 3421 tandem
2014 3386 2136 3431 aliquid
2161 3411 2171 3426 ‚
2207 3384 2258 3420 sed
2299 3386 2353 3419 vix
2377 3410 2387 3426 ‚

1378 3430 1554 3464 subvideret
1577 3457 1585 3465 .
1619 3433 1734 3474 Neque
1765 3433 1803 3464 ab
1826 3433 1885 3464 illo
1918 3440 2057 3474 tempore
2083 3430 2120 3464 ad
2155 3439 2289 3463 mortem
2341 3429 2393 3462 us-

1376 3485 1436 3516 que
1458 3496 1469 3513 ‚
1504 3473 1541 3507 ad
1566 3486 1680 3508 annum
1713 3474 1862 3510 ridelicet
1884 3473 2154 3519 quadragesimum
2175 3496 2188 3514 ,
2222 3474 2296 3515 plus
2329 3481 2393 3509 uti-⁴,

2253 3527 2350 3560 quam

383 3751 542 3785 (J›n.J4-
604 3754 774 3784 (g)n.22.
836 3752 990 3781 (b>n.3.
1051 3750 1343 3780 (i)Epist.2.n.24.

382 3786 394 3809 (
413 3782 452 3811 a)
470 3782 540 3810 Epist-
560 3784 630 3806 Anzt.
653 3785 684 3806 ¹8.
704 3792 726 3807 n.
745 3791 782 3807 22.
801 3783 837 3810 38.
856 3792 896 3811 4ο.
961 3783 975 3811 (
991 3781 1004 3805 b
1024 3784 1032 3811 )
1050 3782 1120 3811 Epist.
1142 3789 1173 3810 13.
1193 3790 1215 3805 n.
1235 3784 1257 3805 8.
1276 3789 1295 3808 ς.
1318 3790 1351 3809 15·

379 3814 386 3842 s
405 3822 416 3838 u
432 3816 443 3842 )
459 3815 541 3842 progr.
558 3820 606 3841 quo
623 3812 679 3837 obs.
705 3817 777 3838 Anat.
794 3813 879 3838 recens.
896 3816 925 3839 A.
945 3821 1010 3842 1754.
1074 3811 1137 3843 ts)
1153 3813 1251 3837 xvul-
1267 3820 1293 3835 n.
1310 3819 1351 3840 40.

1404 3750 1418 3779 (
1435 3751 1451 3775 k
1467 3752 1480 3780 )
1497 3750 1571 3780 Epist.
1589 3758 1622 3780 5²·
1640 3757 1665 3772 n.
1684 3758 1723 3779 ²7.
1786 3752 1799 3779 (
1815 3758 1833 3778 z
1847 3749 1861 3778 )
1878 3750 1941 3775 Jbid.
1960 3758 1982 3773 n.
2001 3751 2041 3774 ²6.

1415 3782 1428 3808 (
1445 3790 1455 3804 c
1474 3786 1481 3811 )
1498 3781 1571 3810 Epist.
1595 3789 1628 3807 14.
1644 3788 1668 3803 n.
1688 3789 1725 3810 35.
1790 3782 1855 3811 (d)
1878 3781 1949 3808 Epist.
1968 3788 2002 3808 44,
2024 3788 2050 3804 η.
2066 3787 2087 3809 3.

1416 3812 1459 3842 (g
1477 3818 1487 3841 )
1505 3811 1576 3842 Epist.
1596 3818 1633 3841 13.
1651 3819 1674 3835 n.
1690 3819 1715 3839 7.
1777 3811 1785 3841 (
1803 3811 1817 3845 Ay
1835 3811 1842 3840 )
1861 3811 1924 3834 lbid.
1942 3818 1965 3834 n.
1984 3819 2020 3834 ιο.
2082 3808 2092 3837 s
2109 3808 2117 3832 i
2134 3809 2147 3837 )
2163 3808 2238 3837 Epist.
2251 3816 2286 3837 5²·
2302 3815 2329 3832 n.
2348 3814 2388 3837 30.
