2498 4075
498 138 594 188 254

421 216 508 270 que
537 209 844 264 Praeceptoris,
874 206 1073 264 meique,
1077 207 1212 253 dum
1240 211 1438 265 viveret,
1469 206 1694 261 Fautoris‚
1724 211 1766 251 &
1796 207 1941 251 Amici
1971 208 2147 263 ingenui
2178 206 2439 252 Boerhaavii

425 280 734 340 sapientiffimis
762 278 1041 333 dogmatibus
1070 292 1164 330 rem
1192 280 1443 326 conficiam.

478 351 705 395 statuebat
751 349 824 392 ille
867 352 880 400 <
910 352 968 401 e)
999 377 1014 401 ,
1054 359 1104 391 ut
1145 351 1352 407 ptaeclare
1391 348 1501 394 nosti
1530 380 1545 404 ‚
1588 353 1755 394 omnium
1785 348 1978 406 optimum
2028 352 2126 395 inter
2168 369 2225 394 eos
2271 353 2334 407 qui
2371 349 2438 393 ob-

412 418 700 480 firvaverurzt
736 437 779 464 ea
820 435 903 476 quae
944 421 981 461 in
1022 434 1116 463 vita
1154 425 1373 479 contingunt
1401 453 1416 476 ‚
1448 417 1566 482 fuiffe
1604 421 1920 478 Hippocratem,
1915 437 1923 445 ·
1965 418 2028 478 led
2071 425 2136 478 qui
2179 424 2437 467 examinave-

424 505 518 535 runt
557 491 758 538 cadavera
796 487 872 548 post
908 503 1067 532 mortam
1094 520 1110 547 ,
1151 489 1217 538 hos
1255 494 1394 554 optime
1446 492 1489 535 de
1531 495 1635 536 Arte
1675 487 1844 552 merutffe
1873 522 1884 533 .
1939 483 2065 547 Qid
2123 494 2228 537 ita
2211 489 2230 518 ἓ
2288 493 2437 537 Nimi-

424 578 526 607 rum
564 566 667 622 quia
706 561 881 605 morbos
921 561 1072 608 sanare
1111 576 1168 605 ex
1207 562 1304 610 arte
1343 578 1431 610 non
1468 563 1688 620 possumus
1717 592 1733 616 ,
1768 562 1846 607 nisi
1885 564 1929 605 δε
1957 562 2130 606 morbos
2159 592 2174 617 ,
2215 566 2256 607 &
2284 563 2433 607 causas

419 636 643 715 proximas
686 633 1018 687 dignoveiimus
1049 661 1064 685 ,
1106 646 1212 690 quae
1248 649 1334 684 non
1375 635 1550 688 morbos
1590 632 1754 680 solum
1770 628 1962 679 efficiant
1990 662 2004 686 ‚
2045 626 2117 678 sed
2158 639 2201 680 δε
2234 650 2306 679 eas
2335 648 2434 693 quae

422 707 467 750 in
509 707 671 752 horum
713 704 889 759 fingulis
935 702 1063 747 infint
1092 736 1107 761 ‚
1145 708 1411 752 differentias
1442 737 1451 747 .
1497 696 1615 763 Qae
1653 705 1803 749 onmia
1854 704 1964 748 dum
2016 702 2088 748 ille
2138 684 2332 763 explicat
2386 707 2433 749 in

420 778 472 820 iis
529 777 750 836 praecipue
798 776 1171 822 Academicarum
1214 775 1548 823 Praeleetionum
1601 769 1800 819 Partibus
1852 787 1949 834 quae
1988 774 2046 818 ad
2088 774 2386 831 Pathologiam
2416 807 2430 832 ,

420 851 462 891 &
510 846 568 890 ad
608 846 1072 902 Symptomatologiam
1112 848 1353 906 speRant3
1396 847 1492 906 quis
1534 846 1595 891 est
1633 847 1710 904 qui
1737 875 1753 900 ‚
1790 858 1879 890 non
1918 844 2019 887 dico
2060 844 2135 890 illa
2174 848 2320 891 omnia
2360 848 2430 890 di-

415 919 624 973 gnoscere
663 916 707 961 se
750 917 868 974 poffe
898 946 912 972 ‚
951 917 1094 975 speret
1122 949 1136 972 ‚
1176 920 1249 965 sed
1287 919 1495 964 accedere
1535 914 1766 963 dumtaxat
1807 915 1866 959 ad
1905 924 1970 959 tot
2000 904 2294 983 dignoscenda
2322 928 2429 976 quot

416 987 585 1034 homini
629 988 884 1046 permissum
923 988 984 1033 est
1009 1018 1024 1042 ,
1068 990 1146 1033 nisi
1188 1005 1263 1048 per
1305 987 1610 1035 morbosorum
1649 988 1917 1034 cadaverum
1968 987 2220 1032 innumeras
2276 1006 2428 1050 prope-
2496 1041 2498 1045 y

415 1060 600 1106 modum
638 1059 912 1105 dissectiones
943 1067 957 1101 .>
998 1060 1121 1105 Nam
1163 1063 1355 1119 primum
1396 1060 1517 1119 quod
1554 1059 1611 1105 ad
1649 1059 1823 1105 morbos
1861 1058 2017 1103 attinet
2045 1087 2060 1111 ,
2101 1057 2428 1117 incredibilem,

414 1135 460 1177 δι
516 1130 824 1188 augescentem
881 1132 926 1176 in
962 1134 1074 1179 -dies
1133 1147 1287 1177 eorum
1342 1132 1713 1177 enumerationem
1751 1129 1825 1174 vel
1866 1130 1997 1175 unius
2036 1130 2156 1176 oculi
2197 1131 2427 1177 ostendunt

412 1204 560 1250 morbi
589 1234 605 1258 ,
645 1217 755 1263 quos
795 1216 898 1246 cum
928 1203 1124 1248 Galenus
1154 1232 1168 1256 ‚
1209 1214 1259 1247 ut
1300 1204 1360 1247 est
1399 1203 1516 1261 apud
1556 1200 1899 1246 Eruditiffimum
1929 1201 2174 1248 Trillerum
2202 1205 2214 1254 (
2232 1200 2273 1263 f
2291 1192 2427 1259 >uiam
2489 1240 2491 1247 ι

412 1277 523 1322 olim
562 1273 711 1317 CXII.
756 1274 948 1318 diversos
988 1275 1254 1319 observasset
1281 1304 1296 1328 ‚
1337 1274 1634 1318 Boerhaavius
1674 1272 1872 1316 nominat
1911 1273 1989 1330 qui
2030 1272 2172 1317 CCC.
2222 1266 2428 1319 numera-

414 1347 537 1391 verit*
572 1345 793 1403 superiore
834 1345 994 1390 saeculo
1021 1377 1032 1388 .
1077 1346 1143 1390 Ex
1183 1345 1345 1404 quibus
1385 1356 1435 1389 ut
1474 1359 1549 1390 eos
1587 1354 1762 1389 tantum
1800 1342 2079 1387 attendamus
2114 1345 2192 1402 qui
2242 1358 2299 1390 ex
2355 1347 2424 1390 di·-

410 1417 544 1462 versis
585 1417 790 1461 oriuntur
830 1417 966 1461 caulis
995 1447 1010 1471 ‚
1051 1415 1326 1475 insidentque
1369 1416 1549 1460 diversis
1588 1415 1760 1459 sedibus
1790 1428 1803 1465 ;
1842 1414 2061 1475 ingentem
2100 1414 2170 1460 vel
2198 1414 2254 1459 fic
2293 1416 2428 1462 habe-

409 1490 559 1535 bimus
598 1502 834 1533 numerum
865 1520 874 1529 .
919 1487 1130 1545 Quantus
1170 1488 1254 1531 erit
1294 1489 1428 1544 igitur
1468 1487 1726 1532 morborum
1755 1497 1967 1529 numerus
1996 1486 2301 1545 universarum
2328 1501 2427 1532 cor-

405 1561 527 1620 poris
557 1559 757 1603 Partium
787 1589 802 1613 ,
839 1573 943 1603 cum
973 1559 1072 1602 aliae
1099 1571 1274 1617 quoque
1301 1586 1317 1611 ,
1357 1569 1515 1615 praeter
1551 1556 1700 1602 oculos
1727 1586 1742 1612 ,
1782 1556 1897 1599 inter
1922 1568 2008 1600 veas
2050 1556 2133 1601 sint
2162 1588 2178 1611 ‚
2218 1571 2318 1616 qnae
2348 1558 2426 1602 be*
2484 1611 2486 1614 y

406 1645 466 1676 ne
507 1630 658 1674 multis
700 1631 1001 1675 instrumentis
1041 1640 1171 1685 egent
1208 1629 1264 1673 ad
1304 1628 1433 1673 suum
1464 1628 1668 1687 *perfecte
1703 1637 1863 1671 munus
1913 1625 2189 1685 implendum
2216 1658 2231 1683 ‚
2284 1642 2424 1686 eoque

407 1699 573 1746 morbis
614 1704 657 1745 δε
699 1700 1046 1759 frequentibus,
1090 1706 1135 1747 &
1176 1700 1494 1757 multiplicibus
1534 1700 1671 1754 magis
1700 1727 1715 1752 ,
1755 1692 1893 1754 quam
1930 1709 2099 1741 caeterae
2126 1728 2141 1752 ,
2192 1699 2291 1742 sunt
2345 1700 2422 1744 ob-

406 1772 554 1818 noxiae
582 1805 592 1814 .
639 1772 770 1817 Unde
811 1770 939 1816 fimul
980 1770 1111 1817 facile
1150 1773 1214 1816 est
1253 1770 1493 1826 intelligere
1521 1799 1536 1824 ,
1577 1779 1743 1829 quanto
1782 1767 1924 1823 major
1963 1766 2014 1810 fit
2043 1797 2056 1820 ‚
2096 1781 2233 1826 quam
2262 1769 2421 1824 vulgus

405 1853 535 1904 putat
558 1872 589 1897 „
616 1842 688 1886 vel
726 1859 817 1889 uno
859 1845 904 1887 in
947 1844 1106 1888 morbo
1134 1873 1149 1897 ,
1188 1842 1463 1887 diversarum
1505 1842 1741 1887 causarum
1792 1849 2005 1882 numerus
2035 1868 2051 1892 ,
2105 1841 2149 1892 ᾅι
2191 1840 2424 1897 >quomodo

407 1914 592 1964 morbus
634 1915 751 1960 idem
792 1918 836 1959 δε
878 1929 991 1967 unus
1031 1914 1083 1959 fit
1111 1944 1126 1968 ‚
1166 1916 1210 1958 &
1252 1911 1526 1969 millecuplus
1554 1942 1569 1966 ,
1609 1912 1729 1972 quod
1767 1908 1986 1966 praeclaris
2023 1909 2237 1968 exemplis
2277 1911 2424 1955 Caeci-

404 1987 511 2031 tatis
540 2016 556 2041 ‚
598 1984 837 2032 Surditatis¹
858 2016 873 2039 ‚
912 1985 1117 2030 Difficilis
1159 1984 1475 2042 Respirationis
1516 1983 1813 2028 Boerhaavius
1853 1980 2081 2037 ostendit,
2121 1992 2172 2028 ut
2230 1981 2421 2039 Palpita-

405 2058 541 2104 tionis
587 2057 746 2102 Cordis
785 2055 883 2101 Cel.
902 2057 1126 2105 „Senacius
1179 2058 1191 2108 (
1220 2072 1247 2112 g
1276 2058 1288 2108 )
1318 2086 1333 2109 ,
1371 2057 1415 2098 δέ
1456 2068 1595 2112 quare
1635 2066 1783 2111 paucae
1823 2052 1935 2096 adeo
1976 2053 2256 2110 quorundam
2306 2067 2420 2097 mor-

401 2129 569 2173 borum
609 2120 854 2173 sanationes
884 2158 898 2182 ,
941 2126 1088 2184 plures
1103 2163 1107 2165 .
1124 2137 1279 2173 autem
1316 2124 1514 2170 infelices
1554 2126 1802 2170 curationes
1826 2153 1864 2180 ,.-.
1880 2123 2120 2183 multaeque
2163 2129 2325 2170 interea
2345 2127 2420 2179 in-

403 2200 528 2257 justae
567 2199 761 2259 querelae
800 2199 1041 2244 audiantur
1068 2228 1083 2253 ,
1120 2199 1237 2257 quod
1274 2207 1429 2243 contra
1464 2202 1604 2241 unum
1645 2188 1920 2254 eundemque
1947 2226 1964 2250 ‚
2003 2197 2037 2243 st
2055 2210 2227 2242 nornen
2256 2198 2420 2254 specste-

403 2282 481 2315 tur
509 2301 524 2324 ,
566 2271 770 2317 morbum
810 2281 876 2314 tot
903 2300 931 2324 „
961 2284 1045 2314 nec
1084 2285 1187 2316 raro
1223 2271 1336 2315 inter
1375 2268 1419 2313 se
1458 2264 1679 2314 contraria
1729 2267 1923 2313 remedia
1977 2269 2030 2318 in
2079 2267 2175 2313 aliis
2230 2267 2420 2313 aliorum

404 2341 691 2387 Medicorum
732 2341 853 2386 libris
892 2341 1152 2385 laudentur.
1183 2341 1353 2387 Scilicet
1393 2353 1479 2384 non
1508 2349 1558 2382 ut
1597 2339 1739 2383 morbi
1769 2353 1929 2384 nomen
1956 2364 1973 2395 5
2011 2341 2075 2384 ita
2103 2340 2280 2385 morbus
2308 2353 2420 2397 quo=

406 2427 494 2471 que
533 2412 595 2458 est
635 2411 816 2471 fimplex
845 2442 861 2466 ‚
896 2412 974 2457 sed
1013 2412 1178 2458 multas
1207 2410 1514 2469 complectitur
1551 2410 1822 2456 differentias
1851 2440 1875 2465 ‚⁷
1907 2423 1934 2471 a
1974 2410 2124 2463 multis
2154 2425 2243 2456 non
2271 2412 2422 2456 diver-v

406 2483 461 2529 fis
501 2494 713 2536 tantum,
758 2482 833 2528 sed
875 2485 919 2527 &
960 2483 1167 2540 oppositis
1210 2484 1434 2529 interdum
1473 2481 1611 2528 caufis
1648 2480 1825 2527 effectas
1850 2506 1867 2524 ι»
1909 2483 2028 2541 Qae
2065 2496 2169 2526 cum
2197 2485 2256 2528 ita
2297 2481 2416 2542 fintj

408 2556 495 2601 Ars
538 2565 655 2599 certe
695 2564 823 2600 tanto
861 2552 1032 2612 longius
1073 2553 1215 2597 aberit
1250 2568 1278 2598 a
1319 2554 1532 2599 facultate
1556 2553 1682 2600 bene
1701 2571 1703 2575 ’
1722 2554 1907 2597 curandi
1938 2583 1952 2607 ‚
1992 2563 2159 2609 quanto
2189 2555 2414 2611 pauciores

407 2627 665 2685 cognoverit
692 2624 1054 2670 differentiarum
1093 2623 1246 2670 causas
1274 2655 1289 2679 ,
1329 2629 1373 2671 ὅ(
1414 2625 1658 2670 causarum
1668 2633 1832 2668 notas.
1861 2624 2047 2668 Contra
2075 2637 2181 2667 vero
2210 2627 2414 2682 propius,

405 2697 553 2757 quoad
588 2695 678 2752 ejus
718 2695 815 2741 fieri
856 2697 994 2753 potest
1021 2725 1037 2751 ,
1078 2695 1258 2740 accedet
1287 2726 1302 2751 ‚
1342 2696 1373 2740 fi
1415 2695 1588 2742 noverit
1627 2684 1813 2752 plures
1848 2692 1992 2739 Nulla
2030 2705 2183 2741 autem
2220 2696 2280 2739 est
2327 2698 2417 2742 alia

406 2782 488 2828 pro
528 2778 650 2822 certo
687 2766 897 2811 noscendi
935 2768 1008 2811 via
1036 2796 1051 2821 ,
1098 2765 1178 2809 nisi
1216 2766 1563 2830 quamplurimas
1605 2768 1674 2811 &
1688 2766 1951 2815 morborum
1969 2795 1984 2820 ‚
2023 2767 2066 2812 δε
2107 2765 2415 2815 (ἰίίΐοὲὶὶοιηιῑῃ

406 2840 611 2885 historias
662 2849 760 2883 tum
796 2837 988 2883 aliorum
1019 2867 1034 2891 ,
1073 2847 1166 2881 turn
1205 2838 1401 2894 proprias
1441 2836 1648 2883 collectas
1687 2837 1849 2882 habere
1877 2866 1892 2891 ,
1931 2839 1975 2880 &
2003 2836 2119 2879 inter
2158 2837 2202 2880 se
2239 2852 2415 2895 compam

408 2925 509 2956 rare
538 2940 550 2952 .
591 2910 733 2969 Atqui
772 2922 864 2953 non
899 2907 980 2953 nisi
1019 2909 1373 2953 communiorum
1412 2908 1668 2964 mothorum
1705 2909 1890 2956 habere⁴
1917 2907 2263 2966 quamplurimas
2319 2912 2415 2967 pos..

405 2982 556 3026 sumus
587 3009 603 3034 ‚
660 2980 876 3025 rariorum
931 2990 1082 3024 autem
1138 2979 1196 3029 ob
1252 2979 1297 3024 id
1335 2977 1476 3039 ipsum
1515 2978 1634 3038 quod
1672 2979 1857 3028 rariores
1894 2979 1993 3029 sunt
2021 3008 2035 3031 ,
2075 2992 2237 3036 paucas
2268 2982 2377 3025 adeo
2399 3012 2414 3036 ‚

407 3062 458 3097 ut
514 3053 594 3096 vix
622 3079 638 3106 ‚
696 3051 786 3095 imo
842 3051 996 3109 saepius
1053 3063 1108 3093 ne
1163 3050 1244 3093 vix
1299 3040 1521 3109 quidem3
1578 3059 1644 3096 tot
1700 3050 1781 3099 fint
1809 3081 1824 3104 ,
1879 3061 1929 3098 ut
1985 3051 2267 3108 comparatio¹
2293 3052 2413 3096 insti-

405 3123 472 3168 tui
516 3123 637 3180 poffit
665 3154 680 3175 ,
719 3136 775 3167 ex
816 3135 904 3180 qua
944 3122 1163 3180 praecipua
1200 3120 1345 3166 existit
1384 3120 1550 3166 utilitas
1583 3154 1592 3163 .
1637 3124 1754 3170 Tam
1793 3132 1912 3181 patet
1945 3119 2102 3176 igitur,
2131 3134 2265 3181 quam
2295 3127 2413 3181 quod

407 3195 604 3240 maxime
633 3225 649 3250 ,
687 3194 1041 3239 communiorum
1069 3193 1328 3239 morborum
1367 3192 1706 3242 Observationes
1735 3193 1861 3249 longe
1887 3192 1972 3239 esse
2000 3188 2197 3237 utiliores
2226 3222 2240 3247 ‚
2278 3204 2412 3253 quam

409 3267 658 3311 rariorum.
2324 3310 2326 3312 ,

2228 3323 2358 3378 Quas

486 3526 630 3566 (e)M
590 3525 694 3560 M.eth
716 3525 801 3559 Stud.
825 3525 944 3558 Medic.
967 3525 1046 3558 Part.
1075 3535 1119 3566 ¹4·

486 3565 615 3605 (s)P
619 3578 728 3599 r.ooem
751 3567 788 3599 ad
812 3565 935 3599 Diffen.
960 3566 998 3599 de
1021 3566 1111 3598 Fame
1135 3565 1285 3599 Lethnli.

485 3608 579 3647 (g)
598 3607 710 3640 'fraite
730 3607 768 3641 du
788 3607 893 3641 Coeur
913 3607 982 3646 14.
1004 3606 1306 3641 th.11.n.18.&
1330 3617 1375 3644 19·
