2498 4075
465 195 614 263 Epist.
654 199 813 250 Anat.
849 194 1059 249 Medica
1094 193 1274 247 XXV.
1306 194 1423 245 Art.
1446 210 1528 259 24.
1551 197 1604 251 δι
1625 200 1701 259 25.

79 281 125 315 vel
148 279 258 322 potius
279 288 355 320 quas
378 279 411 311 in
435 290 500 319 eo,
522 276 628 310 aliisve
652 277 742 310 libris
774 277 906 310 memini
939 273 1041 319 legisse
1067 287 1077 313 5

81 333 181 366 neque
203 322 289 353 enirn
313 333 421 355 omnes
444 321 553 355 vidisse
580 332 627 352 me
645 343 653 357 ‚
677 328 779 361 put0,
802 329 856 352 aut
881 332 956 362 quas
989 318 1078 351 vide-

31 375 35 378 ’
80 368 163 405 rim,
188 362 379 398 meminisse.
408 367 453 398 Et
476 364 546 398 sane
567 362 634 397 haec
657 363 806 405 relegenti
826 362 977 396 succurrit
988 363 1074 395 Lan-

82 407 150 442 cifii
173 406 262 440 locus
286 405 391 450 (f),
415 408 599 447 scribentis,
633 406 742 440 cordis
775 406 970 450 superficiem
1002 417 1075 438 exe-

76 452 145 487 sam
167 459 260 492 atque
284 451 495 484 exulceratam
516 451 545 484 se
568 450 616 483 bis
639 457 695 483 aut
717 457 765 483 ter
807 447 1039 491 deprehendisse
1064 462 1072 480 z

75 495 162 539 signa
182 503 256 526 vero
278 493 373 536 hujus
393 492 562 538 affec'iionis
584 494 756 526 communia
772 491 842 535 fere
865 490 919 536 effe
940 503 1009 526 cum
1030 492 1080 525 in-

78 537 190 573 diciis,
215 547 278 578 qua
318 538 555 579 praecordiorum
598 535 812 580 aneurysmata
855 537 1045 571 comitantur
1068 558 1076 566 .

62 579 140 615 *Sed
161 590 260 621 neque
282 579 314 613 id
339 581 478 619 mirum,
501 581 574 622 quia
599 580 664 622 ipse
697 578 833 622 quidem
858 579 981 613 invenit
1012 578 1079 621 ple-

78 626 194 664 runque
215 633 288 656 cum
310 623 359 657 his
381 623 626 662 complicatam:
652 634 749 665 neque
772 622 949 666 intersigna
970 633 1078 655 eorum

79 665 336 708 aneurysmatum
380 663 545 700 necessario
587 669 641 702 illa
687 666 752 701 duo
784 666 840 700 effe
862 691 875 709 ‚
906 665 945 699 de
966 665 1081 708 quibus

78 709 132 743 hic
178 711 348 752 quaerimus
371 731 380 746 ‚
424 718 463 742 ex
495 719 547 742 tot
571 735 583 751 ,
616 711 691 743 alias
715 710 753 744 ad
776 720 805 743 te
830 710 922 743 miffis
943 732 953 747 ‚
988 718 1081 741 aneu-

78 753 253 796 rysmatum
297 753 548 799 praecordiorum
595 754 735 788 historiis
768 752 861 787 facile
894 752 1049 793 intelligis
1070 776 1078 783 .

209 795 323 829 Videri
348 796 444 829 etiam
467 796 590 838 possent
614 796 793 832 Meekrenii
816 805 911 839 caput
942 796 1079 828 XXXV.

79 844 93 880 (
112 852 133 883 g
155 845 169 881 )
191 840 420 884 perlegentibus
445 841 548 883 plures
571 842 641 874 aliae
664 849 772 874 extare
806 840 946 874 ulcerum
977 837 1084 872 cordis

79 884 326 918 Observationes
352 896 361 914 :
405 886 436 916 ὅ(
482 882 608 918 fortasse
654 891 762 917 extant
793 907 801 915 .
847 884 1000 917 Attamen
1046 893 1085 915 ex

80 928 122 960 iis
167 938 243 971 quas
289 925 409 967 profert
435 950 447 966 ‚
491 936 545 960 aut
591 927 710 961 indicat
734 950 747 967 ,
791 927 867 961 alias
890 950 902 967 ,
946 924 971 958 fi
1003 923 1083 957 dili-

81 978 192 1011 genter
235 970 411 1002 contuleris
436 993 447 1010 ‚
480 982 519 1003 ex
549 970 614 1005 illis
646 968 702 1004 effe
725 994 735 1011 ,
771 971 945 1013 comperies
972 990 980 1004 ‚
1035 980 1082 1001 uae

79 1014 145 1057 jam
170 1025 187 1046 a
211 1013 303 1046 nobis
329 1012 398 1047 sunt
422 1012 603 1055 perpensae,
627 1014 760 1048 aliarum
783 1023 890 1048 autem
923 1012 1007 1054 plera
1022 1021 1083 1053 que

79 1061 113 1090 in
136 1057 178 1090 iis
202 1067 267 1089 non
289 1057 431 1090 invenies
454 1068 535 1099 quos
560 1057 629 1099 ipse
648 1056 777 1100 quidem
799 1056 938 1098 designat
960 1078 973 1094 ‚
1008 1053 1084 1087 scri-

79 1108 210 1144 ptorum
235 1099 314 1133 locis
338 1111 348 1137 5
379 1100 546 1133 nonnullas
570 1102 667 1134 etiam
691 1100 786 1143 longe
816 1101 906 1133 aliter
937 1097 1049 1131 habere
1073 1121 1083 1136 ‚

78 1142 248 1186 cognosces
269 1166 282 1183 ,
315 1154 349 1176 ac
373 1143 438 1184 ipse
461 1142 587 1179 videtur
610 1143 749 1177 indicare
773 1170 781 1178 .
814 1144 964 1186 Namque
1002 1143 1086 1174 inter

79 1186 273 1221 narrandum
298 1186 564 1220 Observationem
608 1188 694 1222 suam
720 1212 730 1227 ,
763 1186 853 1231 cujus
897 1185 1087 1229 postremam

79 1238 202 1274 partem
225 1229 312 1264 haud
335 1229 431 1263 facile
476 1229 517 1263 est
563 1231 740 1273 intelligere
760 1252 770 1267 ‚
803 1230 876 1264 huic
893 1252 905 1269 ,
941 1229 1048 1271 inquit
1073 1252 1084 1268 ‚

78 1273 253 1316 exemplum
270 1272 373 1315 simile
397 1298 405 1313 ‚
436 1273 470 1306 id
495 1274 535 1308 est
557 1274 668 1307 cordis
699 1274 814 1308 ulceris
860 1284 932 1307 cum
977 1272 1084 1305 crebra

79 1317 177 1350 animi
201 1314 381 1350 defeetione
403 1340 416 1357 ‚
457 1317 489 1349 in
512 1316 660 1359 discipulo
678 1317 736 1360 suo
760 1320 864 1357 Roma>
885 1328 902 1349 a
929 1315 964 1358 se
997 1313 1085 1359 diffe-

78 1360 128 1393 Ho
173 1358 341 1404 observaffe
379 1359 416 1402 se
442 1359 559 1402 scribit
589 1360 695 1400 Reald.
719 1358 858 1394 columb.
882 1360 918 1392 de
941 1369 972 1391 re
995 1366 1081 1391 anat.

78 1401 135 1436 lib.
164 1413 212 1443 15.
234 1403 413 1441 Columbus
438 1411 542 1437 autem
565 1415 637 1438 eum
662 1403 856 1445 discipulum
880 1402 976 1435 refert
1009 1403 1082 1445 qui-

78 1445 151 1480 dem
174 1469 184 1484 ‚
213 1440 413 1487 subinde'in
448 1450 603 1488 Syncopen
647 1444 818 1491 incidiffe;
862 1456 972 1479 verum
1017 1444 1099 1477 non'

78 1490 170 1524 ulcus
192 1489 226 1521 in
250 1500 289 1522 eo
313 1488 404 1523 suiffe
428 1516 436 1530 ‚
483 1488 536 1526 sed
560 1490 771 1530 pericardium
802 1486 927 1534 defuiffl
951 1513 958 1520 .
990 1489 1086 1531 Qo-

80 1543 153 1567 rum
200 1540 305 1566 autem
351 1533 383 1565 in
430 1533 519 1566 corde
541 1532 665 1566 ‘ulcera
696 1555 707 1571 ,
761 1530 962 1578 absi-effumve
1005 1542 1086 1564 con-

80 1575 186 1618 spexit
209 1599 222 1615 ,
254 1575 370 1617 quibus
405 1574 632 1613 affecftionibus
654 1598 666 1615 ‚
708 1575 786 1609 dum
808 1576 950 1608 viverent
968 1598 981 1616 ‚
1025 1573 1086 1607 ob-

74 1621 166 1653 noxii
192 1616 286 1651 essent
310 1642 323 1658 ,
355 1630 416 1651 non
441 1618 523 1652 dicit
546 1643 553 1649 .
583 1625 592 1639 *
689 1619 783 1651 Unus
808 1617 940 1661 superest
994 1629 1084 1661 quo,

67 1672 150 1697 'cum
173 1661 241 1695 haec
266 1672 354 1694 antea
379 1661 417 1695 ad
440 1671 471 1694 te
494 1660 695 1703 scripsimus,
717 1661 923 1699 carebamus,
989 1662 1087 1696 irnius

76 1706 224 1743 Auctor,
250 1706 417 1738 Senacius.
442 1705 474 1738 Is
497 1716 537 1737 eo
560 1705 664 1749 capite
688 1704 776 1748 (h)
798 1728 808 1742 ,
839 1705 927 1747 quod
960 1704 1000 1738 de
1035 1707 1087 1749 1¹¹7·

78 1748 375 1787 flammationibus,
399 1747 619 1787 Absceffibus,
643 1750 676 1782 &
701 1748 873 1782 Ulceribus
897 1748 1017 1783 Cordis
1040 1751 1091 1782 in-

78 1790 229 1834 scripsit,
257 1799 310 1825 tot
333 1791 442 1824 vitiati
463 1790 570 1825 cordis
607 1790 854 1826 Observationes
889 1803 1088 1826 commemoa

77 1837 182 1876 ravit,
207 1843 242 1868 ut
266 1834 289 1868 fi
312 1835 384 1868 illas
407 1833 561 1878 lingulas,
583 1833 671 1878 quod
697 1832 835 1869 faciendi
859 1836 995 1870 nobisin
1007 1848 1088 1878 prae-

78 1878 179 1913 sentia
203 1886 330 1920 tempus
353 1876 456 1915 deest,
480 1889 554 1912 cum
577 1878 627 1911 his
650 1879 850 1918 contuleris,
884 1891 961 1922 quas
995 1879 1087 1922 supra

79 1920 318 1962 indicavimus,
342 1919 411 1954 fieri
433 1932 498 1954 non
523 1921 640 1964 posin,
662 1923 741 1964 quin
766 1931 879 1964 praeter
902 1922 957 1957 has
972 1948 981 1963 ‚
1003 1933 1092 1965 repe-

84 1966 148 1999 rias
172 1965 249 1998 alias
275 1977 290 1997 a
314 1966 399 1998 Viro
443 1964 667 1998 Eruditiffimo
712 1964 942 2001 animadversas
964 1991 976 2007 ,
1008 1976 1091 1999 certe

82 2018 190 2043 autem
212 2006 365 2052 quasdam
388 2009 530 2042 Lutetiae
555 2007 748 2042 Parisiorum
771 2007 896 2043 habitas
929 2035 941 2051 ,
987 2010 1092 2043 illam-

84 2063 147 2096 que
185 2051 359 2094 praesertim
383 2053 416 2084 in
440 2051 573 2085 foemina
595 2075 608 2092 ,
640 2063 735 2095 quam
764 2052 859 2086 sicuti
892 2054 957 2095 ipse
990 2064 1093 2095 aegro-

81 2104 207 2129 tantem
230 2094 350 2128 viderat
374 2119 387 2135 ,
419 2096 543 2128 utinam
565 2105 641 2129 cum
676 2104 810 2136 'mortua
857 2095 1058 2130 diffecaretur
1080 2119 1094 2137 ,

81 2138 190 2172 videre
213 2150 278 2182 quo
304 2148 341 2171 ue
365 2137 516 2181 potuisset
542 2163 549 2170 .
584 2139 641 2172 Tu
664 2138 767 2181 igitur
800 2149 1007 2181 quotcunque
1042 2141 1094 2172 in-

76 2184 184 2216 venies
208 2193 224 2214 a
251 2192 294 2215 no
320 2182 346 2215 is
370 2182 503 2215 minime
527 2181 690 2224 perpensas
707 2204 718 2221 ‚
751 2183 784 2215 in
816 2182 855 2215 iis
900 2182 1010 2215 saltem
1044 2190 1092 2215 at-

78 2226 193 2260 tendas
216 2249 229 2266 ,
258 2225 355 2258 velim
381 2248 390 2265 ,
423 2236 461 2258 an
494 2223 554 2258 sint
580 2224 674 2257 ambo
696 2225 750 2258 illa
786 2223 872 2266 ligna
903 2224 942 2258 de
972 2224 1089 2268 quibus

78 2270 255 2311 quaerimus
278 2292 288 2309 ‚
323 2267 475 2301 adnotata
498 2291 505 2300 .
545 2265 616 2300 Etfi
639 2269 725 2303 enim
750 2268 896 2300 Senacius
920 2265 986 2309 ipse
1007 2272 1022 2308 (
1043 2269 1055 2301 i
1077 2271 1093 2309 )

80 2310 199 2346 diserte
222 2320 337 2353 negat,
361 2322 399 2343 ex
422 2310 527 2344 cordis
551 2310 708 2344 ulceribus
730 2309 899 2343 necessario
923 2307 1008 2353 seqiffli
1020 2311 1093 2354 pul-

74 2356 131 2390 ‘sus
155 2354 409 2397 inaequalitatem
431 2366 445 2393 5
475 2365 549 2387 cum
573 2362 676 2386 tamen
700 2356 715 2393 (
736 2353 755 2392 l<
776 2357 790 2393 )
813 2353 895 2386 lianc
915 2377 928 2394 ‚
963 2357 994 2387 δε
1025 2365 1093 2387 cre-

80 2399 136 2432 bra
161 2398 301 2441 deliquia
323 2398 407 2430 inter
429 2408 463 2429 ea
486 2406 716 2431 commemoret
737 2395 823 2437 signa
845 2408 915 2438 quae
938 2396 1094 2431 ordinario

84 2442 143 2475 illa
168 2442 272 2475 ulcera
295 2442 515 2478 comitantum
540 2438 711 2473 videndum
736 2440 868 2478 esttibi,
892 2439 930 2473 de
956 2448 1092 2483 utroque

84 2485 201 2523 simul,
226 2495 263 2518 an
288 2486 421 2528 potius,
446 2494 481 2517 ut
506 2482 682 2519 credimus,
706 2482 744 2517 de
767 2482 856 2525 ligno
886 2483 996 2517 saltem
1042 2484 1089 2516 al-

82 2537 208 2562 terutro
253 2526 293 2562 fit
337 2526 564 2569 intelligendus
589 2538 596 2559 ι
631 2526 714 2560 nihil
759 2526 801 2560 est
845 2526 928 2560 unde
972 2527 1086 2560 melius

82 2571 276 2614 cognoscere
319 2569 352 2604 id
398 2570 489 2613 pollis
521 2593 534 2611 ‚
586 2581 680 2612 quam
724 2569 974 2604 Observationes
1018 2570 1084 2603 illae

81 2626 151 2658 quae
198 2614 280 2658 apud
325 2612 432 2657 ipsum
454 2612 656 2656 peculiariter
677 2613 738 2647 tibi
761 2613 874 2647 restant
897 2611 1092 2648 confidet-an.

81 2659 131 2692 dae
157 2684 163 2690 .
539 2661 541 2663 ’

127 2713 178 2744 24.
202 2700 304 2743 Qod
327 2701 350 2735 fi
374 2700 462 2735 forte
483 2698 614 2738 interim
636 2702 774 2746 quaeris,
796 2712 835 2735 ex
863 2701 970 2736 cordis
1014 2713 1086 2735 ero-

83 2744 170 2779 fione
195 2743 274 2787 quid
297 2744 481 2785 Valsalvae,
504 2745 699 2785 Alba-tino,
734 2754 788 2779 aut
820 2745 903 2778 mihi
936 2745 1087 2780 adnotare

84 2789 259 2831 contigerit
272 2811 282 2827 ‚
308 2787 469 2829 Epistolas
492 2798 584 2832 potes
607 2788 645 2822 ad
665 2798 697 2821 te
718 2798 803 2822 meas
823 2790 917 2822 XVI.
932 2799 1019 2823 num.
1036 2800 1084 2831 17.

85 2834 118 2865 δε
140 2841 193 2874 43.
217 2835 247 2864 ἂ
272 2832 395 2864 XXIV.
421 2842 508 2865 num.
539 2833 588 2866 18,
611 2832 764 2874 relegere.
791 2832 891 2867 Nihil
935 2831 975 2865 de
1021 2833 1092 2875 pul-

85 2874 177 2910 suum
200 2873 424 2908 intermistione
448 2877 607 2916 reperies,
631 2875 715 2908 nihil
740 2874 778 2908 de
802 2877 902 2909 animi
935 2874 1091 2909 defectio-

86 2918 204 2958 nibus,
228 2916 249 2949 fi
275 2917 356 2950 leves
378 2917 529 2960 quasdam
554 2920 695 2961 excipias
717 2940 730 2958 ,
765 2918 804 2951 ab
825 2920 1000 2953 Albertino
1023 2921 1089 2952 ani-

86 2959 263 2995 madversas
287 2985 294 2991 .
328 2961 374 2993 At
405 2962 487 2996 leves
509 2986 518 3000 ‚
554 2963 660 3005 inquis
683 2986 696 3003 ‚
729 2961 794 2994 illae
838 2971 927 2996 erant
973 2962 1090 2996 erofio-

85 3016 142 3038 nes
168 3030 177 3045 ‚
211 3007 241 3037 δι
266 3002 427 3045 superficie
451 3015 559 3040 tenus.
586 3007 724 3045 Fateor;
747 3003 799 3038 sed
821 3015 908 3040 erant
931 3016 1033 3047 verae‚
1055 3009 1089 3040 δε

86 3048 134 3082 ibi
157 3057 245 3081 erant
267 3071 279 3088 ,
312 3047 366 3082 ubi
399 3048 549 3092 majorem
583 3049 673 3083 cordi
697 3048 871 3083 molestiam
895 3050 1015 3090 creari,
1038 3049 1089 3083 su-

89 3104 147 3135 pra
171 3095 182 3130 (
206 3091 218 3124 l
237 3095 253 3131 )·
272 3090 449 3125 indicatum
472 3092 513 3127 est
536 3117 544 3125 .
582 3094 681 3127 Vetas
704 3101 818 3129 autem
832 3091 922 3127 fuisse
945 3118 955 3134 ‚
986 3092 1054 3126 dixi
1077 3118 1091 3135 ‚

89 3147 127 3169 ne
172 3134 258 3168 forte
303 3136 386 3168 inter
428 3147 478 3169 eas
523 3135 651 3170 referres
673 3160 686 3176 ,
727 3137 761 3169 in
803 3138 917 3178 quibus
962 3136 1090 3171 videtur

88 3180 209 3212 extima
243 3177 349 3212 cordis
381 3178 475 3213 facies
506 3179 589 3212 erosa
613 3202 622 3217 ‚
655 3190 710 3212 nec
744 3188 849 3213 tamen
881 3179 922 3213 est
948 3192 956 3212 z
998 3179 1087 3222 cujus

89 3221 240 3255 videlicet
264 3221 349 3256 falsae
387 3222 537 3256 erofionis
568 3222 746 3265 exemplum
794 3223 937 3266 Epistola
973 3235 1093 3266 propo-

92 3265 190 3300 situm
211 3266 298 3299 XXI.
349 3269 360 3305 (
385 3266 450 3308 m)
471 3288 484 3306 ‚
528 3268 560 3299 δε
583 3267 664 3301 unde
686 3277 721 3299 ea
739 3266 819 3304 fiat,
846 3269 877 3300 &
901 3278 962 3310 qua
994 3271 1094 3301 ratio-

91 3320 130 3342 ne
153 3309 404 3346 internoscatur,
429 3307 551 3342 tametsi
575 3310 720 3352 preffius,
742 3310 897 3344 ostensum
910 3310 973 3344 est.
999 3311 1094 3344 Scili-

92 3362 142 3386 cet
166 3364 205 3385 ex
229 3352 399 3394 pericardii
422 3351 583 3392 humore,
606 3362 719 3395 praeter
742 3362 889 3387 naturam
912 3354 941 3387 se
974 3352 1094 3387 haben-

92 3406 123 3429 te
145 3395 322 3439 aliquando
341 3396 557 3430 concretiones
581 3396 725 3438 quaedam
768 3397 856 3431 cordi
901 3396 1059 3431 adhaerent
1083 3422 1093 3436 ‚

92 3450 163 3482 quae
186 3439 237 3473 sua
260 3439 494 3482 inaequalitare,
527 3440 559 3471 δε
589 3440 697 3473 colore
726 3439 901 3474 erosionem
933 3443 1093 3476 mentiun-

179 3484 346 3526 Morgagni
355 3484 391 3518 de
401 3484 468 3517 Sed.
486 3485 625 3523 &caup
637 3483 740 3517 Morb.
754 3485 853 3517 Tom.
871 3487 899 3518 I.

1963 210 2055 263 273

1128 282 1183 308 tur
1202 297 1208 304 .
1233 273 1352 306 Earum
1375 285 1440 306 non
1462 274 1582 316 ignaris
1604 275 1745 316 proclive
1778 273 1822 305 est
1854 270 2013 306 fallaciam
2042 273 2128 304 vita-

1129 328 1182 355 re,
1204 317 1244 349 iis
1267 315 1440 356 detractis,
1466 320 1496 349 &
1520 315 1664 359 subjeaae
1687 315 1793 350 cordis
1826 314 2129 348 membranae›inte-

1129 361 1245 402 gtitate
1267 358 1407 392 detersta.
1433 361 1543 401 Itaque
1567 361 1600 392 in
1624 361 1664 392 iis
1688 358 1851 392 Borrichii
1876 384 1884 396 ‚
1916 358 2026 399 Peyeri
2050 379 2062 396 ,
2098 359 2128 389 ὅς

1124 402 1263 437 Graetzii
1286 413 1362 444 quas
1386 402 1475 444 supra
1497 406 1509 441 (
1531 414 1549 435 n
1569 403 1585 444 )
1609 403 1819 436 indicavimus
1843 423 1851 437 ‚
1885 399 2131 435 Observationi-

1129 445 1275 479 bus‘noli
1300 445 1334 478 id
1355 443 1448 478 facile
1473 445 1645 488 suspicari,
1677 457 1751 479 cum
1785 444 1998 477 membranam
2035 443 2124 475 illam

1131 497 1304 531 quaerentes
1327 511 1340 528 ,
1370 487 1567 530 absumptam
1588 512 1601 528 ,
1632 488 1748 522 alicubi
1771 498 1875 520 revera
1899 486 2069 528 corrosam,
2092 488 2126 518 δε

1132 543 1187 565 cor
1209 543 1242 563 ea
1268 532 1398 573 privum
1420 532 1597 565 invenerint
1611 557 1619 566 .
1642 531 1798 565 Valsalvae
1823 539 1951 570 autem,
1974 529 2132 562 &Auser-

1134 576 1206 609 tino
1228 574 1312 608 haud
1334 583 1421 607 erant
1444 572 1601 616 ejusmodi
1632 575 1852 608 concretiones
1880 574 1998 614 ignotae
2025 598 2031 605 .
2075 572 2132 605 Eae

1134 620 1209 652 alias
1233 618 1292 650 alia
1317 619 1535 658 mentiuntur,
1559 620 1592 650 in
1616 617 1666 651 his
1699 616 1925 660 pinguedinem
1950 640 1958 653 ,
2001 618 2032 648 &
2069 615 2131 647 vil-

1131 662 1179 696 los
1195 685 1203 699 ,
1228 660 1374 704 pilosque
1396 684 1409 702 ,
1425 672 1428 674 ’
1446 662 1496 694 uti
1521 660 1735 703 superioribus
1761 660 1895 694 Litteris
1918 661 1931 698 (
1954 670 1970 691 ο
1993 662 2005 697 >
2051 658 2131 691 scri-

1132 705 1246 748 pfimus
1260 729 1267 736 .
1293 707 1407 748 Itaque
1430 702 1628 738 assensionem
1652 704 1853 738 sustinuimus
1863 706 1881 743 ,’
1898 713 1971 735 cum
1994 701 2136 744 aliquan-

1130 748 1175 782 do
1196 748 1396 788 audiremus,
1418 748 1453 781 in
1475 748 1615 791 quodam
1637 750 1689 781 cui
1714 747 1891 789 permolesti
1918 744 2042 779 fuerant
2065 755 2137 777 cor-

1133 792 1183 825 dis
1206 801 1334 834 angores
1356 815 1370 832 ‚
1402 801 1513 834 praeter
1535 790 1748 835 pericardium
1773 789 1933 825 flaviffima
1957 799 2034 830 aqua
2066 788 2135 830 ple-

1135 847 1232 873 num,
1254 846 1382 868 omnem
1404 834 1511 868 cordis
1536 834 1761 877 pinguedinem
1793 833 1847 868 hic
1883 833 1951 865 illic
1982 841 2136 873 repertam

1134 878 1191 913 ess'e
1213 877 1297 922 quafi
1321 890 1337 910 a
1360 879 1502 913 muribus
1525 880 1665 912 exesam.
1692 878 1801 912 Nobis
1824 877 1909 909 enim
1932 884 2020 908 antea
2055 873 2083 907 se
2107 874 2137 907 se

1132 922 1292 957 obtulerat
1316 920 1544 965 ejusdemmodi
1569 922 1684 964 species
1718 923 1751 955 in
1782 922 1891 955 vetulo
1925 918 2029 951 milite
2053 942 2063 957 ‚
2096 917 2136 951 de

1132 978 1197 1008 quo
1219 965 1297 998 alias
1321 970 1331 1005 (
1353 975 1374 1007 p
1396 968 1410 1005 )
1433 965 1470 998 ad
1496 974 1525 997 te
1549 963 1745 1005 scribemus,
1768 975 1823 998 nec
1849 962 1919 1006 pasli
1943 972 2065 994 eramus
2098 970 2135 994 ut

1134 1010 1338 1051 imponeret:
1363 1007 1450 1050 quod
1474 1019 1571 1050 neque
1601 1009 1654 1042 Cl.
1692 1007 1895 1042 Schreiberus
1928 1005 1970 1039 est
2002 1002 2100 1047 paffus
2125 1028 2137 1044 ,

1137 1064 1209 1086 cum
1233 1050 1395 1094 postquam
1418 1053 1452 1084 in
1475 1051 1731 1091 Observatione,
1752 1063 1848 1095 quam
1871 1051 1945 1083 alias
1967 1052 1981 1088 (
2002 1059 2020 1090 q
2043 1051 2056 1088 >
2090 1058 2138 1081 re-

1137 1097 1294 1135 tulimus,
1316 1094 1430 1128 diserte
1455 1093 1660 1128 admonuerat
1674 1119 1682 1135 ,
1705 1096 1843 1128 exterius
1873 1092 1963 1127 cordi
1995 1092 2137 1135 undique

1137 1139 1331 1182 adhaerentes
1361 1137 1456 1171 villos
1489 1148 1613 1180 magnos
1637 1161 1646 1175 ,
1681 1138 1785 1178 longos
1809 1162 1823 1179 ,
1855 1136 1990 1179 latosque
2012 1158 2023 1174 ‚
2055 1137 2139 1179 quasi

1137 1182 1241 1217 carnis
1300 1181 1418 1223 ungosae
1449 1187 1557 1213 tenera
1679 1191 1695 1215 e
1710 1182 1781 1223 sero
1806 1180 1972 1223 sanguinis
1995 1177 2137 1221 formari

1137 1228 1221 1260 intra
1240 1224 1451 1268 pericardium
1470 1222 1630 1266 stagnante
1644 1249 1654 1265 ,
1676 1224 1833 1266 imagines
1855 1222 1982 1256 addidit
2006 1220 2139 1255 villoso-

1137 1281 1207 1304 rum
1231 1266 1376 1302 cordium
1399 1266 1621 1300 accuratiffime
1644 1266 1818 1311 expressas,
1840 1278 1916 1309 quas
1940 1263 1962 1298 si
1985 1265 2057 1307 quis
2090 1265 2140 1297 in-

1137 1313 1258 1356 spici-at⁴
1273 1322 1376 1345 rerum
1398 1311 1547 1353 ignarus,
1572 1312 1731 1346 continuo
1752 1309 1901 1353 deceptus
1926 1309 2058 1342 minime
2081 1307 2143 1342 du-

1133 1357 1216 1390 bitet
1231 1379 1241 1395 ‚
1263 1355 1340 1398 quin
1364 1354 1461 1388 corda
1484 1354 1726 1396 repraesentent,
1758 1364 1897 1397 quorum
1941 1350 2107 1395 pinguedo
2129 1375 2142 1392 ‚

1135 1403 1168 1433 δέ
1192 1399 1311 1441 reliqua
1334 1395 1511 1441 superficies
1533 1397 1641 1440 paffim
1663 1398 1785 1433 fuerint
1808 1395 2043 1430 corrosionibus
2067 1406 2142 1436 pro-

1136 1443 1266 1476 fundius
1288 1441 1402 1475 exesae.
1425 1442 1518 1474 Num
1540 1452 1615 1475 vero
1639 1439 1837 1485 Sepulchreti
1861 1439 1946 1473 libro
1980 1440 2026 1485 II.
2042 1481 2047 1487 .
2061 1440 2143 1472 Se&-

1137 1488 1183 1519 ΙΙ.
1209 1484 1290 1518 Obs.
1317 1486 1381 1518 III.
1408 1486 1529 1518 extima
1551 1485 1659 1519 cordis
1684 1485 1782 1519 facies
1806 1509 1819 1525 ‚
1851 1494 1921 1526 quae
1948 1481 2141 1516 >describitur

1137 1528 1315 1571 lanuginoso
1334 1538 1438 1570 panno
1460 1529 1582 1562 omnino
1597 1528 1736 1570 similis,
1761 1537 1818 1561 aut
1841 1527 1962 1561 incimae
1983 1526 2144 1558 ruminum

1137 1574 1219 1606 tium
1242 1570 1427 1605 animalium
1448 1572 1620 1605 ventriculi
1641 1572 1774 1610 tunica,
1797 1578 1961 1613 appareret
1984 1567 2068 1610 quasi
2079 1579 2147 1601 ror-

1137 1615 1204 1658 rosa
1226 1616 1270 1648 ob
1292 1615 1527 1651 concretiones,
1551 1614 1645 1647 villos
1667 1617 1856 1647 mentientes
1880 1638 1889 1653 ‚
1921 1625 1936 1645 a
1961 1612 2025 1645 sero
2047 1612 2149 1654 depo·

1139 1657 1212 1692 fitas
1234 1670 1301 1702 quo
1324 1656 1538 1700 pericardium
1563 1657 1652 1690 valde
1675 1658 1819 1692 tumebat
1841 1681 1854 1698 ‚
1887 1666 1925 1689 an
1945 1654 2056 1698 procul
2091 1656 2146 1688 du-

1141 1701 1194 1735 bio
1216 1702 1254 1736 ab
1277 1700 1413 1744 ejusdem
1429 1701 1496 1743 seri
1516 1702 1685 1735 acrimonia
1709 1712 1815 1743 revera
1834 1699 2005 1742 essetcum
2027 1699 2145 1732 extima

1141 1746 1246 1779 cordis
1262 1744 1457 1788 substantia,
1480 1753 1516 1778 ut
1540 1745 1572 1777 in
1586 1743 1720 1778 Scholio
1741 1744 1890 1785 dicitur,
1912 1743 2047 1777 omnino
2071 1753 2145 1774 eor-

1142 1788 1212 1822 rosa
1237 1811 1246 1827 ,
1290 1793 1323 1822 in
1348 1788 1455 1822 medio
1478 1788 1626 1831 relinquo
1649 1812 1661 1829 ,
1705 1788 1785 1825 ficut
1827 1790 1863 1822 in
1908 1786 2145 1820 observatione

1139 1844 1268 1875 quoque
1314 1833 1432 1866 Laubii
1477 1834 1492 1870 (
1514 1831 1563 1873 r)
1603 1854 1612 1868 ‚
1660 1843 1698 1864 an
1743 1830 1848 1865 revera
1892 1830 2001 1864 cordis
2048 1828 2145 1863 facies

1139 1875 1226 1909 exesa
1271 1875 1369 1910 fuerit
1390 1887 1404 1916 ,·
1446 1873 1500 1908 etfi
1542 1875 1628 1909 enim
1652 1876 1865 1918 pericardium
1888 1875 1973 1908 ultra
2003 1872 2117 1907 libram
2133 1875 2149 1916 j

1138 1920 1304 1962 sanguinis
1349 1920 1414 1952 atri
1453 1920 1649 1962 congrumati
1691 1919 1881 1953 continebat
1906 1930 1916 1957 3
1962 1917 2018 1952 hic
2042 1925 2148 1951 tamen

1146 1962 1273 1996 aliunde
1317 1973 1432 2007 quarn(
1456 1973 1472 1993 a
1517 1960 1622 1995 cordis
1665 1962 1746 1997 facie
1789 1959 1953 1997 destillass‘e
1998 1965 2149 2005 poterat,

1146 2011 1178 2039 δε
1227 2006 1373 2041 Laubius·
1413 2004 1477 2047 ipse
1498 2028 1510 2045 ,
1545 2004 1704 2040 haefiranti
1728 2006 1840 2041 similis
1864 2029 1874 2045 ‚
1915 2016 1982 2038 rem
2005 2007 2051 2038 ita
2074 2016 2151 2048 ptou

1145 2050 1241 2093 ponit
1266 2063 1276 2082 .·
1322 2050 1472 2091 sanguine
1515 2049 1576 2082 illo
1621 2058 1674 2091 ope
1710 2050 1846 2093 spongiae
1891 2048 2017 2092 absterso
2038 2073 2048 2089 ,
2081 2060 2153 2082 cors-

1146 2093 1196 2125 dis
1231 2091 1404 2134 substantia
1448 2091 1583 2126 lamellis
1623 2092 1707 2135 quasi
1750 2093 1847 2136 obsita
1877 2097 1920 2128 Θ·
1956 2092 2042 2135 exesa
2077 2102 2150 2126 ocu-

1146 2134 1189 2168 lis
1205 2135 1240 2178 se
1255 2134 1380 2178 fiftebat
1402 2160 1410 2168 .
1445 2136 1566 2169 Verum
1588 2134 1610 2169 fi
1634 2136 1738 2180 reapse
1766 2136 1873 2171 cordis
1908 2136 2080 2171 substantia
2113 2137 2149 2169 in

1145 2186 1279 2220 utraque
1302 2179 1535 2213 Observatione
1558 2178 1685 2213 corrosa
1709 2204 1718 2220 ‚
1762 2183 1795 2214 δε
1825 2181 1913 2215 exesa
1947 2179 2010 2216 fuit
2035 2193 2046 2219 5
2090 2179 2148 2213 du-

1142 2219 1249 2255 bitans
1293 2223 1377 2254 enim
1420 2230 1587 2265 utramque
1631 2222 1772 2265 superius
1796 2225 1937 2267 praeterii
1961 2236 1972 2262 5
2006 2222 2149 2257 animad-

1144 2273 1248 2298 vertas
1280 2266 1378 2298 velim
1402 2285 1412 2301 ‚
1445 2267 1529 2298 inter
1562 2277 1595 2298 ea
1636 2277 1707 2308 quae
1749 2277 1940 2308 aegrotantes
1981 2268 2147 2309 patieban-

1146 2317 1200 2342 tur
1223 2331 1233 2347 ‚
1275 2309 1401 2342 nullum
1444 2309 1482 2342 de
1523 2309 1671 2351 pulsuum
1715 2310 1939 2344 intermiffione
1962 2334 1974 2350 ,
2020 2312 2145 2345 nullum

1146 2351 1185 2385 de
1229 2351 1327 2385 animi
1371 2350 1549 2386 defectione
1595 2351 1725 2387 verbum
1768 2353 1833 2396 legi
1857 2379 1865 2385 .
1902 2355 2050 2396 Qarum
2072 2366 2146 2389 cum

1145 2403 1198 2427 tot
1253 2393 1397 2429 historiis
1441 2396 1519 2438 saepe
1563 2404 1674 2429 neutra
1706 2420 1716 2436 ,
1760 2408 1923 2441 nunquam
1966 2407 2100 2442 utraque
2133 2422 2143 2436 ,

1145 2437 1231 2472 haud
1265 2448 1336 2472 raro
1367 2439 1518 2472 alterutra
1543 2437 1709 2473 dumtaxat
1742 2439 1840 2473 fuerit
1864 2455 1873 2478 5
1909 2441 1988 2485 quid
2013 2444 2046 2475 in
2071 2454 2145 2485 pro—

1138 2481 1248 2559 ‹posita
1270 2481 1442 2524 quaestione
1464 2484 1478 2521 ζ
1493 2481 1519 2524 s
1532 2485 1545 2522 )
1567 2482 1809 2524 existimandum
1842 2484 1879 2517 iit
1901 2510 1910 2526 ,
1941 2495 1995 2527 per
2029 2495 2060 2521 te
2093 2488 2143 2522 vi-

1162 2536 1194 2558 es
1217 2550 1225 2557 .

1183 2580 1234 2611 25.
1260 2568 1360 2607 Quod
1381 2569 1403 2603 si
1427 2571 1461 2604 in
1483 2571 1599 2613 apertis
1622 2571 1727 2606 cordis
1751 2573 1932 2610 abscessibus
1956 2600 1965 2614 ‚
2003 2579 2035 2611 δε
2058 2577 2145 2611 ulce-

1146 2612 1234 2647 ribus
1258 2623 1304 2646 res
1327 2614 1374 2647 ita
1398 2613 1427 2647 se
1450 2614 1544 2648 habet
1566 2627 1577 2654 3
1611 2626 1686 2648 num
1709 2614 1794 2650 forte
1818 2620 1909 2652 aliter
1932 2621 1964 2652 in
1988 2621 2142 2656 conclusis

1144 2655 1176 2704 se
1198 2655 1331 2689 habebit
1354 2655 1367 2689 ?
1401 2657 1493 2700 de
1516 2657 1707 2701 praeceffisset
1730 2685 1739 2701 ‚
1774 2672 1847 2696 cum
1883 2670 2020 2698 tumores
2052 2667 2145 2699 duros

1144 2709 1177 2732 m
1193 2699 1313 2743 sinistro
1336 2702 1436 2734 cordis
1458 2701 1633 2735 ventriculo
1657 2704 1705 2736 vel
1729 2705 1770 2737 ad
1788 2707 1841 2739 ovi
1862 2708 2107 2749 magnitudinem
2131 2732 2143 2748 ‚

1138 2752 1179 2776 nt
1202 2745 1236 2776 in
1260 2744 1424 2778 Cardinali
1457 2744 1618 2778 Gambera
1651 2747 1773 2780 invenit
1796 2771 1806 2786 ‚
1840 2751 1952 2782 reticet
1976 2775 1985 2791 ,
2017 2763 2052 2785 ut
2087 2752 2142 2785 sae⁴

1145 2788 1219 2829 pius
1244 2785 1347 2828 solet,
1369 2788 1552 2822 Columbus
1575 2789 1624 2831 (t
1644 2793 1659 2828 )
1684 2801 1692 2822 .’
1727 2800 1783 2824 nec
1805 2791 1893 2834 quod
1926 2792 1964 2826 ad
1996 2793 2140 2828 thoracis

1145 2830 1355 2864 incommoda
1387 2833 1523 2865 attineat
1547 2855 1557 2870 ‚
1592 2833 1768 2875 quidquam
1812 2835 1934 2869 indicat
1978 2837 2142 2872 Hildanus

1144 2877 1159 2913 (
1181 2885 1200 2907 u
1222 2878 1235 2913 )
1259 2875 1291 2907 in
1315 2875 1508 2909 adolescente
1526 2898 1538 2915 ‚
1571 2877 1626 2917 qui
1651 2876 1683 2908 in
1705 2877 1806 2910 cordis
1827 2880 1968 2914 acumine
2000 2880 2143 2915 tubercu-

1143 2917 1210 2951 lum
1234 2917 1344 2951 habuit
1366 2918 1470 2952 albuni
1494 2919 1533 2950 ad
1556 2917 1646 2950 nucis
1677 2919 1828 2954 avellana
1858 2923 2105 2964 magnitudinem
2131 2936 2143 2957 .·

1142 2971 1242 3003 neque
1266 2973 1277 2999 5
1312 2971 1348 2994 nt
1370 2960 1409 2994 ad
1432 2959 1675 3003 Sepulchretutn
1699 2961 1821 2997 redeam
1845 2975 1856 3003 5
1890 2966 1980 3001 aliud
2002 2991 2012 3006 ,
2046 2980 2144 3012 quam

1144 3004 1324 3046 hydropem
1338 3027 1345 3040 ,
1371 3003 1522 3039 Rhodius
1544 3008 1554 3043 (
1577 3015 1599 3038 x
1620 3007 1635 3044 )
1656 3006 1688 3037 in
1713 3008 1784 3040 viro
1807 3010 1859 3042 cui
1874 3007 2044 3052 felliculur
2068 3014 2143 3046 'ine-

1144 3057 1193 3080 rat
1216 3049 1250 3080 in
1271 3048 1380 3081 dextra
1401 3048 1502 3080 cordis
1525 3048 1688 3089 auricula,
1709 3060 1762 3084 aut
1786 3063 1882 3093 qnam
1907 3055 2042 3088 maciem
2067 3056 2143 3089 Bar-

1143 3090 1288 3124 tholinus
1312 3094 1325 3132 (
1341 3102 1366 3132 y
1387 3094 1402 3130 )
1425 3091 1456 3123 in
1482 3091 1561 3124 bove
1575 3114 1587 3131 ‚
1609 3093 1662 3125 cui
1684 3092 1832 3138 absceffus
1851 3098 1941 3138 pomi
1949 3099 2141 3141 magnitudi-

1142 3145 1180 3167 ne
1203 3136 1287 3167 intra
1310 3134 1389 3167 duos
1413 3133 1582 3168 folliculos
1603 3134 1901 3177 ferumcontinens,
1928 3138 2058 3175 dextero
2069 3153 2142 3176 ven-

1140 3179 1258 3213 triculo
1282 3177 1484 3219 adhaerebat,
1509 3187 1561 3212 aut
1584 3190 1678 3220 quam
1694 3179 1839 3224 spirandi
1850 3181 2061 3226 difficultatem
2073 3198 2144 3220 cum

1138 3218 1227 3265 febre
1249 3223 1389 3255 Gantius
1410 3225 1488 3265 (z)
1508 3223 1542 3255 in
1563 3223 1727 3265 quodam,
1749 3225 1800 3258 cui
1824 3226 1856 3258 in
1880 3226 1941 3259 basi
1963 3229 2069 3261 cordis
2092 3240 2144 3263 ex-

1145 3265 1312 3308 crescentia
1334 3274 1425 3298 erant
1446 3267 1608 3307 plurimae,
1632 3268 1666 3300 in
1680 3268 1729 3301 his
1741 3265 1800 3302 uria
1812 3280 1868 3301 ovo
1878 3269 2050 3305 columbino
2057 3283 2141 3315 par,

1144 3319 1254 3356 omnes
1297 3310 1428 3342 materia
1473 3310 1566 3344 molli
1596 3309 1741 3345 infarctae
1765 3338 1774 3345 .
1808 3312 1863 3345 Me
1886 3324 1983 3352 vero3
2006 3325 2039 3348 ut
2062 3317 2143 3351 alios

1145 3351 1244 3385 {erens
1267 3354 1438 3390 omittam3
1461 3364 1532 3388 cum
1557 3355 1758 3388 tuberculum
1770 3354 1936 3389 offendiin
1947 3357 2042 3391 corde
2056 3361 2145 3394 Senis

1144 3395 1311 3436 innatum,
1334 3398 1504 3443 certiorem
1516 3397 1636 3433 fastum
1646 3396 1721 3434 esse,
1745 3398 1826 3431 nosti
1847 3400 1916 3442 (a),
1940 3405 2146 3444 nequeinter-

1144 3439 1301 3474 miffiones
1312 3442 1459 3483 pulsuum
1471 3466 1481 3482 ,
1490 3452 1588 3484 neque
1599 3441 1792 3517 defeffiiones
1805 3445 1917 3484 animi,
1928 3454 2026 3488 neque
2036 3446 2143 3481 cordis

1731 3497 1762 3519 m
2030 3491 2100 3534 pal-

96 3581 2151 3602 Ἥ

186 3677 192 3681 1
239 3649 275 3682 De
292 3648 359 3672 Met.
374 3647 446 3682 Cord.
463 3646 562 3677 Proper.
579 3655 617 3677 ²3-
633 3647 659 3672 in
675 3646 754 3672 schol.

236 3677 297 3702 lbnd.
314 3685 339 3702 n.
358 3685 380 3703 1.
397 3686 422 3703 ιη
439 3677 480 3702 fin.
540 3676 551 3706 (
568 3677 585 3702 k
601 3679 615 3707 )
631 3686 657 3702 n.
674 3686 698 3708 3.
760 3677 800 3706 (1
815 3678 831 3707 )
846 3686 870 3703 n.
887 3681 924 3703 18.

239 3707 311 3738 Epist.
328 3710 365 3733 16.
384 3716 409 3733 n.
425 3712 465 3736 46.
528 3709 542 3737 (
558 3716 569 3732 ν
586 3708 600 3737 )
617 3709 677 3739 Eph-
694 3710 728 3733 Ν.
745 3710 773 3734 c.
790 3709 860 3733 Cent.
879 3716 902 3740 9.
917 3709 977 3735 Obs.
995 3718 1031 3741 ις.

238 3739 246 3763 l
274 3746 295 3768 3.
313 3739 336 3764 S.
354 3746 389 3764 ιι.
405 3738 465 3764 Obs.
484 3746 507 3768 3.
525 3738 546 3768 §.
566 3740 603 3764 18.
662 3740 702 3770 (y
717 3740 727 3770 )
742 3741 761 3764 Ι.
778 3746 801 3763 ².
818 3741 842 3765 Sa
857 3748 880 3776 ⁷3
897 3739 955 3766 Obs.
975 3748 1026 3766 ιιι.

152 3646 168 3766 ese—Af!

182 3745 196 3761 κ
182 3715 197 3736 ἡ
180 3646 197 3699 ““·α

208 3647 223 3707 >³

210 3708 224 3766 3

815 3646 857 3677 (Ε
871 3648 884 3676 )
900 3648 959 3673 Obs.
977 3650 1048 3674 Med.
1064 3649 1177 3679 Chirurg-

984 3681 1000 3710 ζ
1014 3688 1039 3704 m
1055 3685 1065 3709 )
1082 3689 1107 3705 n.
1125 3689 1148 3704 2.

1094 3711 1164 3741 (s)
1179 3718 1251 3741 ηις.
1267 3712 1291 3736 in
1309 3712 1350 3736 fin.

1088 3743 1103 3774 C
1118 3750 1137 3771 z
1152 3743 1161 3773 )
1179 3743 1240 3769 isid.
1258 3745 1282 3768 s.
1301 3750 1322 3767 1.
1341 3743 1367 3768 in
1384 3742 1504 3770 aeduam.
1523 3747 1580 3772 obs.
1599 3755 1621 3771 ι.

1237 3650 1251 3679 (
1268 3650 1282 3674 b
1299 3650 1312 3678 )
1328 3649 1413 3674 Traite
1426 3651 1458 3675 du
1474 3655 1554 3680 Coeur
1571 3654 1588 3678 Ι.
1607 3662 1630 3682 4.
1647 3652 1687 3678 ch.
1704 3660 1728 3681 7.

1211 3678 1251 3705 (n
1270 3682 1278 3709 )
1295 3688 1317 3704 n.
1334 3687 1372 3704 ²²·
1434 3682 1583 3714 (0)n.4.
1643 3683 1858 3714 (p)1·:p>ist.43.
1875 3693 1900 3711 n.
1920 3694 1957 3717 ¹7·

1412 3712 1453 3740 (¹
1466 3714 1480 3742 )
1498 3718 1533 3741 De
1550 3719 1585 3740 Re
1602 3717 1675 3740 Anat.
1692 3715 1709 3739 l.
1728 3723 1763 3745 ις.
1808 3714 1832 3749 ,(
1850 3723 1866 3739 u
1889 3718 1985 3746 >Cent.
2004 3726 2024 3743 ι.
2042 3718 2148 3749 0bfi5r„

1685 3746 1699 3774 (
1715 3754 1729 3769 a
1748 3745 1843 3776 'Eissst-
1862 3754 1898 3773 ²1·
1920 3757 1946 3773 n.
1960 3758 1985 3778 4,
