2498 4075
519 178 673 245 Epist.
714 179 874 230 Anat.
910 178 1126 231 Medica
1160 174 1344 229 XXX-³
1382 175 1503 228 Art.
1527 191 1607 229 22.
1640 178 1696 230 ὃ(
1724 191 1773 228 2.

117 261 203 301 stiae‚
226 265 279 292 aut
303 257 423 295 nullae,
448 265 485 290 ut
508 265 586 290 tunc
608 255 741 299 quidem
765 255 795 289 se
817 268 863 291 res
875 255 1060 297 habebant,
1083 255 1130 288 es-

115 303 148 337 se
170 314 186 335 a
209 313 259 335 me
282 300 415 343 quidem
439 300 633 342 putabantur
656 299 845 334 indicaturae
870 325 877 332 .
912 301 989 334 Huc
1028 301 1131 342 igitur

118 347 242 380 summa
267 344 364 377 rediit
388 355 497 377 eorum
521 355 594 384 quae
614 342 793 377 consulenti
818 344 925 377 statim
960 342 1100 385 rescripsi
1122 355 1131 374 :

119 400 219 432 neque
242 387 348 431 postea
371 386 548 431 quidquam
570 386 678 421 audivi
702 388 838 431 amplius
863 386 900 422 de
933 386 992 421 hac
1020 387 1135 429 Virgi-

121 444 159 466 ne
174 458 182 465 .

164 486 216 508 22.
243 476 371 509 Utilius
394 475 456 507 tibi
481 472 608 508 fortasse
631 476 693 509 erit
716 474 805 520 quod
830 474 951 509 ultimo
983 472 1136 517 adjiciam

121 519 197 552 loco
220 518 257 552 de
282 520 411 552 vomitu
433 517 471 550 ad
498 519 640 553 Partium
666 520 797 553 morbos
822 519 981 562 speetante
1004 516 1135 560 quibus-

119 573 194 595 cum
217 563 411 596 ventriculus
435 559 613 595 consentit.
639 564 679 596 ld
704 574 765 604 ne,
788 572 970 601 utcaetera,
995 561 1033 594 ad
1046 571 1134 594 mor-

118 605 178 639 bos
200 604 347 639 differam
370 615 475 638 earum
500 606 667 644 Patrium,
700 607 762 640 hoc
797 617 897 641 unum
934 603 1013 637 facit
1045 603 1133 646 quod

116 649 203 683 nulla
229 650 270 683 est
292 660 388 694 quam
413 647 565 688 adjiciam
587 651 749 684 cadaveris
785 649 931 683 disl'effio
955 672 962 680 .
995 648 1132 689 Collega

118 691 185 727 fuit
210 692 312 726 noster
336 693 399 726 Vir
421 690 648 728 Nobiliffirnus
668 717 676 732 ‚
703 693 836 727 celebris
870 692 1046 733 Scriptoris
1078 702 1132 723 ne-

118 747 198 779 pos,
223 739 253 769 δε
279 736 330 770 sua
353 735 418 777 ipse
443 747 571 779 quoque
594 737 684 772 laude
707 737 842 779 dignus.
869 736 938 776 Qi
970 746 1045 768 cum
1079 745 1132 766 an-

120 791 178 814 nos
201 778 274 812 effer
298 788 390 812 natus
415 778 453 812 ad-
476 779 664 822 sexaginta,
688 779 871 814 vomitibus
894 780 996 820 coepit
1029 778 1132 811 vexari

120 824 261 863 crebris,
282 825 313 856 ἃ
339 822 539 864 permolestis
564 847 574 862 ‚
608 825 756 867 quamvis
788 834 854 856 uno
886 822 1049 855 interdum
1081 820 1133 854 die

118 866 377 910 quiescentibus.
401 865 532 908 Rejee‘ta
557 869 713 909 peculiare
739 866 823 900 nihil
849 865 1023 898 habebant.
1061 865 1134 897 Me-

118 912 184 944 dici
210 921 268 951 pro
291 910 367 943 Viri
393 907 553 952 dignitate
579 911 706 944 aderant
731 921 795 944 tres
817 910 875 952 qui
898 918 975 942 tunc
999 908 1135 950 peritio-

118 964 166 987 res
190 951 473 992 existimabantur,
497 956 528 987 &
554 953 650 988 facile
672 963 784 994 erant;
804 961 889 986 certe
911 960 1000 984 erant
1034 950 1136 984 senio-

119 1007 190 1029 res.
216 996 264 1028 Hi
289 1007 362 1030 cum
388 997 466 1030 mali
492 996 594 1031 sedem
618 999 652 1031 in
674 997 856 1031 ventriculo
879 994 936 1029 effe
951 1018 964 1035 ,
987 1005 1052 1027 non
1076 994 1135 1027 du-

120 1039 284 1078 bitarent3
307 1050 379 1083 quae
404 1040 444 1075 ad
468 1040 641 1075 sanandum
664 1040 751 1075 hunc
775 1040 934 1075 facerent,
962 1040 995 1070 &
1030 1038 1134 1085 pluri-

117 1094 169 1117 ma
184 1105 193 1119 ³
217 1085 250 1117 &
271 1085 381 1122 varia,
408 1087 438 1117 δε
465 1084 523 1118 diu
546 1084 620 1118 satis
644 1085 882 1121 adhibuerunt3
906 1081 958 1115 sed
980 1083 1134 1115 incaslum

116 1127 253 1166 omnia;
273 1126 376 1161 donec
402 1139 508 1171 aeger,
531 1129 737 1162 macilentior
766 1126 832 1171 jam
866 1125 971 1159 faetus
994 1149 1003 1163 ‚
1038 1136 1135 1158 reme-

116 1168 248 1204 diorum
272 1172 446 1213 pertaesus,
469 1171 638 1206 confilium
662 1183 718 1216 per
744 1171 772 1205 se
795 1171 897 1213 coepit
921 1167 987 1202 haec
1021 1168 1137 1203 cunfta

116 1211 292 1256 abjiciendi
308 1238 321 1254 ,
346 1219 377 1250 &
402 1226 454 1249 rus
478 1215 664 1249 secedendi.
690 1214 809 1256 Unde,
832 1224 935 1256 neque
959 1213 1004 1244 ita
1029 1212 1137 1246 multo

114 1256 206 1299 post,
232 1257 268 1290 in
290 1258 403 1292 urbem
428 1258 601 1301 regressus,
625 1271 694 1293 ecce
718 1260 781 1292 tibi
805 1268 924 1300 magno
949 1255 1011 1289 sine
1041 1255 1133 1290 causa

115 1300 241 1343 frigore
265 1308 344 1335 toto
366 1313 504 1345 corpore
539 1302 596 1337 sub
631 1304 758 1337 ηοὲὶεπι
795 1301 970 1344 corripitur
991 1322 1001 1337 ,
1035 1310 1132 1343 eaque

113 1344 182 1386 ipsa
208 1346 305 1379 noc0oe
327 1345 469 1380 multum
491 1357 566 1381 cum
590 1347 681 1380 urina
693 1346 877 1389 sanguinem
891 1342 996 1377 reddit
1012 1344 1133 1376 -Hunc

114 1387 227 1422 eadem
274 1390 327 1422 via
360 1401 438 1422 mox
471 1389 680 1433 consequitur
711 1390 850 1423 multum
884 1388 991 1430 puris·
1018 1388 1132 1428 Itaque

113 1431 325 1475 sanguineis,
349 1435 383 1465 ὃ(
405 1433 586 1475 purulentis
611 1435 712 1468 urinis
735 1434 853 1466 alterne
886 1431 914 1464 se
939 1430 1131 1472 excipienti-

108 1474 198 1516 bus,
220 1477 291 1510 cito
313 1475 443 1518 dejeetae
466 1478 549 1510 vires
574 1477 668 1518 sunt,
693 1480 725 1511 &
748 1478 835 1510 intra
857 1475 924 1510 dies
947 1485 1042 1516 quam
1055 1484 1131 1515 pau-

2055 192 2115 237 25

1180 254 1319 289 ciffimos
1342 254 1470 287 vivendi
1495 253 1566 287 finis
1589 253 1630 287 est
1653 252 1777 287 fatftus.
1804 255 1857 288 Ex
1879 252 1943 288 hoe
1967 253 2073 286 morbi
2099 254 2190 290 exitu

1184 298 1327 342 proclive
1351 296 1414 330 fuit
1439 298 1616 339 intelligere
1634 322 1643 336 ‚
1668 299 1810 330 vomitus
1832 298 1957 331 causam
1982 308 2043 328 non
2068 297 2100 328 in
2116 308 2192 329 vcn-

1185 341 1328 379 triculo‚
1355 341 1405 374 secl
1429 342 1462 373 in
1487 343 1527 375 iis
1552 341 1698 373 Partibus
1723 340 1813 374 fuisse
1836 353 1906 382 quae
1932 339 1970 373 ad
1993 340 2109 372 lotium
2123 352 2191 375 ner-

1186 387 1316 425 tinent,
1340 384 1466 417 renibus
1491 384 1665 426 pracsertim
1686 405 1695 421 ,
1728 386 1783 426 qui
1818 395 1929 426 nempe
1962 384 2057 416 illum
2090 381 2191 416 solent

1188 427 1282 461 facile
1307 426 1386 460 adeo
1409 430 1441 459 in
1464 427 1648 461 consensum
1673 426 1823 467 trahere,
1855 431 1885 461 &
1921 426 1958 460 ad
1991 427 2189 460 vomitiones

1186 472 1369 505 concitare.
1395 472 1559 513 Simulque
1580 470 1781 504 intelleaeftum
1807 469 1849 503 est
1871 470 1950 512 quid
1981 468 2191 512 significarent

1186 526 1313 548 crurum
1340 524 1403 547 non
1427 514 1571 556 stupores
1595 513 1750 556 quidem,
1774 513 1823 546 sed
1847 513 1971 547 dolores
1995 522 2121 552 tamen,
2154 512 2192 546 de

1184 558 1302 601 quibus
1325 558 1391 600 jam
1414 556 1487 589 inde
1511 558 1550 591 ab
1574 558 1674 590 initio
1698 556 1803 589 morbi
1829 557 2005 598 plurimum
2027 557 2115 599 queri
2142 554 2194 588 so-

1185 603 1268 635 lebat
1292 612 1399 644 aeger,
1422 599 1501 643 quid
1525 600 1674 634 insolitus
1697 599 1859 642 mingendi
1886 599 2052 636 stimulus,
2078 608 2112 632 ut
2126 600 2195 631 uri-

1183 657 1258 678 nam
1282 648 1337 678 vix
1361 656 1395 678 ac
1420 655 1457 676 ne
1481 646 1536 678 vix
1559 643 1692 686 quidem
1716 645 1848 676 retinere
1872 643 1971 685 posl'et
1995 644 2071 676 dum
2088 652 2195 675 matu-

1183 690 1247 722 lam
1271 688 1406 722 sumeret
1421 714 1429 727 ‚
1453 688 1551 721 noem
1575 687 1797 729 potiffimum,
1821 687 1900 729 quid
1926 686 2061 729 denique
2072 686 2195 719 duritia

1183 733 1328 775 quaedam
1351 733 1435 765 circa
1458 732 1645 773 regionem,
1668 742 1704 765 ut
1729 729 1908 764 Gliffonius
1931 734 1945 769 (
1968 731 1980 763 i
2001 733 2015 769 )
2036 730 2193 767 vocabat,

1184 777 1373 818 epicolicam
1396 775 1580 809 dexteram.
1605 775 1687 807 Haec
1710 776 1846 817 utique,
1869 773 1923 807 etsi
1936 774 1974 806 de
1989 772 2108 806 lumbis
2119 783 2197 805 con-

1183 822 1270 861 queri
1295 831 1374 861 :eger
1397 830 1461 852 non
1486 818 1625 855 solebat,
1650 817 1761 851 indicii
1787 818 1911 860 aliquid
1936 816 2008 850 dare
2025 825 2197 857 poterant,

1184 875 1258 896 cum
1282 862 1453 896 inutilibus
1477 862 1653 904 praesertim
1688 862 1820 895 curandi
1857 860 2031 894 ventriculi
2069 860 2196 902 experi—

1186 906 1303 939 mentis
1326 906 1518 948 conjunfia,
1543 905 1618 939 alibi
1643 916 1738 947 quam
1765 906 1798 937 in
1825 904 1909 944 hoc,
1945 905 2088 937 vomitus
2121 914 2197 937 cau-

1189 950 1251 983 sam
1276 948 1416 988 haerere,
1438 952 1469 982 ὃ(
1495 951 1527 980 in
1553 949 1700 986 renibus,
1735 948 1928 990 dexteroque
1960 947 2158 989 potiffimum
2183 968 2196 985 ,

1187 991 1371 1035 congestum
1396 991 1524 1025 fortasse
1548 994 1684 1034 aliquem
1708 994 1849 1026 materia:
1874 990 2052 1024 morbificae
2076 989 2134 1024 effe
2149 989 2198 1022 fa-

1187 1038 1276 1070 &um
1292 1060 1299 1067 .
1325 1037 1390 1069 Cui
1415 1035 1589 1078 suspicioni
1615 1035 1739 1077 pondus
1763 1035 1834 1069 addi
1859 1034 1990 1078 aliquod
2014 1046 2052 1067 ex
2076 1045 2114 1067 eo
2138 1045 2199 1075 po·-

1176 1079 1319 1119 rtuisset,
1342 1077 1429 1122 quod
1453 1088 1487 1112 tu
1513 1079 1636 1121 semper
1681 1081 1713 1110 in
1760 1078 1901 1112 obscuris
1934 1077 2199 1120 aegrotationibus

1187 1135 1331 1167 quaeres,
1354 1126 1385 1157 δέ
1409 1123 1570 1156 curationi
1594 1122 1789 1164 pertinacius
1825 1121 2034 1155 resistentibus
2060 1144 2069 1159 ,
2103 1121 2201 1154 nimi-

1188 1178 1260 1201 rum
1283 1168 1339 1200 cui
1360 1166 1477 1199 morbo
1501 1164 1639 1199 obnoxii
1665 1164 1784 1198 fuerint
1812 1165 1953 1206 Majores
1978 1189 1985 1197 .
2019 1165 2090 1197 Hac
2114 1166 2201 1196 enim

1187 1211 1443 1252 interrogatione
1466 1218 1670 1251 compertum
1694 1207 1792 1249 esset,
1817 1209 1851 1240 in
1874 1207 2115 1241 Generofiffima
2142 1207 2201 1241 hac

1187 1255 1325 1288 Familia
1372 1253 1550 1296 frequentia
1596 1249 1689 1286 fuiffe
1733 1262 1845 1287 renum
1869 1252 1971 1284 mala.
1997 1252 2109 1294 Atque
2132 1249 2202 1284 haec

1185 1310 1257 1341 quae
1282 1297 1396 1332 audito
1417 1296 1563 1339 Collegae
1587 1296 1682 1336 casu,
1708 1297 1740 1328 &
1775 1294 1946 1339 praegreffis
1980 1294 2111 1328 indiciis
2146 1306 2202 1328 co-

1186 1342 1290 1384 gnitis
1304 1363 1312 1378 ‚
1335 1352 1461 1375 mecum
1484 1340 1548 1382 ipse
1563 1340 1733 1382 reputavi,
1757 1351 1822 1372 non
1833 1348 1868 1384 ut
1881 1350 2061 1381 quenquam
2077 1360 2085 1374 ,
2111 1349 2203 1371 mor-

1188 1395 1281 1418 tuum
1307 1385 1505 1426 praesertim,
1528 1383 1772 1423 insimularem,
1796 1394 1885 1425 cujus
1910 1383 1953 1414 rei
1986 1381 2092 1415 causas
2123 1393 2203 1424 pro-

1187 1429 1238 1461 cul
1264 1428 1390 1469 habeo,
1423 1427 1472 1461 sed
1497 1436 1531 1461 ut
1556 1437 1611 1461 tua
1635 1426 1817 1470 adjuvarem
1841 1425 1962 1465 studia,
1988 1425 2107 1468 scripta
2141 1435 2204 1468 pu-

1188 1472 1294 1513 tabiS,
1318 1475 1349 1507 &
1373 1472 1512 1506 valebis.

128 1651 675 1716 EPISTOLA
713 1648 1902 1716 ANATOMICO-MEDICA
1941 1648 2184 1715 XXXI.

385 1792 475 1846 De
510 1791 646 1845 Alvi
681 1790 960 1847 Profluviis
995 1796 1173 1863 agitur
1207 1791 1526 1852 IncruentiS,
1560 1792 1614 1844 &
1651 1790 1895 1846 Cruentis
1916 1829 1930 1841 .

249 1914 312 1947 Uae
335 1912 369 1945 in
394 1911 608 1956 Sepulchreto
627 1914 828 1949 Anatomico
853 1914 926 1948 sunt
949 1916 982 1948 in
1015 1913 1133 1950 sefflo-

263 1968 315 1990 nes
336 1966 475 1999 quatuor
497 1956 665 1993 distributa
680 1983 688 1998 ‚
709 1957 837 1991 cholera
859 1959 992 1995 Morbus
1006 1982 1019 1999 ,
1043 1960 1134 1994 .Λίνί

261 1999 423 2042 ‘Profluvia
448 2002 616 2034 Incruema
637 2026 649 2043 ‚
684 2000 870 2043 Dysenteria
899 2025 909 2041 ‚
946 2005 979 2035 δε
1010 2005 1127 2037 Excre-

106 2053 214 2077 menta
238 2043 329 2077 ,Alvi
346 2051 462 2085 praeter
485 2050 654 2086 naturam,
679 2058 711 2078 ea
736 2045 844 2077 omnia
884 2046 1043 2079 malumus
1075 2045 1126 2079 his

110 2089 184 2120 unis
210 2087 347 2120 Litteris
368 2087 543 2129 complesti
559 2112 566 2119 .
594 2088 704 2123 Nostri
728 2097 835 2122 autem
868 2087 964 2129 hujus
997 2088 1128 2122 consilii

107 2129 152 2165 fic
175 2131 281 2165 causas
306 2131 433 2172 accipe.
462 2130 607 2164 Primum
629 2131 771 2165 Cholera
794 2142 955 2165 commune
971 2131 1127 2171 stomachi

110 2181 207 2216 atque
234 2172 455 2213 intestinorum
478 2174 598 2207 vitium
620 2176 724 2208 videri
743 2172 863 2216 potest,
896 2183 931 2207 ut
963 2174 1046 2207 re6te
1080 2174 1127 2207 ait

106 2219 211 2250 Corn.
235 2216 347 2250 Celsus
370 2218 384 2254 (
407 2226 426 2248 a
447 2220 488 2257 );
510 2227 582 2250 nam
601 2217 696 2259 fimul
718 2221 760 2254 &-
782 2215 934 2257 dejen‘to,
957 2216 1002 2250 ὠ*
1021 2218 1126 2251 vomi-

110 2269 165 2293 tus
190 2260 247 2299 esl.
275 2261 350 2293 Nos
373 2268 481 2293 autem
503 2259 541 2292 de
565 2259 720 2293 stomachi
744 2259 836 2292 vitiis
872 2269 1001 2301 agentes
1023 2283 1035 2299 ,
1067 2270 1126 2294 aut

108 2301 148 2337 de
172 2303 398 2336 intestinorum
423 2303 546 2342 acturi,
570 2314 634 2336 non
658 2301 820 2346 possumus
843 2303 876 2335 in
910 2302 992 2336 istud
1027 2303 1124 2336 utris-

108 2357 172 2389 que
194 2345 287 2380 fimul
311 2356 482 2379 commune
505 2347 624 2379 vitium
650 2358 713 2380 non
738 2344 926 2386 incurrisse,
949 2347 1124 2380 autincur-

108 2400 202 2429 rere3
225 2399 262 2423 ut
284 2391 418 2422 minime
440 2387 556 2422 necesse
580 2389 618 2422 fit
641 2389 695 2423 hic
719 2388 858 2423 seorsum
882 2387 920 2422 de
953 2400 993 2422 eo
1028 2390 1122 2423 verba

109 2433 238 2472 facere,
263 2443 421 2475 perpauca
444 2433 644 2475 praesertim;
678 2444 751 2466 nam
790 2433 930 2466 Bonetus
964 2431 1031 2475 ipse
1062 2434 1121 2477 qui

108 2478 290 2510 Seffionem
314 2476 352 2508 de
376 2474 485 2508 eodem
510 2477 568 2508 IX.
594 2475 802 2519 conscripsit,
826 2478 880 2509 vix
892 2485 953 2509 tres
969 2477 1121 2518 paginas,

108 2532 248 2563 quarum
272 2519 381 2553 multo
404 2521 580 2551 maximam
607 2529 729 2560 partem
753 2519 884 2553 Scholia
907 2520 1034 2554 faciunt
1068 2522 1122 2553 in-

108 2562 266 2604 rojecta,
289 2562 485 2604 complevit.
510 2562 638 2596 Deinde
663 2563 746 2597 nihil
763 2586 773 2602 ,
798 2572 835 2597 ut
860 2563 942 2598 nosti
963 2586 973 2602 ‚
1006 2564 1122 2597 iterare

107 2619 170 2641 nos
191 2607 362 2639 volumus.
386 2605 458 2647 Ipse
482 2616 558 2638 vero
581 2606 675 2648 longe
707 2607 796 2642 aliud
829 2606 999 2642 confilium
1034 2607 1123 2641 secu-

107 2660 185 2691 tus,
208 2651 287 2683 adeo
311 2660 375 2682 non
399 2648 564 2682 dubitavit
588 2650 702 2684 iisdem
717 2662 854 2694 quoque
878 2650 931 2684 hic
964 2652 1014 2685 uti
1045 2661 1125 2695 quas

107 2695 185 2728 alibi
211 2693 329 2731 habet,
353 2692 669 2735 Observationibus,
694 2703 730 2729 ut
754 2695 801 2727 vel
827 2695 862 2727 in
887 2695 1034 2728 Seffione
1067 2693 1126 2728 ista

105 2737 284 2771 breviffima
308 2737 449 2778 aliquam
473 2748 582 2771 earum
615 2737 782 2779 posuerit,
809 2739 994 2772 Sec‘tionem
1018 2746 1126 2772 autem

104 2783 189 2816 ΧΠ.
213 2791 278 2812 non
302 2779 399 2813 modo
423 2780 566 2822 pluribus
590 2781 779 2819 earundem,
805 2791 842 2816 ut
864 2781 941 2816 duas
965 2781 1128 2825 reliquas,

108 2824 294 2867 resperserit
320 2846 330 2862 ,
363 2822 412 2858 secl
447 2835 525 2866 pene
557 2834 664 2858 totam
702 2837 741 2858 ex
771 2826 812 2858 iis
844 2826 1087 2858 concinnaverit
1113 2851 1122 2859 .

105 2870 186 2907 Huc
211 2867 365 2900 accelunt
390 2866 595 2902 Scholiorum
621 2877 725 2910 partes
748 2879 813 2901 non
838 2868 940 2902 solum
962 2870 995 2902 in
1019 2867 1127 2902 diver-

106 2911 147 2946 fis
172 2910 382 2945 sectionibus
406 2913 571 2952 repetitae,
596 2920 631 2945 ut
655 2911 742 2955 quod
778 2924 817 2945 ex
851 2911 984 2945 Graafio
1015 2913 1049 2945 in
1084 2915 1124 2946 X.

103 2957 124 2999 (
141 2954 162 2988 b
184 2958 204 2995 3³
222 2953 419 2993 exhibetur,
442 2955 475 2987 in
498 2956 577 2987 ΧΠ.
602 2958 617 2995 (
639 2967 655 2988 c
678 2959 693 2996 )
716 2964 901 2998 repetatur,
927 2955 980 2989 sed
1002 2956 1035 2988 in
1060 2968 1121 2989 una

105 2999 210 3032 etianr
231 2998 406 3039 eademque
428 2998 594 3039 Seffione,
619 3008 655 3032 ut
679 3008 755 3041 puta
779 3010 854 3033 curn
879 3000 911 3032 in
935 3000 975 3032 Χ.
1000 3001 1033 3032 &
1055 3011 1127 3042 quae

103 3054 145 3076 ex
171 3040 347 3081 Wfflffio,
370 3042 402 3073 δε
424 3052 495 3082 quae
525 3054 563 3075 ex
586 3043 742 3077 Ballonio
774 3042 1006 3076 Observationi
1038 3044 1122 3077 VII.

102 3085 326 3128 subjiciuntur
351 3106 363 3124 ,
398 3084 455 3116 illa
478 3086 511 3118 in
536 3085 723 3128 Appendice
745 3089 759 3126 (
782 3087 836 3127 d)
858 3098 930 3129 quae
963 3086 1124 3120 Observa-

102 3132 228 3170 tionem
256 3128 400 3170 sequitur
420 3129 583 3164 XXVIII.
610 3129 678 3163 haec
702 3141 779 3163 vero
800 3129 878 3163 huic
912 3129 971 3172 ipsi
1005 3129 1125 3163 Obser-

101 3174 228 3208 vationi
254 3173 415 3205 continuo
439 3171 657 3207 adscribantur
675 3197 683 3205 .
721 3176 901 3212 Praeterea3
934 3185 973 3207 ne
1005 3173 1044 3207 ab
1075 3185 1125 3207 ea-

104 3217 178 3252 dem
204 3216 356 3250 sectione
381 3216 418 3247 X.
444 3215 652 3255 recedamus,·
676 3225 728 3249 tot
763 3217 835 3251 sunt
872 3229 943 3259 quae
973 3216 1012 3250 de
1046 3218 1123 3251 San-

102 3263 210 3305 guinis
235 3257 489 3295 Transfuflone,
513 3262 547 3293 &
568 3260 606 3292 de
628 3260 825 3304 chirurgia,
850 3270 885 3294 ut
909 3270 1046 3300 vocant,
1070 3263 1124 3294 In·-

105 3304 227 3340 fusoria
251 3302 379 3346 adjecta
402 3301 475 3335 sunt
498 3302 536 3336 ad
560 3303 830 3338 Observationem
865 3306 927 3337 VI.
965 3314 1000 3338 ut
1033 3304 1123 3347 supe-

106 3359 176 3383 rent
201 3358 305 3382 totam
331 3346 516 3380 Seditionem*
538 3348 594 3380 IX.
621 3349 769 3391 Denique
792 3348 831 3383 ad
861 3350 895 3382 D
921 3347 1088 3382 senteriam
1112 3372 1121 3387 ‚

105 3393 144 3427 de
167 3404 228 3435 qua
253 3391 406 3433 inscripta
432 3389 473 3423 est
497 3392 544 3423 XI
582 3391 709 3432 Sedho,
734 3393 798 3426 illae
823 3402 881 3436 pro
900 3392 971 3425 eci-’to
995 3403 1059 3425 non
1074 3402 1122 3425 at-

107 3439 213 3470 tinent
240 3435 419 3478 sanguineae
444 3433 639 3476 dejeeciones
663 3447 733 3478 quae
757 3437 874 3471 vulnus
909 3436 982 3469 cito
1011 3436 1122 3469 conse-

106 3491 251 3523 quuntur
274 3479 448 3512 inflictum
472 3478 655 3511 ventriculo
670 3501 679 3515 ‚
705 3489 759 3513 aut
784 3479 940 3522 jecinori.
966 3479 1061 3513 Binas
1072 3490 1122 3513 ta-

105 3535 175 3557 men
188 3523 298 3556 allatas
309 3523 371 3556 huc
381 3522 477 3555 video
487 3521 641 3557 sub-nurn-
655 3523 761 3558 XXV.
773 3524 956 3558 istiusmodi
967 3523 1124 3557 Observa-

108 3568 214 3601 tiones
225 3592 232 3599 .
247 3569 397 3605 Quorum
412 3577 487 3599 curn
499 3564 582 3599 mihi
597 3567 717 3598 imitari
731 3566 815 3600 nihil
828 3569 921 3602 liceat
934 3581 945 3608 ,-
958 3576 1125 3610 propterea

110 3621 167 3644 nec
181 3620 270 3644 tanta
282 3610 340 3644 esse
353 3620 458 3642 rerum
470 3610 565 3651 copia
578 3609 680 3651 potest
692 3631 701 3646 ‚
720 3619 755 3643 ut
768 3621 900 3654 nequeat
911 3623 972 3645 una
985 3611 1128 3653 Epistola

198 3654 412 3697 Morgagnide
422 3654 490 3686 Sed.
506 3656 646 3693 &caup
660 3653 763 3687 Morb.
777 3656 877 3689 Tom.
896 3657 941 3689 II.

1185 1912 1441 1959 comprehendi.
1455 1911 1531 1945 Alvi
1550 1912 1654 1956 igitur
1678 1913 1842 1955 profluvia
1865 1915 1899 1947 in
1924 1926 1956 1947 ea
1968 1927 2042 1960 quae
2055 1916 2206 1948 Incruen-

1186 1970 1218 1992 ta
1243 1960 1316 1993 sunt
1333 1981 1344 1998 ,
1368 1959 1401 1989 δε
1425 1956 1458 1988 in
1483 1967 1515 1989 ea
1540 1968 1609 1998 quae
1632 1958 1800 1998 Cruenta,
1823 1957 1992 1998 dividens;
2026 1958 2064 1992 de
2089 1957 2206 2001 primis

1185 2004 1264 2037 duas
1289 2001 1449 2035 continuo
1474 1999 1636 2041 proferam
1662 2000 1821 2035 Valsalvae
1846 2002 2125 2035 Observationes-

1229 2058 1258 2078 2.
1284 2044 1600 2078 ADOLESCENS
1616 2066 1626 2081 ,
1650 2046 1701 2077 cui
1727 2054 1802 2077 toto
1826 2045 1901 2079 vitae
1925 2045 2031 2089 spatio
2054 2046 2103 2078 vel
2127 2055 2202 2079 cum

1184 2090 1310 2131 egregie
1334 2086 1472 2126 valeret,
1497 2087 1621 2121 lubrica
1645 2089 1731 2122 alvus
1766 2089 1868 2122 fuerat
1888 2113 1901 2130 ,
1936 2090 1976 2124 ad
2008 2088 2204 2131 vigefimum

1181 2132 1351 2166 accedebat
1375 2142 1493 2164 annum
1517 2154 1530 2171 ,
1561 2142 1636 2164 curn
1661 2132 1694 2164 in
1721 2133 1890 2173 tormina,
1913 2135 1945 2166 δε
1980 2133 2102 2167 crebras
2135 2132 2205 2166 san-

1179 2176 1289 2218 guinis
1314 2173 1532 2215 dejeffiones‚
1556 2175 1590 2208 id
1614 2175 1656 2208 est
1679 2175 1713 2208 in
1738 2175 2203 2218 dysenteriamincidit.Haec

1181 2219 1250 2260 post
1273 2217 1467 2257 duodecim,
1490 2227 1544 2251 aut
1569 2219 1757 2261 quindecim
1793 2219 1859 2253 dies
1894 2221 1928 2253 in
1960 2219 2080 2254 flavam
2113 2219 2203 2254 diar-

1180 2261 1331 2301 rhoeam‚
1354 2259 1418 2293 fine
1440 2262 1659 2301 torminibus,
1685 2271 1808 2295 mutata
1831 2262 1896 2296 est.-
1919 2275 1991 2307 quae
2013 2276 2088 2298 cum
2100 2275 2202 2297 reme-

1179 2304 1311 2339 diorum
1334 2315 1395 2346 ope
1418 2304 1569 2338 nonnihil
1594 2305 1719 2339 remissa
1742 2306 1932 2347 videretur;
1954 2307 2054 2342 febris
2089 2308 2202 2342 tertia·

1178 2359 1217 2381 na
1242 2347 1376 2391 simplex
1399 2348 1545 2389 acceffit,
1568 2360 1640 2392 quae
1664 2349 1750 2382 intra
1773 2351 1912 2383 mensem
1927 2350 2200 2387 finiebatur.De-

1177 2391 1320 2432 jeffione
1342 2390 1542 2434 perfistente‚
1574 2392 1756 2435 improviso
1789 2403 1880 2428 acuta
1912 2393 1999 2428 febre
2034 2407 2198 2439 correptus

1174 2435 1237 2472 est,
1262 2447 1332 2478 quae
1356 2434 1537 2469 manifestas
1562 2436 1743 2470 acceffiones
1766 2436 1946 2471 habebant.
1975 2440 2085 2474 Pulsus
2109 2449 2198 2474 erant

1173 2477 1357 2519 frequentes
1383 2501 1391 2517 ‚
1422 2478 1534 2512 celeres
1558 2503 1570 2519 ,
1603 2479 1740 2520 molles,
1764 2482 1875 2521 parvi,
1899 2480 2018 2517 debiles
2045 2509 2051 2515 .
2078 2486 2142 2518 His
2168 2485 2198 2517 se

1174 2520 1302 2554 addidit
1326 2521 1443 2554 mentis
1467 2521 1597 2564 stupor,
1634 2533 1700 2555 non
1725 2524 1802 2557 levis
1828 2524 1964 2559 surditas
1984 2550 1996 2567 ,
2028 2529 2196 2570 peculiaris

1173 2564 1322 2608 quaedam
1346 2564 1591 2599 intumescentia
1616 2568 1785 2600 anterioris
1808 2567 1935 2603 sinistrae
1961 2572 2061 2613 partis
2084 2571 2196 2605 thora-

1176 2609 1243 2656 eis..
1273 2610 1324 2642 Ita
1347 2608 1433 2641 obiit
1455 2610 1541 2643 circa
1565 2610 1650 2644 diem
1675 2609 1715 2643 ab
1737 2613 1823 2645 acuti
1848 2613 1955 2646 morbi
1982 2616 2082 2648 initio
2097 2616 2193 2649 XIV.

1176 2662 1268 2728 {¹3⁰⁵
1292 2652 1398 2686 morbi
1422 2661 1567 2695 tempore
1589 2653 1698 2697 qualia
1721 2653 1819 2688 essent
1842 2669 1913 2699 quae
1938 2656 2088 2699 dejiceret
2112 2682 2121 2696 ‚
2146 2659 2196 2693 as-

1178 2695 1202 2728 {1
1227 2705 1312 2730 entes
1335 2707 1400 2729 non
1424 2696 1639 2731 adnotarunt.
1779 2700 1984 2736 VENTER
2002 2727 2015 2743 ,
2034 2703 2090 2736 etsi
2103 2703 2194 2737 nullo

1180 2737 1284 2773 modo
1306 2749 1429 2773 tumere
1451 2741 1641 2780 videbatur5
1667 2751 1773 2776 tamen
1798 2744 1939 2778 multum
1949 2746 2135 2780 continebat
2149 2747 2196 2780 sa-

1179 2781 1260 2817 niofi
1283 2783 1430 2825 ichoris,
1452 2786 1510 2827 qui
1534 2797 1572 2819 ex
1594 2786 1753 2819 intestinis
1778 2788 1948 2829 prodibat,
1973 2789 2122 2831 pluribus
2156 2791 2191 2823 in

1178 2827 1261 2860 locis
1285 2827 1324 2861 ad
1349 2828 1507 2870 quendam
1531 2829 1669 2863 ῑῑεᾶωιι
1693 2828 1886 2871 perforatis.
1913 2834 1945 2864 Js
1976 2834 2098 2867 tractus
2130 2834 2191 2868 Ilei

1178 2869 1300 2911 finem,
1323 2873 1356 2904 &
1381 2873 1565 2914 proximum
1590 2871 1717 2914 insuper
1740 2874 1848 2906 Colon
1863 2901 1872 2913 ‚
1897 2874 1934 2908 ad
1956 2874 2095 2911 duorum
2120 2878 2190 2920 pal-

1180 2925 1311 2947 morum
1334 2915 1575 2957 longitudinem
1599 2938 1612 2955 ,
1645 2915 1938 2958 comprehendebat
1964 2944 1972 2951 .
2006 2921 2108 2954 Erant
2141 2923 2189 2956 ibi

1177 2956 1249 2991 haec
1270 2958 1418 2991 intestina
1441 2957 1550 2998 erosa,
1572 2958 1774 3001 exulcerata,
1797 2963 1829 2994 &
1853 2961 1932 2996 facie
1956 2965 2109 2998 interiore
2141 2975 2192 2999 et-

1178 3003 1245 3034 iam
1267 3012 1433 3044 gangraena
1459 3000 1593 3043 affecta,
1616 3011 1651 3036 ut
1675 3002 1804 3039 facilius
1829 3005 1986 3048 perforari
2011 3008 2189 3051 potuisset,

1177 3045 1395 3087 intelligeres.
1424 3047 1527 3087 Prope
1550 3045 1636 3080 hunc
1658 3049 1797 3082 traetum
1822 3052 1984 3085 nonnullae
2009 3052 2187 3088 mesenterii

1175 3087 1335 3136 glandulae
1359 3099 1562 3136 excreverant
1586 3092 1618 3123 in
1643 3100 1800 3127 tumorem
1826 3116 1835 3130 ,
1859 3096 1892 3127 in
1915 3107 1980 3138 quo
2002 3096 2097 3130 ichor
2122 3108 2189 3132 non

1178 3132 1331 3165 absimilis
1375 3144 1441 3174 ejus
1485 3135 1541 3176 qui
1574 3135 1607 3167 in
1632 3137 1749 3170 ventris
1773 3149 1884 3171 cavum
1908 3149 2051 3180 eruperat
2075 3153 2086 3172 .·
2120 3140 2188 3183 ipsa

1178 3185 1283 3210 autem
1326 3177 1464 3210 tumoris
1488 3177 1660 3212 substantia
1685 3181 1793 3214 mollis
1820 3208 1828 3222 ,
1877 3193 1911 3214 ac
1935 3180 2073 3216 flaccida
2095 3194 2186 3223 erat,

1177 3222 1219 3270 &⁶
1239 3219 1294 3253 ⁴ad
1337 3221 1577 3267 corruptionem
1623 3225 1778 3258 inclinare
1838 3226 2006 3259 videbatur
2039 3250 2047 3257 .
2104 3229 2187 3261 Lien

1176 3263 1280 3313 triplo
1325 3274 1428 3313 major
1469 3276 1564 3305 quam
1588 3266 1756 3302 secundum
1780 3277 1924 3302 naturam
1949 3294 1956 3300 .
2092 3271 2189 3304 Tho.

1175 3318 1256 3340 raeis
1280 3317 1363 3352 cutis
1388 3330 1397 3345 ,
1430 3309 1463 3341 δι’
1486 3310 1624 3344 musculi
1646 3334 1659 3350 ,
1694 3323 1754 3354 qua
1788 3312 2033 3346 intumescentia
2081 3324 2148 3347 erat
2172 3339 2184 3355 ‚

1175 3361 1246 3385 cum
1272 3351 1447 3385 secarentur
1469 3376 1483 3393 ,
1513 3355 1652 3388 multum
1678 3355 1735 3388 seri
1759 3357 1951 3389 emittebant
1975 3379 1984 3394 ,
2010 3358 2186 3399 praesertim

1174 3394 1212 3427 ad
1236 3393 1328 3427 sterni
1354 3395 1494 3435 superius
1518 3397 1601 3432 latus
1626 3414 1632 3431 ;
1670 3397 1745 3431 inde
1768 3402 1853 3432 enim
1878 3412 1894 3432 a
1918 3399 2034 3434 finibus
2070 3402 2185 3434 Festo-

1173 3438 1248 3471 ralis
1273 3438 1407 3472 musculi
1430 3463 1443 3480 ,
1478 3443 1510 3473 &
1544 3441 1705 3475 Subclavii
1730 3441 1832 3477 serum
1852 3467 1865 3483 ,
1896 3442 1981 3485 quafi
2005 3444 2184 3480 rivulorum

1175 3483 1210 3515 in
1234 3481 1366 3515 modum
1391 3483 1578 3518 scaturiebat
1603 3512 1610 3518 .
1642 3487 1804 3521 Caeterum
1829 3486 1995 3530 pulmones
2019 3488 2105 3521 sani.
2133 3491 2188 3522 In-

1177 3535 1225 3559 tra
1253 3525 1493 3568 pericardium,
1517 3528 1637 3566 serum.
1663 3541 1750 3572 aquae
1774 3529 1874 3564 fimile
1899 3533 1932 3563 in
1955 3543 2017 3573 qua
2040 3543 2115 3565 caro
2137 3534 2193 3566 re-‘

1180 3581 1252 3604 cens
1274 3570 1341 3619 lota
1364 3569 1424 3604 est.
1448 3572 1518 3604 Cor
1540 3571 1562 3605 si
1587 3582 1759 3615 tangeres;
1790 3575 1889 3607 molle
1914 3574 1991 3608 adeo
2015 3576 2186 3618 laxumque

1180 3613 1362 3647 invenlebas
1388 3639 1398 3655 ,
1445 3625 1480 3648 ut
1503 3627 1567 3649 non
1592 3617 1805 3651 musculosum
1828 3642 1841 3659 ,
1875 3617 1925 3651 sed
1949 3621 2187 3654 membraneum

1719 3663 1753 3694 D
2061 3664 2148 3698 vide-

108 3747 2192 3768 Q

172 3804 187 3834 (
202 3806 213 3830 i
230 3805 243 3834 )
257 3806 340 3831 Traez.
354 3806 384 3832 de
401 3805 493 3832 Par-tib.
510 3806 655 3832 continent.
672 3814 694 3832 c.
711 3799 738 3833 ².
753 3817 778 3835 n.
795 3818 835 3836 10.

899 3807 944 3838 (a
959 3809 973 3838 )
990 3812 1025 3835 De
1042 3809 1135 3837 Medic.
1151 3815 1168 3840 1.
1184 3825 1208 3846 4-
1225 3822 1247 3839 c.
1268 3821 1304 3839 ιι.

1365 3811 1615 3848 (Madobms.
1677 3817 1922 3854 (c)aaot›s.15.
1986 3816 2099 3851 (ως.
2118 3828 2140 3843 2.
