2498 4075
405 175 560 241 Epist.
599 175 761 228 Anat.
797 175 1015 229 Medica·
1051 174 1255 229 XXIII.
1290 174 1413 226 Art.
1437 177 1773 240 14.13.&t6.

87 259 136 284 ter
158 249 243 285 haud
267 261 339 284 raro
360 251 537 293 conspexi,
558 250 643 294 quasi
665 250 801 293 gradus,
823 261 860 286 ut
881 252 954 287 Cel.
969 262 1098 295 quoque

88 294 240 327 Hallerus
263 297 277 333 (
299 294 319 328 h
340 298 354 333 )
376 295 502 332 censet,
523 295 561 327 ad
585 303 731 328 naturam
754 293 1096 330 osseaminduendam.

88 338 179 380 Qas
203 348 278 371 vero
300 337 399 372 offeas
422 337 486 380 jam
509 336 607 370 faetas
630 336 851 380 deprehendi,
873 351 923 373 eas
948 350 1023 372 vero
1055 338 1099 371 ob

87 383 251 423 graviores
273 381 465 423 quibuscum
488 381 604 423 junftae
629 389 740 421 erant,
766 384 922 421 morbos,
946 382 1011 415 alio
1032 379 1100 415 dif-

88 424 190 458 feram
212 434 363 466 oportet.

99 506 102 509 .
134 477 181 510 14.
209 469 334 501 Interea
358 476 486 504 autem,
509 474 545 500 ut
567 465 655 501 vides
671 491 683 508 ,
706 467 1020 512 positoaliquando,
1040 479 1098 501 nec

86 511 172 550 levi,
196 511 394 545 valvularum
418 511 604 545 Mitralium
631 512 741 552 vitio,
762 523 826 545 non
848 513 1007 546 continuo
1030 512 1096 554 pal-

85 554 283 597 pitationem
327 554 437 588 cordis
480 553 598 597 sequi,
638 563 691 587 aut
716 555 866 597 pulsuum
890 555 1098 589 intermissio-

85 608 182 636 nem3
206 596 247 630 lic
271 599 367 631 etiam
390 596 537 638 credito,
570 595 626 630 ubi
651 599 833 641 quicunque
855 599 937 634 alius
959 599 1098 632 obexvel

87 643 225 684 propior
252 640 391 675 dexteris
412 640 520 674 cordis
542 641 649 680 cavis,
672 653 769 683 quam
792 643 859 676 illae
893 642 954 676 fint
986 642 1098 675 valvu-

86 684 147 724 lae,
175 685 230 717 illa
253 685 438 727 sanguinem
464 684 676 725 remorando,
702 684 910 724 dilataverit,
933 696 998 718 non
1036 684 1097 718 sta-

86 727 150 760 tim
173 726 242 761 fore
266 737 303 762 ut
327 728 504 770 palpitatio
537 726 751 770 consequatur
771 739 782 766 3
827 740 901 762 narn
944 728 1094 771 pulsuum

85 771 216 813 quidem
241 771 495 813 inaequalitatem
517 771 623 805 minus
646 780 723 804 tunc
747 771 888 806 accidere
909 771 1093 805 consuevis-

87 815 136 852 se,
161 814 303 857 Epistola
327 815 459 848 XVIII.
483 816 498 852 (
519 815 531 847 z·
553 817 564 852 )
589 815 767 848 indicatum
790 814 833 849 est
855 840 863 847 .
889 816 936 849 At
971 817 1057 848 enim
1082 837 1092 853 ‚

85 859 235 901 inquies,
256 858 316 890 illo
339 857 409 899 ipso
430 858 506 891 loco
541 870 556 889 a
581 868 611 891 te
644 860 789 901 agnitum
809 882 823 899 ‚
853 858 1097 893 confirmatum-

55 923 57 925 -
85 913 148 945 que
169 900 252 941 esse,
274 901 430 941 memini,
452 910 531 934 tunc
568 901 817 943 palpitationem
850 913 960 945 angere
992 914 1096 944 aegro-

85 954 191 978 tantes
214 944 331 977 solere.
358 943 457 978 Refte
480 944 674 985 meministi;
694 943 850 989 siquidem
865 947 945 989 saepe
968 946 1098 979 tumes-

85 989 115 1021 se
139 988 408 1030 palpitationem,
431 989 570 1030 agnovi.
596 987 655 1022 Sed
687 999 765 1023 num
796 989 880 1023 forte
911 988 944 1021 id
977 999 1060 1031 nego
1083 988 1098 1022 ?

85 1031 180 1071 Quin
203 1030 342 1064 libenter
374 1031 446 1064 aliis
479 1030 607 1073 insuper
640 1030 772 1074 adjectis
804 1032 1096 1067 Observationibus

84 1073 302 1108 confirmabo.
330 1075 411 1108 Satis
434 1085 518 1108 nunc
542 1074 580 1108 lit
604 1075 694 1108 illam
727 1075 878 1109 indicasse
912 1076 966 1109 Cl.
1002 1075 1096 1110 Cho-

85 1118 176 1151 melii
200 1120 214 1156 (
235 1118 254 1159 1<
276 1121 310 1158 2,
343 1119 400 1161 qui
435 1119 556 1152 Virum
576 1141 590 1159 ,
622 1117 712 1160 cuius
744 1121 860 1154 arteria
893 1119 1097 1154 Pulmonaris

83 1161 220 1204 lapideis
243 1163 355 1202 intus,
377 1171 529 1205 extraque
550 1162 726 1196 tuberculis
748 1162 868 1198 obsessa
903 1172 968 1196 erat
995 1186 1008 1203 ,
1039 1174 1096 1196 cor

82 1214 192 1239 autem
216 1216 449 1248 permagnum,
471 1206 589 1239 crebris
612 1214 762 1239 vexatum
787 1205 880 1241 fuisse
905 1207 1095 1249 palpitatio-

82 1248 176 1282 nibus
193 1272 206 1289 ,
229 1248 420 1282 adnotavit.
446 1250 577 1282 Scilicet
600 1250 724 1283 nullam
757 1262 818 1292 ego
850 1262 888 1283 ex
921 1249 1095 1293 propositis

81 1293 309 1335 palpitationis
330 1291 427 1327 causis
450 1294 628 1336 negaverim
650 1304 724 1327 curn
748 1292 807 1327 hac
832 1294 992 1327 interdum
1016 1293 1096 1328 fuis-

82 1336 113 1370 se
134 1334 361 1378 conjuntftam3
385 1335 535 1379 quasdam
545 1348 621 1369 vero
634 1338 733 1370 etiam
744 1336 1039 1378 saepius‚fateb0r.
1054 1337 1094 1372 Id

81 1389 211 1414 tantum
235 1380 415 1420 admoneo,
439 1378 493 1414 ubi
518 1380 608 1414 causa
633 1380 739 1423 aliqua
762 1380 956 1422 ejuscemodi
992 1380 1094 1422 pofita

81 1423 121 1457 fit
136 1449 145 1464 ‚
169 1434 234 1457 non
257 1425 418 1458 continuo
440 1435 480 1457 eo
501 1423 732 1457 decurrendum
754 1423 832 1462 effe,
855 1433 892 1458 ut
905 1425 1094 1467 palpitatio-

81 1478 155 1502 nem
180 1465 272 1502 simul
295 1465 411 1507 fuisse,
433 1469 592 1507 omnino,
616 1469 649 1499 &
673 1466 793 1508 semper
816 1468 1004 1502 credamus.
1030 1471 1094 1501 Vi-

81 1512 120 1545 de
144 1511 256 1552 enim,
280 1511 421 1553 exempli
446 1510 560 1550 caula,
584 1509 650 1552 ejus
682 1510 904 1545 diffestionem
942 1512 1093 1554 Virginis

81 1555 168 1595 (l),
189 1556 224 1588 in
245 1566 309 1597 qua
332 1552 499 1597 praefeetas
522 1552 710 1587 Pulmonari
734 1556 858 1588 arteriae
880 1555 1023 1589 valvulas
1045 1555 1101 1589 hic

80 1601 165 1632 inter
188 1598 218 1631 se
238 1599 409 1640 colligatas
433 1596 582 1631 Valsalva
605 1598 756 1634 invenit,
782 1607 818 1631 ut
842 1599 930 1632 viam
952 1599 1100 1641 sanguini

79 1643 136 1675 vix
157 1642 497 1684 relinquerent-lentis
520 1640 871 1683 diametrovaequalerm
894 1643 951 1685 qui
964 1652 1100 1685 propte-

82 1697 133 1718 rea
158 1688 190 1719 in
213 1685 336 1719 dextris
359 1686 462 1716 caveis
487 1683 595 1716 cordis
621 1683 767 1717 restitans
782 1707 792 1722 ,
817 1684 901 1727 ipsas
937 1685 1097 1719 dilatave-

81 1739 150 1762 rat.
176 1731 214 1763 In
236 1729 278 1761 iis
300 1737 410 1759 tamen
432 1739 502 1770 quae
526 1727 690 1761 viventem
713 1726 898 1762 afflixerant
912 1752 924 1768 ,
956 1730 1096 1772 palpita-

79 1774 204 1806 tionem
228 1773 363 1804 minime
384 1768 571 1804 adnotatam
594 1772 753 1814 reperies.
777 1772 878 1811 Qod
900 1771 923 1805 fi
948 1773 1098 1807 fortein-

78 1816 166 1850 cidas
189 1818 224 1849 in
247 1813 421 1854 historias,
444 1825 482 1848 ex
504 1814 621 1858 quibus
644 1814 804 1857 sanguinis
817 1815 925 1850 cursus
943 1827 1099 1859 percom-

78 1859 215 1904 pressum
237 1868 349 1898 extra,
372 1857 497 1891 intusve
532 1857 718 1900 pulmonem
750 1857 928 1894 retardatus
949 1883 960 1899 ‚
993 1860 1100 1895 cordis

78 1902 352 1947 palpitationibus
374 1900 500 1935 causam
522 1901 667 1935 videatur
689 1899 872 1944 praebuisse,
896 1904 1000 1947 qualis
1013 1905 1098 1939 inter

80 1947 159 1981 alias
183 1945 436 1980 Observationes
459 1944 514 1977 illa
538 1945 580 1978 est
602 1945 656 1978 Cl.
682 1946 868 1987 Grimmii‚
903 1950 918 1986 (
941 1959 973 1981 m
994 1948 1007 1988 )
1032 1960 1095 1992 qua

80 1992 201 2025 Virum
227 1990 380 2032 proponit
403 1988 617 2022 incommodo
639 1988 703 2021 hoc
738 1988 840 2022 ferme
864 2000 1019 2034 perpetuo
1043 2003 1098 2025 an-

79 2046 178 2074 num,
202 2043 303 2075 eoque
327 2031 466 2075 amplius
489 2041 665 2073 vexatum,
688 2030 817 2076 eiusque
840 2033 1027 2075 pulmonem
1051 2035 1097 2068 al-

79 2087 183 2111 terum
207 2075 304 2110 effusa
329 2085 409 2120 a‘qua
432 2075 694 2112 circumdatum,
720 2085 893 2120 utrumque
917 2089 1025 2111 autem
1038 2080 1095 2112 vix

79 2120 331 2155 numerabilibus
353 2120 490 2154 vomicis
512 2121 601 2153 intus
625 2119 788 2158 obfitum3
810 2120 887 2153 hinc
900 2122 1031 2164 quidem
1040 2134 1095 2154 or-

79 2174 150 2199 tam
173 2164 425 2207 palpitationem
448 2161 562 2200 fuisse,
586 2162 737 2203 credito,
760 2162 801 2195 fic
825 2173 957 2203 tamen,
981 2174 1017 2198 ut
1053 2165 1094 2197 si·

79 2209 148 2243 mul
171 2208 377 2247 memineris,
401 2206 484 2240 hanc
506 2207 562 2239 vix
585 2217 724 2248 unquam
747 2207 782 2237 in
803 2214 855 2239 tot
868 2205 961 2240 fuisse
976 2230 990 2247 ,
1009 2219 1092 2250 quos

80 2252 300 2295 superioribus
311 2249 479 2293 ,Epistolis
502 2259 555 2282 aut
577 2249 724 2282 thoracis
747 2247 913 2291 hydrope,
939 2259 993 2283 aut
1016 2250 1088 2293 pul-

83 2306 217 2329 monum
232 2318 243 2334 ,
266 2303 303 2327 ut
325 2294 359 2326 in
371 2293 657 2335 peripneumonia,
680 2291 826 2333 duritie,
848 2293 1088 2335 &tuberculis,

80 2348 119 2374 ut
142 2339 178 2371 in
201 2336 324 2380 ph'ihili
336 2359 350 2376 ,
373 2333 540 2369 confe&os
563 2333 780 2377 descripsimus
794 2360 803 2369 .
960 2349 963 2352 ¹

71 2403 73 2405 r
128 2392 178 2423 15.
205 2382 353 2422 Longum
378 2376 450 2412 esset
475 2390 529 2421 per
552 2390 663 2412 omnes
683 2378 798 2424 causas*
814 2379 885 2419 ire,
908 2391 981 2423 quae
1013 2391 1089 2423 pro-

80 2433 271 2470 ponuntur,
294 2423 541 2465 palpitationis,
564 2422 688 2455 nolenti
714 2423 890 2463 praesertim
913 2435 984 2465 quae
1008 2425 1088 2458 alibi

81 2478 137 2504 aut
160 2468 270 2506 dieta,
294 2476 346 2500 aut
370 2464 503 2498 dicenda
526 2465 623 2506 suut,
648 2467 779 2497 iterare.
805 2466 894 2499 Nam
918 2467 956 2499 de
978 2468 1086 2501 cordis

79 2512 177 2554 ipsius
201 2510 337 2547 ollibus,
360 2508 541 2546 ulceribus,
562 2509 694 2551 polypis
738 2510 801 2542 erit
846 2510 880 2542 in
925 2513 1085 2553 proximis

81 2555 238 2598 Epistolis
270 2553 490 2595 opportunior
514 2552 674 2587 scribendi
696 2552 785 2586 locus
809 2576 816 2583 .
952 2556 1003 2588 De
1035 2567 1090 2597 pe-

82 2597 214 2633 ricardii
237 2605 345 2630 autem·
366 2595 536 2639 hydrope,
558 2607 573 2628 a
596 2608 661 2638 quo
684 2604 737 2629 tot
761 2595 832 2630 sunt
857 2597 913 2638 qui
947 2598 1090 2640 palpita-

79 2644 203 2676 tionem
226 2648 393 2682 repetunt,
417 2640 499 2673 nihil
523 2641 640 2673 attinet
663 2639 703 2673 ad
737 2651 771 2671 ea
804 2637 916 2673 addere
946 2653 1017 2684 quae
1047 2641 1088 2675 de

80 2685 198 2720 morbo
218 2684 301 2724 illo,
324 2686 356 2717 ὃ(
377 2682 415 2717 de
439 2682 498 2717 hac
521 2682 587 2727 ipsi*
604 2683 705 2718 modo
729 2681 879 2724 adjunffita
892 2707 905 2725 ,
928 2684 1008 2719 alias
1029 2685 1087 2719 ab-

80 2729 190 2769 sente,
213 2727 359 2768 Epi-stola
381 2728 474 2761 XVI.
499 2729 514 2767 (
535 2738 554 2760 n
576 2730 590 2766 >
614 2727 686 2761 sunt
718 2726 838 2769 scripta
859 2752 868 2761 .
1004 2729 1087 2763 Prae.

82 2772 176 2806 stabit
200 2772 301 2813 igitur
323 2769 474 2813 quasdam
496 2771 572 2804 alias
606 2770 660 2804 hic
694 2769 865 2813 pericardii
899 2769 1085 2805 affeetiones

81 2828 163 2859 quaev
178 2817 261 2847 inter
284 2814 508 2857 palpitationis
529 2813 635 2848 causas
659 2812 892 2856 proferuntur,
925 2826 1086 2858 unamque

80 2858 282 2902 potiffimum
304 2869 400 2900 quam
423 2868 487 2891 non
509 2858 599 2891 semel
623 2856 764 2891 vidimus
807 2859 842 2890 in
887 2868 1094 2893 mortuorum

82 2902 303 2944 corporibus,
322 2900 537 2935 considerare.
563 2902 654 2934 Nam
686 2900 829 2934 conclufi
864 2902 950 2935 intra
987 2902 1092 2945 ipsum

82 2946 200 2986 flatus,
224 2947 256 2978 &
280 2944 386 2978 multo
410 2947 515 2980 minus
538 2956 657 2978 vermes
680 2944 824 2978 nondum
848 2943 876 2977 se
890 2944 986 2978 nobis
996 2946 1093 2981 obtu-

81 2990 207 3023 lerunt.
233 2989 326 3030 Qin
349 2988 471 3022 etiamfi
495 2990 600 3031 plures
623 2990 658 3022 in
681 2989 825 3027 Seeftione
837 2985 895 3021 hac
907 2989 1095 3031 Sepulchre-

82 3034 112 3066 ti
136 3031 391 3066 Observationes
412 3037 426 3072 ζ
448 3044 464 3065 o
487 3036 501 3072 )
523 3032 675 3074 leguntur
699 3032 950 3075 palpitationis,
972 3041 1093 3067 tremo-

82 3076 163 3111 risve
183 3075 291 3110 cordis
315 3085 331 3107 a
355 3076 516 3110 vermibus
539 3075 740 3118 pericardii3
774 3086 878 3109 tamen
912 3075 992 3109 alibi
1022 3088 1093 3110 cer.

84 3121 151 3154 tius
167 3142 176 3157 ,
199 3118 278 3153 alibi
303 3120 431 3161 gravius
454 3120 598 3153 visorum
623 3121 656 3152 in
679 3131 719 3152 eo
751 3121 911 3154 vermium
946 3119 1091 3154 testimo-

82 3165 175 3198 nium
197 3162 359 3197 desidero.
386 3162 564 3203 visorum,
587 3165 720 3206 inquam
748 3176 759 3202 3
792 3175 892 3207 neque
926 3165 1013 3197 enim
1043 3164 1093 3197 vel

82 3209 119 3241 in
142 3205 352 3249 Sepulchreto
375 3205 446 3248 ipso
469 3206 579 3240 desunt
602 3218 794 3250 magnorum
806 3209 964 3241 Virorum
988 3210 1094 3241 nomi-

84 3262 124 3285 na
148 3250 307 3284 Francisci
320 3250 425 3291 Sylvii
447 3251 504 3292 (p
525 3253 565 3290 ),
588 3252 786 3284 Hartmanni
811 3255 821 3291 (
846 3262 865 3293 q
886 3254 923 3290 )‚
948 3251 1095 3285 Ballonii

83 3297 99 3334 (
123 3306 138 3328 r
159 3298 194 3335 ),
217 3293 363 3327 Hollerii
385 3292 493 3336 (s),
516 3294 647 3327 Riolani
671 3298 752 3334 (t),
774 3295 935 3335 aliorum,
958 3296 1015 3338 qui
1028 3296 1096 3329 Ve-

85 3348 192 3372 terum
215 3336 419 3380 quorundam
440 3336 596 3371 doetrinae
622 3337 805 3382 astipulari,
829 3349 950 3371 vermes
972 3339 1006 3371 in
1040 3350 1095 3381 pe-

84 3381 244 3420 ricardio,
270 3384 303 3414 &
324 3379 421 3413 corde
444 3379 517 3422 ipso
539 3381 715 3424 aliquando
739 3381 804 3416 {ine
825 3382 891 3416 ulla
914 3381 1096 3416 dubitatio-

85 3436 124 3457 ne
147 3425 341 3467 posuerunt.
365 3425 413 3458 At
436 3423 544 3466 siquis
567 3425 708 3466 viderit,
732 3435 915 3469 quaeratur3
940 3426 1097 3459 Riolanus

85 3468 219 3512 quidem
243 3469 309 3506 ait,
333 3469 369 3502 de
391 3467 447 3501 hoc
469 3465 574 3500 morbo
596 3469 774 3514 traffsaviffe
798 3468 920 3504 Salium
932 3482 944 3508 5
967 3468 1018 3503 sed
1033 3469 1097 3502 hoe

1148 249 1276 294 ipsum,
1299 249 1355 283 ubi
1378 252 1566 289 ,tractaverit
1581 275 1591 289 ‚
1616 252 1750 284 minime
1773 251 1875 284 dicit.
1892 249 2072 284 Redeamus
2097 250 2158 291 igi.⁷

1148 305 1201 329 tur
1225 292 1263 326 ad
1287 292 1518 328 observatores
1540 302 1689 337 oportet.
1718 296 1820 327 Prima
1847 306 1883 327 ex
1908 292 2061 327 indicatis
2085 293 2158 325 Ob-

1150 336 1386 373 servationibus
1408 340 1473 375 (u)
1498 339 1656 371 eximium
1680 337 1749 370 sane
1774 338 1948 371 Aufiorem
1973 335 2067 369 habet
2092 337 2157 367 Lo-

1149 391 1290 415 werum.
1316 378 1376 412 Sed
1398 377 1420 411 fi
1446 390 1564 414 attente
1591 382 1698 423 legas,
1719 381 1903 423 conjeetura
1927 379 1990 416 est,
2015 389 2079 411 non
2102 378 2160 423 ob-

1152 423 1290 457 servatio
1304 446 1311 452 -
1328 422 1444 465 Neque
1455 427 1541 457 enim
1563 436 1617 457 eos
1639 434 1761 457 vermes
1781 423 1830 457 vel
1855 423 1946 457 semel
1963 420 2157 464 conspexiile

1151 466 1204 508 se,
1225 466 1329 502 dicit:
1355 466 1412 508 qui
1435 466 1481 507 si,
1504 476 1540 501 ut
1561 467 1707 501 credebat
1721 492 1731 507 ,
1748 466 1958 510 saepenumero
1980 476 2036 498 cor
2071 475 2160 498 atro-

1147 509 1282 549 derent3
1305 518 1370 542 non
1393 508 1460 551 ipse
1484 509 1605 548 modo,
1629 510 1679 544 sed
1703 513 1734 544 δε
1758 510 1814 543 alii
1837 510 1922 555 intra
1946 508 2160 552 pericardium

1148 551 1440 596 deprehendissent.
1467 553 1617 588 Secundae
1650 562 1757 588 autem
1791 551 2039 587 Oblervationis
2071 554 2163 591 (x)

1148 607 1287 630 vermem
1310 594 1332 630 fi
1357 594 1442 628 forte
1463 599 1517 640 qui
1545 597 1685 631 viderint
1700 624 1710 638 ‚
1729 605 1786 632 aut
1809 606 1878 639 quo
1900 597 1933 628 in
1960 595 2107 637 Principe
2129 596 2161 626 δε

1147 639 1280 684 quando
1301 637 1470 680 viderint,
1491 641 1631 682 quaeris;
1655 652 1692 674 ne
1715 639 1781 682 ipse
1801 637 1934 682 quidem
1946 638 2157 672 Observatio-

1147 685 1198 718 nis
1222 684 1370 726 Scriptor
1389 680 1459 717 haec
1483 683 1611 718 videtur
1634 683 1774 719 scivisse.
1801 683 1916 716 Tertia
1940 684 1994 724 (y
2018 684 2032 721 )
2056 691 2093 714 ex
2110 683 2158 726 M.

1147 731 1179 761 S.
1205 727 1344 765 Stoclteri
1367 725 1431 766 est,
1453 727 1509 770 qui
1532 736 1638 761 tamen
1660 739 1713 760 eos
1736 726 1929 760 vermiculos
1953 737 1969 757 a
1996 723 2024 757 se
2034 724 2167 765 conspe-

1145 772 1215 806 etos
1237 781 1301 803 non
1323 769 1426 803 dicit.
1556 770 1722 804 Ultimam
1747 769 1882 812 denique
1905 772 1977 813 (ζ)
2000 777 2037 801 ut
2057 775 2165 800 totam

1146 814 1251 857 legere
1273 812 1448 856 poffimus,
1479 812 1517 847 ad
1543 815 1722 848 Seffionem
1744 814 1784 848 X.
1811 812 1974 855 rejicimur
1995 835 2002 842 .
2041 812 2166 843 Verum

1146 855 1315 900 postquam
1337 855 1404 898 ejus
1427 858 1557 900 paginas
1581 857 1756 896 versantes,
1782 856 1863 891 lianc
1888 854 1998 899 inipsa
2014 852 2166 887 effevll.

1149 899 1400 935 Observationis
1421 905 1450 935 ς.
1475 910 1501 933 1.
1527 902 1738 942 agnovimus3
1761 911 1860 943 neque
1884 910 1955 933 earn
1979 896 2168 944 [oi-orsusjn-

1148 944 1292 985 telligere
1315 943 1361 976 ob
1383 944 1585 987 typographi
1607 945 1815 978 oscitantiam
1833 967 1846 983 ,
1878 954 1978 985 neque
2011 941 2055 974 ob
2086 938 2169 989 ejus·

1147 987 1218 1021 dem
1242 987 1401 1020 incuriam
1423 989 1457 1019 in
1480 985 1519 1020 eo
1543 986 1706 1030 possumus
1728 988 1873 1021 invenire
1898 998 1937 1020 ex
1959 997 2026 1028 quo
2048 982 2167 1018 descri-

1148 1039 1204 1074 pta
1226 1030 1284 1065 effe
1304 1029 1450 1069 dicitur,
1475 1032 1589 1065 Zacuti
1614 1029 1669 1064 lib.
1692 1030 1732 1074 y*-
1757 1041 1847 1072 prax.
1872 1030 1985 1064 admir.
2006 1037 2074 1070 cap.
2099 1029 2165 1060 CX:

1149 1074 1193 1107 est
1213 1075 1300 1106 enim
1323 1073 1406 1106 libro
1431 1075 1457 1107 I.
1485 1085 1554 1116 cap.
1589 1075 1770 1108 CXXXIX.
1806 1076 1845 1107 In
1879 1073 1942 1106 hoc
1974 1081 2082 1106 autem
2118 1071 2165 1118 ait

1152 1119 1314 1153 Zacutus‚
1339 1127 1479 1149 vermem
1502 1115 1595 1151 fuisse
1619 1125 1781 1150 mortuum
1806 1139 1815 1155 ,
1851 1117 1976 1158 nigrum
1997 1138 2011 1154 ,
2042 1113 2168 1147 cimirzs

1147 1160 1253 1202 magni
1265 1158 1396 1202 forma:
1418 1159 1695 1202 quemadmodum
1718 1161 1752 1193 in
1777 1162 1932 1202 proximo
1963 1159 2072 1198 capite
2107 1156 2161 1188 de-

1146 1204 1260 1237 scribit
1285 1202 1486 1244 anguiculum
1509 1204 1542 1236 in
1564 1202 1661 1239 corde
1685 1204 1808 1237 altero.
1834 1204 1989 1246 Qorum
2012 1200 2098 1234 hunc
2123 1197 2165 1230 fi-

1146 1248 1215 1281 cuti
1241 1258 1280 1280 ex
1311 1245 1528 1288 descriptione
1573 1246 1641 1289 ipsa
1686 1245 1880 1290 polyposam
1924 1245 2168 1291 concretionem

1146 1289 1241 1326 fuisse
1257 1314 1270 1330 ,
1292 1290 1476 1333 intelliges,
1498 1290 1763 1333 anguiformem;
1784 1290 1829 1322 ita
1853 1287 1976 1330 aliquid
2010 1286 2169 1334 ejusmodi

1144 1334 1234 1378 quod
1258 1333 1386 1375 nigrum
1421 1344 1635 1378 magnumque
1668 1336 1820 1368 cimicem
1866 1332 1996 1367 referret
2043 1331 2168 1363 intimo

1144 1376 1317 1411 ventriculi
1340 1376 1448 1410 cordis
1470 1378 1587 1419 parieti
1612 1376 1827 1411 adhaerentem
1854 1400 1867 1417 ,
1899 1385 2024 1410 mecum
2071 1373 2169 1407 facile

1145 1420 1354 1464 suspicaberis
1376 1420 1552 1463 praesertim
1575 1421 1741 1464 postquam
1767 1421 1843 1454 alias
1866 1420 1945 1453 alibi
1982 1422 1997 1458 (
2020 1428 2040 1450 a
2061 1420 2075 1458 )
2098 1428 2174 1450 exa-

1145 1464 1317 1500 ininaveris
1340 1462 1437 1508 hujus
1461 1465 1587 1507 generis
1610 1465 1847 1499 observationes
1862 1489 1870 1497 .
1895 1464 1968 1497 Nec
1991 1472 2069 1495 vero
2101 1459 2171 1494 haec

1154 1510 1254 1546 dico,
1277 1507 1366 1551 quod
1387 1508 1513 1543 nullum
1535 1520 1679 1552 unquam
1702 1510 1789 1542 inter
1812 1505 1986 1550 pericardii
2010 1504 2172 1538 membra·

1153 1564 1209 1587 nas
1242 1552 1302 1587 effe
1333 1551 1419 1594 posse
1453 1552 1667 1587 vermiculum
1701 1551 1908 1594 pertinaciter
1941 1547 2173 1598 contendam,

1156 1608 1232 1631 cum
1257 1597 1341 1629 inter
1363 1596 1492 1639 Magnae
1516 1598 1640 1631 arteriae
1664 1599 1793 1630 tunicas
1816 1594 1896 1637 saepe
1920 1593 2000 1627 adeo
2024 1602 2059 1624 m
2081 1602 2173 1624 cani-

1151 1640 1211 1675 bus
1232 1637 1500 1682 deprehenderim
1525 1639 1565 1680 (b
1578 1644 1588 1680 l
1603 1664 1610 1672 .
1636 1639 1696 1674 Sed
1718 1652 1757 1674 eo
1780 1639 1880 1676 dico,
1903 1635 1993 1680 quod
2016 1636 2172 1669 certiores

1147 1685 1250 1727 legere
1273 1682 1531 1717 Observationes·
1549 1684 1649 1718 velim
1673 1684 1859 1728 priusquam
1884 1680 1968 1715 illud
1983 1677 2174 1723 agnoscam.

1148 1730 1277 1761 Interea
1301 1736 1406 1760 autem
1428 1738 1546 1762 vermes
1570 1730 1626 1774 qui
1649 1727 1743 1762 cordi
1776 1728 1924 1762 officiunt
1941 1749 1954 1767 ‚
1985 1735 2040 1758 eos
2076 1721 2135 1757 else
2157 1747 2171 1764 ,

1151 1770 1234 1814 ajam
1256 1782 1331 1804 cum
1355 1771 1550 1812 ‘Ti-alliano,
1574 1772 1630 1805 {ub
1653 1771 1710 1805 ista
1724 1773 1838 1806 Zacuti
1853 1767 2171 1804 Observationelau-

1152 1816 1254 1855 dato,
1277 1815 1334 1857 qui
1357 1812 1518 1849 sinistrum
1542 1815 1664 1849 laedunt
1689 1814 1853 1850 orificium
1886 1812 2059 1847 ventriculi
2092 1810 2174 1845 adeo

1149 1861 1184 1893 in
1207 1857 1395 1892 consensum
1417 1869 1474 1891 cor
1497 1858 1628 1892 trahens
1642 1882 1651 1896 ,
1687 1868 1725 1893 ut
1753 1860 1852 1896 κοιρὲίοι
1878 1858 2076 1901 appelletur,
2098 1866 2172 1898 quae

1149 1902 1306 1936 sententia
1333 1902 1452 1943 pariter
1474 1904 1620 1936 Sennerti
1642 1903 1729 1940 fuit,
1753 1903 1810 1937 sub
1833 1899 2173 1936 eademObservatio-

1133 1958 1188 1979 ‹ne
1212 1945 1270 1979 ubi
1293 1944 1349 1977 illa
1373 1954 1486 1987 quarta
1510 1946 1604 1979 nobis
1639 1955 1728 1984 erat,
1754 1945 1911 1988 produeca
1933 1969 1940 1976 -
1978 1945 2030 1977 Sic
2063 1952 2171 1977 autem

1149 1989 1308 2023 facillime
1332 1988 1562 2030 intelliguntur
1583 2002 1655 2034 quae
1679 1990 1738 2024 sub
1760 1988 1895 2023 secunda
1916 2012 1929 2030 ,
1962 1991 1995 2021 δε
2018 1988 2113 2020 tertia
2130 1998 2171 2020 ex

1149 2034 1382 2069 Hartmanno,
1409 2035 1440 2066 &
1464 2033 1619 2068 Hollerio
1642 2032 1837 2068 adnotantur
1869 2032 1913 2066 de
1936 2031 2109 2069 lumbricis
2133 2031 2169 2063 in
2214 2054 2218 2056 -

1148 2076 1365 2119 palpitatione
1387 2075 1494 2109 cordis
1516 2088 1589 2120 quae
1613 2090 1629 2111 a
1653 2076 1816 2111 vermibus
1840 2075 1907 2117 est,
1928 2077 2063 2110 excretis
2077 2098 2091 2116 ,
2113 2085 2171 2107 nec

1147 2120 1274 2153 curatio
1296 2117 1363 2160 ipsa
1387 2119 1517 2153 Loweri
1529 2144 1542 2161 ,
1564 2132 1637 2163 quae
1661 2123 1765 2164 prima
1791 2119 2031 2153 Observatione
2043 2117 2171 2161 produ-

1145 2165 1251 2238 citulr,
1274 2160 1441 2239 gdvermes
1465 2174 1570 2198 revera
1593 2164 1847 2209 abegit,multo
1858 2163 1954 2199 aliter
1964 2162 2094 2198 videtur
2106 2159 2170 2196 esse

1146 2217 1208 2248 exp
1224 2215 1271 2239 ica
1321 2216 1356 2239 a.

1190 2251 1245 2300 1⁴6..
1265 2247 1335 2282 Etfi
1359 2259 1438 2300 vero
1462 2252 1601 2294 pariter,
1624 2263 1662 2288 ut
1684 2253 1813 2290 dierum
1825 2253 1891 2295 est,
1913 2251 2061 2288 nondum
2074 2250 2161 2286 mihi

1142 2291 1289 2342 accidisse
1311 2295 1472 2334 memini,
1494 2306 1531 2329 ut
1556 2296 1773 2337 pericardium
1799 2310 1866 2331 aere
1890 2296 2063 2332 distentum
2075 2297 2168 2330 inve-

1139 2347 1269 2384 mrem,
1295 2344 1401 2369 tamen
1429 2349 1468 2370 eo
1492 2338 1621 2375 facilius
1643 2342 1797 2375 Hollerio
1818 2344 1883 2381 (c)
1904 2340 2032 2375 credam
2043 2340 2168 2384 gravis-

1140 2382 1233 2429 simo·
1248 2379 1334 2428 Viro
1347 2403 1360 2419 ,
1398 2380 1455 2422 qui
1479 2381 1511 2415 id
1538 2382 1565 2416 se
1589 2384 1623 2417 in
1645 2383 1780 2428 diffeb't‘z's
1802 2383 1984 2426 'corporibus
2010 2406 2020 2422 ,
2055 2382 2165 2417 cordis

1141 2423 1365 2464 palpitatione
1383 2427 1575 2466 peremptis,
1604 2428 1804 2469 exploratum
1826 2424 1962 2470 habuiffie
1976 2451 1989 2468 ,
2012 2427 2143 2462 testatur
2157 2452 2166 2466 ‚

1140 2466 1231 2510 quod
1254 2469 1287 2499 &
1310 2477 1372 2508 ego
1392 2477 1459 2514 aere
1483 2468 1629 2511 turgidas
1650 2482 1726 2504 cum
1750 2472 1824 2504 alias
1847 2481 1976 2508 caveas,
2000 2480 2070 2505 turn
2094 2470 2165 2504 vasa

1140 2521 1271 2553 quoque
1295 2508 1475 2559 {anguifera
1501 2510 1695 2554 deprehendi
1718 2515 1809 2555 (d),
1832 2516 1864 2546 &
1889 2514 1969 2554 alii,
1993 2527 2077 2558 quos
2098 2514 2162 2547 tibi

1145 2553 1221 2586 alibi
1245 2555 1315 2592 (e)
1336 2551 1488 2594 laudavi,
1512 2565 1570 2589 cor
1591 2556 1721 2598 ipsum3
1747 2567 1809 2598 ut,
1829 2555 1851 2589 fi
1876 2566 1990 2591 caetera
2024 2558 2127 2592 sinant
2152 2580 2162 2595 ‚

1142 2608 1198 2640 per
1220 2607 1270 2629 me
1294 2595 1358 2629 tibi
1382 2595 1519 2632 liberum
1531 2598 1619 2632 sitiis
1633 2598 1802 2645 assentiri,
1824 2602 1882 2644 qui
1907 2601 2161 2644 palpitationem

1142 2642 1180 2674 ab
1203 2650 1272 2673 aere
1296 2638 1484 2681 deducunt,
1508 2652 1573 2676 non
1596 2643 1696 2676 modo
1718 2644 1959 2686 pericardium,
1983 2655 2020 2680 ut
2044 2646 2098 2679 hic
2120 2647 2157 2679 in

1140 2682 1352 2727 Sepulchreto
1373 2682 1610 2720 Observatione
1632 2688 1767 2721 XVIII.
1791 2688 1843 2722 sed
1867 2690 1899 2721 &
1922 2699 1981 2721 cor
1992 2689 2097 2731 ipsum
2107 2688 2158 2721 di-

1137 2726 1320 2763 tundente,
1343 2725 1407 2760 hoc
1431 2736 1538 2763 tamen
1561 2731 1646 2763 intra
1668 2741 1741 2764 eum
1760 2731 1895 2766 modum
1917 2732 1975 2774 qui
1999 2732 2162 2766 Observa-

1139 2773 1230 2812 tione
1251 2771 1342 2804 XXI.
1366 2768 1427 2818 gf)
1450 2783 1466 2804 a
1491 2773 1659 2807 Francisco
1683 2774 1797 2816 Sylvio
1819 2775 1980 2809 indicatus
2004 2774 2066 2809 est.
2092 2777 2160 2812 Di-

1145 2816 1181 2849 xi
1205 2824 1333 2851 autem,
1356 2814 1377 2847 {1
1400 2824 1512 2849 caetera
1537 2816 1639 2850 sinant
1655 2838 1664 2855 ,
1688 2818 1853 2851 nonnullis
1877 2817 1915 2851 cle
1937 2817 2057 2859 caufis,
2081 2829 2160 2862 quas

1145 2860 1230 2899 inter
1253 2859 1363 2891 locum
1385 2857 1480 2891 habet
1504 2860 1650 2893 evolutio
1673 2861 1753 2893 aeris
1776 2872 1814 2894 ex
1841 2862 2019 2895 viventium
2031 2861 2159 2905 sangui-

1145 2914 1208 2944 ne,
1231 2900 1316 2936 haud
1339 2903 1385 2934 ita
1409 2901 1503 2935 facile
1526 2904 1559 2935 in
1584 2903 1744 2946 plerisque
1765 2916 1877 2939 eorum
1910 2904 2057 2947 ponenda
2078 2928 2088 2944 ‚
2123 2908 2160 2940 in

1145 2947 1266 2990 quibus
1300 2945 1445 2987 alioquin
1482 2947 1692 2981 commodum
1726 2946 1799 2982 esset
1834 2949 2084 2991 palpitationem
2114 2950 2158 2984 sic

1146 2990 1307 3034 explicare
1327 3014 1334 3021 .
1371 2988 1472 3029 Qod
1517 2989 1579 3022 tibi
1611 2991 1793 3033 intelligere
1822 2992 1967 3035 proclive
2012 2994 2074 3026 erit
2120 3005 2159 3028 ex

1144 3035 1187 3068 iis
1208 3045 1281 3076 quae
1305 3033 1339 3065 in
1363 3032 1406 3064 V.
1432 3031 1576 3075 Epistola
1601 3034 1689 3077 (g)
1713 3034 1948 3077 disputavimus
1965 3060 1973 3068 .
1999 3037 2093 3074 Quin
2123 3037 2158 3070 id

1143 3077 1252 3120 ipsum
1274 3074 1363 3118 quod
1388 3086 1421 3107 111
1445 3086 1478 3107 ea
1503 3079 1517 3115 (
1540 3076 1561 3109 h
1583 3080 1597 3117 )
1619 3077 1746 3112 distum
1770 3079 1812 3113 est
1835 3102 1845 3117 ‚
1878 3079 1986 3114 Redio
2010 3079 2160 3123 placuisse

1143 3123 1178 3155 in
1202 3119 1310 3162 pulsus
1333 3118 1563 3152 intermissione
1587 3130 1623 3154 ut
1646 3121 1825 3164 plurimum
1857 3121 2025 3165 repetenda
2047 3135 2063 3155 a
2087 3135 2157 3156 ma-

1145 3164 1209 3208 jori
1240 3163 1363 3209 aliqua⁴
1378 3163 1458 3195 aeris
1491 3162 1578 3196 bulla
1600 3187 1609 3202 ‚
1647 3176 1700 3206 per
1722 3176 1779 3199 cor
1801 3166 2004 3209 transeunte,
2026 3165 2080 3205 id,
2106 3168 2160 3199 in-

1144 3218 1240 3252 quam
1265 3229 1275 3244 ,
1309 3207 1414 3248 ipsum
1459 3217 1556 3254 quarn
1600 3207 1735 3243 difficile
1776 3208 1877 3243 visum
1921 3209 1961 3242 fit
1996 3209 2158 3252 discipulo

1144 3251 1211 3294 ejus
1257 3249 1385 3284 Bellino
1405 3272 1417 3288 ‚
1461 3249 1556 3292 hujus
1601 3250 1687 3285 edita
1733 3252 1851 3295 scripta
1897 3253 1944 3295 (i
1966 3256 1978 3291 )
2024 3252 2160 3287 demon-

1147 3296 1266 3329 strant.
1293 3296 1433 3336 Itaque,
1478 3291 1571 3327 sicuti
1597 3295 1636 3328 de
1658 3295 1819 3329 vermibus
1843 3296 1942 3330 modo
1973 3295 2044 3330 dixi
2068 3321 2078 3334 ‚
2112 3298 2159 3330 ita

1146 3339 1185 3372 de
1209 3336 1339 3372 flatibus
1363 3348 1444 3370 nunc
1463 3337 1543 3383 *dico
1563 3362 1577 3379 ,
1611 3339 1795 3383 plerumque
1818 3337 1876 3372 hos
1898 3338 1987 3373 cordi
2010 3341 2160 3374 molestos

1148 3380 1226 3419 effe,
1252 3391 1317 3415 non
1341 3392 1415 3413 cum
1440 3392 1506 3422 ejus
1528 3405 1542 3422 ,
1573 3392 1626 3416 aut
1650 3382 1823 3424 pericardii
1844 3393 1982 3423 cavum,
2006 3383 2057 3418 sed
2081 3395 2157 3418 cum

1149 3425 1289 3469 subjeeta
1335 3424 1482 3457 intestina
1527 3435 1711 3467 occupant,
1734 3429 1767 3459 δε
1789 3427 2006 3461 ventriculum
2029 3452 2037 3459 .
2111 3438 2158 3461 uae

1150 3470 1229 3513 saepe
1254 3468 1351 3503 flatus
1374 3466 1556 3502 distendunt
1588 3468 1666 3503 adeo
1688 3492 1701 3509 ,
1739 3476 1776 3503 ut
1799 3467 1893 3511 septo
1926 3469 2122 3504 Transverso
2144 3495 2158 3512 ‚

172 3514 339 3555 Morgagni
350 3513 385 3547 de
395 3512 462 3544 Sed.
481 3512 620 3554 &faust
636 3512 740 3545 Morb.
753 3513 854 3546 Tom.
871 3515 899 3547 I.
1671 3512 1707 3546 H
1752 3511 1775 3545 h
1993 3516 2026 3548 δε
2038 3512 2116 3548 huic

142 3649 153 3680 (
168 3651 184 3675 b
199 3650 214 3679 )
231 3650 268 3675 Ad
285 3649 373 3675 Boerlr.
390 3650 497 3676 Praelea.
516 3649 538 3681 §.
557 3657 607 3681 149.
671 3652 682 3681 (
698 3651 709 3675 i
723 3651 737 3680 )
752 3659 776 3676 n.
794 3658 832 3676 ιι.
896 3654 910 3679 (
924 3651 940 3677 k
956 3653 971 3682 )
986 3654 1070 3677 Mem.
1088 3652 1119 3678 de
1136 3651 1234 3678 l’Acad.
1255 3654 1286 3676 R.
1302 3653 1344 3677 des
1360 3652 1400 3676 Sc.
1416 3652 1449 3676 Α.
1466 3660 1537 3682 1707.
1599 3653 1613 3682 (
1630 3653 1639 3677 l
1658 3683 1662 3687 η
1686 3650 1759 3680 Epist.
1781 3658 1815 3680 ¹3·
1834 3659 1859 3675 n.
1878 3660 1913 3677 12.

143 3681 155 3709 (
172 3681 226 3711 m)
242 3680 295 3705 Ast.
313 3683 348 3705 N.
365 3682 394 3705 C.
411 3682 487 3705 Tom.
506 3689 528 3706 1.
545 3682 610 3707 obs.
628 3690 678 3707 111·
741 3681 784 3712 (n
830 3683 962 3712 prasertim
981 3692 1006 3708 u.
1025 3693 1063 3714 23.
1127 3685 1142 3713 (
1157 3692 1169 3707 o
1188 3684 1196 3711 )
1212 3690 1250 3712 ¹9-
1268 3683 1291 3706 δι
1307 3690 1342 3713 ²3·
1362 3683 1383 3712 §.
1403 3690 1423 3707 ι.
1438 3690 1460 3706 2.
1479 3690 1500 3711 3.
1565 3684 1609 3718 gp
1621 3683 1636 3711 )
1657 3690 1681 3706 in
1698 3682 1780 3707 Schol.
1797 3682 1826 3707 ad
1844 3682 1865 3712 §.
1882 3687 1905 3706 6.
1922 3682 1983 3707 ΟΜ.
2000 3690 2039 3707 2¹.

79 3726 94 3732 ²
140 3712 219 3771 {33
233 3711 474 3770 iiii'csssffis'fe?
487 3749 508 3766 ι.
539 3713 580 3772 (ἵ
597 3712 813 3774 ³3d1b5111.¹'§.⁰2¹3'
832 3721 873 3775 ²⁷(
922 3714 1096 3775 >‘1s13.³{¹.§1
1108 3722 1131 3740 ¹·
1147 3713 1327 3774 ‘c'bi‘s‘esiiiss
1343 3721 1386 3768 2¹⁶5
1400 3752 1425 3769 n.
1443 3714 1488 3772 53?
1504 3713 1518 3742 ³
1535 3714 1596 3772 ¹5³¹}
1615 3713 1703 3768 §effa
1721 3712 1811 3766 inst.)
1833 3713 1946 3770 52:⁸²3·
1963 3714 2007 3738 ¹¹³⁶
2024 3716 2048 3738 ⁸·

148 3772 159 3828 ς(
175 3773 265 3833 Ξζῖε
278 3751 741 3834 anziorb.(1131.)*1be1.151.01233¹153n35ch01.
795 3773 815 3805 ¹(
830 3775 846 3800 d
865 3780 872 3807 l
888 3752 944 3802 frid.
962 3783 1000 3800 ex.
1018 3783 1053 3806 gr.
1072 3755 1144 3806 {pist
1163 3786 1184 3807 ς.
1202 3784 1227 3801 η,
1245 3753 1287 3805 ¹9?
1345 3753 1382 3803 (42
1399 3775 1413 3803 )
1432 3773 1494 3799 lbid.
1513 3782 1537 3798 n.
1555 3784 1595 3800 ao.
1654 3752 1719 3805 ῗί)
1739 3774 1762 3804 §.
1779 3778 1804 3799 6.
1817 3752 1831 3773 ⁹
1867 3753 1914 3805 (ἒ
1932 3774 1942 3805 )
1957 3784 1981 3800 n.
1998 3783 2037 3807 ²3·
2056 3776 2079 3800 δι
2095 3774 2163 3805 seqq.

153 3830 156 3833 ,
255 3821 260 3828 .
309 3821 315 3828 .
590 3823 596 3830 .
634 3814 645 3830 e
672 3823 677 3830 .
695 3814 716 3831 1.
