2498 4075
472 213 624 280 Epist.
661 213 822 267 Anat.
857 212 1071 266 Medica
1094 208 1309 265 XXIV.
1331 207 1447 261 Art.
1467 225 1547 272 25.
1568 209 1624 263 &
1640 207 1719 261 26.

84 290 331 335 >ii-vanissimoque
354 291 490 339 Thyrso
513 290 697 334 Pagliarino
715 292 748 336 J.
782 293 823 325 C.
858 293 890 325 δι
923 291 1094 324 Canonico

87 334 275 376 Ferrariensi
300 358 310 373 ‚
343 337 398 378 qui
424 339 456 370 &
478 336 601 369 Canarii
625 334 719 375 longe
744 333 929 368 rarissimum
960 335 1093 367 donavit

90 377 293 420 opusculum
338 383 349 418 (
374 391 407 413 m
428 383 443 419 )
466 403 479 420 ‚
521 377 730 412 confirmante
770 378 858 420 quod
902 377 924 411 si
971 378 1009 410 ad
1043 388 1092 410 me

91 419 215 464 scripsit
238 443 248 457 ‚
294 420 449 464 Prospero
484 419 656 455 Mandosio
699 423 789 461 (n)
822 447 831 461 ‚
875 422 932 464 qui
978 430 1093 463 praete-

92 474 144 497 rea
188 464 296 498 nobile
339 466 463 498 Canani
509 465 620 498 Genus
664 487 675 503 ‚
732 467 763 497 &
803 475 985 507 germanum
1025 464 1092 508 ejus

85 505 225 550 fratrem
265 509 394 553 Julium
438 509 468 540 S.
515 508 555 542 R.
602 508 642 541 E,
689 507 896 542 Cardinalem
948 518 1092 541 comme-

93 559 198 583 morat
222 576 231 584 .
266 552 351 594 Qae
377 574 387 588 ‚
429 560 522 594 atque
555 551 617 583 alia
650 550 687 584 ad
720 552 846 585 Canarii
882 551 982 584 vitam
1007 576 1015 589 ‚
1060 552 1092 584 δέ

92 593 299 635 opusculum
321 595 490 628 attinentia
514 617 526 634 ‚
557 596 824 636 opportuniorem
848 593 976 628 fortasse
997 593 1094 627 habe-

91 635 137 673 bo
157 638 337 678 explicandi
361 639 470 672 locum
493 661 501 667 .
538 638 636 670 Nunc
661 638 736 671 satis
759 637 797 671 sit
821 637 887 671 haec
912 638 973 671 tibi
998 637 1040 670 sic
1061 638 1094 668 in

91 679 226 716 transitu
248 679 393 715 indicasse
415 704 428 721 ‚
467 689 502 715 ut
526 691 576 713 me
601 680 677 715 scias
700 681 787 724 quod
811 681 850 715 de
874 681 936 715 hoc
970 682 1096 714 Anato-

92 725 184 757 mico
205 747 215 763 ,
250 724 393 759 exclusus
425 723 576 767 angustiis
621 726 806 767 temporis,
844 726 987 758 invenire
1031 734 1096 756 non

94 770 220 810 potui,
257 779 332 802 cum
361 767 444 802 illud
477 767 547 809 post
580 767 736 812 scriptum
768 766 911 802 adderem
942 767 1098 810 Epistolae

94 813 250 846 Anatom.
283 813 358 846 XV.
402 812 490 853 (o)
512 834 525 851 ,
571 823 648 847 mox
679 814 726 845 ita
756 810 904 846 invenisse
926 836 937 852 ,
979 820 1016 845 ut
1061 808 1100 843 ad

93 853 192 897 ipfius
221 865 297 890 tunc
321 867 334 887 a
359 866 409 887 me
432 854 607 897 susceptam
628 854 842 890 defenfionem
872 854 996 898 pondus
1031 865 1099 886 ma-

94 901 220 932 ximum
245 898 429 932 accesserit:
453 909 644 942 quanquam,
660 899 782 934 nullam
806 898 876 932 fore
918 900 953 932 in
997 896 1101 941 poste-

95 953 167 976 rum
189 941 314 975 causam
348 941 438 985 spero
482 942 613 975 eandem
657 941 892 985 persequendi.
1025 941 1101 974 Gn„-

94 986 221 1020 lielmus
244 995 349 1018 autem
375 986 542 1020 Ballonius
567 998 577 1025 3
622 995 660 1019 ut
683 997 814 1029 pergam
835 986 937 1019 dicere
959 984 998 1019 de
1029 983 1101 1017 Ob-

95 1029 327 1063 servationibus
371 1030 604 1073 polyporum3
641 1030 675 1062 in
708 1028 949 1063 Constitutione
993 1028 1103 1062 Autu-

95 1073 197 1106 mnali
232 1074 275 1106 A.
314 1082 407 1115 1575.
434 1077 489 1115 (p
513 1076 523 1111 )
547 1070 707 1117 quendam
754 1081 912 1106 mei-norat
956 1072 992 1104 in
1036 1081 1103 1113 quo

95 1115 201 1150 veluti
223 1116 398 1150 caruncula}
420 1127 553 1160 repertae
577 1116 648 1150 sunt
671 1140 681 1156 ,
725 1126 823 1158 eaque
855 1115 989 1159 oblonga
1015 1140 1023 1152 ,
1071 1115 1104 1145 in

95 1157 229 1194 orificiis
252 1159 399 1194 vasorum
424 1172 439 1192 a
462 1159 557 1194 corde
581 1159 619 1193 ad
643 1159 809 1202 pulmones
842 1158 1072 1201 pertinentium
1097 1181 1105 1188 .

225 1204 376 1246 Denique
403 1204 552 1238 Thomas
574 1203 727 1242 Erastus,
758 1201 1030 1246 quemadmodum
1052 1201 1108 1234 ha-

92 1246 151 1281 bes
173 1248 208 1279 in
233 1247 448 1290 Sepulchreto
469 1251 483 1287 (
507 1258 526 1289 q
548 1251 562 1287 >
584 1271 596 1288 ,
628 1248 662 1280 in
697 1246 780 1279 libro
812 1245 902 1279 edito
934 1248 976 1280 A.
1015 1244 1107 1286 1580.

98 1291 343 1324 concretionem
364 1290 526 1335 descripsit
543 1288 762 1333 flavescentem
794 1289 889 1330 instar
933 1288 1073 1334 medulla
1099 1312 1108 1326 ‚

97 1345 165 1376 quae
187 1336 221 1367 in
243 1332 353 1377 offibus
374 1333 466 1368 boum
510 1334 605 1368 coriis
650 1333 812 1367 invenitur
834 1357 846 1373 ‚
880 1331 1109 1376 deprehensam

100 1379 137 1411 in
181 1377 322 1412 duorum
366 1377 517 1412 cordibus
562 1401 574 1418 ,
627 1387 765 1419 quorum
809 1377 902 1410 alteri
944 1387 1018 1409 curn
1063 1373 1110 1407 fe-

95 1421 151 1456 bre
175 1443 184 1458 ,
230 1424 263 1455 &
308 1421 482 1464 pleuritide
506 1444 515 1458 ,
563 1421 654 1453 alteri
698 1418 762 1452 sine
805 1419 891 1454 febre
913 1417 1020 1462 pulsus
1043 1429 1110 1465 ma-

96 1466 185 1499 xime
230 1463 337 1498 fuerat
382 1465 550 1508 inaequalis
575 1491 582 1497 .
717 1464 797 1496 Non
820 1463 862 1498 est
885 1473 965 1505 opus
988 1472 1024 1495 ut
1049 1462 1112 1495 sin-

95 1509 190 1552 gulos
236 1519 414 1542 memorem
459 1511 513 1551 qui
558 1506 706 1549 deinceps
739 1506 795 1540 has
827 1507 1051 1540 concretiones
1076 1506 1110 1538 in

67 1570 69 1572 v
94 1551 193 1585 corde
215 1575 229 1593 ,
261 1553 294 1585 δε
318 1554 448 1585 annexis
472 1549 548 1584 vasis
570 1551 762 1592 reperientes
784 1573 796 1590 ,
843 1550 899 1583 alii
922 1560 995 1583 cum
1041 1560 1111 1582 me-

95 1595 186 1630 dulla
212 1597 356 1638 pariter,
381 1595 436 1628 alii
458 1605 533 1628 cum
559 1592 751 1636 pinguedine
774 1615 785 1631 ,
832 1594 889 1626 alii
920 1604 995 1627 cum
1040 1591 1110 1635 ipsa

94 1650 188 1673 carne
211 1647 441 1680 compararunt
465 1662 472 1669 .
510 1638 625 1680 Neque
646 1637 733 1669 enim
758 1636 805 1669 vel
830 1648 868 1670 ex
891 1635 1110 1680 superioribus

53 1723 56 1725 Α
97 1693 211 1716 omnes
235 1693 318 1724 quos
342 1691 486 1723 poteram
511 1702 520 1717 ‚
556 1680 723 1713 nominavi
748 1691 756 1712 .·
789 1681 939 1723 quamvis
972 1681 1112 1714 Smetius

54 1727 57 1729 ”
95 1728 110 1765 (
133 1731 149 1759 r
170 1729 185 1766 >
207 1725 248 1758 A.
274 1727 367 1767 1576.
393 1725 425 1756 in
448 1725 596 1767 Principe
608 1724 715 1762 Viro,
737 1722 828 1765 cujus
853 1723 958 1767 pulsus
982 1724 1111 1758 fuerant

95 1769 268 1811 inaequales
290 1791 300 1807 ,
331 1767 511 1801 inordinati
536 1791 549 1808 ‚
580 1767 832 1800 intermittentes
855 1791 866 1808 ,
894 1777 1009 1810 praeter
1031 1778 1114 1800 con-

95 1814 255 1846 cretiones
279 1812 312 1843 in
337 1812 527 1845 ventriculis
550 1809 659 1844 cordis
680 1820 787 1844 earum
810 1810 927 1844 similes
949 1822 1026 1854 quas
1059 1810 1113 1843 de-

96 1854 223 1898 scripsit
247 1853 380 1889 Erastus
404 1879 416 1896 ,
449 1854 530 1897 ipsas
557 1854 685 1898 insuper
719 1853 944 1896 appendicibus
988 1854 1114 1896 aliquot

93 1899 245 1942 praeditas
268 1897 476 1932 adnotaverit
501 1910 510 1930 .-
545 1910 624 1942 quas
647 1904 731 1931 certe
755 1898 950 1941 longissimas
981 1897 1115 1940 conspe-

96 1942 149 1977 xit
172 1942 328 1976 Neretius
352 1940 435 1984 (s)
459 1941 493 1974 in
537 1942 821 1984 peripneumonica
845 1964 855 1980 ,
886 1943 1007 1984 quippe
1043 1952 1113 1983 quae

99 1997 140 2019 ex
163 1984 297 2019 dextero
319 1985 428 2019 cordis
450 1986 633 2019 ventriculo
656 1983 818 2022 carnosae,
843 1984 957 2018 albidae
979 2007 991 2024 ‚
1037 1984 1114 2018 flac-

105 2027 187 2063 cidae
210 2030 334 2062 Cavam
356 2039 467 2062 venam
491 2028 657 2062 subeuntes
682 2051 694 2068 ,
723 2027 976 2071 propagabantur
1021 2026 1113 2070 usque

100 2073 142 2109 aa
163 2080 259 2114 caput
280 2093 291 2109 ,
335 2072 377 2106 Θ
400 2084 434 2105 os
448 2069 577 2113 sacrum
599 2096 606 2103 .
640 2073 700 2104 Per
731 2071 868 2106 alterum
892 2080 998 2105 autem
1031 2070 1114 2114 ejus-

98 2116 173 2150 dem
198 2115 370 2149 ventriculi
396 2114 563 2149 orificium
585 2115 810 2149 Guarinonius
833 2120 846 2156 (
868 2115 915 2157 t)
940 2114 1018 2157 saepe
1064 2115 1115 2145 vi-

98 2159 151 2197 dit
174 2159 328 2201 pituitam
351 2157 482 2192 craffam
503 2169 516 2198 ;
549 2157 591 2191 sic
614 2160 702 2191 enim
748 2158 820 2191 illas
864 2158 999 2191 vocabat
1022 2169 1035 2196 ;
1079 2158 1113 2188 in

97 2203 327 2238 Pulmonarem
373 2203 520 2235 arteriam
566 2203 613 2234 ita
658 2201 687 2235 se
732 2201 906 2242 producere
929 2222 939 2237 ‚
972 2209 1008 2235 ut
1053 2200 1118 2232 ini-

98 2248 153 2281 tio
174 2246 279 2279 tracto
302 2243 394 2279 fimul
418 2244 564 2278 educeret
596 2256 634 2277 ex
678 2245 805 2277 cunetis
851 2244 972 2277 arteriae
1018 2245 1116 2276 ramis

99 2299 230 2328 omnem
253 2299 323 2322 eam
368 2288 498 2321 ituitam
519 2286 557 2320 ab
579 2287 647 2322 illis
671 2288 705 2320 in
718 2284 863 2329 formam
887 2297 994 2321 eorum
1027 2288 1116 2320 reda-

100 2334 185 2367 &am
209 2355 222 2372 ‚
244 2339 281 2365 ut
302 2341 338 2363 ar
360 2341 394 2363 or
416 2331 578 2365 videretur
602 2355 609 2363 .
648 2329 707 2363 Sed
729 2329 886 2373 ejusmodi
908 2329 995 2372 quasi
1020 2330 1115 2363 arbo-

102 2378 149 2410 ris
171 2374 426 2409 delineationem
449 2374 573 2417 primus
604 2376 753 2407 omnium
775 2396 787 2414 ,
820 2382 978 2416 quantum
1010 2384 1115 2406 recor-

77 2419 173 2460 *‚dari
196 2428 279 2452 nunc
303 2415 449 2459 possum,
470 2416 573 2450 edidit
598 2416 701 2459 postea
745 2415 904 2459 Casparus
950 2416 1113 2450 Bauhinus

101 2465 122 2508 (
140 2474 160 2497 u
181 2465 195 2502 )
218 2485 230 2502 ,
262 2459 418 2502 simulque
440 2460 555 2503 polypi
579 2469 649 2494 tum
671 2459 797 2494 dexteri
822 2486 831 2501 ,
878 2470 949 2493 tum
995 2459 1112 2493 sinistri

101 2504 211 2540 cordis
257 2503 430 2537 ventriculi
475 2507 489 2542 (
510 2503 566 2546 x)
609 2515 683 2537 cum
727 2502 896 2547 polyposis
921 2526 930 2541 ,
975 2515 1046 2545 quae
1079 2504 1114 2536 in

100 2546 274 2583 ventriculi
298 2546 464 2589 utriusque
491 2545 697 2581 substantiam
720 2545 845 2580 insertae
868 2546 994 2581 fuerant
1013 2569 1026 2588 ‚
1063 2558 1114 2579 ra-

73 2629 78 2634 *
102 2592 253 2631 dicibus,
277 2593 311 2623 ὃς
333 2589 449 2625 sinistri
475 2590 589 2633 polypi
614 2592 647 2624 in
672 2591 821 2624 arteriam
841 2589 1111 2633 Magnam,8ub-

101 2636 244 2675 clavias,
266 2633 439 2667 Carotides
463 2655 473 2672 ,
516 2637 549 2667 &
594 2634 798 2668 Vertebrales
843 2635 1077 2678 propagatione
1102 2657 1109 2665 .

102 2681 190 2718 Quae
214 2677 323 2711 omnia
346 2676 401 2711 etfi
426 2678 568 2711 materiae
591 2677 720 2721 adiposae
742 2678 898 2719 nomine,
919 2679 1046 2721 qualem
1077 2678 1112 2709 in

102 2721 317 2765 hydropicis,
341 2723 373 2754 &
397 2719 568 2764 phthisicis
592 2720 704 2765 saepius
736 2721 955 2756 observaverat
979 2744 993 2762 ,
1022 2731 1117 2755 com-

104 2764 298 2810 prehendit5
321 2771 427 2798 tamen
450 2766 485 2798 in
508 2764 612 2806 puella
635 2765 772 2809 quadam
794 2768 809 2805 (
824 2776 849 2807 y
869 2765 886 2808 )
909 2773 1026 2807 praeter
1048 2776 1118 2798 ma-

105 2810 220 2843 teriam
238 2808 419 2850 pinguedini
433 2808 570 2851 fimilem
606 2810 640 2842 in
673 2809 857 2843 ventriculo
888 2808 1022 2843 dextero
1046 2832 1056 2849 ,
1084 2809 1120 2840 in

104 2863 225 2887 annexa
257 2850 396 2885 auricula
429 2851 620 2894 praetumida
663 2854 829 2886 materiam
873 2851 1032 2897 quandam
1077 2851 1124 2885 al-

103 2898 179 2933 bam
205 2917 216 2932 ,
244 2893 506 2938 membranofizm‚
529 2895 678 2937 crassam,
701 2896 876 2939 oblongam
910 2908 927 2930 a
960 2895 990 2930 se
1021 2895 1121 2928 visam

104 2938 372 2976 commemoravit
386 2961 393 2969 .
418 2939 490 2972 Nec
516 2949 593 2972 vero
616 2941 700 2973 circa
723 2951 756 2973 ea
783 2950 928 2984 tempora
942 2961 951 2977 ,
976 2942 1008 2972 &
1031 2939 1122 2972 dein-

103 2996 180 3028 ceps
202 2982 303 3018 donec
327 2981 468 3024 Tulpius
490 2986 504 3022 (
525 2994 550 3026 z
571 2987 586 3024 )
607 2984 649 3017 A.
679 2986 769 3027 1641.
795 2984 882 3019 suam
903 2982 1012 3017 cordis
1026 2983 1121 3025 poly-

105 3030 143 3073 pi
166 3027 342 3067 Figuram,
367 3027 398 3058 δε
422 3024 671 3068 descriptionem
695 3026 866 3070 proposuit
890 3051 902 3067 ‚
949 3025 1120 3060 defuerunt

107 3073 188 3111 alii,
211 3069 268 3112 qui
292 3068 329 3101 ab
353 3066 381 3100 se
404 3080 530 3111 quoque
553 3069 656 3105 visum
681 3079 917 3105 memorarent:
942 3082 981 3104 ex
1003 3069 1120 3113 quibus

105 3125 206 3150 unum
230 3112 306 3146 satis
328 3111 371 3144 est
394 3114 581 3154 nominare,
602 3114 694 3158 cujus
718 3115 794 3149 libri
816 3116 849 3149 in
873 3113 1020 3148 manibus
1033 3122 1122 3146 erant

104 3159 255 3195 omniu—m
273 3178 288 3196 ‚
311 3155 510 3189 Riolanum.
533 3157 600 3190 Hic
621 3159 710 3192 enim
733 3171 803 3202 quae
837 3161 870 3193 in
905 3156 1118 3200 Sepulchreto

65 3230 67 3234 .
106 3208 119 3244 (
142 3214 162 3236 a
183 3205 197 3242 )
219 3207 332 3234 extant
355 3197 394 3231 de
408 3196 556 3241 frustulis
578 3203 721 3242 carneis,
741 3203 841 3245 pugni
871 3201 1085 3245 magnitudine
1106 3222 1117 3238 ‚

106 3246 243 3282 invicem
265 3241 458 3285 conglobatis
480 3242 519 3290 ab
539 3253 577 3274 eo
599 3243 796 3288 deprehensis
828 3249 914 3280 intra
957 3245 1119 3278 ventricu-

107 3290 175 3325 lum
197 3288 346 3335 dextrum
370 3284 410 3335 aci
431 3285 584 3328 orificium
592 3296 675 3322 venae
697 3294 786 3323 Cavae
808 3290 841 3323 in
861 3285 1046 3332 quibusdam
1069 3297 1118 3320 re-

102 3333 235 3377 pentina
257 3341 294 3364 ac
316 3337 481 3371 mopmata
500 3336 600 3375 morte
616 3330 657 3373 su
681 3335 781 3367 ocatis
801 3356 814 3373 ‚
848 3335 880 3367 δε
922 3332 1118 3365 nominatim

108 3378 143 3410 in
167 3373 337 3418 Episcopo
359 3371 585 3411 Malleacensi,
607 3385 639 3408 ea
664 3387 713 3409 em
757 3376 823 3418 ipse
868 3375 933 3418 jam
978 3373 1119 3408 ediderat

110 3430 193 3453 anno
216 3418 326 3452 saltem
354 3419 447 3452 1626.
470 3418 505 3449 in
529 3416 831 3463 Antropographiae
859 3420 964 3462 capite
997 3418 1119 3452 ibidem

112 3462 283 3498 indicato.-
307 3458 346 3494 ad
365 3470 439 3510 quae
463 3461 525 3493 alia
548 3458 674 3497 addidit
698 3462 826 3506 postea,
849 3472 885 3497 ut
908 3464 942 3496 in
967 3460 1122 3506 postrema

202 3509 368 3547 Morgagnz
380 3505 416 3538 de
425 3505 494 3538 Sed.
512 3504 554 3537 εἴ)
564 3504 655 3547 Caus.
665 3506 768 3541 Morb.
782 3509 883 3541 Tom.
899 3508 925 3541 Ι.

1981 221 2078 269 257

1145 287 1282 333 ejusdem
1304 288 1426 329 Operis
1448 287 1588 321 editione
1614 286 1749 328 legimus
1771 308 1784 324 ‚
1804 295 1875 326 quae
1896 282 1936 317 ad
1958 283 1998 317 Α.
2025 283 2138 315 attinet

1150 335 1240 373 1649.
1376 331 1468 366 Quin
1492 332 1588 363 etiam
1611 330 1715 372 ipsum
1736 328 1844 370 polypi
1866 338 1982 360 nornen
2006 338 2071 369 quo
2095 325 2152 358 de«

1146 373 1329 419 prehensam
1352 385 1368 405 a
1392 374 1519 415 Tulpio
1539 373 1779 405 concretionem
1801 371 1857 411 qui
1881 371 2009 403 aderant
2044 368 2151 417 Medi-

1142 421 1173 453 ci
1199 429 1260 452 uno
1280 427 1331 450 ore
1354 417 1615 458 appellaverunt,
1637 415 1817 448 indicatum
1836 414 1983 452 videtur,
2008 421 2044 446 ut
2082 422 2151 443 ani-

1143 462 1379 496 madverterunt
1403 460 1478 492 Viri
1500 461 1603 495 Docti
1616 483 1627 499 ,
1651 470 1667 492 a
1691 457 1831 492 Fabricii
1855 456 2013 490 Bartoleti
2036 454 2151 491 libris,

1142 505 1239 540 editis
1262 505 1305 537 A.
1334 505 1423 547 1633.
1449 504 1483 535 in
1507 504 1624 546 quibus
1644 513 1718 535 cuin
1742 500 1780 533 de
1804 499 1876 534 visis
1899 512 1914 533 a
1930 500 1958 533 se
1980 498 2050 542 ipso
2072 509 2151 531 con-

1143 547 1341 583 cretionibus
1364 546 1459 579 verba
1483 545 1600 579 faceret
1623 559 1632 584 3
1664 544 1828 588 polypodis
1873 543 2033 577 vocabulo
2077 540 2150 575 usus

1145 593 1272 627 fuerat.

1191 646 1241 676 25.
1267 633 1336 667 Etsi
1360 643 1438 665 vero
1469 644 1485 665 a
1517 642 1567 666 tot
1614 631 1753 665 Medicis
1775 654 1788 671 ‚
1821 632 1853 664 δε
1875 629 1916 663 ab
1950 630 2055 666 aliis3
2102 639 2158 668 ηε,

1146 690 1207 721 que
1233 679 1318 711 enim
1341 675 1480 719 singulos
1523 677 1688 709 nominare
1732 674 1857 708 institui
1883 695 1892 710 ,
1940 672 1990 706 sed
2036 671 2156 718 summa

1148 722 1316 756 dumtaxat
1348 721 1457 762 capita
1479 743 1492 760 ,
1526 722 1557 752 δε
1592 728 1736 761 tempora
1772 715 1960 759 attingendo
1984 737 1994 752 ,
2039 715 2160 762 Obser-

1149 767 1295 798 vationes
1318 763 1477 807 plerasque
1501 762 1674 796 notiffimas
1697 763 1730 794 in
1756 761 1868 794 seriem
1889 759 2033 802 digerere
2052 780 2064 798 ‚
2101 760 2160 791 sic-

1153 821 1212 850 que
1240 809 1379 851 aliquam
1402 808 1464 840 tibi
1490 806 1605 848 Polypi
1628 805 1794 839 historiam
1818 803 2005 838 adumbrare
2029 815 2039 840 3
2071 800 2128 835 etsi
2152 825 2164 841 ,

1153 854 1308 896 inquam,
1331 863 1347 883 a
1369 860 1420 883 tot
1453 849 1591 883 Medicis
1623 849 1707 883 visus
1740 849 1796 881 ille
1847 846 1952 880 suerat
1975 870 1988 887 ‚
2029 850 2060 880 &
2103 857 2163 887 pro

1152 896 1335 931 graviorum
1360 893 1572 933 morborum,
1597 902 1692 937 atque
1716 892 1793 926 adeo
1815 890 1911 935 ipsius
1937 890 2051 923 mortis
2075 888 2165 923 causa

1152 938 1282 973 habitus
1306 950 1317 977 3
1361 949 1456 971 nemo
1502 946 1606 970 tamen
1654 947 1725 969 ante
1770 937 1813 970 A.
1851 938 1942 977 1654.
1969 933 2161 976 peculiarem

1153 982 1192 1016 de
1237 993 1274 1014 eo
1318 982 1545 1015 tractationem
1588 980 1733 1022 vulgavit
1756 1004 1768 1020 ‚
1811 990 1878 1022 quo
1924 977 2052 1010 tandem
2085 986 2168 1009 anno

1154 1025 1241 1059 suam
1263 1025 1299 1058 de
1321 1024 1443 1066 ‘Polypo
1468 1024 1572 1057 cordis
1598 1023 1776 1065 Epistolam
1820 1019 1925 1055 emisit
1970 1020 2166 1054 Sebastianus

1156 1069 1301 1102 Piffinius
1325 1066 1472 1100 Lucensis
1496 1065 1642 1101 Medicus
1664 1090 1676 1106 ‚
1720 1078 1781 1108 qua
1807 1066 1947 1107 propriis
1971 1085 1981 1102 ‚
2025 1067 2055 1097 δι
2088 1074 2168 1106 quo-

1156 1112 1290 1146 rundam
1337 1121 1406 1145 tum
1450 1113 1607 1145 Veterum
1631 1132 1642 1149 ‚
1688 1119 1759 1145 tuni
1792 1110 2024 1143 Recentiorum
2048 1106 2169 1140 Obser-

1157 1156 1348 1189 vationibus
1395 1152 1568 1196 propositis
1589 1177 1602 1194 ‚
1646 1163 1700 1187 aut
1725 1150 1878 1186 indicatis
1903 1177 1913 1191 ‚
1957 1151 2071 1194 polypi
2097 1151 2171 1197 qui-

1158 1199 1229 1233 dem
1273 1209 1380 1232 nomen
1424 1207 1539 1230 novum
1562 1219 1574 1236 ,
1620 1196 1672 1229 sed
1717 1207 1782 1230 rem
1825 1206 1937 1229 novam
1979 1206 2037 1228 non
2082 1195 2136 1237 esJe
2162 1218 2173 1233 ‚

1159 1242 1252 1277 fassus
1275 1265 1285 1281 ,
1321 1240 1406 1283 signa
1435 1239 1502 1282 ejus
1535 1238 1647 1274 afferre
1671 1264 1680 1280 ,
1712 1243 1744 1273 &
1775 1239 1930 1273 nonnulla
1953 1237 1991 1272 de
2014 1250 2053 1271 eo
2077 1239 2173 1272 theo-

1160 1287 1260 1321 retica
1284 1311 1295 1327 ‚
1331 1289 1363 1318 «Se
1397 1285 1535 1327 practica
1569 1284 1767 1326 problemata
1805 1283 1923 1316 solvere
1953 1292 2087 1316 conatus
2110 1281 2172 1316 est.

1291 1329 1390 1362 Hunc
1412 1336 1480 1371 erat
1504 1335 1692 1370 excepturus
1722 1326 1864 1360 Michael
1900 1325 2078 1360 Kirsteuius
2101 1350 2113 1367 ‚
2147 1327 2175 1359 is

1160 1373 1252 1416 cujus
1297 1371 1570 1405 observationem
1599 1396 1609 1411 ‚
1654 1374 1687 1405 δε
1734 1372 1864 1414 Figuras
1911 1371 2024 1412 polypi
2069 1369 2176 1404 cordis

1161 1416 1263 1452 edidit
1289 1415 1437 1450 Thomas
1462 1413 1671 1449 Bartholiiius
1717 1414 1771 1457 (b
1794 1419 1808 1455 >
1830 1438 1837 1446 .
1884 1414 2036 1456 Namque
2070 1422 2107 1447 ut
2129 1415 2173 1448 A.

1166 1464 1259 1503 1657.
1286 1459 1324 1493 ad
1349 1457 1433 1493 hunc
1458 1458 1612 1492 scribebat
1638 1460 1771 1501 Segerus
1804 1459 1855 1501 (c
1877 1461 1891 1499 )
1915 1479 1923 1494 ,
1956 1458 2008 1490 illi
2040 1467 2106 1490 erat
2141 1459 2179 1491 in

1163 1507 1272 1538 animo
1295 1504 1443 1536 adornare
1467 1500 1719 1544 Di‘ffertationem
1743 1502 1778 1535 de
1823 1499 1987 1545 affefiibus
2031 1501 2140 1535 Cordis
2166 1526 2178 1541 ‚

1162 1561 1224 1592 qua
1248 1555 1352 1581 mente
1372 1545 1477 1588 plures
1504 1544 1599 1588 hujus
1621 1544 1751 1587 polypos
1773 1543 2018 1585 observaverat,
2050 1545 2092 1578 Θ
2126 1545 2180 1579 tle-

1161 1593 1295 1626 lineatos
1321 1591 1437 1632 segero
1462 1588 1630 1629 ostenderat
1654 1601 1664 1621 .-
1709 1598 1727 1620 a
1750 1587 1864 1630 quibus
1885 1588 2052 1621 catarrhos
2081 1586 2180 1632 suffo-

1163 1635 1288 1669 cativos
1332 1633 1398 1666 ideo
1441 1633 1517 1666 oriri
1562 1630 1710 1673 inprimis
1752 1630 1896 1664 credebat
1918 1654 1931 1671 ‚
1978 1632 2051 1674 quia
2077 1643 2181 1666 omnes

1164 1677 1216 1712 illi
1237 1701 1252 1718 ‚
1295 1677 1327 1710 in
1349 1674 1462 1717 quibus
1480 1674 1612 1717 polypos
1637 1674 1692 1707 hos
1727 1673 1948 1716 observaverat
1972 1697 1981 1712 ‚
2027 1675 2175 1709 catarrho

1165 1721 1254 1755 hocce
1300 1718 1433 1753 extinc‘ii
1477 1717 1604 1757 'slierant
1627 1740 1636 1755 ‚
1681 1717 1807 1752 cursum
1839 1717 1989 1751 videlicet
2021 1718 2184 1761 sanguinis

1165 1763 1318 1806 ejusmodi
1341 1761 1575 1803 concrescentiis
1598 1760 1810 1795 inhibentibus
1833 1772 1869 1794 ac
1911 1761 2006 1804 plane
2043 1762 2182 1805 fisienti-

1166 1806 1225 1841 bus
1250 1831 1257 1838 .
1295 1807 1379 1849 Qae
1405 1805 1601 1839 Dissertatio*
1622 1816 1700 1838 num
1723 1803 1878 1847 prodierit
1893 1828 1905 1845 ‚
1927 1806 2044 1849 ignoro
2069 1820 2077 1837 ε
2113 1817 2183 1840 cer-

1166 1860 1198 1884 te
1220 1850 1277 1895 qui
1301 1861 1371 1882 eam
1394 1848 1510 1882 viderit
1535 1873 1544 1889 ‚
1584 1846 1690 1891 legisse
1713 1859 1778 1882 non
1802 1850 1933 1882 memini
1959 1874 1966 1881 .
2003 1850 2098 1884 Suam
2131 1852 2183 1883 in·-

1166 1895 1265 1927 terim
1289 1894 1325 1926 de
1347 1891 1468 1934 ‘Polypo
1490 1893 1596 1926 cordis
1629 1892 1818 1935 inscriptam
1862 1893 1906 1925 A.
1935 1895 2026 1925 1665.
2075 1893 2183 1928 emifit

1167 1936 1397 1980 Malpighius,
1422 1936 1513 1970 illius
1538 1937 1728 1977 materiam,
1753 1935 2002 1980 structuramque
2026 1939 2183 1973 rimatus,

1166 1982 1251 2023 Qae
1274 1980 1469 2014 Dissertatio
1488 2003 1498 2018 ‚
1524 1990 1588 2012 non
1621 1979 1706 2013 secus
1737 1990 1773 2012 ac
1807 1980 1955 2023 pleraque
1988 1983 2149 2026 praecipua
2171 2009 2184 2024 ,

1168 2036 1240 2067 quae
1265 2023 1335 2067 post
1357 2023 1470 2065 illam,
1492 2022 1530 2057 de
1552 2022 1684 2061 cordis,
1710 2025 1743 2057 &
1767 2023 1915 2058 vasorum
1937 2025 2067 2069 polypis
2090 2038 2107 2060 a
2131 2036 2185 2061 tot

1166 2069 1237 2101 aliis
1262 2066 1346 2100 edita
1371 2065 1441 2099 sunt
1457 2090 1468 2107 ‚
1492 2078 1566 2100 cum
1589 2065 1628 2101 sit
1652 2066 1714 2100 tibi
1748 2067 1845 2111 longe
1875 2068 2034 2103 notiffima
2055 2094 2068 2112 ,
2101 2070 2185 2105 lianc

1166 2110 1306 2145 nostram
1330 2108 1470 2143 historiae
1496 2110 1615 2153 Polypi
1639 2111 1918 2145 adumbrationem
1952 2114 2087 2150 ulterius
2118 2126 2185 2149 non

1167 2153 1400 2197 producemus:
1427 2153 1477 2187 sed
1500 2152 1539 2187 ad
1562 2165 1596 2186 ea
1618 2156 1777 2188 continuo
1799 2154 2022 2200 transibimus,
2069 2170 2187 2193 uorum

1168 2196 1260 2232 causa
1316 2197 1407 2232 illam
1459 2199 1655 2241 praemittere
1708 2209 1775 2233 non
1812 2200 1946 2236 ‘inutile
1989 2203 2040 2237 exi·
2072 2203 2185 2238 imavi-

1169 2251 1260 2275 mus.

1213 2288 1265 2318 26.
1289 2284 1391 2327 Qod
1415 2296 1491 2337 ergo
1513 2285 1552 2321 ad
1575 2288 1690 2332 polypi
1715 2289 1881 2324 materiam
1926 2292 2044 2326 attinet
2070 2316 2082 2333 ,
2125 2293 2184 2336 qui

1167 2327 1250 2362 hanc
1291 2340 1366 2380 cum
1413 2330 1506 2374 adipe
1528 2356 1538 2371 ,
1586 2341 1641 2366 aut
1684 2343 1777 2367 carne
1809 2357 1820 2372 ,
1866 2344 1920 2369 aut
1966 2336 2148 2372 membrana
2172 2361 2184 2377 ,

1170 2382 1224 2406 aut
1270 2382 1393 2415 pituita
1437 2385 1663 2420 cpmpararunt
1694 2399 1705 2416 ‚
1753 2377 1888 2412 minime
1932 2379 1983 2413 illi
2032 2379 2185 2423 arguendi

1168 2415 1242 2450 sunt
1268 2442 1278 2458 ‚
1323 2428 1397 2450 curn
1441 2418 1690 2453 similitudinem
1721 2419 1890 2455 dumtaxat
1935 2421 2148 2466 spthaverint
2170 2449 2186 2465 5

1168 2471 1240 2503 quae
1285 2459 1461 2502 aliquando
1505 2463 1676 2497 oculorum
1723 2462 1848 2506 judicio
1891 2473 1981 2500 tanta
2027 2467 2069 2501 est
2092 2492 2104 2509 ,
2148 2480 2185 2504 ut

1163 2513 1246 2545 aqua
1291 2513 1381 2551 aquae
1426 2502 1565 2538 similior
1609 2517 1672 2539 non
1697 2507 1842 2542 videatur
1867 2534 1876 2543 .
2014 2512 2084 2554 Q
2108 2523 2184 2548 vero

1164 2557 1231 2579 non
1275 2543 1410 2580 similem
1430 2591 1436 2597 ι
1456 2548 1557 2581 modo
1590 2572 1603 2590 ,
1648 2547 1699 2583 sed
1743 2550 1873 2586 eandem
1920 2554 2047 2596 prorsus
2091 2554 2148 2590 esse
2172 2581 2184 2598 ,

1165 2598 1356 2638 putarunt·J
1402 2590 1437 2623 hi
1484 2592 1578 2625 nullo
1600 2616 1613 2634 ,
1661 2601 1715 2627 ant
1760 2595 1823 2629 levi
1868 2599 2014 2631 examine
2052 2609 2184 2634 conten-

1166 2634 1193 2666 ti
1230 2656 1242 2673 ‚
1288 2644 1355 2683 ητι-
1380 2633 1482 2676 specie
1525 2635 1651 2678 decepti
1701 2636 1773 2672 sunt
1808 2665 1816 2673 .
1860 2642 1910 2674 Sic
1956 2643 2014 2686 qui
2060 2643 2184 2686 adiposi

1167 2675 1226 2710 esse
1249 2687 1398 2718 generis,
1422 2677 1502 2712 adeo
1523 2679 1728 2715 crediderunt
1751 2683 1840 2725 (d)
1863 2705 1873 2722 ,
1907 2694 1943 2718 ut
1968 2687 2181 2730 mirarentur,

1167 2720 1337 2766 qupmodo
1359 2722 1407 2754 vel
1432 2723 1467 2754 in
1491 2733 1530 2756 eo
1553 2724 1629 2757 loco
1660 2725 1706 2757 ita
1750 2727 1948 2761 concrescere
1993 2730 2146 2772 potuisset
2170 2756 2184 2773 ,

1171 2774 1263 2813 cujus
1286 2764 1424 2813 calorem
1447 2765 1514 2799 loci
1537 2790 1551 2807 ,
1582 2767 1717 2801 docente
1740 2770 1869 2804 Galerio
1891 2795 1904 2812 ,
1935 2772 1994 2806 vix
2028 2774 2149 2816 digitus
2174 2799 2183 2813 ,

1173 2817 1251 2840 vivo
1273 2807 1417 2856 existente
1439 2811 1594 2851 animali,
1610 2810 1741 2855 sufferre
1759 2812 1858 2857 posset
1877 2837 1890 2853 ‚
1922 2813 2074 2858 perfacile
2096 2818 2183 2860 ignis

1176 2860 1429 2894 experimentum
1454 2853 1604 2887 videntur
1627 2854 1816 2896 neglexisse.
1843 2858 1966 2893 Mirum
1991 2870 2096 2895 autem
2118 2862 2184 2903 est,

1174 2906 1248 2928 cum
1272 2896 1499 2937 pinguedinem
1522 2897 1579 2929 esse
1600 2897 1760 2931 crederent
1783 2923 1795 2939 ,
1829 2909 1882 2934 aut
1905 2901 1942 2935 de
1974 2901 2030 2938 ista
2063 2905 2183 2940 Galerii

1173 2938 1320 2971 dofflina
1342 2961 1355 2978 ,
1388 2949 1439 2973 aut
1462 2939 1501 2973 de
1523 2941 1580 2973 illa
1601 2943 1809 2975 concretione
1832 2954 1896 2978 non
1920 2945 2075 2982 dubitasse
2098 2973 2110 2989 ,
2132 2952 2182 2983 vi-

1171 2993 1216 3015 vo
1239 2993 1276 3014 ne
1300 2981 1453 3020 homine,
1480 2995 1517 3017 an
1542 2983 1666 3028 frigido
1687 2984 1752 3028 jam
1776 2985 1864 3021 facito
1886 2989 2037 3024 cadavere
2070 2994 2181 3035 potius

1173 3023 1332 3075 accidisset
1358 3036 1366 3057 :
1402 3037 1584 3071 quanquam
1609 3031 1710 3073 magis
1732 3031 1851 3064 mirum
1882 3032 1925 3067 est
1947 3058 1961 3075 ,
1992 3035 2098 3070 multo
2131 3049 2181 3070 re-

1173 3078 1309 3103 centiori
1332 3079 1479 3111 tempore
1500 3081 1564 3105 non
1587 3070 1719 3107 defuisse
1750 3075 1806 3117 qui
1851 3077 1967 3120 polypi
2014 3082 2181 3114 materiam

1174 3113 1214 3147 ab
1258 3111 1324 3154 ipsa
1368 3112 1474 3146 cordis
1519 3116 1714 3158 pinguedine
1736 3140 1749 3157 ‚
1795 3116 1884 3154 haud
1926 3122 1992 3155 scio
2014 3124 2182 3165 quomodo

1175 3168 1192 3190 a
1216 3156 1378 3199 superficie
1401 3157 1439 3207 ad
1461 3159 1615 3193 interiora
1658 3159 1855 3196 traducentes
1878 3189 1888 3204 ‚
1932 3164 2148 3200 derivaverint
2172 3193 2181 3200 .

1300 3202 1358 3234 Sed
1382 3201 1600 3248 qui-polypos
1623 3214 1749 3238 carnem
1771 3228 1780 3243 ‚
1810 3207 2062 3242 membranamve
2085 3207 2144 3244 esse
2167 3235 2181 3251 ,

1167 3245 1353 3281 censuerunt
1378 3269 1388 3284 ,
1433 3245 1456 3278 11
1499 3256 1604 3287 revera
1651 3248 1772 3290 semper
1815 3251 1941 3293 decepti
1984 3264 2048 3285 non
2085 3253 2182 3295 sunt,

1175 3288 1226 3322 sed
1280 3300 1389 3322 eorum
1443 3298 1670 3334 nonnunquam
1717 3291 1810 3327 fibras
1853 3305 1925 3328 cum
1972 3294 2061 3330 fibris
2105 3309 2180 3330 cor-

1173 3331 1229 3379 dis·
1279 3333 1463 3366 continuari
1496 3357 1509 3373 ‚
1564 3336 1596 3367 &
1653 3347 1722 3369 vera
1775 3348 1831 3379 per
1874 3338 1959 3381 ipsos
2004 3339 2182 3382 sanguifcra

1173 3378 1297 3410 vascula
1320 3376 1455 3420 produci
1478 3399 1491 3416 ‚
1531 3377 1764 3420 conspexerunt
1786 3404 1799 3420 ‚
1839 3392 1977 3425 quorum
1999 3384 2081 3417 mihi
2107 3395 2185 3419 neu-

1174 3429 1261 3453 trum
1286 3423 1318 3454 in
1344 3421 1473 3463 polypis
1494 3431 1594 3463 prope
1618 3424 1792 3457 innumeris
1815 3425 1952 3468 spectare
1976 3425 2078 3460 adhuc
2102 3439 2181 3461 con-

1174 3465 1253 3507 tigit
1277 3478 1288 3505 3
1328 3475 1393 3499 non
1437 3463 1489 3497 illi
1533 3473 1611 3499 tunc
1656 3467 1795 3510 polypos
1825 3491 1839 3509 ,
1881 3469 1920 3503 de
1964 3470 2079 3514 quibus
2125 3470 2180 3505 hic

2069 3525 2138 3558 agi-

173 3688 184 3719 ί
201 3696 226 3713 m
240 3688 255 3718 )
270 3686 379 3713 Murcus.
394 3687 465 3712 hum.
481 3693 546 3717 corp.
564 3685 621 3716 piei.
639 3686 727 3713 disicet.

172 3721 188 3748 ζ
200 3727 215 3745 9
229 3719 245 3747 )
259 3717 384 3748 sepulchr.
401 3719 420 3743 1.
435 3725 458 3747 3.
475 3718 500 3742 S.
517 3724 554 3742 21.
572 3717 629 3742 Obs.
648 3726 670 3747 3.
689 3718 711 3748 §.
728 3726 767 3749 ²4·

172 3751 188 3778 (
202 3755 213 3772 t
229 3749 244 3779 )
259 3748 383 3778 sepulehi.
399 3750 418 3773 Ι.
435 3756 458 3773 2.
476 3750 500 3773 S.
519 3755 539 3772 ι.
556 3747 615 3771 Obs.
636 3756 671 3778 ¹4·
689 3749 712 3773 8<
728 3751 746 3774 1.
763 3759 786 3780 4.

173 3781 188 3808 (
200 3785 218 3809 y
233 3780 248 3809 )
263 3779 387 3809 Sepulchr.
403 3781 422 3804 Ι.
438 3786 459 3803 a.
477 3780 500 3804 S.
517 3780 541 3803 8.
559 3778 617 3803 obs.
635 3787 672 3808 ¹4·
691 3781 714 3811 §.
732 3789 755 3805 ι.

175 3811 191 3838 (
206 3818 218 3834 ε
235 3814 244 3842 )
259 3810 307 3836 Th.
325 3810 460 3836 Bartholin.
478 3811 550 3834 Cent.
568 3817 592 3835 2.
608 3810 681 3841 Epist.
702 3811 794 3837 Medic.
810 3813 851 3838 86.

802 3751 826 3776 S.
845 3759 866 3777 1.
882 3752 943 3777 obs.
964 3759 1000 3780 ιι.

789 3688 798 3720 (
816 3699 833 3715 n
846 3690 861 3720 )
877 3690 973 3716 Oeam.
989 3690 1086 3715 Pontif.
1103 3678 1223 3716 Ardhiatr.

829 3721 896 3752 (s)
913 3722 977 3750 apud
991 3722 1115 3746 Schenck.
1133 3722 1194 3746 Obs.
1210 3723 1281 3750 Med.
1305 3724 1321 3747 l.
1338 3731 1360 3747 2.
1378 3721 1421 3746 ubi
1436 3722 1466 3746 de
1481 3723 1553 3747 cord.
1572 3725 1682 3749 Exci-ese.

1067 3752 1076 3777 s
1093 3760 1110 3776 u
1127 3752 1141 3782 )
1156 3754 1218 3779 rab.
1236 3763 1256 3785 9.
1273 3754 1325 3783 Fig.
1348 3760 1372 3776 2.
1390 3753 1416 3777 in
1432 3753 1538 3783 append.
1556 3755 1587 3778 ad
1604 3755 1665 3780 Tab.
1686 3754 1785 3780 The-atri
1803 3758 1878 3782 Anat.

822 3784 866 3812 <z
881 3783 889 3813 )
907 3783 967 3808 obs.
984 3784 1055 3809 Med.
1072 3783 1089 3808 Ι.
1109 3791 1132 3809 1.
1149 3791 1169 3808 c.
1186 3793 1227 3815 27.

1286 3691 1455 3722 (ωψσε.
1517 3680 1753 3723 (menam.

1812 3695 1822 3725 s
1840 3705 1855 3727 q
1870 3697 1886 3726 )
1903 3696 1964 3721 διὰ.
1981 3696 2025 3722 hac
2043 3704 2066 3726 ⁹·
2084 3694 2145 3721 obs.
2161 3704 2185 3727 ς.

1941 3759 1950 3790 (
1967 3766 1983 3783 x
1999 3759 2006 3785 i
2025 3757 2091 3784 ibid.
2107 3759 2180 3788 Piga.

1287 3786 1296 3814 (
1315 3792 1329 3808 a
1346 3785 1355 3815 l
1371 3786 1388 3807 ¹·
1404 3791 1426 3807 ²·
1443 3785 1468 3808 S·
1487 3791 1526 3809 ¹¹·
1540 3785 1622 3814 ΟΜ-ς·
1641 3786 1656 3817 §
1669 3795 1692 3811 ²·
1756 3787 1764 3815 (
1781 3786 1795 3811 b
1811 3788 1825 3817 )
1842 3791 1913 3815 cent.
1933 3799 1954 3821 ς.
1971 3789 2033 3816 Hist.
2050 3791 2125 3814 Anat.
2142 3797 2180 3819 17.

914 3814 929 3844 (
943 3814 959 3838 d
974 3815 988 3844 )
1006 3814 1059 3839 Vid,
1077 3813 1172 3841 ssosehii
1188 3816 1247 3841 Leti
1270 3825 1295 3846 3-
1313 3814 1335 3839 8:
1356 3815 1489 3841 Bartholin.
1508 3819 1579 3844 cent.
1599 3824 1620 3842 ι.
1636 3819 1709 3848 Epist.
1726 3818 1794 3844 Medi
1814 3828 1835 3844 2.
