2498 4075
347 258 504 295 tanquam
529 249 575 284 sui
598 248 793 292 proprium,
815 242 1063 289 comprehendit
1077 267 1088 283 ‚
1111 241 1218 285 ipsum
1241 251 1350 276 tamen

345 291 512 338 complet,
534 293 746 336 proximeque
768 290 898 332 operit3
922 287 1075 329 suspicari
1100 285 1194 324 velles
1213 310 1222 326 ‚
1245 285 1351 328 subje-

344 335 444 379 §tam'
467 347 599 380 quoque
622 334 848 375 Oblongatarn
873 332 1044 367 medullam
1076 328 1315 369 convulneraffe
1338 341 1350 369 5

344 382 563 424 experimenta
586 382 599 418 (
622 384 636 409 t
657 380 672 416 )
695 388 758 409 non
782 375 918 409 deessent
941 385 979 407 ex
1002 372 1120 415 quibus
1133 373 1349 415 intelligeres,

345 434 412 457 non
430 431 559 465 propter
569 420 651 456 hanc
674 420 1002 457 convulnerationem
1016 415 1239 457 potissimum,
1264 427 1348 449 mor-

341 475 409 501 tem
433 466 571 500 subitam
595 463 683 506 sequi
707 460 869 500 debuisse.
894 460 1087 503 Optandum
1100 458 1173 492 esset
1189 480 1197 495 ‚
1220 468 1256 492 ut
1267 460 1351 491 Coi-

341 518 429 544 terus
452 510 485 549 in
520 509 561 540 iis
585 506 793 546 Anatomicis
816 503 1111 539 Observationibus
1141 512 1219 545 quas
1243 502 1351 535 sexde-

339 554 407 591 cim
432 551 500 594 post
523 551 665 588 Cattum
689 550 780 583 annis
803 548 972 590 vulgavit,
998 544 1153 589 attigisset
1179 546 1218 578 ali
1245 545 1298 579 uid
1311 545 1350 579 ad

339 595 536 630 cerebellum
559 593 726 637 sperimus,
749 591 880 636 quando
903 593 936 625 &
957 589 1024 631 ipse
1050 614 1060 630 ,
1089 588 1179 632 equod
1203 600 1217 621 a
1264 600 1352 622 cere-

340 639 435 673 brum
461 638 578 676 attinet
603 647 783 679 agnorum,
809 633 982 674 hoedorum
1006 656 1019 673 ‚
1050 634 1082 666 &
1103 643 1218 669 canum
1242 633 1353 669 viven-

340 684 428 725 tium
454 704 464 720 ,
489 682 702 719 Recentiores
721 679 902 713 ‘antevertit
926 699 936 714 ,
976 676 1044 711 haec
1069 674 1208 711 scribens
1232 687 1242 707 :
1274 676 1353 717 quod

333 724 458 767 summa
483 724 688 763 admiratione
712 723 838 765 dignum
850 719 977 761 existit,
996 718 1161 754 ,brutorum
1172 718 1353 755 viventium

341 769 463 805 cerebra
487 768 614 804 detexi,
636 765 827 804 vulneravi,
852 765 895 798 ἔφ’
916 762 1046 802 intafiis
1068 762 1178 800 nervis
1198 784 1211 801 ‚
1243 770 1353 796 eorm.-

340 813 465 853 demque
485 810 642 851 principio
657 831 665 845 ‚
689 806 930 846 &ventriculis
952 805 1063 841 mediis
1077 803 1179 847 illaesis
1195 827 1204 841 ‚
1227 805 1351 844 exemi,

341 863 375 887 at
398 853 593 893 nlullum‘wel
614 853 724 891 nocie,
745 849 797 888 rel
820 849 1057 892 respirationi&
1080 847 1132 881 vel
1148 846 1278 891 sensus,
1300 847 1352 882 vel

341 905 449 934 motus
470 892 640 939 offenfionis
657 894 779 937 fignum
802 894 834 926 in
854 894 899 930 jis
921 890 1103 933 deprehendi
1125 915 1133 922 .
1168 893 1263 924 Ares
1284 889 1352 932 absa

340 951 396 983 que
415 940 538 978 ,cerebro
558 937 743 980 ‘aliquandiu
766 936 884 974 vivunt
906 957 919 975 ,
953 943 989 967 ut
1012 932 1145 976 quilibet
1168 935 1200 967 in
1220 932 1352 976 gallinis

339 982 395 1018 'vel
414 981 514 1025 pullis
532 980 738 1024 gallinaceis,
757 978 784 1022 fi
808 978 936 1020 rostrum
955 977 1101 1020 superius
1125 987 1197 1014 cum
1219 977 1350 1013 dimidia

338 1025 456 1068 capitis
476 1032 567 1067 parte
590 1023 758 1066 absciderit
778 1048 788 1063 ,
823 1021 995 1063 cerebriqne
1018 1019 1168 1062 majorem
1194 1021 1350 1054 ,exemerit

335 1076 478 1111 partem,
505 1068 643 1109 experiri
660 1066 757 1109 potest
773 1091 780 1098 .
802 1066 969 1108 Superiori
992 1073 1102 1098 ,autem
1118 1085 1128 1101 ,
1151 1066 1183 1099 δι
1204 1063 1268 1101 hoc
1293 1062 1349 1096 sae,

337 1112 414 1146 culo
438 1111 652 1154 Experientes
676 1110 757 1142 Viri
791 1120 831 1146 ne
855 1108 1047 1146 cerebellum
1079 1106 1211 1149 quidem
1237 1107 1347 1141 avium

337 1156 478 1198 eximere
503 1153 683 1190 omiserunt
699 1178 706 1186 .
732 1152 786 1191 Sic
811 1152 865 1186 Cl.
888 1153 1171 1190 Zimmermannus
1193 1153 1259 1188 (u)
1275 1160 1350 1182 cum

336 1198 505 1236 cerebrum
529 1220 541 1238 ‚
571 1199 605 1237 ὃς
625 1197 822 1236 ,ςενώεΙῙιπη
845 1195 1005 1230 columbae
1026 1191 1213 1227 detraxisset
1236 1191 1253 1233 ,’
1283 1192 1351 1226 haec

336 1241 467 1279 subito,
495 1244 527 1280 &
551 1241 688 1274 omnino
707 1241 829 1284 periit:
854 1238 943 1281 quod
958 1247 992 1275 ut
1017 1236 1174 1278 conjicias
1198 1235 1281 1273 unde
1293 1248 1351 1278 po-

335 1285 488 1321 tiffimum
507 1284 685 1324 acciderit3
711 1294 786 1322 cum
810 1282 901 1315 alteri
913 1281 1074 1317 columbae
1097 1279 1263 1316 cerebrum
1277 1280 1352 1314 ade-

335 1326 465 1371 misset,
491 1327 624 1369 haecque
647 1326 686 1358 ad
710 1325 843 1368 aliquod
866 1334 992 1365 tempus
1017 1325 1140 1357 viveret
1151 1332 1258 1356 tamen
1273 1344 1282 1359 ‚
1306 1334 1356 1358 ce„

335 1371 449 1409 rebello
470 1377 616 1412 exemto,
634 1367 741 1412 subito
767 1370 866 1411 periit
892 1392 901 1401 .
928 1368 1057 1405 Verum
1081 1377 1120 1400 ne
1143 1377 1159 1399 a
1183 1365 1354 1408 perfeffio-

335 1416 427 1449 ribus
452 1436 462 1454 ‚
493 1422 529 1456 ut
553 1412 650 1456 supra
674 1410 715 1451 est
740 1411 943 1455 propositum
968 1436 977 1451 ,
1012 1409 1204 1448 ,animalibus
1229 1410 1355 1444 receda-¹

335 1469 428 1499 mus-2
452 1468 526 1492 cum
551 1456 608 1498 has
632 1457 774 1494 Litteras
799 1455 840 1491 ad
863 1465 895 1489 te
920 1455 1062 1498 primurn
1086 1453 1179 1492 misi,
1201 1464 1282 1488 unus
1306 1455 1354 1487 in-

335 1511 387 1543 ter
410 1502 568 1545 plurimos
591 1508 645 1537 aut
669 1499 804 1539 statim,
829 1508 881 1532 aut
905 1509 970 1531 non
983 1497 1088 1531 multo
1112 1495 1183 1542 post
1204 1507 1354 1533 mortuos

339 1545 580 1583 memorabatur
605 1545 639 1576 in
664 1541 723 1579 hac
746 1542 968 1580 controversia
993 1540 1143 1575 Chirac'ii
1178 1542 1266 1575 canis
1295 1542 1354 1583 qui

335 1587 433 1633 ¹horas
456 1588 576 1629 viginti
598 1594 738 1629 quatuor
764 1597 780 1619 a
803 1585 934 1628 sumpto
958 1586 1178 1627 experimento
1202 1583 1352 1626 superstes

336 1632 466 1667 fuerat,
492 1631 592 1665 Nunc
616 1638 723 1668 autern
748 1629 909 1666 video,‘a
933 1628 986 1661 Cl.
1012 1628 1132 1661 Zinnio
1155 1629 1189 1660 in
1213 1638 1247 1660 ea
1271 1627 1352 1660 Dis-

336 1674 510 1709 sertatione
534 1685 597 1717 qua
621 1673 765 1718 pericula
790 1673 831 1706 ab
854 1671 884 1704 se
908 1669 990 1709 faeta
1013 1673 1111 1708 etiam
1135 1672 1169 1706 in
1191 1670 1350 1706 cerebello

334 1718 507 1762 proposuit
531 1722 542 1758 (
566 1727 588 1755 x
607 1717 643 1761 v)‚
667 1726 776 1753 canem
801 1715 937 1756 produci
955 1716 1013 1756 qui
1036 1726 1075 1748 eo
1097 1713 1216 1751 viscere
1239 1713 1348 1755 perfo-

335 1772 431 1799 rate,
455 1760 555 1804 horas*
574 1759 714 1793 totidem
739 1759 823 1793 vixit
847 1780 859 1797 ‚
882 1758 951 1791 imo,
975 1758 1114 1790 alterum
1138 1767 1271 1799 quoque
1294 1757 1348 1793 cui

335 1805 463 1849 abscissa
487 1818 502 1838 a
526 1806 639 1841 Petito
663 1810 752 1845 parte
775 1800 893 1839 sinistri
915 1800 985 1837 lobi
997 1800 1171 1840 cerebelli,
1195 1802 1263 1834 vita
1277 1811 1348 1841 per-

333 1850 418 1883 stitit
442 1849 509 1883 dies
521 1848 591 1881 sex.
618 1846 746 1883 Verum
759 1844 826 1883 haec
851 1854 977 1887 perrara
993 1845 1137 1886 exempla
1162 1842 1243 1885 elle,
1268 1853 1349 1876 con-

333 1893 394 1935 stat
409 1916 418 1930 ‚
444 1895 474 1926 &
498 1892 635 1924 omnino
660 1900 759 1931 pauca
779 1911 789 1927 ,
810 1887 833 1927 fi
856 1898 930 1923 cum
956 1896 1009 1926 tot
1032 1888 1103 1921 aliis
1126 1897 1243 1923 canum
1265 1897 1349 1928 quos

335 1937 445 1970 statim
469 1933 585 1972 obiisse
609 1935 779 1971 novimus,
804 1929 1013 1967 conferantur
1037 1953 1049 1971 2
1085 1940 1142 1966 aut
1163 1940 1248 1972 ‚quos
1275 1928 1345 1971 ipse

333 1984 391 2020 vix
410 1980 475 2022 posi
499 1986 647 2022 quartum
671 1978 853 2018 quintumve
876 1976 1033 2009 minutum
1056 1998 1067 2018 ,
1089 1975 1137 2008 vel
1157 1982 1214 2015 per
1236 1970 1346 2007 horam,

327 2021 423 2067 feref,
447 2031 483 2061 ut
507 2022 588 2060 duos
610 2019 738 2059 tresve,
762 2018 811 2052 vel
834 2016 937 2055 tribus
958 2016 1042 2050 horis
1056 2042 1066 2059 ,
1089 2027 1125 2052 ut
1141 2027 1239 2054 unum
1254 2038 1262 2052 ‚
1289 2015 1341 2051 vel

335 2067 499 2107 summum
518 2075 574 2112 per
602 2074 648 2095 12.
673 2062 763 2097 horas
787 2085 798 2101 ‚
833 2070 869 2098 ut
891 2060 1053 2104 quendam>
1076 2061 1177 2096 alium
1200 2081 1214 2098 2
1236 2060 1343 2095 vitam

337 2107 546 2154 produxisse,
567 2118 607 2141 ex
630 2106 692 2144 suis
715 2132 724 2145 ‚
748 2105 953 2146 aliorumque
978 2103 1102 2141 seleffls
1125 2102 1342 2136 Observatio-

335 2155 430 2188 nibus
452 2152 574 2191 fatetur
588 2176 597 2188 2
618 2149 720 2189 Qod
733 2148 755 2184 fi
780 2159 967 2191 graviorum
980 2147 1125 2184 cerebelli
1149 2146 1318 2183 vulnerum
1332 2170 1343 2186 ,

336 2210 395 2233 nec
417 2207 522 2235 tamen
546 2194 693 2233 citissime
716 2191 909 2233 lethalium,
932 2192 966 2224 in
989 2190 1180 2229 hominibus,
1199 2190 1345 2231 exempla

336 2251 539 2286 quaeramusz
561 2240 617 2272 vix
639 2236 737 2272 credo,
758 2235 828 2277 fore
850 2234 978 2270 duobus
1001 2235 1113 2275 plura.>
1137 2234 1291 2273 Alterum
1303 2244 1341 2266 ex

336 2288 448 2329 Petito
473 2282 626 2331 produxit
653 2280 830 2322 Peyronius
855 2283 906 2320 (y
928 2282 942 2320 )
968 2278 1084 2315 militis
1105 2278 1161 2320 qui
1185 2277 1280 2310 horas
1292 2277 1342 2308 vi-

337 2331 386 2364 xit
409 2339 471 2366 tres
496 2330 527 2360 &
549 2324 785 2369 quadraginta.
809 2324 959 2358 Alterum
982 2323 1015 2357 in
1040 2319 1248 2363 Sepulchreto
1270 2319 1344 2362 (z)

337 2370 428 2409 leees'
444 2384 485 2408 ex
508 2371 731 2410 Binningero‚
754 2367 900 2402 Helvetii
924 2368 981 2409 qui
997 2388 1011 2405 „
1031 2367 1092 2400 nist
1115 2363 1201 2398 forte
1223 2364 1256 2396 in
1282 2374 1343 2396 nu-

339 2411 435 2458 meris
457 2412 673 2454 describendis
696 2422 786 2450 error
810 2410 930 2453 aliquis
951 2407 1077 2450 irrepfit
1104 2431 1113 2446 ,
1144 2407 1210 2441 dies
1234 2406 1345 2448 superq

339 2458 431 2495 suisse
453 2457 582 2495 videtur
606 2455 744 2497 amplius
766 2463 926 2495 quatuor.
955 2450 1056 2485 Aliud
1079 2450 1192 2487 famuli
1216 2461 1254 2482 ex
1278 2449 1345 2482 130-

339 2499 425 2543 rellos
444 2502 496 2544 (a
518 2503 532 2543 2
556 2500 618 2533 huc
642 2497 738 2541 adjici
761 2508 827 2530 non
851 2494 959 2539 posse,
981 2493 1131 2533 existimo
1152 2506 1162 2531 3
1186 2503 1287 2535 neque
1311 2502 1344 2523 e-

341 2549 410 2588 nim
433 2545 550 2582 video,
573 2541 741 2584 quomodo
753 2539 833 2574 ensis.
854 2551 910 2581 per
932 2538 1077 2571 orbitam
1095 2538 1259 2580 pervenire
1272 2533 1349 2578 pos*

339 2592 380 2626 fit
417 2589 455 2630 gd
478 2585 671 2626 cerebellum
696 2609 705 2625 ,
738 2582 834 2620 illaesa
858 2581 1026 2623 interjeffta
1060 2590 1149 2624 parte
1186 2579 1310 2614 cerebri
1336 2603 1347 2619 ,

340 2632 430 2678 quod
454 2644 514 2674 pro
537 2629 696 2669 cerebellov
716 2628 763 2661 ibi
786 2625 885 2659 facile
910 2624 1079 2667 legendum
1104 2632 1183 2665 puto
1206 2634 1216 2665 5
1248 2624 1272 2655 is
1296 2631 1348 2654 taq

341 2689 414 2712 men
437 2674 575 2712 famulus
597 2682 792 2714 quocunque
815 2668 895 2705 enfis
919 2668 1049 2703 adactus
1073 2666 1173 2704 fuerit
1200 2688 1209 2704 ‚
1231 2665 1348 2709 postri-

341 2716 394 2755 die
415 2731 507 2757 mane
520 2720 669 2751 inventus
692 2715 734 2751 est
750 2722 919 2749 mortuus.>
943 2711 1013 2747 Cur
1029 2719 1135 2744 autem
1159 2709 1218 2743 alia
1235 2731 1244 2746 ‚
1270 2720 1285 2741 a
1299 2719 1348 2741 me

343 2758 465 2809 pariter
489 2758 709 2799 animadversa
731 2780 740 2796 ,
763 2756 907 2798 exempla
930 2765 996 2790 non
1018 2752 1079 2790 effe
1103 2751 1267 2789 referenda
1291 2763 1347 2794 pu-

346 2818 413 2843 tem
438 2807 523 2846 inter
545 2800 840 2840 vulneracerebelli
864 2800 1013 2841 graviora
1027 2819 1038 2835 ,,
1063 2806 1141 2830 mox
1153 2808 1187 2830 ea
1209 2806 1352 2832 comme-2.

345 2861 476 2891 morans
495 2872 508 2890 ‚
529 2846 692 2885 ostendam
716 2871 725 2879 .
761 2842 821 2878 Sed
844 2843 960 2881 militis
986 2841 1073 2875 illius
1105 2839 1253 2876 cerebelli
1278 2838 1354 2871 sini-

345 2895 445 2929 strum
469 2893 584 2930 lobum
621 2898 706 2924 certe
731 2887 901 2929 traiecerat
936 2884 1051 2927 globus
1074 2884 1245 2926 plumbeus
1270 2896 1276 2913 z
1315 2883 1354 2914 In

346 2937 504 2975 Helvetio
528 2944 633 2970 autern
653 2930 770 2979 finiflri
792 2928 937 2971 cerebelli
954 2928 1146 2974 principium
1170 2928 1292 2969 nigrum
1315 2925 1355 2958 Θ

346 2979 527 3021 corruptum
549 2975 730 3019 apparuit,
764 2976 805 3008 (9·
831 2983 869 3007 ex
891 2971 985 3014 ipsius
1001 2969 1176 3018 substantiae
1199 2969 1323 3003 intimis
1346 2991 1357 3009 2

347 3023 414 3066 offis
435 3031 474 3063 ex
497 3021 600 3059 conice
624 3025 753 3052 acutum
775 3017 876 3050 cranii
893 3014 980 3059 forte
996 3013 1169 3057 frustulum
1180 3011 1355 3047 extractum

347 3062 410 3106 esl;
433 3065 474 3100 ab
495 3063 675 3106 eodemque
699 3060 824 3094 sinistro
848 3060 946 3094 latere
977 3067 1062 3092 artus
1085 3056 1211 3090 fuerant
1235 3054 1356 3088 resolu-

346 3111 374 3143 ti
389 3105 509 3156 :quod
535 3107 577 3141 sic
600 3109 635 3147 in
659 3104 1040 3141 transitu'commernoro
1056 3124 1065 3140 ,
1088 3102 1164 3143 quia
1188 3100 1224 3136 in
1246 3099 1355 3135 Planci

351 3156 482 3196 quoque
507 3149 752 3184 Observatione
776 3146 868 3189 supra
888 3149 904 3185 (
926 3145 945 3177 b
960 3144 981 3187 )
1004 3144 1145 3180 indicata
1179 3152 1266 3177 artus
1289 3152 1355 3178 non

350 3196 518 3245 oppositos
543 3216 552 3232 ‚
575 3194 628 3228 sed
653 3189 812 3232 subje&os
836 3190 953 3222 vitiato
976 3187 1127 3222 cerebelli
1152 3188 1230 3223 lobo
1251 3186 1356 3218 corri-

354 3248 427 3283 puit
450 3237 669 3280 hemiplexia5
693 3244 729 3269 ut
752 3233 918 3267 dubitatio
942 3243 1014 3274 quae
1038 3230 1222 3274 Caesalpino
1245 3233 1260 3269 (
1282 3240 1298 3261 c
1319 3231 1355 3268 )‚

353 3280 477 3319 &mihi
492 3282 612 3324 pariter
637 3283 647 3318 (
671 3279 690 3311 d
711 3281 724 3320 )
748 3276 922 3320 aliquando
935 3275 1065 3308 suborta
1089 3284 1179 3312 erat,
1201 3271 1354 3313 tollipos-

351 3327 383 3366 se
405 3325 578 3363 videatur,
599 3322 620 3357 fi
646 3333 700 3365 per
722 3322 799 3355 alias
823 3320 927 3362 plures
956 3317 1071 3352 harum
1096 3317 1214 3352 fimiles
1236 3315 1355 3348 Obser.

352 3368 503 3410 vation‘es
526 3365 706 3404 constanter
730 3372 878 3407 appareat
893 3385 903 3400 ,
929 3361 1034 3397 sedem
1049 3360 1151 3395 causae
1165 3381 1174 3397 ‚
1197 3357 1355 3399 hemiple-

351 3415 441 3447 xiam
467 3411 636 3450 facientis,
660 3409 753 3448 aliter
776 3408 810 3441 in
833 3405 992 3440 cerebello
1015 3427 1025 3442 ,
1049 3415 1146 3447 quarn
1170 3405 1203 3437 in
1225 3402 1356 3436 cerebro

353 3457 542 3499 plerumque
566 3453 686 3488 soleat,
711 3450 933 3493 deprehendi.
957 3449 1053 3483 Tunc
1065 3457 1168 3481 autem
1189 3444 1353 3493 ubifimul

353 3499 539 3541 cerebrum,
565 3499 595 3537 δέ
619 3494 810 3534 cerebellum
834 3494 949 3536 vitiata
973 3490 1071 3529 essent
1093 3512 1103 3528 ‚
1135 3490 1261 3528 credere
1282 3498 1356 3531 quis

468 3605 506 3663 ξι
540 3633 619 3659 schol.
635 3632 665 3659 ad
680 3639 735 3656 eam
751 3629 846 3655 Differt.
862 3634 953 3657 partem
973 3628 996 3658 5.
1016 3636 1038 3652 1.

472 3665 487 3693 )
503 3672 527 3688 n.
544 3665 586 3689 ²6.'
650 3663 681 3690 (c
699 3664 707 3691 )
724 3662 740 3687 l.
757 3669 779 3685 2.
797 3660 886 3694 Quaest.
901 3659 972 3683 Med.
990 3667 1023 3683 ιο.
1041 3658 1065 3681 in
1081 3658 1121 3684 fin.

476 3698 482 3722 )
498 3694 580 3718 adnot.
597 3693 665 3722 supra
681 3692 711 3717 ad
727 3699 751 3716 n.
767 3694 806 3724 26.
823 3696 866 3717 cit.

475 3727 487 3779 ))
504 3724 599 3747 AEneid.
616 3724 632 3747 1.
650 3730 687 3747 10.
703 3721 761 3746 vers.
777 3722 833 3751 478.
971 3751 979 3779 (
1024 3750 1038 3777 >
1056 3751 1070 3772 S
1179 3749 1193 3776 (
1206 3754 1222 3777 p

996 3758 1008 3773 0
1072 3767 1077 3772 -
1099 3759 1115 3774 Ι.

504 3755 538 3776 De
556 3756 662 3777 Renuna
681 3753 754 3777 Vuln.
770 3753 792 3776 S.
811 3759 833 3775 2.
849 3758 869 3774 c.
888 3759 911 3776 r,

502 3783 517 3807 l.
536 3790 560 3812 9.
578 3783 649 3812 Epist.
667 3790 690 3807 a.
707 3790 760 3812 quae
775 3783 818 3808 esse
834 3780 929 3806 deberet
946 3787 966 3809 ς.

500 3603 558 3628 Vid.
572 3602 634 3631 apud
649 3599 771 3627 Teubeler
787 3599 881 3624 Dissert.
898 3598 927 3622 de
944 3597 1071 3623 vulnerib.
1086 3596 1176 3623 cerebri
1192 3603 1242 3620 non
1259 3595 1351 3623 semper
1368 3593 1485 3618 lethalib.
1504 3593 1526 3622 §.
1542 3601 1580 3622 43·
1598 3595 1620 3617 ἃ
1637 3592 1682 3620 seq.

499 3633 505 3638 ”
1103 3629 1118 3658 (
1130 3636 1148 3657 J
1164 3627 1178 3655 )
1195 3628 1275 3653 Mem.
1290 3625 1359 3653 supra
1378 3624 1407 3648 ad
1424 3632 1448 3648 n.
1465 3627 1503 3647 26.
1521 3624 1565 3648 cit.

1183 3657 1198 3686 (
1216 3657 1232 3680 d
1248 3654 1257 3686 )
1279 3655 1350 3683 Epist.
1369 3657 1442 3678 Anat.
1462 3662 1499 3684 ¹3·
1517 3662 1542 3678 n.
1560 3662 1597 3684 ²3·

928 3688 937 3717 (
952 3697 972 3719 g
989 3691 999 3718 )
1015 3689 1114 3713 observ.
1133 3689 1206 3711 Anat.
1224 3689 1246 3710 δι
1263 3685 1335 3713 Epist.
1353 3685 1444 3708 Medic.
1464 3693 1500 3715 ¹3-

896 3720 904 3750 (
922 3720 932 3747 ζ
948 3720 962 3749 )
978 3718 1002 3742 in
1020 3719 1068 3747 ipso
1083 3718 1156 3743 initio
1172 3714 1339 3743 Animadvers.
1358 3716 1381 3738 in
1400 3718 1471 3745 synt.
1492 3714 1599 3743 Vesling.

1242 3749 1248 3774 J
1264 3747 1300 3770 De
1317 3747 1409 3770 Medic.
1427 3745 1486 3770 Hist.
1504 3745 1623 3770 Mirab.l.
1641 3753 1662 3774 ς.
1674 3752 1726 3773 2·sp

1027 3780 1041 3807 (
1054 3779 1096 3808 s)
1115 3780 1150 3803 De
1165 3777 1208 3802 Us.
1226 3778 1292 3801 Part.
1308 3779 1326 3804 l,
1342 3778 1365 3801 8.
1383 3784 1405 3801 ct
1423 3785 1457 3801 ιο.

653 169 814 224 Liber
842 167 937 230 IV.
971 165 1055 218 De
1089 165 1296 226 Morbis
1328 159 1683 229 Chirurgicis,
1715 159 1771 215 ,ὅτ
1806 155 2200 215 Universalibus

1402 238 1503 283 p0sset
1522 261 1538 282 γ,
1571 238 1678 275 minus
1699 233 1781 273 illud
1816 236 1917 273 valere
1941 235 1979 269 ad
2002 233 2174 277 paralysim
2205 236 2239 270 in
2263 240 2407 278 adverso

1400 285 1520 322 latere,
1541 279 1717 324 quamhoc
1740 280 1773 310 in
1784 277 1950 322 subjeeto,
1977 278 2214 322 inducendam,
2238 280 2261 316 fi
2284 287 2317 319 in
2331 288 2407 320 aliis

1427 336 1533 368 uoque
1554 326 1643 362 idem
1666 323 1871 357 adnotaretur
1894 322 1982 366 quod
2006 321 2046 355 ab
2068 322 2192 359 foresto
2212 326 2277 366 ¹(e)
2296 330 2331 363 jn
2355 330 2404 362 le-

1402 338 1551 412 iliargico
1571 378 1674 411 puero
1709 364 1897 401 adnotatum
1921 366 1963 399 est
1986 389 1995 403 ‚
2028 365 2121 406 cujus
2143 366 2225 400 latu-s
2255 365 2411 414 corporis

1401 412 1570 449 dexte-rum
1595 422 1669 444 cum
1692 418 1800 442 totum
1824 409 1893 442 esset
1917 409 1983 442 {ine
2004 408 2093 444 sensu
2108 430 2118 445 ‚
2141 410 2174 443 ἀ
2199 409 2406 457 motupror-

1402 456 1451 493 sus
1474 455 1670 494 refblutum3
1696 463 1760 484 non
1785 452 2037 489 intrasinistram
2062 453 2161 487 cranii
2182 455 2330 498 partein,
2353 457 2405 493 sed

1402 501 1485 533 intra
1506 498 1671 536 dexteram
1696 494 1850 533 abscessus
1873 506 1942 532 non,
1962 497 1993 527 in
2017 496 2151 531 cerebro
2172 505 2301 534 tantum
2317 522 2326 539 ‚
2351 512 2408 535 ve..

1400 553 1473 577 rum
1498 543 1595 579 etiam
1619 542 1653 573 in
1676 539 1834 578 cerebello
1845 537 2055 584 deprehensus
2078 538 2163 575 fuit.
2296 543 2357 578 Sed
2368 544 2409 578 ad

1401 585 1581 626 susceptum
1605 584 1783 619 sermonem
1807 592 1842 617 ut
1865 583 1990 618 redeam
2013 593 2025 623 5
2047 593 2124 617 cum
2149 595 2248 625 pauca
2270 587 2353 624 adeo
2375 600 2410 623 e-

1403 629 1530 670 xempla
1554 628 1614 663 fint
1636 628 1712 663 vitae
1746 624 1814 668 post
1837 636 1931 667 grave
1954 625 2121 662 inflictum
2142 627 2285 665 humano
2316 641 2408 665 cere.

1403 672 1490 706 bello
1515 672 1630 709 vulnus
1655 670 1703 705 vel
1727 671 1766 703 ad
1788 670 1884 706 breve
1907 679 2034 710 tempus
2057 673 2248 713 protraetaes
2273 675 2346 716 quis
2367 686 2407 709 ex

1405 713 1538 752 ,adverso
1557 714 1671 748 doetus
1695 736 1705 751 ‚
1730 716 1761 750 δι
1782 714 1975 749 ,exercitatus
1997 711 2182 755 ,Chirurgus
2205 718 2249 750 est
2272 719 2329 760 qui
2353 719 2406 751 in-

1404 768 1536 794 numera
1559 769 1624 791 non
1648 756 1768 792 viderit
1791 780 1801 796 ,
1833 767 1890 789 nec
1915 756 2020 798 aliqua
2043 756 2109 797 ipse
2132 758 2251 793 viderit
2275 762 2405 796 vulnera

1400 801 1529 841 cerebri
1564 801 1613 837 vel
1646 801 1756 842 gravia
1778 822 1790 839 ,
1822 801 1890 834 vita
1922 799 2018 842 ,longe
2051 799 2175 834 diutius
2210 802 2368 847 producta
2394 803 2411 837 ,ἒ

1535 845 1580 877 Et
1602 844 1733 887 quando
1764 840 1824 879 hac
1847 842 1884 876 de
1908 853 1941 878 re
1966 842 2052 878 nulla
2077 844 2204 880 videtur
2227 843 2288 879 esse
2321 847 2407 891 posse

1401 888 1594 928 dubitatio,
1615 886 1788 928 omnesque
1812 886 1992 923 fateantur,
2015 887 2130 925 necess'e
2154 887 2220 928 est,
2243 889 2348 925 multo
2361 893 2411 925 ci-

1402 934 1521 970 tiorem
1545 931 1585 964 ab
1607 931 1690 967 illis,
1716 940 1813 972 quam
1838 929 1877 962 ab
1901 928 1950 967 his
1975 929 2182 970 vulneribuS,
2206 942 2344 970 mortem
2356 935 2408 970 af..

1402 975 1480 1010 ferri
1503 973 1731 1010 consuevisse:
1751 973 1914 1006 videamus
1928 995 1937 1009 ‚
1961 983 2036 1009 num
2061 976 2090 1005 δι
2105 975 2276 1009 certiorem
2291 1000 2299 1009 .
2325 979 2410 1014 Pro..

1398 1018 1486 1057 feRO
1511 1018 1633 1056 mortui
1658 1017 1730 1053 sunt
1754 1027 1864 1051 omnes
1889 1016 1935 1048 illi
1960 1017 1993 1052 in
2018 1016 2135 1058 quibus
2150 1020 2328 1059 vitiatum,
2351 1031 2410 1054 ne..

1398 1064 1478 1097 dum
1502 1060 1679 1099 sauciatum
1702 1086 1711 1100 ,
1736 1061 1928 1094 cerebellum
1952 1064 2280 1098 commemoravimus
2305 1088 2311 1096 .
2347 1064 2410 1102 Sed

1400 1115 1436 1142 ut
1461 1106 1493 1138 in
1519 1104 1703 1138 vulneribus
1728 1103 1925 1140 subsistamus
1946 1113 1959 1145 5
1982 1113 2064 1147 quot
2090 1105 2217 1138 taudem·
2242 1118 2351 1142 eorum
2374 1119 2409 1144 es

1402 1147 1511 1182 -vafisse
1534 1150 1687 1191 leguntur
1712 1147 1829 1189 quibus
1853 1158 1917 1180 non
1944 1147 2260 1184 levitercerebellum
2284 1149 2409 1192 fuerit,

1403 1192 1454 1228 sed
1479 1192 1640 1235 profunde
1665 1191 1894 1227 vulneratum?
1918 1191 2015 1222 Certe
2041 1189 2104 1223 huc
2127 1203 2191 1226 non
2209 1195 2347 1232 attinere
2369 1196 2412 1229 il-

1407 1237 1495 1275 lum,
1520 1234 1630 1278 vides,
1652 1233 1690 1266 de
1712 1244 1778 1275 quo
1802 1235 1938 1270 relatum
1953 1234 2100 1270 Platnero
2124 1233 2207 1278 (f)
2232 1236 2299 1277 est,
2323 1229 2414 1274 curo.

1406 1287 1475 1316 tum
1498 1278 1591 1316 fuiffe
1612 1276 1768 1323 postquam
1792 1287 1849 1312 non
1872 1277 2002 1313 minima
2023 1277 2168 1321 occipitis
2179 1289 2253 1320 pars
2275 1291 2348 1317 cum
2358 1292 2413 1316 no-

1406 1321 1500 1360 tabili
1524 1321 1651 1355 corticis
1674 1319 1816 1354 cerebelli
1835 1320 1976 1365 portione
1987 1319 2052 1361 ense
2074 1319 2179 1356 ablata
2183 1320 2315 1364 fuerat.
2340 1324 2413 1360 Nec

1407 1366 1508 1407 magis
1532 1364 1668 1401 attinere
1693 1363 1814 1401 videbis
1840 1362 2022 1398 Abiffinum
2047 1364 2139 1398 illum
2162 1388 2172 1402 ,
2199 1377 2215 1398 a
2241 1367 2413 1411 Veslingio

1407 1408 1519 1445 nostro
1543 1408 1597 1451 (g
1618 1411 1629 1451 )
1655 1408 1820 1455 sanatum.
1844 1408 2007 1444 Quamvis
2029 1408 2115 1440 enim
2141 1410 2268 1454 aliqui,
2294 1421 2326 1446 ut
2352 1422 2414 1445 nu..

1408 1463 1465 1495 per
1488 1452 1725 1490 animadverti,
1748 1454 1789 1485 sic
1814 1459 1995 1495 proponant
2015 1475 2024 1490 ‚
2049 1450 2215 1486 hominem
2237 1461 2327 1488 aetate
2347 1455 2415 1497 jam

1402 1505 1533 1542 gravem
1547 1519 1556 1535 ‚
1582 1495 1673 1538 cujus
1694 1493 1840 1536 cerebello
1863 1493 1977 1528 vulnus
1991 1517 2000 1531 ,
2025 1496 2151 1528 duorum
2175 1496 2344 1538 digitorum
2365 1490 2414 1534 la}

1406 1540 1543 1576 titudine
1558 1538 1670 1582 fuerat
1690 1535 1865 1579 ἱνιβὶᾶιινης
1890 1536 1912 1569 si
1937 1546 2044 1572 ,tamen
2069 1538 2280 1581 Veslinsgium
2305 1550 2413 1577 atten-

1405 1592 1437 1617 te
1459 1583 1630 1625 perlegas,
1654 1581 1748 1614 facile
1772 1582 1931 1622 intelliges
1958 1584 1968 1619 (
1992 1582 2093 1613 mitro
2118 1594 2169 1625 50.
2182 1576 2328 1620 incisorem
2354 1595 2414 1620 an-

1404 1627 1476 1664 nis,
1491 1624 1549 1667 sed
1571 1625 1705 1658 viridem
1727 1624 1795 1659 ,viro
1813 1623 1967 1670 senefiam
1992 1623 2105 1664 fuisse)
2130 1627 2412 1673 otcipin‘quidem

1403 1669 1505 1707 latum
1528 1669 1644 1703 vulnus
1666 1666 1819 1713 infliffi‘um
1841 1667 1917 1710 effe,
1941 1665 2005 1700 hoc
2029 1677 2134 1702 autern
2158 1678 2321 1713 utramque
2343 1683 2410 1709 rne-

1403 1714 1528 1754 ningem
1545 1711 1741 1753 pervadens,
1764 1709 1942 1747 cerebellum
1966 1714 2004 1744 aci
2026 1715 2154 1746 duorum
2166 1713 2337 1754 digitorum
2359 1715 2410 1751 la..

1402 1749 1729 1795 titudinemflrinxiffe
1742 1774 1752 1790 ,
1775 1753 1808 1787 id
1822 1754 1863 1786 est
1886 1752 2083 1794 superficiem
2095 1754 2162 1796 ejus
2176 1756 2297 1793 rasisse,
2322 1769 2410 1800 quo-

1401 1797 1501 1836 modo
1526 1797 1661 1834 Nonius
1683 1796 1855 1833 Marcellus
1878 1795 1965 1838 (b)
1990 1797 2069 1831 illud
2083 1798 2220 1840 Virgilii
2243 1811 2407 1841 exponens

1401 1839 1529 1879 „AEneid
1553 1840 1642 1878 libro
1666 1840 1695 1872 S.
1719 1842 1734 1878 (
1755 1841 1767 1873 ι’
1784 1840 1803 1881 )
1827 1839 2034 1881 stringentem
2059 1841 2178 1882 ripas',
2201 1842 2339 1885 ideoque
2364 1845 2412 1879 le-

1403 1887 1488 1917 viter
1511 1882 1684 1923 vulnerasse
1702 1904 1712 1919 ‚
1739 1891 1775 1919 ut
1798 1883 1927 1915 Servius
1952 1884 1989 1914 ad
2015 1884 2113 1917 alium
2139 1885 2274 1929 Virgilii
2300 1886 2408 1926 locum

1400 1930 1416 1969 ζ
1437 1926 1456 1966 l<
1480 1931 1495 1967 )
1518 1926 1679 1964 Strinxit,
1702 1926 1809 1975 inquit
1835 1947 1845 1962 ‚
1868 1924 1907 1964 est
1926 1925 2112 1968 significatio
2133 1927 2213 1965 levis
2235 1929 2376 1966 vulneris
2399 1956 2406 1964 .

1400 1971 1470 2007 I-Iic
1495 1980 1600 2004 autem
1626 1970 1831 2008 memineris,
1856 1969 2064 2010 Veslingium
2089 1971 2128 2003 ab
2155 1972 2298 2007 ,Riolano
2321 1981 2329 2015 (
2357 1974 2370 2010 l
2391 1980 2406 2016 )

1400 2012 1495 2049 fuisse
1519 2022 1666 2051 notatum
1687 2036 1700 2054 ,
1731 2013 1819 2055 quasi
1846 2011 2005 2054 scripserit
2037 2021 2158 2055 compta
2192 2015 2234 2050 (φ
2268 2016 2404 2059 eleganti

1394 2057 1534 2094 oratione
1548 2078 1557 2093 ‚
1580 2055 1734 2094 interdum
1758 2055 1883 2098 obscura
1904 2057 1915 2091 ,⁷
1947 2058 2018 2096 quia
2041 2058 2186 2092 terminis
2209 2062 2251 2094 ὠ·
2273 2061 2406 2095 vocibus

1394 2099 1520 2143 usitatis
1541 2102 1626 2136 inter
1638 2098 1784 2135 Medicos
1803 2108 1861 2131 non
1876 2097 2016 2141 cstiiflis.
2151 2100 2250 2140 QlOd
2275 2105 2299 2136 si
2326 2104 2408 2140 illud

1396 2155 1526 2185 quoque
1550 2144 1665 2180 vulnus
1688 2141 1982 2179 animadvertissent
2010 2154 2046 2176 ex
2069 2155 2134 2185 quo
2149 2138 2330 2188 Falloppius
2346 2141 2405 2182 noss

1399 2187 1460 2220 ster
1485 2191 1498 2226 (
1520 2198 1551 2220 m
1576 2190 1587 2226 )
1612 2185 1734 2228 scripsit
1756 2208 1768 2225 ‚
1790 2185 1933 2222 cerebelli
1951 2187 2055 2226 primo
2079 2188 2288 2228 quantitatem
2311 2192 2403 2233 grani

1394 2230 1484 2263 wiciae
1506 2228 1656 2272 craffioris
1681 2227 1822 2271 egressam
1846 2227 1900 2271 effe
1926 2241 1934 2261 :
1951 2230 2085 2269 secundo
2107 2242 2177 2264 cum
2193 2229 2330 2273 frustula
2354 2234 2403 2280 os-

1390 2273 1444 2322 sea
1467 2270 1649 2316 extraxisset
1671 2282 1709 2305 cx
1724 2270 1897 2315 substantia
1921 2272 2052 2314 ejusdem
2067 2295 2075 2309 ²
2099 2273 2198 2309 adbuc
2223 2275 2319 2312 aliam
2327 2286 2405 2320 par.

1397 2317 1530 2351 ticulum
1554 2315 1720 2359 craffiorern
1742 2316 1843 2356 priori
1865 2315 2007 2360 egreffiim
2030 2315 2106 2361 effe3
2133 2319 2277 2362 proclive
2297 2320 2404 2358 suisset

1396 2359 1586 2401 respondere
1612 2360 1672 2393 hoc
1695 2358 1822 2399 insuper
1848 2358 1962 2392 vulnus
1984 2359 2050 2392 illis
2074 2360 2293 2399 superioribus
2306 2365 2408 2400 adnu-

1396 2404 1618 2443 merantibus‚
1641 2413 1705 2439 non
1720 2401 1817 2436 modo
1830 2401 1995 2440 hominem
2009 2428 2017 2443 ,
2041 2415 2114 2436 curn
2127 2416 2160 2440 ea
2185 2405 2304 2448 scripta
2317 2408 2406 2449 sant,

1397 2458 1464 2480 non
1489 2446 1711 2487 persanatum‚
1738 2444 1788 2482 sed
1812 2445 1982 2482 dumtaxat
2002 2444 2181 2489 Jamferrne
2198 2448 2311 2493 sanum
2324 2449 2406 2488 fuis„

1398 2489 1428 2523 se
1442 2514 1452 2530 ,
1473 2501 1585 2524 verum
1611 2491 1729 2536 etiarn,
1752 2488 1851 2530 idque
1865 2492 2045 2531 praecipue,
2069 2491 2089 2523 si
2114 2491 2313 2535 profundum
2325 2493 2405 2530 fuis-

1401 2532 1445 2566 set
1470 2533 1610 2572 vulnus,
1635 2535 1666 2564 &
1691 2532 1711 2568 si
1737 2531 1868 2565 frustula
1892 2533 1945 2568 iila
1959 2532 2060 2570 ossea,
2086 2544 2122 2567 ut
2147 2537 2179 2569 in
2197 2536 2356 2573 Helvetio
2368 2539 2407 2576 de

1400 2587 1467 2625 quo
1491 2575 1587 2618 paulo
1602 2585 1673 2608 ante
1697 2575 1818 2609 diffisum
1844 2575 1907 2614 est,
1932 2587 1969 2611 ex
1991 2573 2138 2613 cerebelli
2155 2578 2333 2622 substantiae
2356 2582 2408 2615 in...

1401 2620 1492 2655 timis
1513 2617 1643 2656 fuissent
1668 2620 1810 2664 extratfila
1834 2630 1845 2656 ,-
1882 2621 2056 2652 Auctorem
2081 2620 2247 2665 postquam
2282 2623 2320 2660 de
2344 2624 2407 2657 isto

1400 2663 1531 2697 vulnere
1554 2661 1641 2704 quod
1667 2661 1841 2703 fermejam
1868 2661 2012 2699 sanatum
2025 2663 2174 2700 censebat
2189 2690 2198 2704 ‚
2221 2665 2322 2708 deque
2337 2668 2409 2703 aliis

1402 2707 1526 2739 cerebri
1549 2705 1723 2747 persanatis
1746 2704 1913 2745 scripserat
1931 2731 1940 2748 ‚
1965 2718 2026 2739 non
2053 2704 2094 2743 sic
2119 2706 2212 2744 fuisse
2236 2709 2331 2744 suum
2348 2712 2411 2744 ser..

1403 2760 1533 2783 monem
1558 2750 1664 2785 statim
1687 2748 1909 2786 conclusurum
1936 2772 1949 2788 ‚
1972 2760 2064 2791 quare
2087 2760 2144 2783 non
2168 2754 2269 2785 omnia
2293 2753 2410 2791 cerebri

1401 2792 1532 2828 'Vulnera
1546 2818 1554 2833 ,
1574 2791 1630 2835 sed
1648 2790 1802 2834 profunda
1824 2799 1947 2827 tantum
1965 2793 2040 2835 sunt
2062 2792 2212 2832 lethalia,
2236 2796 2321 2839 Quae
2335 2809 2408 2833 cum

1404 2839 1452 2869 ita
1475 2835 1560 2876 sint;
1583 2836 1664 2872 refie
1689 2835 1796 2868 secisse
1816 2835 1975 2878 joannem
2001 2835 2167 2871 ssohm'um
2195 2844 2204 2881 (
2230 2838 2283 2882 n)
2308 2862 2317 2877 ‚
2342 2832 2410 2875 exi.⁴

1407 2879 1572 2916 stimabis2
1595 2880 1652 2921 qui
1678 2891 1752 2913 cum
1775 2879 1876 2912 multa
1901 2878 2025 2913 vidisset
2042 2879 2128 2919 ipse,
2155 2884 2182 2918 ἃ
2197 2882 2335 2924 plurima
2350 2907 2361 2923 ‚
2388 2883 2412 2920 fi

1407 2926 1480 2970 quis
1493 2924 1574 2957 alius
1590 2946 1599 2961 ,
1622 2923 1660 2957 de
1671 2923 1854 2958 vulneribus
1878 2921 1991 2963 scripta
2006 2923 2149 2964 legisset,
2174 2924 2240 2962 haec
2252 2919 2410 2962 tradiditi

1401 2967 1428 3012 fi
1451 2966 1676 3008 experientiam
1697 2965 1905 3008 consulamus,
1931 2966 1987 3001 vix
2010 2977 2103 2999 unam
2121 2966 2229 3010 forsan
2252 2969 2410 3011 observare

1408 3011 1565 3051 continget
1579 3030 1589 3047 ,
1613 3010 1667 3050 qui
1689 3020 1727 3043 ex
1748 3009 1883 3045 lacerato
1907 3008 2051 3044 cerebello
2073 3010 2229 3052 eraserit,
2250 3012 2318 3049 cum
2340 3006 2411 3056 plu*-

1409 3064 1443 3085 ra
1463 3052 1570 3095 paffim
1594 3052 1684 3086 obvia
1701 3052 1766 3095 sint
1790 3051 1912 3085 illorum
1936 3053 2074 3093 exempla
2097 3078 2105 3092 ,
2129 3054 2241 3096 quibus
2257 3055 2340 3097 satis
2362 3057 2412 3089 in-

1406 3097 1513 3140 gentia
1526 3106 1642 3138 quoque
1666 3095 1782 3129 cerebri
1791 3095 1919 3130 vulnera
1944 3094 2292 3138 coalmfleperhibetur·
2316 3100 2411 3141 Qu—

1406 3150 1479 3175 ,rum
1505 3139 1679 3175 sanationis
1703 3138 1956 3174 Observationes
1980 3142 2085 3181 &ipse
2108 3141 2230 3178 indicat
2256 3147 2265 3181 (
2289 3156 2305 3177 0
2325 3145 2412 3184 >be-

1407 3192 1446 3215 ne
1468 3183 1608 3226 multas,
1632 3186 1662 3221 δι
1685 3184 1835 3219 Donatus
1860 3185 1873 3223 ('
1893 3192 1915 3222 p
1936 3186 1950 3221 >
1973 3194 2102 3225 quoque
2130 3209 2138 3223 ,
2162 3188 2191 3216 ἀ
2215 3186 2412 3224 Schenckius

1409 3230 1419 3269 (
1446 3238 1464 3268 q
1488 3230 1499 3265 )
1523 3226 1736 3268 collegerant,
1758 3236 1836 3268 quas
1860 3225 1944 3258 inter
1969 3226 2017 3264 vel
2041 3226 2189 3268 quaedam
2202 3229 2273 3263 sunt
2300 3232 2413 3266 vulne-

1408 3281 1480 3303 rum
1493 3273 1526 3304 in
1550 3268 1778 3309 (crebriusque
1793 3270 2254 3310 ventriculospervenientium
2268 3297 2276 3311 ‚
2302 3274 2412 3314 Auge-

1407 3315 1464 3346 nio
1488 3314 1569 3356 (r),
1593 3317 1662 3346 imo
1685 3314 1713 3343 &
1737 3312 1864 3345 Caleno
1887 3312 1956 3354 ipso
1979 3312 2038 3355 (s)
2066 3313 2094 3346 se
2109 3313 2241 3356 vidisse,
2266 3316 2412 3350 testanti-

1406 3356 1465 3391 bus
1478 3369 1489 3395 5
1501 3368 1536 3390 Ut
1552 3358 1660 3392 mirari
1675 3356 1783 3390 subeat
1795 3356 1883 3397 quod
1896 3358 1928 3388 in
1943 3357 2083 3397 quodam
2100 3359 2299 3399 Sepulclireti
2312 3360 2408 3393 Scho-

1404 3399 1452 3436 lio
1462 3400 1505 3442 (t)
1519 3400 1707 3437 adnotatum
1720 3398 1959 3441 est,rerosinnilc
1970 3399 2180 3436 esse,miranda
2195 3404 2327 3444 quaedarh
2341 3401 2410 3438 vul-

1405 3453 1477 3476 nera
1487 3444 1603 3486 capitis
1614 3467 1626 3483 ,
1642 3453 1710 3475 cnm
1721 3443 1858 3475 evidenti
1869 3442 1985 3475 cerebri
1995 3442 2107 3484 lesione
2119 3467 2130 3483 ‚
2141 3454 2229 3485 cujus
2241 3447 2409 3479 etiamnum

1400 3486 1565 3527 particulae
1578 3484 1816 3531 vitasuperftite
1827 3486 2033 3528 demptaesunt
2048 3510 2056 3526 ‚
2081 3496 2138 3520 non
2150 3488 2281 3526 lethalia,
2294 3484 2385 3530 fmffe
2401 3510 2411 3528 2

2291 3532 2368 3572 qvod

1746 3595 1757 3621 (
1775 3602 1790 3616 u
1809 3591 1817 3622 )
1833 3593 1928 3617 Dissert.
1946 3593 1976 3616 de
2000 3593 2114 3618 irritabil.
2133 3596 2157 3624 §.
2175 3603 2213 3624 ²7.
2231 3597 2290 3622 Exp.
2307 3602 2330 3621 7,
2349 3594 2371 3617 ὃ(
2388 3596 2412 3617 8.

1626 3624 1641 3652 (
1657 3631 1674 3651 ζ
1690 3623 1702 3652 )
1719 3623 1779 3647 Ξεέῖ.
1797 3623 1840 3649 hac
1857 3624 1914 3647 Obs.
1934 3624 1956 3647 8.
1972 3623 1995 3658 ᾗ.
2013 3627 2035 3648 8.
2104 3626 2143 3654 (a
2161 3626 2169 3656 )
2187 3628 2257 3650 Cent.
2270 3633 2291 3648 2.
2308 3625 2411 3653 Obs.19.

1661 3654 1669 3679 s
1687 3662 1698 3676 e
1715 3654 1727 3681 )
1743 3657 1758 3678 1.
1781 3662 1816 3678 10.
1833 3654 1890 3678 Obs.
1909 3656 1999 3678 Medic.
2017 3662 2050 3679 ir.

1563 3685 1572 3714 (
1590 3685 1605 3709 b
1625 3684 1633 3713 )
1648 3686 1683 3707 De
1700 3685 1817 3713 Propi-iet.
1836 3687 1903 3708 Serm
1932 3685 1973 3708 sub
1989 3685 2038 3709 litt.
2056 3687 2071 3709 S
2089 3703 2096 3709 .

1664 3717 1712 3738 (m
1728 3716 1741 3744 )
1759 3718 1793 3739 De
1808 3715 1931 3739 Vulnerib.
1948 3724 1960 3739 c
1990 3721 2012 3738 o.

1790 3747 1803 3774 ζ
1821 3754 1835 3775 q
1854 3745 1941 3778 rotas.
1961 3745 2080 3772 mediol,
2093 3755 2116 3775 χ.
2133 3745 2173 3770 ubi
2190 3745 2217 3772 de
2228 3746 2327 3770 cerebri
2340 3748 2413 3772 Vuln.

1520 3780 1529 3800 (
1549 3783 1559 3798 t
1577 3777 1586 3804 )
1601 3777 1631 3800 ad
1650 3775 1671 3813 5.
1691 3777 1713 3799 8.
1730 3775 1785 3799 Ob(
1805 3785 1825 3804 :-
1843 3777 1914 3804 huius
1930 3777 1990 3800 Seth

2160 3687 2195 3711 <i
2212 3684 2295 3715 )vers.
2312 3689 2352 3719 63.
