2498 4075
484 285 637 354 Epist.
674 283 835 339 Anat.
872 282 1088 337 Medica
1123 280 1289 337 XLII⁴
1308 281 1428 334 Art.
1449 282 1594 348 μδ(
1615 295 1688 347 32.

74 363 178 397 nicam
199 365 210 401 3
243 365 275 397 ἃς
298 366 441 399 tunicam
465 361 628 398 increvisse
651 375 777 408 poterat
801 367 858 410 qui
881 367 953 399 acui
977 365 1073 398 adna-

74 416 125 439 tus
148 406 189 440 est
211 407 243 439 in
268 408 374 442 vesicae
398 408 678 447 cavumintrusae,
702 421 780 448 nec,
805 408 1072 452 quodconsequi-

71 459 149 489 tur,
173 449 290 489 utqfibi
313 452 347 483 in
372 452 506 485 vesicam
529 452 652 485 aditum
679 454 813 494 aperiret
835 476 845 491 ‚
881 453 1071 486 interiorem

71 494 216 526 tunicam
237 493 421 535 disrupiss‘e.
449 497 538 531 Quin
563 506 600 528 ex
625 496 664 528 iis
687 498 719 529 in
743 497 861 538 quibus
884 495 941 529 hos
965 495 1071 527 saccu-

70 536 118 568 los
141 536 355 578 deprehendi,
379 549 472 571 nemo
495 537 559 572 fuit
583 540 616 571 in
640 550 707 581 quo
729 551 764 572 ea
787 540 897 576 tunica
910 537 983 572 esset
1006 536 1071 571 dis-

71 586 189 620 rupta,
210 592 284 614 cum
308 582 342 614 in
365 581 515 614 omnibus
541 583 660 623 pariter
684 594 718 616 ac
741 592 865 616 caeterae
886 605 895 619 ‚
928 582 1034 615 laxata
1060 601 1070 618 ,

71 621 110 654 ad
132 623 316 657 faciendum
341 624 499 658 sacculum
523 623 552 657 se
575 625 788 666 expanderet,
809 625 896 667 quod
921 624 1068 660 Rustici,

72 667 104 713 ὅς
128 665 219 699 Senis
251 666 411 708 cujusdam
434 667 473 700 de
505 679 571 709 quo
594 669 630 701 ad
656 678 686 702 te
722 670 797 702 alias
821 671 835 707 (
856 668 902 709 o)
931 667 1036 709 scripsi
1063 690 1072 705 ‚

71 707 315 743 diffee‘cionibus
341 710 487 747 relectis,
512 712 702 753 cognosces.
727 712 843 754 Neque
864 712 1025 750 calculos,
1047 709 1071 741 fi

71 751 246 786 Rusticum
269 754 432 794 excipias,
455 754 538 786 intra
565 754 704 788 sacculos
727 755 800 788 illos
825 755 915 791 vidi,
941 765 992 787 aut
1018 763 1072 786 an-

72 802 123 826 tea
148 792 241 828 fuisse
261 821 270 836 ,
305 797 449 830 intellexi
472 809 481 829 :
515 808 617 840 neque
641 798 780 832 sacculos
802 798 840 831 ad
865 797 930 840 ipsa
965 806 1073 829 urete-

72 848 143 886 rum
167 838 273 872 oscula
294 860 303 875 ‚
336 848 389 872 aut
412 838 496 872 infra
521 863 532 880 ,
573 841 621 874 sed
647 841 736 882 supra
760 841 827 874 haec
859 840 940 873 mibi
964 841 1073 873 conti-

70 889 121 928 git
151 880 383 923 deprehendere
405 906 414 920 ,
448 884 518 916 imo
552 886 583 917 &
613 883 758 925 superius
791 883 896 916 multo
918 907 930 923 ‚
964 892 1000 916 ut
1035 893 1073 915 ex

69 933 109 972 11}
155 935 233 966 quas
277 925 420 960 iudicavi
436 942 459 964 ·,
503 928 581 960 meis
624 927 920 961 Observationibus
952 924 1073 968 perspi-

66 976 152 999 cies.

113 1020 164 1051 31.
190 1011 289 1046 Aliud
314 1013 416 1055 igitur
440 1012 555 1047 sacculi
579 1012 613 1046 hi
637 1013 708 1047 sunt
731 1036 743 1053 ,
777 1025 811 1046 ac
833 1013 884 1047 illi
907 1022 988 1055 quos
1011 1010 1071 1044 fibi

69 1053 186 1086 calculi
211 1066 322 1098 parant
346 1057 383 1091 ad
416 1057 470 1090 illa
495 1057 623 1098 angusta
648 1066 811 1091 ureterum
833 1056 938 1089 oscula
972 1055 1068 1088 subsi-

69 1098 184 1130 stentes
202 1122 214 1139 ,
247 1100 359 1142 ibique
380 1099 552 1134 crescentes
573 1122 583 1137 ‚
617 1101 702 1142 quod
726 1102 818 1133 novit
850 1100 932 1133 olim
959 1099 1072 1131 Petrus

69 1141 206 1175 Francus
231 1146 240 1181 (
260 1153 284 1184 p
305 1147 338 1181 ),
362 1144 512 1186 quamvis
535 1154 637 1184 neque
662 1144 701 1177 ab
720 1144 862 1177 Riolano
884 1145 897 1180 <
920 1153 937 1184 q
959 1146 991 1180 )‚
1017 1153 1071 1174 ne-

68 1194 131 1228 que
155 1195 171 1215 a
195 1185 339 1219 Willisio
363 1190 373 1225 (
398 1198 413 1219 ν
436 1190 447 1225 )
472 1209 484 1226 ,
517 1197 617 1228 neque
642 1198 656 1220 a
681 1197 731 1220 tot
766 1187 835 1219 aliis
857 1187 914 1228 qui
947 1185 982 1218 ad
1009 1185 1071 1218 hoc

68 1228 167 1269 usque
192 1237 316 1271 tempus
339 1230 424 1262 idem
437 1229 647 1268 censuerunt,
671 1229 843 1269 laudatus,
867 1241 931 1262 uno
947 1255 956 1269 ,
980 1227 1068 1271 quod

63 1268 186 1309 sciam,
213 1273 361 1305 Platnero
384 1273 467 1315 (s)
490 1282 644 1315 excepto,
669 1275 726 1317 qui
749 1276 779 1306 ὅ(
803 1272 947 1306 rariffimi
972 1272 1068 1313 ipsius

66 1312 144 1363 libri
177 1314 239 1349 huc
264 1317 457 1350 attinentem
491 1317 683 1358 particulam
716 1316 913 1359 descriptam
948 1326 1067 1357 propo.

68 1356 155 1393 suit.
181 1359 282 1397 Quod
298 1369 404 1393 autem
418 1361 581 1394 Platnerus
597 1382 605 1396 ‚
631 1361 790 1394 Littrium
812 1364 822 1398 (
848 1368 862 1392 t
885 1363 920 1399 ),
943 1359 1070 1392 &Aba

68 1401 228 1435 Vaterum
251 1405 265 1442 (
287 1412 306 1434 u
329 1403 342 1442 )
366 1402 509 1441 secutus,
533 1402 658 1437 addidit
681 1426 690 1440 ‚
721 1404 754 1436 ni
779 1404 893 1437 calculi
918 1403 992 1436 inde
1016 1414 1071 1435 ex-

66 1445 177 1478 cidant
190 1469 201 1486 ,
223 1446 327 1479 videri
342 1444 402 1487 fibi
424 1457 536 1479 novam
558 1447 644 1479 viam
659 1445 765 1489 facere
781 1470 791 1485 ‚
814 1448 885 1480 dum
911 1445 1069 1479 commeta

61 1486 192 1530 subinde
229 1488 389 1521 valentius
419 1489 517 1532 vefica
542 1511 551 1527 ,
585 1490 669 1523 intra
693 1489 786 1530 hujus
817 1490 941 1522 tunicas
963 1487 1069 1529 versus

67 1532 218 1564 cervicem
237 1531 455 1573 propelluntur
469 1546 478 1564 :
502 1533 545 1566 &⁹
568 1531 645 1565 hanc
668 1534 792 1576 causam
814 1532 868 1575 effe
889 1555 898 1569 ,
922 1542 976 1564 cur
991 1532 1070 1574 saepe

67 1574 100 1607 in
125 1573 225 1615 locis,
247 1576 301 1616 qui
323 1575 361 1607 ab
385 1583 539 1609 ureterum
565 1575 677 1617 osculis
701 1577 878 1610 remotiores
894 1574 970 1617 sunt
991 1596 1001 1612 ‚
1025 1585 1071 1608 re-

62 1618 248 1660 pei-iunium
272 1618 351 1651 illud
375 1619 506 1661 quidem
530 1627 608 1652 tunc
632 1617 757 1653 facilius
780 1618 991 1655 crediderim,
1015 1618 1071 1651 ubi

68 1661 109 1694 ab
133 1672 255 1695 uterere
278 1661 394 1693 infimo
418 1664 478 1695 viae
502 1671 634 1704 pateant
657 1663 743 1696 adea
767 1663 856 1701 loca,
881 1671 916 1696 ut
940 1662 979 1695 ab
1000 1663 1072 1694 Lit-

64 1706 133 1737 trio
156 1704 331 1745 conspeetae
356 1703 450 1743 sunt,
472 1718 550 1749 quas
574 1705 667 1745 semel
691 1718 707 1739 a
730 1706 859 1740 calculis
883 1715 1004 1749 apertas
1018 1717 1069 1739 ve-

66 1749 98 1781 ri
122 1746 324 1781 fimillimum
346 1748 389 1781 est
410 1771 422 1788 ,
456 1749 581 1792 patulas
605 1748 719 1793 deinde
745 1762 760 1784 a
786 1749 995 1792 subsequente
1019 1748 1070 1792 J'u-

65 1793 150 1842 giter
174 1792 266 1825 urina
291 1791 410 1825 servari
433 1792 573 1835 debere;
595 1795 770 1829 remotiora
785 1803 891 1828 autern
916 1793 955 1827 ab
978 1793 1071 1827 oscu-

41 1878 48 1883 „
65 1836 115 1874 lis.
132 1845 295 1870 ureterum
318 1837 410 1875 loca,
434 1838 473 1870 ab
497 1839 536 1872 iis
560 1838 709 1872 deorsum
725 1836 975 1876 tantummodo,
1000 1848 1071 1872 ver-

66 1879 118 1912 bis
142 1880 240 1913 etiam
263 1891 335 1921 quae
359 1880 507 1924 descripsi
526 1904 535 1919 ‚
559 1881 706 1923 spec-'tatis
721 1906 730 1921 ,
753 1883 963 1925 intelligenda
986 1882 1044 1916 esse
1059 1905 1071 1921 ‚

64 1935 131 1957 nori
153 1924 272 1956 dubito
296 1949 305 1963 ,
337 1935 403 1967 quo
427 1934 496 1958 tum
520 1925 736 1960 descendentis
760 1938 814 1969 per
838 1936 974 1961 ureteres
997 1926 1071 1959 lotii

65 1967 193 2010 pondus
226 1976 319 2009 urget
352 1990 361 2005 ,
404 1977 473 2001 tum
510 1970 694 2002 contraetio
730 1971 839 2004 vesicae
872 1970 1040 2011 compellit
1063 1993 1070 2002 .

67 2011 220 2051 Qanam
244 2013 345 2053 igitur
380 2013 506 2045 ratione
528 2021 579 2045 tot
611 2013 685 2046 alias
707 2025 785 2056 quas
809 2013 972 2047 Platnerus
1007 2013 1070 2055 ipse

64 2055 187 2089 ibidem
210 2064 467 2096 commemorat,
492 2056 745 2090 Observationes
770 2056 1002 2098 explicabimus
1014 2068 1070 2089 ve-

64 2100 134 2133 ficae
160 2098 303 2140 lapidum
330 2100 513 2131 membrana
537 2099 735 2132 inclusorum
757 2105 767 2132 ?
799 2112 874 2133 num
897 2112 1008 2133 omnes
1029 2099 1069 2133 ad

64 2152 228 2177 ureterum
253 2141 383 2179 oscula,
410 2151 463 2174 aut
487 2141 571 2175 infra
596 2142 663 2176 haec
677 2141 834 2177 fuerunt?
856 2154 933 2177 num
955 2143 997 2177 fic
1012 2144 1069 2175 alii

63 2197 194 2229 quoque
219 2189 252 2218 in
276 2187 366 2222 aliis,
392 2194 507 2227 praeter
531 2186 620 2223 illas,
646 2186 939 2219 Observationibus
962 2187 993 2218 in
1016 2187 1070 2219 Se-

63 2230 236 2272 pulchreto
259 2232 272 2268 (
294 2229 349 2270 x)
376 2229 535 2269 legendis?
561 2240 622 2262 una
645 2230 761 2270 Tulpii
785 2233 838 2271 (y
862 2232 876 2268 )
899 2231 932 2262 in
956 2231 1069 2272 primis

63 2277 192 2316 (neque
204 2275 289 2305 enim
305 2295 312 2308 ‚
339 2283 411 2305 cum
426 2272 470 2304 ibi
497 2273 624 2313 plures,
647 2283 684 2304 ex
699 2273 824 2314 Tulpio
848 2272 934 2313 sint,
957 2283 1068 2305 omnes

64 2319 254 2354 Platnerus‚
278 2315 326 2348 sed
352 2315 617 2356 aliamquandam
642 2315 823 2357 indicavit)
847 2327 910 2358 qua
933 2327 984 2359 39.
1001 2316 1068 2349 cal-

59 2362 126 2395 culi
152 2361 185 2391 in
211 2358 308 2393 vesica
322 2358 562 2394 describuntur,
586 2370 724 2401 quorum
736 2358 887 2392 latitabat
909 2359 1070 2401 unusquis-

59 2415 117 2447 que
140 2401 299 2435 involutus
322 2402 446 2443 proprio
466 2400 656 2442 receptaculo
680 2423 688 2439 ,
722 2404 762 2435 Θ·
787 2402 907 2443 quidem
931 2410 998 2434 tam
1022 2410 1070 2435 te-

61 2448 107 2480 eie
131 2472 140 2487 ‚
173 2453 210 2478 ut
232 2446 315 2478 circa
340 2445 468 2477 initium
492 2444 656 2478 crediderit
679 2444 846 2487 Chirurgus
868 2468 880 2484 ‚
903 2444 984 2478 nihil
1006 2444 1068 2478 cal-

51 2490 191 2523 culorum
214 2487 281 2522 illic
305 2487 464 2520 detineri.
490 2489 578 2520 Cum
604 2486 661 2520 hac
684 2486 782 2529 junge
806 2488 941 2521 alteram
967 2488 1068 2520 Holt-

53 2532 206 2574 zappellii
234 2535 244 2571 (
270 2544 293 2574 z
316 2535 326 2569 )
350 2555 358 2570 ,
396 2530 537 2564 calculos
562 2540 795 2572 proponentem
830 2542 882 2573 32.
907 2542 1009 2565 omnes
1032 2532 1065 2564 in

48 2577 189 2619 propriis
220 2575 340 2608 tunicis
373 2573 505 2615 inclusos
524 2596 537 2613 ‚
572 2574 614 2607 Θ
636 2575 770 2607 invicem
803 2575 962 2616 contiguos
984 2596 997 2611 ,.
1029 2582 1065 2607 ut

54 2620 136 2653 haud
160 2618 254 2651 aliter
276 2628 369 2660 quam
403 2626 475 2657 apes
498 2617 531 2650 in
548 2616 618 2659 suis
649 2616 825 2650 cavernulis
841 2615 959 2660 favum
984 2643 991 2657 ‚
1018 2617 1063 2660 fic

56 2664 105 2704 isti
129 2662 243 2696 calculi
265 2661 297 2694 in
313 2660 383 2702 suis
407 2658 534 2702 quisque
557 2658 710 2696 alveolis,
732 2668 832 2693 totam
855 2659 959 2702 veficae
979 2661 1065 2693 cam·-

58 2715 156 2741 tatem
179 2703 331 2746 replerent
358 2727 367 2742 ‚
402 2704 512 2746 exiguo
535 2710 659 2735 tantum
683 2711 788 2737 meatu
810 2705 904 2736 urinae
928 2703 1033 2736 relicto
1055 2728 1064 2737 .

59 2750 154 2784 Num
178 2759 256 2790 ergo
280 2747 313 2780 hi
337 2758 446 2779 omnes
471 2745 555 2779 infra
577 2746 683 2780 oscula
708 2756 867 2780 ureterum
881 2746 1064 2779 condeban-

59 2796 139 2828 tur?
162 2792 206 2825 Et
231 2790 311 2823 mihi
336 2789 465 2832 quidem
490 2789 666 2831 aliquando
691 2791 824 2823 venitin
839 2799 1004 2829 mentem,
1028 2800 1063 2823 ut

59 2832 332 2881 quemadmodum
369 2835 450 2866 intra
475 2831 575 2866 fellere
601 2831 708 2866 veficae
732 2832 896 2875 glandulas
928 2833 1060 2866 bilai-ios

59 2880 199 2915 calculos
223 2878 331 2910 inveni
355 2881 365 2915 (
391 2876 443 2918 a)
466 2901 473 2913 .
507 2877 552 2909 ita
578 2875 770 2917 suspicarer,
796 2888 872 2909 num
897 2876 980 2909 forte
1004 2887 1059 2918 per

58 2923 283 2962 glandularum
302 2919 412 2964 ¹vesicae
434 2918 538 2953 oscula
555 2944 563 2958 ,
588 2930 658 2961 quae
682 2929 717 2952 ut
740 2920 773 2952 in
798 2920 977 2953 ureteribus
1002 2931 1057 2961 pa-

60 2963 162 3001 {entia
195 2972 427 3004 nonnunquam
448 2962 673 3005 deprehendi,
706 2961 746 2995 sic
770 2964 868 2996 etiam
892 2962 1055 2996 interdum

58 3015 92 3047 in
118 3010 307 3044 continuata
339 3003 438 3038 vesica
462 3016 567 3048 patere
592 3004 674 3038 nihil
707 3005 856 3047 prohibet
878 3029 888 3046 ‚
922 3007 1057 3039 arenulae

57 3051 275 3090 minutissimae
299 3051 330 3081 in
353 3049 576 3091 glandularum
600 3060 675 3082 cava
689 3050 827 3092 irrepere
839 3048 972 3092 possint,
995 3050 1060 3083 ibi-

58 3111 120 3142 que
144 3098 178 3129 in
202 3093 341 3128 calculos
365 3115 376 3129 ‚
410 3091 468 3125 suis
492 3092 623 3126 alveolis
647 3093 837 3125 inhaerentes
861 3091 1025 3134 augescere
1050 3118 1059 3127 .

59 3141 120 3175 Sed
152 3139 255 3173 donec
279 3138 313 3168 in
347 3134 479 3168 vesicam
503 3135 644 3168 incidere
677 3138 847 3178 contingat
870 3147 939 3178 quae
971 3138 1057 3170 inter

57 3187 184 3219 tunicas
217 3182 263 3214 ibi
287 3178 473 3212 conclusum
498 3177 614 3212 habeat
649 3180 808 3213 calculum
832 3191 898 3221 quo
924 3191 962 3212 ex
986 3192 1056 3213 ure-

57 3229 180 3262 teribus
214 3224 382 3267 pervenire
418 3233 484 3254 non
518 3223 662 3263 potuerit
684 3244 692 3259 ,
736 3234 867 3264 eamque
902 3225 1056 3256 attentius

56 3272 259 3305 examinarc3
284 3267 395 3299 malim
417 3266 536 3297 interea
561 3278 575 3298 a
603 3277 675 3298 meo
698 3266 755 3299 illo
787 3267 933 3308 cogitato
957 3265 1056 3299 assen-

55 3316 125 3350 sum
150 3312 300 3345 cohibere
325 3322 332 3342 :
357 3312 387 3341 δι
411 3310 561 3349 quoniam
585 3318 623 3341 ex
646 3310 723 3342 meis
747 3309 834 3351 supra
858 3314 871 3348 <
893 3308 945 3351 la)
970 3310 1054 3343 indi-

54 3360 135 3393 catis
158 3352 451 3388 Observationibus
473 3352 589 3389 didici,
614 3350 810 3386 sacculorum
823 3354 948 3385 orificia
974 3353 1054 3395 saepe

54 3401 114 3437 csse
139 3398 269 3432 sacculis
292 3395 364 3437 ipsis
389 3394 492 3428 multo
516 3396 639 3428 minora
663 3409 672 3432 ς
705 3396 898 3436 conjeeturae
922 3408 1053 3438 quoque

54 3445 147 3478 alteri
172 3443 277 3474 lotum
302 3440 441 3478 aliquem
465 3438 571 3477 dabo,
596 3449 629 3471 ut
654 3448 728 3480 puta
755 3439 774 3472 si
803 3441 925 3472 minore
945 3440 1048 3473 calcu-

1124 363 1265 396 staretur
1285 382 1294 398 ‚
1331 363 1362 393 δε
1387 372 1464 403 pene
1487 383 1497 399 ‚
1530 369 1583 393 aut
1608 357 1737 400 prorsus
1761 356 1985 392 occluderetur
2003 381 2011 388 .
2038 358 2118 390 Sunt

1124 414 1231 438 autem
1266 403 1383 437 sacculi
1409 416 1504 438 unam
1537 403 1573 436 ad
1599 402 1732 435 veficam
1765 402 1926 435 interdum
1951 401 2085 442 plurimi
2109 421 2120 436 2,

1122 450 1207 482 inter
1240 447 1354 490 eosque
1377 449 1474 481 etiam
1508 446 1598 488 parvi
1624 468 1633 484 ,
1658 448 1687 477 &
1711 456 1773 477 non
1798 446 1895 491 modo
1919 443 2087 478 inferiores
2110 464 2121 479 ,

1123 494 1154 524 &
1179 490 1320 527 medin,
1345 490 1394 523 sed
1418 494 1447 524 &
1471 489 1608 523 summas
1631 498 1734 531 partes
1758 489 1863 522 νείκεε
1886 497 1993 521 tenent
2017 499 2025 520 ;
2049 496 2122 528 quae

1122 546 1196 569 cum
1217 546 1257 567 ex
1280 535 1358 567 meis
1382 533 1446 566 illis
1470 532 1779 569 Observationibus‚
1803 542 1872 565 tum
1895 531 2073 565 evidentius
2084 539 2124 561 ex

1120 579 1242 611 duabus
1264 578 1424 619 intelliges
1448 576 1625 615 leonibus,
1647 587 1745 617 quas,
1769 584 1804 607 ut
1831 577 2048 616 aliasquoque
2071 573 2124 605 di-

1121 623 1176 658 xi,
1201 621 1272 655 Cel.
1300 621 1464 653 Heisterus
1498 619 1535 653 ad
1560 619 1673 651 latinas
1696 617 1821 651 addidit
1855 617 1923 652 suas
1945 617 2124 658 Chirurgi—

1122 676 1173 698 cas
1198 664 1421 698 Institutiones
1444 664 1495 705 (c
1517 666 1528 701 )
1552 672 1644 695 tanto
1666 661 1858 694 laudabilius
1873 683 1885 700 ‚
1908 669 2031 703 quanto
2056 670 2124 692 ma-

1122 709 1171 750 gis
1203 707 1382 749 optandum
1414 705 1519 739 fuerat
1540 727 1549 742 ‚
1585 717 1623 738 ne
1647 705 1685 738 ab
1720 704 1787 738 ullo
1811 715 1921 737 eorum
1954 704 2011 745 qui
2034 701 2125 745 post-

1122 762 1220 792 quam
1262 749 1300 784 de
1333 750 1397 783 illis
1441 749 1570 782 sacculis
1607 749 1717 790 saepius
1760 746 1842 781 fa&a
1877 747 2001 779 mentio
2044 745 2087 778 est
2111 766 2123 782 ‚

1123 795 1161 827 de
1207 793 1414 827 Lithotomia
1464 791 1656 835 scripserunt
1689 813 1700 829 ‚
1756 791 1883 833 prorsus
1931 791 2125 823 omitteren-

1123 846 1193 871 tur.

1165 891 1218 923 32.
1244 879 1431 913 Lithotomi
1464 879 1551 912 enirn
1574 878 1705 913 interest
1730 877 1787 912 sub
1808 877 1911 911 oculis
1944 876 2000 910 illa
2025 874 2126 909 habe-

1124 935 1181 960 re,
1207 922 1308 962 unde,
1332 924 1364 955 ni
1389 932 1519 959 caveat,
1545 921 1698 956 facillime
1723 922 1815 964 poffit
1838 921 1963 962 decipi.
1988 916 2126 962 Quodsi

1127 966 1288 1000 Riolanus
1313 970 1324 1006 (
1349 964 1402 1008 d)
1425 966 1537 1000 docuit
1563 989 1574 1007 ‚
1605 967 1742 1002 calculos
1766 967 1798 997 in
1833 965 1897 998 illis
1919 965 1993 997 imis
2015 960 2127 995 vesicae

1126 1011 1246 1044 finibus
1270 1010 1469 1048 nidulantes‚
1492 1008 1645 1042 cathetere
1667 1007 1798 1051 immiffo
1820 1019 1877 1041 non
1909 1006 2090 1051 deprehendi
2114 1028 2127 1045 ,

1123 1054 1211 1096 {ique
1243 1053 1328 1086 casus
1353 1065 1368 1085 a
1391 1054 1443 1085 Cl.
1464 1053 1518 1096 Jo.
1543 1051 1728 1095 Christoph.
1756 1053 1864 1094 Mayo
1892 1055 1906 1091 (
1928 1050 1977 1092 e)
2008 1049 2128 1082 descri-

1123 1107 1197 1140 ptus
1228 1096 1452 1130 difficultatem
1475 1095 1612 1128 ostendit
1645 1108 1682 1128 ex
1715 1094 1780 1128 illis
1813 1095 1933 1128 sinibus
1965 1094 2127 1126 calculum

1123 1139 1316 1178 eximendi;
1348 1137 1444 1173 facile
1468 1140 1500 1171 in
1535 1148 1675 1171 mentem
1699 1139 1804 1172 veniet
1838 1147 1888 1171 tot
1922 1137 2061 1171 sacculos
2091 1136 2127 1168 in

1121 1194 1188 1217 tam
1211 1182 1342 1217 diversis
1366 1182 1474 1216 veficae
1498 1182 1643 1224 partibus
1668 1181 1845 1223 specstanti,
1868 1189 1949 1224 quot
1963 1181 2022 1213 sibi
2045 1179 2129 1211 inci-

1120 1228 1193 1261 dere
1216 1227 1300 1260 casus
1326 1226 1441 1268 poffint
1468 1248 1481 1266 ‚
1513 1227 1547 1258 in
1570 1227 1708 1268 quibus,
1735 1233 1770 1258 ut
1795 1227 1925 1257 mittam
1949 1222 2129 1257 curationis

1121 1271 1357 1307 difficultatem
1394 1272 1426 1302 in
1451 1268 1517 1311 ipsa
1549 1269 1667 1302 calculi
1692 1269 1928 1311 perquisitione
1962 1265 2094 1300 fallatur
2117 1289 2128 1297 .

1121 1316 1166 1347 Et
1191 1316 1284 1355 sane,
1309 1324 1343 1346 ut
1366 1313 1450 1355 apud
1476 1313 1528 1345 Cl.
1554 1313 1777 1347 Schreiberum
1801 1309 1887 1354 (f)
1914 1309 2007 1343 video
2030 1332 2042 1349 ,
2076 1311 2129 1342 in-

1121 1357 1160 1391 de
1183 1369 1272 1391 error
1296 1367 1388 1391 natus
1421 1357 1462 1390 est
1485 1356 1634 1390 credendi
1667 1356 1834 1389 hominem
1859 1367 1876 1387 a
1900 1353 2032 1389 calculis
2057 1363 2131 1396 per-

1122 1401 1287 1437 sanatum,
1313 1402 1347 1433 in
1371 1399 1462 1442 cujus
1485 1399 1584 1433 vesica
1608 1400 1714 1432 nullus
1739 1398 1877 1440 amplius
1901 1397 2132 1432 catheteriob-

1121 1444 1298 1477 versaretur
1319 1468 1332 1484 ,
1364 1456 1438 1477 cum
1461 1453 1567 1476 tamen
1592 1447 1623 1476 in
1648 1443 1789 1485 ejusdem
1812 1443 1968 1476 cadavere
2003 1440 2132 1473 inventi

1123 1487 1185 1521 {int
1216 1498 1334 1520 novem
1355 1510 1364 1524 ‚
1399 1498 1479 1529 quos
1505 1486 1556 1519 sex
1592 1486 1702 1519 vesscae
1736 1486 1849 1519 sacculi
1882 1484 2095 1519 continebant
2120 1507 2133 1517 .-

1122 1531 1183 1566 Sed
1208 1541 1323 1573 praeter
1346 1530 1514 1563 lithotomi
1539 1532 1571 1562 in
1596 1529 1795 1571 explorando
1819 1529 1945 1564 calculo
1967 1528 2135 1571 deceptio-

1122 1586 1175 1608 nes
1198 1576 1274 1607 dum
1298 1572 1352 1607 hic
1377 1574 1474 1607 modo
1498 1574 1530 1605 in
1557 1571 1655 1604 vesica
1677 1573 1722 1606 est
1746 1593 1755 1609 ,
1789 1573 1888 1606 modo
1912 1572 1946 1603 in
1972 1571 2136 1605 sacculum

1123 1617 1154 1651 se
1177 1618 1349 1655 subducit,
1372 1629 1434 1659 qua
1458 1617 1495 1649 de
1518 1627 1550 1648 re
1572 1619 1662 1657 supra
1686 1619 1699 1654 (
1718 1625 1741 1657 g
1764 1618 1774 1653 )
1800 1627 1816 1649 a
1838 1627 1889 1648 me
1903 1614 1978 1648 satis
2002 1615 2130 1649 dietum

1122 1661 1186 1698 est;
1211 1672 1329 1703 magno
1352 1660 1482 1702 insuper
1504 1670 1578 1693 cum
1602 1659 1689 1692 illius
1714 1661 1809 1692 samae
1829 1681 1841 1698 ‚
1873 1660 1906 1691 δε
1929 1659 2005 1700 aegri
2030 1658 2132 1692 detri-

1122 1714 1234 1739 mento
1258 1705 1327 1738 fieri
1353 1703 1515 1737 interdum
1539 1705 1644 1745 potest
1666 1727 1674 1741 ,
1707 1711 1743 1736 ut
1769 1704 1827 1745 qui
1850 1701 1964 1735 diebus
1987 1702 2136 1745 superio-‘

1121 1750 1211 1783 ribus
1244 1749 1324 1791 lapis
1347 1748 1380 1780 in
1420 1746 1517 1780 vesica
1542 1755 1710 1789 perceptus
1736 1747 1777 1779 fit
1796 1768 1808 1785 ,
1833 1745 1971 1779 senione
1996 1745 2060 1787 jam
2084 1745 2134 1779 fa-

1120 1796 1193 1832 fia,
1218 1791 1331 1826 frustra
1353 1792 1388 1825 in
1411 1790 1512 1825 vesica
1526 1792 1752 1833 perquiratur.
1778 1789 2003 1825 Quamobrem
2027 1789 2131 1823 istius-

1122 1838 1213 1871 modi
1236 1836 1471 1879 aegrotantibus
1493 1836 1528 1868 in
1562 1833 1682 1876 quibus
1719 1832 1818 1866 modo
1842 1843 1897 1875 per
1930 1832 2131 1878 catheter‘em

1123 1881 1260 1916 sentitur
1293 1879 1432 1913 calculus
1455 1900 1465 1916 ‚
1498 1877 1597 1912 modo
1620 1888 1685 1911 non
1719 1876 1855 1912 sentitur
1878 1899 1886 1915 ‚
1923 1877 1950 1911 is
1984 1879 2041 1920 qui
2075 1889 2133 1910 an-

1122 1936 1172 1960 tea
1195 1924 1305 1966 sensit,
1330 1925 1436 1959 varios
1458 1944 1468 1961 ‚
1499 1925 1532 1956 Sc
1557 1922 1754 1967 multiplices
1778 1930 1885 1955 motus
1911 1947 1919 1961 ,
1954 1923 1984 1955 δε
2009 1920 2131 1964 positus

1121 1972 1281 2012 imperare
1304 1969 1399 2002 debet
1422 1994 1430 2010 ‚
1466 1966 1621 2012 siquando
1644 1966 1842 2001 litliotomus
1866 1966 1948 2001 alter
1972 1976 2035 1999 non
2061 1965 2130 1999 sen-

1121 2016 1184 2047 tiat
1207 2035 1217 2051 ,
1250 2013 1418 2056 multoque
1450 2015 1549 2046 etiam
1584 2012 1686 2054 magis
1716 2022 1828 2046 cavere
1864 2011 1930 2053 ipse
1955 2033 1965 2049 ‚
2014 2021 2051 2043 ne
2085 2009 2131 2044 se-

1120 2065 1207 2097 cet,
1241 2057 1300 2091 nisi
1334 2057 1368 2089 in
1394 2055 1502 2090 vesicae
1534 2067 1614 2089 cavo
1645 2065 1723 2089 tunc
1757 2054 1899 2096 lapidem
1933 2055 2093 2097 percipiat
2120 2079 2129 2090 .

1121 2102 1202 2134 Haec
1227 2112 1302 2133 vero
1326 2099 1475 2134 accidunt
1509 2111 1584 2133 cum
1618 2098 1736 2133 sacculi
1766 2099 1933 2132 orificium
1970 2110 2027 2140 pro
2061 2099 2129 2133 cal-

1120 2144 1187 2177 culi
1222 2143 1306 2177 mole
1340 2144 1490 2185 grandius
1523 2142 1565 2176 est
1588 2166 1600 2182 ‚
1643 2142 1733 2176 velut.
1770 2144 1803 2175 in
1839 2142 1976 2177 Rustico
2019 2144 2130 2178 nostro

1121 2186 1186 2220 fuit
1210 2210 1217 2219 .
1252 2186 1448 2220 Grandescit
1494 2196 1599 2220 autem
1636 2189 1667 2219 &
1711 2185 1874 2219 orificium
1899 2210 1909 2225 ‚
1955 2189 1986 2219 δε
2023 2188 2129 2223 saccus

1122 2231 1162 2263 ab
1193 2230 1293 2275 urinae
1325 2231 1419 2272 copia
1441 2252 1453 2269 ‚
1486 2233 1516 2263 &
1550 2229 1689 2272 pondere
1714 2255 1724 2270 ‚
1769 2230 1805 2263 ad
1841 2230 1927 2272 quod
1960 2232 1992 2264 &
2024 2233 2131 2266 calcu-

1120 2273 1145 2306 li
1178 2272 1396 2315 adJiciendum
1428 2273 1471 2306 est
1495 2274 1619 2315 pondus
1641 2296 1654 2313 ,
1685 2285 1752 2315 quo
1776 2275 1845 2316 plus
1869 2276 1969 2308 urinae
2002 2279 2128 2310 circum

1119 2325 1266 2351 moratur
1288 2339 1299 2356 ‚
1336 2328 1373 2350 eo
1408 2317 1509 2358 magis
1543 2316 1625 2351 unde
1648 2316 1802 2357 crescat,
1838 2316 1988 2351 habentis
2015 2333 2024 2353 .·
2058 2321 2131 2361 plus

1121 2370 1229 2393 autem
1264 2360 1363 2394 urinae
1396 2361 1430 2393 in
1477 2359 1567 2393 sacco
1605 2371 1751 2394 motatur
1784 2382 1793 2398 ,
1837 2372 1903 2403 quo
1934 2360 1988 2394 hic
2033 2375 2130 2405 augea

1121 2402 1181 2436 scit
1206 2404 1307 2446 magis
1331 2416 1340 2440 3
1373 2403 1415 2437 fic
1439 2405 1523 2437 enirn
1548 2404 1648 2446 magis
1680 2415 1810 2446 quoque
1833 2404 2052 2439 distrahuntur
2076 2418 2127 2441 tu-

1120 2447 1201 2479 nicae
1227 2446 1330 2489 ipsum
1364 2445 1538 2487 facientes,
1570 2458 1741 2490 earumque
1776 2449 1857 2480 vires
1892 2458 1962 2482 tum
1998 2453 2126 2484 muscu—

1118 2490 1193 2522 laris
1218 2511 1227 2526 ‚
1260 2500 1331 2523 tuni
1362 2490 1491 2523 elastica
1517 2512 1526 2527 ,
1561 2491 1681 2532 quibus
1718 2491 1793 2523 lotii
1826 2490 2034 2532 adjuvaretur
2068 2506 2128 2527 ex-

1116 2533 1221 2575 pulsio
1251 2556 1264 2573 ,
1311 2535 1529 2574 maximopere
1571 2531 1796 2575 infringuntur
1829 2558 1836 2565 .
1888 2536 2002 2578 Itaque
2044 2536 2125 2572 sacci

1117 2576 1310 2618 magnitudo
1341 2576 1504 2611 interdurn
1540 2576 1619 2610 adeo
1653 2578 1761 2619 augeri
1797 2579 1937 2620 potest,
1981 2589 2016 2613 ut
2053 2593 2126 2624 per-

1117 2630 1226 2661 peram
1268 2631 1327 2662 pro
1361 2621 1459 2654 altera
1503 2620 1601 2653 vesica
1636 2621 1816 2663 accipiatur
1848 2646 1858 2655 .
1903 2623 1977 2656 Hoc
2014 2635 2124 2659 autem

1116 2673 1182 2696 non
1215 2675 1253 2696 eo
1284 2663 1360 2697 dico
1385 2686 1394 2701 ,
1427 2663 1517 2707 quod
1552 2663 1691 2698 nesciam
1715 2687 1725 2702 ,
1768 2676 1875 2699 revera
1907 2668 2069 2708 geminam
2106 2682 2123 2703 a

1116 2705 1305 2747 primordiis
1336 2707 1511 2750 aliquando
1546 2707 1681 2741 vesicam
1715 2706 1807 2741 fuisse
1831 2732 1840 2748 ,
1872 2712 1928 2751 qui
1961 2721 2025 2743 non
2052 2724 2123 2745 mo-

1116 2747 1160 2781 do
1193 2750 1356 2793 triplicem
1378 2772 1388 2788 ‚
1421 2751 1473 2785 sed
1508 2753 1538 2784 ἅτ
1571 2751 1808 2793 quintuplicem
1842 2750 1931 2784 fuisse
1965 2775 1974 2791 ,
2001 2753 2123 2790 sciam.

1116 2791 1290 2828 Nimirum
1339 2797 1484 2837 quinque
1534 2794 1567 2826 in
1619 2795 1753 2827 muliere
1802 2795 1930 2835 publice
1980 2798 2120 2832 ostendit

1115 2834 1311 2871 Molinettus
1357 2842 1370 2877 (
1391 2837 1410 2869 h
1431 2841 1445 2876 )
1467 2860 1476 2875 ‚
1524 2837 1662 2871 totidem
1707 2837 1835 2870 renibus
1859 2860 1868 2875 ‚
1913 2838 1965 2871 sex
2009 2852 2117 2876 autern

1111 2881 1292 2913 ureteribus
1329 2881 1462 2922 praedita
1484 2901 1493 2917 ‚
1529 2891 1667 2922 quorum
1691 2881 1759 2913 bini
1783 2881 1817 2912 in
1841 2880 2017 2923 majorem,
2039 2897 2120 2927 qua-

1109 2931 1184 2955 tuor
1217 2924 1334 2965 reliqui
1357 2922 1472 2965 singuli
1505 2923 1537 2955 in
1572 2922 1708 2965 singulas
1743 2924 1883 2957 minores
1917 2927 2032 2960 veficas
2064 2932 2118 2963 in-

1109 2964 1291 2999 serebantur
1313 2991 1322 3005 ,
1353 2978 1424 3008 quae
1449 2977 1502 3009 per
1538 2966 1709 3008 singulares
1732 2968 1864 3000 tubulos
1898 2971 1930 3001 in
1957 2970 2116 3013 majorem

1108 3008 1226 3042 lotium
1253 3010 1427 3043 mittebant
1449 3032 1458 3047 ,
1494 3009 1650 3042 rarisl'imo
1674 3019 1759 3044 certe
1783 3031 1793 3047 2
1824 3010 1856 3044 δί
1880 3012 2008 3046 fortasse
2040 3017 2115 3049 uni-

1111 3063 1152 3085 co
1173 3053 1319 3094 exemplo
1343 3079 1351 3093 ‚
1383 3064 1483 3095 eoque
1505 3053 1648 3095 digniori
1683 3052 1770 3096 quod
1794 3064 1810 3085 a
1834 3066 1883 3088 me
1915 3067 2115 3092 commemo-

1110 3105 1234 3130 raretur
1258 3120 1267 3136 ,
1300 3095 1475 3137 praesertim
1508 3097 1637 3138 quando
1659 3109 1697 3130 ex
1719 3097 1869 3131 omnibus
1902 3110 1984 3140 quos
2006 3101 2115 3143 legisse

1111 3141 1244 3172 memini
1266 3139 1406 3181 duplicis
1429 3162 1437 3176 ,
1474 3149 1527 3172 aut
1553 3141 1693 3182 triplicis
1727 3139 1833 3174 vesicae
1857 3141 2112 3179 Observationes

1108 3183 1325 3216 indicantibus
1351 3206 1363 3222 ,
1398 3193 1478 3216 unus
1502 3181 1543 3216 est
1574 3184 1627 3216 Cl.
1656 3185 1815 3216 Pantonus
1840 3187 1850 3221 (
1874 3185 1886 3216 i
1907 3187 1920 3222 )
1944 3197 1958 3218 a
1983 3198 2049 3228 quo
2071 3199 2112 3222 ex

1108 3226 1288 3259 Molinetto
1310 3226 1524 3268 quintuplicis
1546 3225 1641 3269 hujus
1667 3228 1788 3259 mentio
1811 3226 1928 3266 injeeta
1945 3228 1982 3261 sit
2003 3254 2009 3260 .
2039 3231 2111 3265 Nec

1109 3280 1159 3303 me
1182 3267 1269 3310 fugit
1291 3290 1300 3305 ‚
1324 3281 1340 3301 a
1366 3269 1552 3311 primordiis
1577 3271 1697 3312 pariter
1719 3269 1776 3302 effe
1800 3270 1973 3311 aliquando
1998 3272 2108 3308 vesicae

1106 3323 1234 3346 caveam
1258 3322 1312 3353 per
1335 3311 1459 3355 septum
1491 3312 1654 3355 quoddam
1679 3314 1711 3344 in
1742 3313 1819 3346 duas
1842 3313 1977 3347 divisam
2002 3339 2010 3353 ‚
2044 3316 2110 3353 five

1104 3356 1185 3389 illud
1210 3356 1332 3397 septum
1356 3358 1393 3388 sit
1417 3357 1449 3388 in
1472 3355 1704 3394 transversum,
1729 3355 1791 3388 five
1813 3355 1901 3397 juxta
1926 3358 2107 3400 longitudi-

1103 3411 1176 3432 nem
1202 3400 1342 3441 positum
1369 3411 1379 3430 .·
1412 3399 1445 3431 in
1480 3398 1692 3433 transversum
1716 3398 1874 3438 quidem,
1897 3409 1933 3433 ut
1968 3403 1998 3434 in
2031 3405 2105 3437 ovi-

1103 3443 1159 3477 bus
1185 3464 1193 3479 ,
1226 3445 1256 3475 &
1282 3441 1393 3475 vitulis
1424 3443 1615 3484 quibusdam
1651 3441 1836 3482 Ruyschius
1868 3442 1958 3483 (k)
1988 3445 2071 3479 vidit
2093 3472 2104 3487 ,

53 3490 87 3522 lo
110 3485 268 3529 ingresso,
291 3481 453 3515 orificium
476 3493 668 3523 quacunque
691 3482 729 3515 de
753 3482 844 3516 causa
871 3483 971 3525 magis
996 3495 1047 3517 ar·
1098 3487 1132 3519 in
1157 3485 1330 3528 iisdemque
1355 3485 1392 3519 ad
1416 3486 1551 3519 eundem
1570 3510 1580 3525 ‚
1615 3493 1651 3517 ut
1675 3485 1791 3525 opinor
1812 3506 1822 3523 2
1858 3485 1991 3520 modum
2017 3488 2104 3523 vide-

139 3528 303 3570 Morgagni
314 3527 348 3559 de
359 3528 424 3556 bid.
442 3529 483 3560 ξφ
493 3528 579 3564 saus.
592 3524 693 3557 Morb.
707 3527 807 3558 Tom.
823 3527 869 3560 II.

1609 3528 1641 3559 Y
1689 3538 1706 3559 2
2008 3541 2058 3565 rat

46 3628 2103 3655 -n———————-·-···-——·——————-¹-—o———————-——————-—--

974 3704 985 3728 t
1000 3711 1015 3732 q
1030 3703 1044 3731 )
1061 3705 1225 3734 Anthropogr.
1243 3704 1260 3728 l.
1278 3710 1299 3726 2.
1316 3711 1337 3728 c.
1358 3705 1396 3727 28.

107 3703 123 3732 (
137 3711 150 3726 0
165 3702 179 3730 )
195 3701 269 3730 Epist.
288 3708 321 3725 21.
341 3708 363 3724 n.
385 3707 418 3730 ις.
480 3701 494 3729 (
508 3707 524 3730 p
541 3700 549 3729 )
565 3700 649 3725 Traite
664 3701 705 3725 des
720 3701 820 3726 Hernies
834 3709 856 3726 c.
874 3710 910 3732 3¹·

108 3734 116 3761 (
133 3733 171 3762 s)
191 3732 245 3759 Drsp
272 3730 338 3760 supra
355 3730 382 3753 ad
400 3739 422 3753 n.
440 3738 477 3759 27.
496 3737 537 3755 cit.
556 3731 577 3761 §.
596 3739 631 3761 13.
649 3732 670 3755 8(
688 3737 736 3755 not.
754 3731 812 3756 ibid.
830 3741 853 3756 n.

110 3764 124 3792 (
140 3772 155 3787 u
177 3768 181 3789 )
199 3762 283 3786 nasse-t
309 3760 425 3795 quaobs.
446 3768 489 3784 rar.
508 3761 591 3786 Calcul
618 3762 661 3786 διε.
682 3762 704 3791 §.
720 3771 742 3791 4.
805 3763 847 3791 (x
867 3765 951 3790 mest.
966 3763 1010 3787 hac
1026 3772 1054 3792 25
1081 3765 1138 3789 ΟΜ.
1156 3767 1176 3789 8.
1197 3766 1218 3795 §.

110 3794 149 3822 (y
167 3794 178 3820 )
196 3792 311 3826 δαὶ-ῃ
331 3791 384 3814 Obs
408 3800 420 3818 7
448 3791 470 3820 §.
494 3800 511 3815 ι.
572 3794 615 3821 (z
631 3796 641 3822 )
660 3792 721 3818 lbid.
739 3792 797 3817 Obs.
812 3803 827 3821 4
852 3794 873 3823 §.
891 3803 910 3818 2,
975 3796 988 3822 (
1005 3795 1048 3823 a)
1066 3796 1135 3823 Epist.
1156 3804 1191 3824 37.
1210 3804 1235 3819 n.
1253 3803 1290 3821 ²⁹-

110 3823 124 3850 (
139 3823 179 3851 d]
200 3824 245 3847 loc.
264 3824 358 3846 indicat.
378 3822 489 3855 supra-ad
508 3830 530 3846 n.
550 3830 588 3851 30.
649 3825 654 3848 s
675 3831 686 3846 e
702 3823 715 3851 )
732 3825 870 3848 Commetc.
891 3824 978 3848 Litter.
998 3827 1110 3854 A.1736.
1128 3826 1203 3850 Hebd.
1222 3835 1241 3855 ς.
1260 3833 1284 3848 η.
1302 3833 1325 3849 2.

108 3853 123 3881 ζ
176 3867 178 3874 1
197 3861 219 3875 n.
241 3861 275 3876 ιο.
339 3855 346 3881 (
366 3853 379 3875 h
396 3852 408 3879 )
426 3853 517 3877 Disierr.
536 3856 608 3877 Anat.
630 3854 724 3877 Pati-iol.
742 3854 757 3877 l.
779 3858 802 3878 6.
817 3861 838 3878 c.
854 3863 875 3883 7.
894 3855 920 3878 in
936 3854 996 3878 fine.
1060 3856 1067 3885 (

106 3888 114 3913 s
132 3861 178 3912 ἕ)
196 3884 268 3909 cent.
285 3882 348 3911 ΟΜ,
360 3883 433 3908 Anat.
450 3882 518 3910 chit.
534 3886 556 3908 8.
573 3883 595 3908 δ(
611 3883 696 3909 Musaei
711 3884 794 3910 Theca
808 3887 839 3915 A.
857 3884 939 3915 Repos.
957 3893 978 3910 2.
997 3893 1020 3911 n.
1038 3893 1059 3912 1-

1459 3704 1468 3732 s
1485 3705 1523 3733 r)
1540 3704 1597 3730 Dfls.
1616 3705 1644 3730 de
1660 3704 1731 3731 Urin.
1747 3712 1768 3732 c.
1785 3712 1810 3736 ς.’

916 3734 929 3762 ί
946 3739 957 3756 t
974 3732 983 3761 )
1000 3735 1077 3757 Mem.
1095 3735 1122 3758 de
1138 3735 1234 3759 l'ncad.
1252 3736 1281 3758 R.
1298 3734 1338 3759 des
1355 3736 1394 3759 Sc·
1410 3736 1441 3759 A.
1460 3742 1533 3763 1702„

1237 3774 1259 3795 7.
1280 3772 1311 3793 13-
1331 3773 1366 3791 14.
1384 3767 1406 3789 ἃ
1426 3766 1484 3789 Βεεὶ,
1503 3773 1537 3795 24<
1555 3766 1614 3790 obs.
1632 3774 1668 3791 ιο.
1687 3767 1712 3796 §.
1733 3775 1752 3791 i.

1352 3794 1395 3825 (b
1412 3795 1418 3823 )
1437 3804 1461 3819 n.
1480 3803 1516 3830 30:
1575 3797 1589 3826 ζ
1609 3805 1620 3820 c
1638 3798 1646 3826 )
1665 3799 1725 3821 Tab.
1747 3805 1782 3828 3²·
1800 3799 1853 3827 Fig.
1870 3806 1891 3824 1.
1912 3799 1934 3823 8(
1950 3806 1971 3823 2.

1389 3827 1402 3855 (
1415 3825 1432 3855 f
1443 3827 1456 3854 )
1473 3826 1545 3855 Epist.
1561 3828 1590 3852 ad
1609 3827 1691 3852 Haller
1712 3829 1740 3853 de
1757 3829 1939 3855 Medicamento
1955 3829 2072 3860 stephens·
2085 3847 2092 3855 .

1085 3856 1095 3880 ι’
1111 3856 1121 3885 )
1137 3857 1209 3882 Anat.
1226 3863 1294 3886 corp.
1311 3856 1381 3883 hum.
1398 3856 1493 3882 Differt.
1510 3865 1536 3886 7.
