2498 4075
404 101 497 166 278

338 193 426 218 mum
449 179 590 215 attendas
610 203 620 220 ,
654 178 733 221 quid
753 175 945 212 discriminis
978 172 1017 207 sit
1039 173 1122 207 inter
1154 174 1335 215 sanguinem

340 226 480 260 multum
504 225 595 257 illico
614 246 627 263 ,
657 225 690 256 &
713 220 896 264 sanguinem
927 220 1021 260 longe
1043 216 1218 259 plurimum
1234 240 1248 257 ,
1284 215 1336 250 sed

339 269 491 312 paulatim
515 269 598 299 intra
622 265 737 299 multas
761 265 874 300 horas,
896 261 1023 303 diesque
1043 258 1221 295 effluentem
1240 259 1336 312 ‚ude-

339 312 413 345 :inde
436 314 517 343 inter
539 309 720 343 effluentem
741 319 780 341 ex
800 307 869 350 ipso
891 315 988 347 prope
1010 304 1168 345 originem
1190 327 1202 343 ,
1223 304 1335 336 Aortae

338 365 481 392 trunco,
505 355 536 385 &
561 351 742 386 effluentem
763 363 802 384 ex
824 349 935 383 diffitis
958 348 1077 385 ramis3
1100 346 1235 390 denique
1252 348 1336 378 inter

338 396 524 432 effluentem
546 396 630 428 intra
654 393 890 436 pericardium‚
911 388 1142 425 &effluentem
1165 399 1252 430 extra
1263 400 1334 425 cor-.

340 451 415 484 pus.
442 441 582 473 Primum
604 435 773 471 discrimen
796 435 952 468 indicabit
974 456 985 472 ,
1017 443 1079 466 non
1103 432 1160 466 effe
1184 432 1236 465 hic
1259 430 1333 465 satis

340 484 515 524 temporis,
537 491 572 516 ut
597 481 625 515 se
647 479 835 513 contrahant
859 477 928 511 vasa
954 478 1074 511 circum
1086 476 1244 518 reliquum
1266 474 1334 508 san-

340 527 490 570 guinem,
519 536 617 567 neque
640 535 674 557 ut
700 523 755 557 hic
778 521 987 564 supplementi
1022 518 1142 560 aliquid
1166 519 1301 567 accipiat
1325 543 1333 556 ‚

344 569 427 604 unde
452 568 518 610 ejus
542 577 644 611 partes
676 569 761 600 inter
786 565 816 599 se
837 588 848 604 ,
884 567 916 598 δε
939 562 1085 596 vasorum
1115 571 1229 594 tunicae
1252 560 1334 603 ipsas

338 613 528 654 contingant
551 634 562 650 ,
593 611 654 645 sine
676 622 741 652 quo
763 610 796 641 in
819 618 933 651 gyrum
956 606 1006 648 agi
1030 604 1153 653 sanguis
1174 615 1236 636 non
1260 613 1335 646 pot-

340 655 383 690 est
407 679 415 685 ·
453 657 506 688 Ex
527 654 711 687 discrimine
733 652 837 685 altero
862 650 951 683 simul
986 648 1147 690 intelliges
1168 670 1181 688 ,
1211 656 1335 690 repente

340 698 487 733 subtrahi
521 696 634 740 justam
656 697 784 738 copiam
818 693 978 736 sanguinis
1000 689 1147 725 universo
1170 691 1303 733 corpori
1327 717 1334 724 .

339 744 393 777 Ex
416 742 513 774 tertio
545 749 651 775 autem
674 750 730 772 cor
764 737 857 772 facile
879 733 999 769 offendi
1031 733 1168 768 insolito
1200 735 1338 767 exterius

339 785 489 820 contae'tu
514 782 672 825 sanguinis
690 806 699 820 ,
730 782 887 822 copiaque
919 776 1123 819 circumice-‘ta
1155 776 1304 818 impediri
1326 800 1336 816 ‚

338 840 409 871 quae
432 827 454 859 si
477 826 688 868 pericardium
710 823 880 859 distendit,
905 832 960 855 cor
983 822 1080 855 etiarn
1102 829 1223 863 premat
1244 843 1254 859 ,
1285 831 1339 853 ne-

339 869 416 905 cesse
438 869 498 903 est.
524 870 596 903 Nec
620 878 651 902 te
673 867 753 901 illud
779 875 920 900 moretur
942 864 1075 907 quodin
1099 862 1339 906 pericardiihy.

338 915 438 956 drope
462 914 583 946 moveri
606 923 664 945 cor
687 920 817 953 pergat,·
840 906 925 942 aliud
945 908 1030 941 enirn
1053 906 1095 940 est
1117 907 1272 949 paulatim
1286 918 1338 940 au-

337 959 405 1000 geri
430 967 568 999 aquam3
592 954 676 989 aliud
701 954 1019 997 sanguinemrepente
1041 948 1183 990 effundi,
1207 950 1336 983 &aliud

338 1012 418 1043 aqua
437 1026 445 1040 ,
470 998 557 1033 aliud
585 998 735 1040 sanguine
756 998 861 1039 urgeri
882 1018 894 1035 ‚
924 995 979 1036 qui
1005 1004 1216 1037 praeterquam
1247 993 1336 1036 quod

336 1044 442 1078 statim
467 1052 561 1085 atque
583 1041 696 1076 effusus
721 1041 786 1081 est,
809 1039 846 1073 ad
860 1037 1123 1072 concrescendum
1148 1036 1185 1070 fit
1197 1047 1336 1079 pronus,

335 1097 419 1121 certe
441 1096 562 1128 quanto
585 1097 662 1128 aqua
685 1084 807 1118 craffior
830 1081 891 1118 est,
915 1090 1007 1113 tanto
1029 1079 1150 1113 accedit
1175 1080 1273 1121 magis
1298 1079 1337 1112 ad

338 1130 516 1165 solidorum
540 1140 684 1163 naturam
699 1151 707 1165 ,
730 1139 799 1170 quae
823 1148 834 1165 ,
857 1124 880 1158 si
901 1123 989 1157 cordi
1014 1124 1180 1157 admoveas
1203 1148 1210 1162 ,
1246 1122 1337 1155 illico

335 1174 403 1217 ejus
427 1183 554 1207 motum
577 1171 731 1208 sistendo,
754 1169 925 1212 syncopem
948 1165 1102 1200 inducunt
1124 1187 1134 1202 ,
1156 1176 1191 1198 ut
1215 1164 1339 1214 admoti

335 1227 389 1250 aut
415 1216 559 1258 specilli‚
583 1225 635 1248 aut
661 1215 759 1256 digiti
782 1212 935 1253 exemplis
968 1211 1000 1242 in
1023 1209 1148 1243 duobus
1170 1210 1341 1242 vulneratis

338 1260 526 1295 hominibus
551 1255 694 1291 accidisse
720 1280 731 1296 ,
763 1253 899 1288 ostendit
921 1253 1083 1287 Celeberr.
1109 1253 1171 1284 Vir
1197 1252 1341 1286 Senacius

334 1308 349 1343 (
370 1315 390 1336 n
412 1308 444 1344 ).
470 1304 539 1336 Aut
562 1301 584 1335 fi
610 1301 676 1334 haec
701 1309 762 1331 non
786 1297 860 1330 satis
884 1296 954 1330 sunt
977 1309 987 1335 5
1011 1296 1072 1329 huc
1093 1294 1157 1329 duo
1182 1295 1342 1338 superiora

335 1347 520 1381 discrimina
548 1344 644 1379 adde.
669 1341 762 1376 Adde
784 1342 883 1374 etiarn
907 1350 1054 1374 truncum
1077 1339 1191 1372 Aortae
1224 1337 1341 1372 dilata-

334 1400 429 1432 tum,
453 1393 484 1423 δι
508 1389 596 1422 fibris
619 1387 738 1421 carneis
762 1395 873 1427 magna
897 1395 936 1417 ex
958 1392 1047 1426 parte
1065 1381 1166 1414 exesis
1189 1404 1201 1421 ,
1234 1381 1339 1424 rigida

336 1445 443 1469 autem
466 1433 591 1467 officula
615 1434 703 1464 intus
727 1429 913 1462 habentem:
938 1437 1007 1468 quae
1031 1437 1076 1458 res
1095 1434 1250 1468 quantum
1273 1424 1339 1458 dif-

334 1478 511 1512 ficultatem
537 1474 664 1510 afferant
690 1472 850 1515 sanguinis
874 1471 1093 1512 provectioni,
1117 1468 1189 1514 satis
1202 1467 1337 1501 manife-

337 1521 420 1556 stum
443 1520 510 1560 est,
533 1523 565 1553 &
589 1518 676 1560 quod
698 1514 903 1558 consequitur
926 1538 934 1552 ,
967 1522 1088 1561 quanto
1112 1523 1246 1553 majores
1269 1512 1338 1545 exi-

336 1575 415 1608 gant
437 1563 546 1597 cordis
569 1563 670 1599 vires,
695 1570 766 1603 quae
791 1570 828 1592 ex
852 1558 891 1590 iis
915 1566 986 1599 quae
1008 1555 1174 1595 ducimus,
1197 1564 1233 1588 ut
1256 1555 1340 1589 labe-

337 1609 466 1643 faetatae
491 1607 550 1640 sint
571 1630 583 1646 ‚
614 1603 734 1639 constat
754 1626 761 1633 .
797 1599 895 1639 Quod
919 1600 941 1631 ii
975 1598 1042 1632 haec
1070 1598 1153 1631 forte
1179 1598 1252 1631 satis
1276 1609 1340 1631 non

333 1651 472 1687 facerent
497 1649 640 1684 universa
656 1671 669 1688 ,
691 1644 859 1686 mallesqtie
881 1641 986 1676 adhuc
1025 1651 1157 1684 propter
1181 1652 1249 1674 eam
1274 1641 1341 1674 san-

337 1696 444 1741 guinis
466 1694 593 1736 copiam
617 1703 689 1734 quae
713 1690 797 1722 intra
820 1687 964 1719 cranium
975 1686 1147 1727 apparuit,
1171 1682 1341 1718 foeminam

334 1740 416 1774 hanc
441 1737 608 1780 apoplexia
632 1734 741 1777 potius
763 1753 772 1766 ‚
805 1740 901 1773 quarn
924 1727 1122 1771 disruptione
1146 1728 1342 1770 aneurysma-

333 1784 401 1822 tis,
423 1779 515 1816 fuisse
539 1779 693 1813 sublatam
715 1789 726 1815 5
760 1774 909 1808 historias
933 1772 999 1813 lege
1032 1782 1101 1814 quae
1128 1770 1343 1820 ‘sequuntur-2

333 1827 469 1861 duarum
491 1824 682 1858 mulierum,
705 1817 876 1862 propofitae
900 1814 983 1849 haud
1007 1815 1051 1846 ita
1076 1813 1230 1847 absimiles
1253 1836 1262 1851 ‚
1286 1815 1344 1860 nisi

334 1869 422 1915 quod
454 1869 539 1902 nulla
574 1876 679 1899 tamen
700 1886 712 1903 ‚
757 1859 872 1896 nedum
907 1860 1015 1900 ingens
1047 1857 1103 1890 illa
1136 1856 1222 1899 quasi
1256 1856 1343 1890 estusi

336 1918 422 1948 intra
466 1911 610 1946 cranium
645 1906 805 1949 sanguinis
850 1904 897 1937 vis
929 1901 993 1937 fuit
1038 1912 1054 1935 a
1098 1900 1189 1933 nobis
1235 1899 1354 1942 dep1·e--

363 1957 431 1992 ensa
446 1981 454 1990 .
1239 1987 1246 1994 .
1318 1988 1324 1994 ¹

337 1958 360 1994 h
385 2013 433 2043 19.
458 1990 829 2037 FnEMIN'AMannos
853 2001 959 2026 natam
983 1991 1053 2034 plus
1076 1989 1212 2038 triginta
1236 1998 1343 2030 inopi-

337 2056 411 2081 nata
449 2055 532 2078 mors
557 2042 610 2076 hic
643 2048 769 2082 repente
792 2038 969 2071 extinxerat
992 2036 1073 2068 circa
1109 2033 1250 2065 medium
1273 2032 1344 2078 Nia-

334 2090 405 2134 vjum
429 2090 471 2122 A.
500 2087 591 2129 1738.
726 2080 960 2120 VENTRE„
983 2077 1177 2111 &Thorace
1199 2074 1344 2123 reclusis,

338 2137 372 2168 in
396 2133 456 2165 illo
481 2128 629 2164 nonnihil
651 2152 662 2168 ,
685 2127 719 2159 in
741 2125 802 2159 hoc
827 2122 909 2157 nihil
935 2120 1038 2154 effusae
1063 2131 1149 2167 aquae
1176 2130 1196 2168 a*
1217 2118 1343 2167 Media-

339 2179 389 2210 via
414 2175 520 2210 nostro
543 2176 708 2207 inventum
732 2168 795 2207 est3
820 2165 873 2213 sed
896 2165 1064 2207 oppletum
1089 2166 1236 2212 languine
1260 2172 1344 2204 peri-

338 2219 483 2256 cardium
507 2230 544 2251 ex
567 2227 665 2260 rupto
698 2217 782 2246 intra
807 2212 912 2253 ipsum
935 2209 1061 2256 Magnae
1094 2215 1216 2238 arteriae
1251 2215 1344 2238 aneu-

339 2265 500 2308 rysmate,
525 2263 557 2294 in
581 2259 667 2304 quod
692 2267 754 2290 non
778 2254 878 2288 modo
900 2252 996 2294 hujus
1029 2261 1114 2284 arcus
1138 2258 1227 2299 totus
1250 2271 1263 2288 ‚
1294 2246 1345 2280 sed

345 2312 378 2343 &
403 2319 474 2351 pars
498 2306 598 2338 initio
622 2313 709 2336 arcus
741 2298 881 2342 ejusdem
905 2297 1053 2338 proxima
1076 2293 1105 2326 se
1127 2292 1312 2342 dilataverat
1336 2315 1344 2322 .

471 2352 580 2391 Caput
596 2373 604 2385 ‚
629 2349 660 2379 δε
684 2345 830 2386 pleraque
851 2339 970 2377 viscera
993 2349 1053 2385 ego
1074 2336 1204 2385 dissecui
1225 2359 1232 2365 .
1257 2337 1345 2367 Intra

342 2396 485 2430 cranium
509 2400 613 2425 autem
636 2399 699 2421 non
724 2387 795 2428 plus
818 2383 980 2424 sanguinis
1004 2379 1193 2429 deprehendi
1215 2402 1227 2417 ‚
1251 2388 1348 2420 quam

342 2440 421 2475 satis
444 2434 516 2470 ess'et
540 2434 576 2468 ad
601 2431 668 2465 vasa
692 2441 760 2472 quae
784 2437 837 2469 per
848 2427 995 2459 Tenuem
1019 2433 1199 2471 ineningeni
1215 2430 1347 2461 repunt,

344 2481 550 2517 mediocriter
573 2473 701 2515 turgida
725 2471 803 2504 sicut
827 2478 914 2501 erant
935 2491 944 2504 ,
970 2465 1152 2501 efficienda,
1178 2467 1210 2497 &
1235 2462 1271 2495 ad
1296 2475 1349 2496 ru-

343 2527 416 2562 bras
440 2523 579 2558 auttulas
602 2514 671 2562 quae
708 2527 745 2549 ex
769 2513 847 2547 secta
880 2509 1048 2545 medullari
1070 2508 1190 2542 cerebri
1213 2505 1351 2540 substan-

344 2571 392 2604 tia
425 2554 534 2611 p³affim
557 2561 777 2607 apparebant,
812 2553 1004 2589 sufficiendas
1028 2578 1035 2584 .
1071 2553 1110 2585 Iri
1148 2550 1349 2600 Lateralibus

344 2611 531 2647 ventriculis
556 2618 642 2651 aquae
667 2601 801 2636 turbidae
825 2610 889 2631 non
912 2597 1053 2631 multum
1075 2618 1085 2634 ,
1111 2606 1164 2644 nec
1189 2594 1293 2636 pallor
1315 2605 1348 2626 in

345 2653 573 2691 Choroidibus
598 2646 760 2693 plexibus.
785 2645 910 2675 Caetera
937 2641 998 2673 huc
1009 2650 1072 2673 non
1097 2647 1257 2687 attinent,
1280 2649 1349 2680 quae

344 2702 380 2735 :in
403 2696 556 2736 cerebro,
579 2692 682 2726 nervis
696 2714 705 2729 ,
729 2688 879 2726 auribus,
902 2683 1033 2733 aliisque
1055 2685 1089 2715 in
1113 2681 1254 2732 partibus
1275 2704 1287 2720 ‚
1308 2682 1351 2730 ⁶&

347 2743 541 2777 nominatim
572 2738 607 2770 in
641 2730 891 2768 Succenturiatis
935 2727 1062 2760 renibus
1106 2723 1315 2770 animadverti
1342 2736 1351 2760 ;

347 2787 416 2821 haec
440 2785 526 2818 enim
549 2792 581 2814 ea
605 2777 719 2813 mulier
743 2774 805 2812 est,
830 2784 869 2807 ex
891 2783 952 2814 qua
975 2770 1092 2815 horum
1105 2769 1268 2803 dexterum
1291 2767 1352 2816 sin-

349 2829 453 2868 stulari
479 2827 584 2861 forma
616 2819 790 2865 praedi'tum
815 2815 962 2859 Epistola
992 2811 1139 2856 deicripsi
1161 2813 1353 2846 Anaromica

348 2874 460 2947 X}{0·(
471 2872 572 2946 {hinc
607 2918 674 2940 earn
699 2916 826 2939 omnem
850 2901 1118 2948 Observationern
1152 2897 1320 2941 subjiciam
1346 2917 1356 2932 ,

350 2957 442 3000 cujus
474 2967 534 2989 una
558 2953 723 2986 dumtaxat
758 2948 911 2991 particula
935 2947 968 2978 in
1003 2945 1066 2977 VI.
1104 2944 1169 2977 suit
1202 2939 1356 2991 Adversa·

351 3003 412 3037 riis
435 3004 490 3041 (p
512 3002 525 3038 )
557 2994 718 3039 propofita
743 3016 751 3024 .
787 2992 870 3029 Quae
892 2988 948 3022 etfi
973 2989 1074 3031 prima
1097 2998 1202 3020 earum
1235 2988 1298 3034 suit
1322 2993 1355 3015 in

351 3056 415 3088 qua
446 3039 632 3082 aneurysrna
665 3036 781 3069 Aortae
816 3044 946 3075 ruptum
994 3030 1063 3064 vidi
1099 3032 1181 3063 intra
1216 3037 1353 3071 pericar-

350 3090 443 3123 dium
467 3099 476 3124 ς
510 3093 617 3118 tamen
639 3079 790 3114 consulto
814 3090 828 3110 a
852 3088 900 3109 me
924 3075 985 3108 tibi
1019 3074 1060 3107 est
1084 3075 1117 3107 in
1141 3072 1222 3119 hune
1248 3073 1354 3103 locum

352 3132 495 3170 servata,
517 3127 593 3170 quia
617 3125 729 3166 plura,
754 3125 786 3155 &
810 3122 898 3169 varia
921 3119 1088 3158 continet,
1112 3117 1299 3160 pluresque,
1323 3115 1356 3145 ἅ*

353 3176 455 3209 varias
477 3169 700 3206 adnotationes
726 3164 878 3207 requirit.
1127 3206 1132 3211 ¹
1332 3200 1338 3206 .

399 3229 450 3252 21.
475 3211 678 3248 VENETA
701 3209 821 3244 Mulier
840 3230 852 3247 ‚
874 3205 978 3238 eadem
1000 3216 1035 3238 ac
1058 3202 1219 3237 novissime
1240 3200 1357 3249 descri-

355 3271 431 3304 pta,
453 3267 571 3296 aetate3
595 3253 732 3292 statura,
755 3251 889 3290 colore,
912 3248 1022 3282 habitu
1044 3249 1191 3290 corporis
1215 3244 1353 3278 laudabi-

356 3306 402 3343 li,
425 3303 473 3337 vel
497 3301 607 3345 potius
632 3296 801 3339 subpingui
827 3306 840 3335 ;
872 3293 1012 3335 plurium
1037 3291 1209 3339 liberorum
1229 3298 1356 3331 parens,

357 3357 428 3382 ante
451 3355 548 3380 annos
571 3342 675 3376 decem
701 3348 841 3380 correpta
872 3346 997 3369 artuum
1019 3335 1209 3367 inieriorum
1234 3330 1357 3374 paraly-

357 3391 379 3425 1}
394 3413 403 3429 ‚
428 3391 510 3423 roris
532 3385 648 3420 marini
687 3383 744 3417 usu
767 3381 836 3415 sana
860 3379 943 3414 faeta
978 3376 1033 3412 esse
1056 3377 1252 3414 dicebatur,
1274 3384 1357 3423 certe

362 3434 441 3467 nulli
478 3430 547 3474 post
577 3426 611 3462 id
644 3436 769 3469 tempus
802 3422 1014 3458 incommodo
1054 3421 1156 3456 fuerat
1188 3418 1325 3452 obnoxm
1351 3440 1359 3454 ‚

359 3476 444 3520 quod
467 3473 596 3518 quidem
619 3469 691 3503 esset
715 3469 919 3503 adnotatione
943 3465 1078 3507 dignum
1101 3490 1107 3496 .
1143 3464 1266 3508 Verum
1292 3470 1362 3492 ante

362 3521 466 3563 plures
489 3516 605 3551 menses
639 3514 777 3546 laborare
800 3519 940 3553 coeperat
957 3532 970 3549 ,
1003 3520 1056 3541 nec
1081 3518 1185 3541 tamen
1220 3502 1329 3538 ειΗιὲυε
1353 3527 1362 3542 ,

920 97 1076 151 Liber
1109 96 1175 148 ΙΙ.
1209 93 1292 149 De
1329 91 1535 147 Morbis
1568 91 1856 157 Thoracis,

1386 169 1525 213 spirandi
1556 170 1746 205 difficultate
1766 190 1776 206 ,
1805 173 1840 202 δε
1873 176 1998 202 tumore
2029 176 2175 211 praeterea
2209 163 2377 200 secundum

1385 213 1623 255 longitudinem
1656 212 1734 246 colli
1756 211 1895 255 pulsante
1927 213 1962 244 in
1985 214 2112 254 regione
2134 213 2255 244 arteriae
2276 211 2379 242 Caro·

1385 256 1463 290 tidis
1486 256 1621 291 dexterae
1638 265 1832 299 ;.nunquam
1856 265 1961 288 tamen
1986 259 2000 296 (
2021 256 2053 289 id
2076 253 2164 297 quod
2183 254 2230 286 ob
2250 265 2286 285 ea
2308 262 2378 294 quae

1385 302 1418 333 in
1441 309 1567 334 mortua
1590 301 1788 335 invenimus,
1812 296 1977 331 adnotabis
1999 302 2013 337 )
2036 297 2072 331 de
2096 298 2205 330 dolore
2234 320 2243 335 ,
2268 304 2381 336 torpo-

1388 355 1420 376 re
1440 366 1454 383 ,
1484 353 1538 377 aut
1561 352 1687 377 tumore
1707 341 1830 377 brachii
1856 341 1978 374 dexteri
1999 340 2168 383 conquesta
2192 340 2234 373 est
2255 363 2263 371 .
2289 338 2380 378 Qa-

1386 395 1461 420 tuor
1482 395 1589 420 autem
1612 409 1623 425 ‚
1654 395 1692 418 an
1715 385 1853 427 quinque
1886 384 2011 418 ultimis
2033 383 2145 418 diebus
2177 382 2214 417 de
2247 380 2379 416 molesto

1384 428 1524 472 quodam
1547 428 1632 463 sensu
1668 427 1854 470 querebatur
1877 438 1941 460 non
1977 428 2062 461 secus
2084 438 2119 459 ac
2150 425 2172 459 fi
2193 425 2283 459 costae
2304 449 2313 463 ,
2343 431 2381 457 ut

1384 472 1450 514 ipsa
1484 471 1609 506 dicebat
1633 495 1643 510 ,
1676 469 1831 504 abdomen
1853 471 1954 504 versus
1985 470 2188 504 conciderent
2206 480 2220 509 ;
2249 478 2321 502 cum
2342 465 2382 499 de

1384 514 1562 557 improviso
1591 515 1676 549 circa
1699 513 1840 548 medium
1876 514 2081 549 Decembrem
2115 514 2154 547 A.
2184 512 2274 556 1708.
2298 521 2380 556 quq-

1385 557 1459 591 dam
1480 557 1566 601 quasi
1591 558 1691 591 animi
1714 557 1858 600 deliquio
1882 556 2028 598 prehensa
2053 581 2062 595 ‚
2095 559 2126 589 δι
2151 555 2179 589 se
2204 555 2308 589 mori,
2332 555 2382 585 as-

1387 602 1514 635 firmans
1528 626 1539 642 ,
1561 612 1642 644 aegre
1665 600 1704 634 ab
1725 600 1961 634 accurrentibus
1984 600 2171 635 mulieribus
2195 598 2357 641 sustentata
2369 619 2382 635 ,

1387 647 1417 678 δε
1439 646 1473 677 in‘
1497 645 1580 678 leste
1603 644 1757 678 collocata
1781 642 1844 683 est,
1865 643 1919 676 ubi
1944 643 2051 684 facie,
2074 636 2231 685 labrisque
2256 640 2382 688 praeler-

1387 689 1468 724 tim‚
1491 687 1620 727 lividis,
1643 686 1760 729 frigida
1781 710 1791 726 ‚
1824 685 1884 718 sine
1910 686 2042 721 sensibus
2063 711 2075 728 ‚
2099 685 2189 729 pulsu
2214 683 2348 727 perexili
2370 704 2384 721 ‚

1389 731 1593 774 respiratione
1616 740 1720 765 autem
1743 728 1892 768 difficili,
1915 733 1947 762 δε
1969 730 2075 771 lenta,
2097 730 2194 762 citius
2204 733 2298 770 quam
2312 725 2384 770 „lio-

1388 785 1429 808 rae
1454 773 1606 817 quadrans
1630 775 1668 808 ab
1691 774 1789 807 initio
1811 774 1989 814 ingruentis
2012 774 2088 806 mali
2112 772 2308 815 praeteriretg
2330 781 2385 801 ex-

1388 817 1471 851 ceffit
1506 829 1522 850 e
1552 818 1618 851 vita
1639 843 1647 850 .
1778 815 2037 851 CADAVERE
2070 816 2213 858 iiii‘peeto
2242 836 2251 852 ³
2295 810 2389 856 quod

1390 861 1513 895 nullum
1536 860 1666 903 usquam
1689 860 1814 894 oedema
1835 881 1845 897 ‚
1870 868 1923 892 aut
1948 859 2033 893 aliud
2056 858 2269 894 adnotandum
2293 855 2386 889 exhi-

1389 905 1484 944 buit,
1507 907 1539 937 &
1563 906 1681 938 Ventre
1706 912 1836 946 aperto,
1859 901 2078 936 intestinorum
2102 913 2205 944 partes
2229 902 2344 944 aliquae
2356 900 2385 932 se

1389 947 1533 981 obtulere
1552 973 1562 988 ‚
1597 947 1619 981 si
1643 947 1787 981 colorem
1811 945 1983 979 attenderes
2005 969 2017 986 ‚
2040 946 2125 989 quasi
2147 946 2350 979 inflammatae
2375 957 2385 976 :

1388 992 1444 1034 qui
1468 991 1558 1024 color
1580 1002 1657 1026 mox
1690 991 1785 1023 etiam
1810 991 1842 1021 in
1864 999 2028 1032 pancreate
2063 989 2177 1023 obvius
2201 987 2264 1022 fuit
2285 1012 2292 1020 .
2325 988 2388 1020 At-

1388 1035 1509 1067 tentius
1532 1043 1637 1068 autem
1660 1032 1868 1075 inspeftando
1891 1033 2017 1066 Tenuia
2042 1032 2187 1066 intestina
2210 1055 2224 1072 ,
2258 1033 2291 1064 in
2325 1029 2387 1064 ho-

1388 1088 1460 1110 rum
1485 1087 1594 1118 parte,
1619 1077 1657 1112 ad
1681 1077 1729 1119 pal
1772 1078 1777 1084 '
1802 1076 1964 1116 trastum,
1987 1076 2119 1109 minima
2138 1074 2284 1118 quaedam
2306 1099 2315 1114 ,
2340 1086 2388 1107 ea-

1387 1131 1447 1163 que
1470 1121 1657 1161 innumera,
1681 1120 1756 1154 subi
1781 1120 1865 1153 scure
1889 1119 2081 1162 apparebant
2104 1119 2267 1152 tubercula
2286 1139 2295 1156 ‚
2318 1130 2389 1161 quai

1389 1163 1472 1196 nihil
1497 1163 1583 1196 aliud
1605 1172 1691 1197 erant
1706 1185 1714 1199 ,
1739 1162 1797 1196 nisi
1820 1162 2004 1196 cellularum
2028 1161 2148 1195 indicia
2170 1185 2182 1202 ‚
2214 1174 2282 1205 quae
2305 1163 2390 1195 inter

1390 1217 1532 1240 carneam
1546 1230 1558 1248 ‚
1581 1208 1673 1249 eique
1695 1204 1868 1249 subjectam
1890 1208 2031 1239 tunicam
2055 1217 2119 1238 aere
2138 1205 2280 1239 distentae
2303 1228 2317 1246 ‚
2348 1206 2391 1238 il-

1391 1250 1456 1283 lam
1481 1250 1658 1284 extrorsum
1682 1249 1872 1282 attollebant
1893 1262 1902 1286 3
1925 1250 2033 1291 itaque
2056 1260 2110 1291 per
2132 1249 2291 1282 vulnerata
2315 1259 2391 1290 pro-

1391 1294 1482 1327 xima
1505 1292 1679 1336 sanguifera
1704 1292 1775 1326 vasa
1796 1304 1864 1325 aere
1888 1290 2015 1335 elapso,
2039 1304 2081 1325 ete
2093 1292 2214 1326 cellulae
2236 1291 2391 1325 concide-

1390 1345 1487 1372 runt.
1621 1338 1659 1370 In
1683 1336 1758 1369 bilis
1780 1335 1912 1369 vesicula
1935 1346 2095 1378 quatuor,
2120 1345 2173 1369 aut
2195 1335 2393 1377 quinquela-

1390 1381 1488 1423 pilli,
1511 1380 1662 1423 inaequali
1685 1380 1767 1412 inter
1802 1378 1831 1411 se
1855 1378 2076 1421 magnitudine
2102 1402 2110 1416 ‚
2141 1378 2358 1413 condebantur
2379 1401 2394 1419 ‚

1389 1425 1446 1466 qui
1469 1422 1507 1457 ad
1530 1422 1727 1458 flammulam
1751 1420 1896 1462 admoti,
1921 1422 2002 1457 hanc
2023 1433 2210 1465 concepere.
2237 1422 2289 1455 Ex
2314 1423 2395 1455 inci-

1391 1467 1421 1500 sa
1452 1478 1527 1500 vena
1551 1466 1639 1500 Cava
1671 1466 1795 1508 sanguis
1819 1477 1883 1499 non
1914 1477 2061 1509 paucus,
2087 1478 2125 1501 ex
2148 1467 2265 1508 Magna
2288 1475 2396 1500 autem

1391 1511 1507 1543 arteria
1530 1520 1593 1543 non
1616 1509 1737 1544 multus
1761 1508 1914 1542 defluxit.
1941 1509 2099 1552 Satisjam
2122 1509 2298 1552 insmffis,
2320 1519 2396 1542 ven-

1391 1556 1449 1587 tris
1470 1553 1641 1586 visceribus
1663 1553 1832 1590 detraffls,
1857 1551 1980 1595 septum
1991 1553 2218 1587 Transversum
2243 1552 2395 1595 uti-inque

1392 1609 1455 1630 non
1487 1599 1519 1629 in
1545 1595 1679 1629 fornicis
1716 1596 1846 1629 modum
1872 1595 2028 1628 ascendere
2048 1620 2061 1637 ,
2094 1595 2145 1629 sed
2167 1596 2312 1629 deorsum
2336 1607 2396 1637 po-

1393 1642 1457 1673 tius
1481 1638 1648 1672 concidere
1673 1662 1685 1679 ,
1717 1637 1919 1671 manifestum
1951 1637 2035 1672 fuit.
2173 1637 2323 1674 Thorace
2347 1650 2396 1671 re-

1392 1683 1503 1722 cluso,
1527 1684 1559 1714 in
1584 1691 1717 1725 utraque
1740 1681 1806 1722 ejus
1829 1692 1920 1714 cavea
1944 1680 2046 1728 seru-tn
2080 1682 2306 1725 conspeximus
2328 1682 2397 1715 val·

1392 1726 1430 1760 de
1453 1734 1640 1764 cruentum,
1665 1723 1703 1758 ad
1724 1735 1837 1767 paucas
1861 1725 1969 1757 uncias
1979 1724 2132 1757 effusum:
2157 1726 2320 1767 pulmones
2344 1737 2399 1760 au-

1394 1780 1460 1803 tem
1485 1769 1594 1809 sanos,
1618 1769 1764 1811 quamvis
1788 1766 1937 1800 nonnihil
1962 1767 2163 1809 turgidulos3
2188 1769 2255 1801 sero
2277 1770 2364 1801 enim
2389 1794 2399 1809 ,

1394 1823 1432 1847 ut
1456 1812 1557 1855 postea
1579 1811 1648 1845 vidi
1673 1838 1681 1850 ,
1705 1810 1770 1853 ejus
1792 1810 1888 1843 simili
1912 1810 1998 1853 quod
2023 1811 2121 1844 modo
2145 1810 2286 1845 dicebam
2305 1834 2313 1849 ‚
2352 1823 2399 1845 re·

1396 1854 1478 1889 serta
1511 1864 1597 1888 erant
1623 1855 1779 1888 bronchia
1802 1881 1812 1895 ,
1847 1855 2020 1896 praesertim
2051 1853 2207 1888 sinistrum
2235 1881 2241 1887 .
2277 1857 2400 1889 Interea

1395 1898 1609 1942 pericardium
1640 1908 1764 1932 tumens
1786 1921 1795 1936 ‚
1831 1908 1865 1929 ac
1887 1898 1988 1930 livens
2020 1897 2181 1941 sanguinis
2204 1899 2237 1931 in
2262 1898 2290 1933 se
2313 1897 2400 1933 effusi

1395 1943 1553 1976 indicium
1577 1940 1703 1975 dederat
1727 1955 1736 1974 .·
1760 1953 1826 1984 quo
1849 1951 1951 1973 tamen
1976 1951 2039 1973 non
2063 1950 2129 1973 erat
2153 1942 2279 1984 plenum
2304 1954 2314 1981 ς
2348 1942 2401 1975 sed

1396 1986 1493 2028 paulo
1517 1986 1622 2019 minus
1645 1996 1742 2028 quam
1767 1985 1881 2017 libram
1900 2008 1912 2024 ‚
1935 1984 2122 2017 continebat
2142 2005 2152 2021 ‚
2184 1984 2275 2028 cujus
2299 1988 2400 2019 unciae

1394 2030 1525 2062 circiter
1546 2028 1616 2062 duae
1640 2028 1741 2061 serum
1765 2038 1851 2060 erant
1874 2037 2041 2061 cruentum
2066 2051 2080 2068 ‚
2111 2027 2236 2071 sanguis
2259 2028 2400 2071 reliquus

1396 2073 1430 2105 in
1453 2072 1604 2106 laminam
1626 2068 1776 2108 crassam,
1801 2075 1832 2104 ἃ
1856 2070 1897 2103 fic
1921 2070 1995 2104 satis
2018 2070 2143 2105 firmam
2165 2082 2365 2105 concreverat
2389 2086 2399 2111 ς

1395 2127 1470 2150 cum
1492 2113 1572 2158 quid
1597 2114 1652 2148 uid
1668 2113 1831 2157 sanguinis
1854 2115 1886 2146 in
1910 2114 2054 2148 cadavere
2066 2114 2129 2148 hoc
2151 2115 2327 2158 conspexi,
2351 2116 2401 2149 ni-

1396 2171 1490 2203 grum
1521 2159 1577 2202 qui
1602 2169 1652 2191 em
1674 2158 1748 2192 esset
1766 2180 1779 2198 ,
1811 2165 1847 2191 ut
1871 2157 1924 2190 liic
1948 2181 1958 2197 ‚
1992 2157 2042 2191 sed
2064 2159 2200 2192 omnino
2233 2159 2370 2193 fluidum
2387 2183 2394 2190 .

1399 2204 1556 2246 Sanguine
1579 2213 1594 2234 e
1617 2201 1798 2244 pericardio
1821 2200 1987 2240 detradtm
2011 2213 2083 2235 curn
2095 2199 2292 2243 videremus,
2314 2204 2402 2236 Aor-

1398 2257 1464 2280 tani
1488 2246 1594 2279 statim
1619 2254 1710 2288 atque
1733 2257 1749 2277 e
1770 2245 1865 2280 corde
1888 2245 2001 2288 egressa
2026 2256 2090 2280 erar
2117 2269 2132 2287 ,
2165 2245 2331 2280 manifesto
2353 2245 2403 2280 di-

1399 2290 1518 2327 latari3
1542 2288 1606 2330 ejus
1628 2297 1776 2323 truncum
1790 2311 1797 2325 ‚
1823 2292 1855 2322 &
1880 2300 1985 2322 ramos
2009 2291 2187 2333 praecipuos
2198 2290 2402 2332 persecutus,

1399 2331 1590 2376 deprehendi
1624 2332 1717 2365 illum
1739 2332 1868 2375 quidem
1903 2332 1963 2365 fere
1996 2333 2091 2375 usque
2122 2333 2160 2366 ad
2197 2334 2403 2376 Emulgentes

1402 2377 1552 2412 arterias,
1575 2374 1694 2408 horum
1719 2385 1824 2409 autem
1847 2387 1919 2409 eum
1942 2378 1998 2419 qui
2022 2376 2160 2409 dexteris
2175 2378 2346 2415 Carotidiy
2372 2381 2404 2410 &

1402 2420 1576 2453 Subclaviae
1598 2421 1778 2453 communis
1801 2418 1866 2459 est,
1889 2421 2027 2461 itemque
2039 2419 2156 2453 harum
2178 2429 2346 2463 utramque
2357 2420 2405 2453 es-

1400 2460 1429 2496 se
1452 2462 1619 2496 dilatatam
1642 2461 1684 2494 sic
1706 2485 1719 2502 ‚
1748 2472 1785 2496 ut
1807 2462 1973 2496 Carotidis
1997 2461 2139 2497 latitudo
2163 2462 2200 2495 ab
2232 2465 2330 2497 initio
2353 2463 2405 2497 us-

1401 2517 1463 2549 que
1487 2505 1522 2539 ad
1546 2504 1732 2538 divisionem
1756 2505 1883 2548 duplo,
1908 2518 2008 2549 eoque
2033 2506 2170 2548 amplius
2180 2506 2254 2539 esset
2279 2505 2403 2548 major,

1401 2560 1496 2592 quarn
1519 2558 1706 2591 oporteret5
1731 2549 1893 2582 Subclavia
1918 2559 2022 2583 autem
2045 2549 2083 2583 ad
2107 2550 2205 2582 trium
2217 2549 2399 2592 digitorum

1400 2593 1539 2626 watstum
1562 2603 1626 2625 non
1651 2592 1678 2625 se
1701 2591 1830 2635 quidem
1851 2592 1990 2636 und-ique
2013 2592 2244 2635 expandebat„
2270 2591 2324 2627 secl
2349 2605 2407 2635 po-

1402 2636 1563 2670 steriorem
1587 2636 1753 2669 dumtaxat
1773 2659 1787 2676 ‚
1820 2639 1853 2669 &
1876 2636 2069 2679 superiorem
2094 2638 2245 2678 parietem
2271 2639 2304 2669 in
2329 2648 2419 2678 pro-·

1404 2682 1528 2712 minens
1552 2679 1733 2721 aneurysma
1756 2679 1906 2713 curvabat
1925 2703 1938 2720 ,
1970 2691 2036 2723 quo
2057 2702 2069 2719 ‚
2106 2680 2191 2713 nulla
2216 2680 2342 2722 prorsus
2375 2691 2408 2712 re

1404 2722 1596 2765 interjefta,
1618 2722 1684 2755 duo
1704 2745 1716 2762 ,
1748 2722 1846 2755 tresve
1869 2724 1956 2756 nervi
1980 2722 2201 2765 premebantur
2222 2735 2261 2756 ex
2283 2725 2323 2756 iis
2347 2725 2407 2766 qui

1405 2779 1421 2799 a
1444 2767 1619 2799 cervicibus
1641 2767 1674 2798 iii
1699 2765 2020 2799 artum-contendunt
2045 2765 2237 2808 superiorem
2260 2790 2267 2798 .
2294 2768 2348 2800 Ex
2370 2777 2408 2798 eo

1406 2809 1622 2851 aneurysmate
1641 2833 1654 2849 ,
1685 2810 1770 2852 quod
1794 2820 1899 2842 meum
1921 2809 2059 2851 digitum
2095 2810 2247 2852 pollicem
2269 2809 2409 2851 excepis-

1407 2853 1452 2886 set
1469 2877 1477 2891 ,
1502 2854 1628 2887 arteriae
1641 2853 1815 2895 prodibant
1839 2852 1930 2890 duae,
1957 2854 2145 2895 quaelatiori
2170 2864 2268 2896 quarn
2280 2864 2409 2897 aequum

1408 2895 1500 2936 esset,
1524 2898 1641 2935 initio,
1667 2898 1738 2929 coni
1764 2896 1856 2929 instar
1878 2909 1942 2940 quo
1965 2898 2066 2938 magis
2078 2897 2271 2939 pergebant,
2292 2908 2330 2929 eo
2344 2908 2410 2929 ma-

1409 2941 1459 2982 gis
1482 2938 1752 2973 contrahebantur
1774 2939 1873 2972 donec
1897 2939 2098 2983 sesquidigiti
2123 2940 2226 2982 spatio
2249 2939 2373 2973 emenso
2395 2963 2409 2980 ,

1410 2983 1449 3016 ad
1482 2983 1659 3017 naturalem
1682 2982 1901 3024 redigerentur
1937 2983 2070 3017 modum
2096 3008 2104 3015 .
2138 2985 2262 3017 Harum
2286 2994 2346 3017 una
2371 2983 2410 3016 ad

1408 3026 1645 3068 Tliyroidaeam
1669 3026 1851 3069 glandulam
1876 3027 2053 3067 pertinebat
2074 3049 2085 3066 ‚
2123 3038 2270 3069 magnam
2293 3028 2326 3059 in
2350 3027 2412 3060 hac

1406 3070 1560 3110 stemiha,
1585 3073 1616 3103 &
1641 3070 1802 3103 nonnullis
1824 3072 1857 3102 in
1882 3070 1961 3104 locis
1985 3071 2119 3103 duram.
2146 3071 2228 3112 Qae
2240 3069 2408 3113 postquam

1407 3115 1543 3146 exterius
1569 3113 1802 3155 speetaveram
1827 3112 1895 3145 vasa
1921 3113 1987 3148 haec
1998 3115 2133 3154 omnia,
2155 3115 2223 3147 imo
2246 3125 2314 3147 eam
2328 3125 2412 3157 quo-

1407 3169 1467 3201 que
1490 3157 1601 3189 Aortae
1637 3166 1756 3198 partem
1778 3167 1847 3198 quae
1882 3158 1914 3189 in
1938 3168 2043 3191 ventre
2066 3156 2167 3191 fuerat
2197 3183 2207 3199 ,
2241 3156 2412 3191 secundum

1407 3200 1645 3243 longitudinem
1682 3201 1800 3241 aperire
1831 3202 1915 3242 coepi
1939 3224 1952 3241 ‚
1986 3201 2023 3233 ab
2058 3201 2165 3234 Iliacis
2198 3202 2330 3235 initium
2365 3200 2412 3232 sa-

1408 3247 1494 3277 ciens
1511 3270 1518 3275 .
1546 3244 1598 3275 Ab
1622 3243 1671 3276 his
1696 3241 1733 3275 ad
1758 3244 1964 3285 Emulgentes
1989 3245 2083 3287 usque
2106 3244 2191 3277 nihil
2215 3255 2277 3277 non
2301 3243 2411 3276 sanum

1410 3286 1617 3320 animadverti
1643 3310 1654 3325 ,
1689 3284 1709 3318 si
1733 3287 1869 3319 maculas
1905 3287 2044 3321 subalbas
2067 3290 2206 3331 excipias
2226 3310 2234 3325 ,
2259 3299 2327 3330 quae
2352 3285 2413 3318 ali-

1411 3341 1492 3374 quot
1516 3331 1549 3362 in
1573 3331 1651 3363 locis
1676 3339 1786 3375 erant,
1810 3332 1841 3362 δι
1865 3332 1996 3373 exiguos
2020 3331 2176 3372 suIcqus,
2200 3332 2255 3373 qui
2281 3333 2313 3363 in
2335 3340 2414 3370 pau-

1411 3374 1573 3409 cioribus.
1597 3374 1644 3406 At
1667 3374 1760 3414 supra
1784 3374 1995 3416 Emulgentes
2019 3385 2053 3408 ut
2065 3374 2219 3408 dilatatio
2244 3374 2347 3407 trunci
2363 3374 2415 3405 in-

1412 3416 1575 3459 cipiebat=
1599 3415 1641 3448 fic
1664 3415 1736 3448 inde
1759 3417 1797 3450 ad
1821 3428 1876 3449 cor
1900 3418 1995 3459 usque
2021 3419 2140 3451 arteria:
2175 3419 2309 3460 parietes
2332 3416 2416 3449 cras-

1414 3459 1505 3493 fiores
1530 3470 1615 3492 erant
1640 3460 1747 3493 multo
1779 3472 1874 3504 quam
1898 3460 2018 3494 soleant
2039 3485 2052 3501 ‚
2086 3472 2151 3493 non
2175 3471 2276 3493 tamen
2299 3459 2417 3501 ubique

1416 3505 1552 3547 pariter,
1578 3504 1718 3545 itemque
1742 3503 1886 3537 duriores
1907 3527 1919 3544 ,
1943 3507 1974 3537 δε
1999 3503 2167 3547 rigidiores
2189 3516 2202 3544 ;
2233 3514 2416 3578 quanlqulam

2286 3558 2317 3579 ni
2331 3557 2356 3578 ii

365 3640 1734 3662 W

423 3711 437 3741 ς
453 3716 467 3731 n
484 3707 498 3736 >
513 3704 600 3732 'fraite‘
614 3706 646 3731 du
662 3706 740 3732 eoeur
755 3705 773 3730 1.
789 3711 812 3733 4.
830 3701 868 3728 cli.
886 3709 907 3733 5.
926 3707 948 3726 n.
967 3709 990 3732 ς.
1052 3698 1066 3728 (
1082 3707 1094 3723 o
1108 3699 1123 3728 )
1139 3705 1164 3724 n.
1183 3706 1219 3729 53.

1283 3698 1299 3727 (
1311 3704 1327 3728 p
1345 3696 1358 3726 )
1376 3697 1491 3722 Animad.
1509 3703 1548 3725 2⁴·
1566 3695 1590 3720 in
1608 3696 1710 3726 princip.
