2498 4075
373 88 594 140 Ixxvut
648 70 651 72 Δ

305 162 559 207 Nervi-Optici
583 162 639 197 ubi
664 162 750 200 inter
773 163 805 199 se
827 162 1030 207 junguntur,
1053 169 1130 193 num
1142 164 1238 197 etiam
1253 173 1324 205 per-

393 208 617 243 misceantur.
643 207 739 239 XIII.
764 217 796 251 7.

437 250 576 293 sejuncti
601 261 617 282 a
643 250 763 288 quibus
788 262 896 284 revera
920 248 982 281 {int
1005 246 1187 281 observati.
1213 249 1300 282 Ibid.

441 307 475 328 ea
501 292 700 327 observatio
723 304 787 327 non
812 294 915 328 obstat
930 315 942 332 ‚
965 290 1016 325 sed
1039 289 1125 324 favet
1147 294 1233 326 Dan.
1248 293 1325 326 Ber-

486 336 631 370 noullio.
657 336 744 369 Ibid.

443 378 530 417 laesio
555 381 671 413 intima
697 391 798 422 neque
826 380 866 414 ab
888 380 1083 416 oculorum,
1109 389 1209 420 neque
1234 392 1249 413 a
1273 391 1325 413 ce-

482 423 571 499 1εέτὶ
597 421 737 499 sengfibili
762 425 846 458 vitio
890 422 1055 456 observata
1079 446 1088 453 .
1132 423 1225 456 LVI.
1272 433 1323 457 21.

441 511 576 545 alterius
600 511 657 553 qui
680 520 765 543 caeco
788 509 885 543 oculo
909 508 1080 550 respondet
1096 532 1105 547 ,
1140 506 1227 542 laelio
1260 520 1324 542 non

486 553 610 597 semper
634 552 726 591 supra
748 552 990 595 conjunctionis
1013 552 1121 585 locum
1145 552 1188 585 est
1221 555 1325 585 mani-

486 596 583 631 festa.
610 598 702 629 XIII.
727 607 758 637 7.
783 598 814 630 ἃ
837 595 921 638 seqq.
948 594 1027 628 LII.
1054 606 1106 639 30.

440 642 646 718 ςυίΙὲΞΙειίηε
664 665 673 680 ,
696 641 726 672 &
748 640 914 686 quousque
939 638 1106 671 observata
1128 661 1136 669 .
1172 637 1258 672 Ibid.
1293 641 1324 672 δι

439 737 516 761 cum
540 738 574 761 ea
598 728 769 766 occurrit,
791 737 855 759 non
890 724 963 758 inde
996 725 1084 757 oculi
1121 735 1245 758 marcor
1281 725 1324 759 est

483 770 694 812 repetendus.
719 771 813 802 XIII.
841 779 889 802 11.
914 768 1010 801 LVI.
1038 778 1090 799 21.

439 813 542 856 potest
567 815 692 847 caecitas
716 823 780 845 non
804 813 844 846 ab
866 811 932 853 ipsa
955 809 1040 847 effe3
1064 812 1132 844 imo
1164 811 1230 853 ipsa
1263 810 1322 846 esse

309 900 416 934 Nervi
440 856 823 944 Augi‘ittbstiiialgoaerctlibarigm
842 855 986 931 Illlellgl'lem
1011 909 1050 930 ex
1073 898 1211 931 Calamo
1236 898 1322 931 Scri-

397 944 507 986 ptorio
530 944 636 980 oriri,
660 954 717 977 nec
741 942 885 980 Zerbus,
910 952 967 974 nec
981 942 1159 982 Varolius‚
1185 954 1239 976 nec
1254 945 1322 975 Pic-

396 984 602 1021 colhominus
625 997 829 1028 cognovere.
853 986 938 1018 XIV.
965 994 1014 1026 14.

440 1029 581 1070 ejusdem
615 1033 768 1071 utrinque
802 1028 973 1070 tergemini
1008 1028 1041 1060 in
1075 1038 1170 1062 acuto
1207 1027 1320 1063 auditu

481 1074 581 1108 dubia
604 1074 646 1107 est
670 1073 885 1107 Observatio.
909 1070 1059 1105 Ibidem.

309 1117 495 1152 Nervorum
530 1119 786 1152 Recurrentium
821 1116 969 1148 inventio
1005 1114 1136 1149 Caleno
1173 1114 1321 1149 afferitur

398 1159 546 1194 adversus
567 1161 753 1194 Clericum.
782 1161 867 1192 XIX.
889 1168 940 1202 23.

440 1205 479 1238 ad
505 1205 634 1239 Nervos
659 1204 761 1242 alios,
787 1204 820 1235 in
846 1202 1028 1236 viventium
1052 1201 1225 1235 brutorum
1250 1203 1322 1237 col-

480 1247 657 1324 llzssncisos
672 1269 685 1287 ,
708 1256 761 1281 aut
784 1247 905 1289 ligatos
928 1244 1077 1288 quaedam
1101 1245 1286 1287 „spectantia
1312 1271 1320 1278 .

525 1301 534 1323 ι
560 1316 569 1324 .

443 1334 628 1378 Qomodo
652 1334 723 1374 his,
747 1342 802 1367 aut
826 1333 893 1366 illis
918 1332 1024 1365 nervis
1045 1330 1153 1366 incisis
1174 1354 1186 1370 ‚
1228 1342 1324 1367 canes

484 1377 617 1421 quidam
643 1389 756 1456 xiocem
780 1375 926 1411 amiffam
971 1386 1157 1418 recuperare
1201 1385 1321 1419 potue-

482 1423 569 1455 rint.
598 1423 644 1456 LI
669 1446 675 1453 .
701 1425 753 1454 26.

308 1468 500 1503 Nervorum
526 1467 585 1498 Par
618 1465 781 1500 Nonum,
807 1474 846 1497 an
870 1463 980 1505 potius
1001 1462 1320 1506 Quinetumlinguae

394 1510 504 1547 afferat
528 1508 674 1552 gustandi
700 1508 910 1547 facultatem.
937 1506 1023 1539 XIV.
1047 1516 1098 1548 32.

439 1553 662 1588 Brachialium
686 1551 877 1594 compreffio
915 1550 955 1584 ab
999 1549 1219 1592 aneurysmate
1262 1561 1322 1584 cur

482 1606 654 1640 torporem
679 1619 689 1635 ‚
735 1595 923 1630 doloremve
946 1603 1011 1626 non
1036 1591 1175 1628 faceret.
1200 1595 1320 1625 XXVI.

484 1651 500 1672 2
528 1665 535 1673 .

439 1650 628 1718 Cru3ralium
654 1680 875 1715 Posteriorum
899 1689 1033 1722 uterque
1056 1690 1136 1714 unus
1159 1679 1287 1714 videtur
1308 1694 1319 1718 3

483 1727 533 1762 sed
557 1727 600 1761 est
621 1725 759 1769 duplex.
785 1726 902 1761 LXIX.
930 1734 957 1756 2.

520 1771 667 1805 Alterius
691 1780 803 1804 eorum
828 1766 933 1803 erofio
956 1766 1125 1801 observata
1146 1792 1155 1801 .
1189 1769 1227 1802 L.
1267 1776 1315 1800 11.

307 1857 529 1932 NicholffIrus‚
556 1825 673 1893 13r52nc.
698 1869 739 1892 ex
762 1858 849 1899 Reg.
874 1857 944 1889 Soc.
970 1854 1113 1890 Londin.
1138 1855 1286 1889 laudatus
1310 1879 1319 1888 .

395 1905 450 1932 XX
476 1928 482 1934 .
507 1915 559 1937 20.

305 1946 416 1989 Niphi
444 1946 714 1980 hallucinationes
737 1947 771 1979 in
797 1942 985 1977 anatomicis
1008 1942 1191 1978 Aristotelis
1215 1941 1316 1975 locis.

393 1991 480 2025 XIX.
507 2002 558 2023 21.
583 1990 676 2023 LVI.
702 2002 734 2032 4.
1010 2029 1014 2034 ,

305 2035 454 2070 Nomina
481 2033 629 2068 Partium
654 2031 861 2066 Anatomicis
884 2031 1000 2065 ulitata
1027 2041 1103 2065 num
1129 2039 1253 2064 mutare
1265 2040 1318 2062 ex-

393 2079 521 2121 pediat.
550 2078 672 2111 LXVI.
703 2088 750 2119 14.

303 2123 510 2158 Nosocomia
535 2133 602 2165 quo
625 2121 766 2164 primum
790 2128 935 2162 tempore
969 2117 1091 2152 fuerint
1136 2115 1285 2151 instituta
1309 2141 1319 2150 .

393 2165 522 2200 Praefat.
549 2165 586 2197 ad
611 2165 682 2197 libr.
708 2176 741 2207 4.

377 2217 379 2220 ’
435 2211 474 2244 In
500 2210 541 2241 iis
564 2207 609 2241 ob
632 2209 769 2241 leviores
795 2207 926 2241 morbos
949 2205 1074 2239 diutius
1095 2204 1212 2239 cubare
1235 2204 1319 2246 peri-

479 2251 651 2287 culosum.
680 2252 746 2281 XX.
772 2262 803 2292 4.
827 2251 973 2284 XLVII.
1000 2259 1053 2290 33.

302 2297 461 2331 Novefius
486 2298 520 2330 in
545 2293 697 2328 iterando
729 2293 873 2335 quodam
919 2292 1050 2326 Loweri
1095 2292 1317 2333 experimento

392 2340 471 2383 quid
496 2337 675 2374 cavendum
701 2334 1038 2379 sibioexistimaverit.
1065 2335 1149 2367 XIX,
1179 2346 1230 2377 3²·

304 2384 434 2419 Nuekii
459 2382 754 2418 hallucinationes.
784 2380 968 2410 XXXVIII.
991 2380 1044 2420 46.
1070 2387 1121 2419 50.

437 2424 525 2470 quasi
550 2425 679 2459 oblivio
695 2448 702 2455 .
729 2422 814 2456 Ibid.
835 2434 885 2464 59,

305 2471 451 2513 Nuptae‚
477 2469 497 2502 si
525 2467 744 2503 infoecundae,
771 2477 891 2508 magno
916 2464 995 2506 saepe
1020 2463 1137 2497 morbo
1149 2463 1320 2497 obnoxiae.

393 2513 539 2545 XXXVI.
567 2522 579 2544 1
608 2535 615 2542 .
646 2512 693 2544 18.

306 2557 510 2600 Nyflalopia
556 2523 695 2597 ut7raque
740 2551 909 2596 quomodo
956 2550 1144 2593 explicanda
1169 2575 1178 2585 .

401 2611 414 2633 1
442 2626 449 2633 .

418 2613 506 2687 9quo
530 2642 620 2685 signo
645 2653 661 2674 a
684 2641 803 2682 Myop.
828 2643 860 2673 &
887 2638 1034 2680 Presbyt.
1061 2637 1145 2671 vitio
1173 2638 1320 2671 interno—

484 2686 617 2720 scenda.
644 2684 732 2717 Ibid.

308 2730 545 2775 Nympharum
572 2728 783 2761 muliebrium
805 2725 879 2761 usus
903 2723 1115 2759 Dionifianus
1146 2722 1317 2759 confirma-

399 2784 476 2808 tur.
502 2773 665 2807 XLVIII.
690 2782 744 2815 44.

441 2817 479 2850 In
504 2815 664 2857 quadam,
703 2814 823 2850 finisti-a
857 2811 944 2849 nulla
966 2834 979 2852 ,
1023 2810 1150 2846 dextera
1195 2822 1290 2854 parva
1310 2836 1319 2845 .

488 2858 583 2892 LVI.
612 2860 659 2892 18.

417 3078 611 3115 Rstetricum
635 3086 838 3121 praepropera
871 3073 1034 3111 festinatio
1068 3074 1325 3119 parturientibus

438 3123 659 3165 multipliciter
683 3121 780 3167 noxia
805 3120 867 3152 est.
892 3119 1058 3153 XLVIII.
1085 3129 1134 3158 29.
1159 3128 1213 3161 30.

1226 2551 1321 2583 XIII.

314 3168 512 3209 Occipitalis
535 3178 615 3200 vena
631 3189 638 3197 .
663 3165 717 3199 De
740 3173 805 3205 ejus
829 3161 1005 3196 seffionum
1029 3162 1249 3197 utilitatibus.
1276 3162 1325 3193 II.
1375 3159 1377 3161 ’

406 3220 454 3244 10.

314 3255 418 3289 Oculi
445 3253 631 3287 membrana
654 3250 865 3286 Semilunaris
889 3258 966 3283 num
988 3260 1005 3284 a
1028 3247 1134 3283 Vidio
1156 3249 1239 3282 olim
1252 3258 1328 3290 pro-

401 3296 527 3341 pofita.
555 3298 649 3328 XIII.
675 3306 728 3337 25.

532 3340 566 3372 in
596 3340 751 3381 Unguem
775 3335 950 3371 excrescere
972 3336 1127 3373 eandem,
1165 3333 1330 3368 Observa-

579 3385 670 3415 tione
694 3381 927 3414 confirmatur.
953 3379 1038 3413 Ibid.

450 3425 634 3461 membrana
659 3425 853 3466 pupillaris,
877 3423 899 3456 fi
925 3433 997 3457 ante
1019 3433 1146 3465 parrum
1169 3427 1233 3453 non
1257 3431 1329 3454 eva-

496 3470 625 3509 nescat,
647 3479 718 3509 quae
744 3468 825 3500 mala
850 3467 980 3500 afferat.
1006 3466 1133 3498 LXIII.
1162 3473 1209 3496 11.

448 3511 623 3546 humorum
648 3509 843 3553 Crystallini
859 3532 867 3547 ,
890 3513 919 3543 &
942 3508 1165 3542 Vitreisedem
1178 3519 1233 3541 cur
1245 3506 1328 3539 olim

490 3555 680 3588 Anatomici
714 3555 811 3587 nimis
843 3551 1020 3587 introrsum
1065 3551 1292 3594 contraherent
1320 3574 1327 3581 .

497 3598 591 3629 XIII.
622 3608 670 3639 15.

320 3640 432 3675 Oculo
458 3640 700 3675 obversantium
732 3641 875 3675 culicum
894 3662 904 3679 ,
939 3639 1119 3672 aliorumve
1165 3635 1326 3678 ejusmodi

838 84 1198 140 INDEX
1267 79 1858 137 NOMINUM

1465 157 1664 232 spestrorIlIn
1687 157 1780 191 causa
1804 155 2002 198 multiplex,
2024 154 2090 190 five
2111 155 2208 199 huius
2230 157 2385 191 variae2se⁴

1460 203 1536 238 des.
1562 202 1615 233 ΧΓ
1647 224 1655 232 .
1681 211 1693 234 1
1722 226 1729 233 .
2263 231 2271 234 ,

1508 245 1652 321 ΠεΙὲμέε
1674 213 1745 287 <13ae
1768 244 1870 289 presso
1893 242 1992 278 oculo
2016 253 2169 285 apparet,
2200 243 2347 287 quaedam
2372 266 2386 275 .

1595 298 1603 319 ι
1631 314 1639 320 .
2065 318 2070 321 .

1377 333 1568 367 Oculorum
1611 331 1743 365 interna
1787 331 2011 366 inflammatio
2056 328 2225 364 observata
2244 355 2253 363 .
2287 329 2384 361 XIII.

1464 385 1515 408 21.

1507 427 1658 451 externa.
1684 416 1761 450 Vid.
1788 417 2026 459 ophthalmia.

1506 464 1643 494 Corneae
1665 463 1785 494 tunicae
1811 462 1989 501 ulcuscula.
2015 460 2225 503 albuginem,
2245 469 2302 494 aut
2323 460 2388 504 hy-

1551 516 1694 547 popyum
1718 506 1910 540 mentientia
1929 530 1943 547 ,
1970 505 2139 551 quomodo
2171 504 2389 538 internoscan-

1552 557 1624 579 tur.
1649 548 1743 580 XIII.
1770 558 1822 589 24.

1507 590 1646 634 Pupillae
1668 590 1847 632 dilatatio,
1872 601 1927 626 aut
1951 590 2137 626 constric'tio
2159 589 2291 634 quando
2303 600 2391 624 mor-

1554 635 1612 668 bus
1645 632 1728 673 (ἱππ,
1751 644 1806 667 aut
1830 635 1960 677 quando
1985 635 2090 669 morbi
2102 634 2251 672 effefflus„
2274 633 2390 668 distin-

1551 678 1714 721 guendum
1731 701 1741 717 ,
1764 681 1796 710 δι
1820 679 2009 720 quomodo.
2035 678 2118 712 Ibid.
2148 690 2195 719 19.

1598 721 1640 755 ab
1664 730 1741 755 ortu
1763 721 1905 756 occlufio
1931 724 2014 757 unde
2038 721 2097 755 effe
2120 721 2235 765 poffit.
2259 720 2390 754 LXIII.

1642 774 1690 797 ιι.

1507 809 1629 842 Retina
1649 815 1720 841 tota
1743 806 1825 841 ossea
1849 807 1955 841 facta.
1978 810 2055 842 LII.
2079 819 2131 852 30.
2158 817 2210 850 31.

1501 851 1739 886 Offificationes
1763 850 1833 884 aliae
1854 853 1942 886 intra
1966 853 2098 886 oculum
2121 854 2258 886 inventae
2272 874 2280 883 .
2294 854 2390 887 XIII.

1548 908 1580 936 9.
1609 907 1657 929 ιο.
1685 896 1761 927 LII.
1784 906 1831 937 3¹·

1507 938 1699 981 Crystallini
1723 937 1870 971 humoris
1894 940 2053 980 peculiare
2076 940 2300 982 corruptionis
2331 950 2391 982 ge-

1550 993 1609 1015 nus
1631 981 1863 1015 observatum.
1891 985 1984 1015 XIII.
2013 994 2062 1027 15.
2091 985 2139 1015 16.

1592 1026 1670 1058 vitia
1696 1025 1890 1065 observata,
1912 1038 1985 1069 quae
2010 1030 2050 1062 ad
2076 1024 2288 1061 suffufionern
2313 1026 2389 1061 sunt

1634 1068 1819 1102 referenda.
1845 1070 1930 1103 Ibid.
1957 1080 2003 1113 15.
2032 1081 2082 1113 17.
2112 1069 2161 1104 18.

1589 1114 1732 1154 opacitas
1756 1113 1796 1145 ab
1818 1112 1890 1155 ejus
1915 1124 2004 1154 aquae
2029 1114 2177 1153 defecati,
2199 1122 2255 1148 aut
2279 1114 2390 1149 immi.

1625 1155 1777 1188 nutione.
1804 1157 1888 1189 Ibid.
1916 1167 1965 1199 14.

1507 1198 1559 1234 De
1582 1198 1672 1232 oculi
1697 1197 1905 1232 Procidentia
1928 1201 2098 1242 quaedam.
2123 1201 2210 1235 Ibid.
2237 1212 2289 1234 20.

1376 1241 1564 1277 Oculorum
1587 1253 1643 1276 cur
1666 1249 1718 1275 tot
1742 1241 1802 1274 lint
1826 1242 1952 1276 morbi.
1978 1246 2072 1277 XIII.
2098 1255 2149 1285 29.

1594 1289 1625 1318 &
1647 1294 1713 1317 tam
1738 1284 1834 1319 facile
1859 1285 2026 1320 accidant.
2049 1287 2176 1321 LXIII.
2206 1297 2253 1321 11.

1504 1328 1640 1372 quidam
1665 1328 1773 1362 morbi
1797 1329 1967 1372 quomodo
1990 1331 2087 1365 levati
2119 1329 2180 1364 fint
2203 1354 2211 1363 .
2258 1332 2389 1365 XLVI.

1503 1417 1652 1451 Vulnera
1674 1415 1821 1459 quaedam
1845 1428 1902 1452 cur
1945 1417 2056 1452 statim
2101 1417 2233 1452 lethalia
2256 1441 2264 1450 .
2309 1418 2389 1452 LII.

1570 1473 1601 1494 Ο,
2242 1477 2244 1480 ⁴

1547 1472 1567 1503 4
1588 1515 1645 1547 per
1668 1515 1739 1546 quae
1763 1504 1871 1545 nihil,
1894 1505 1953 1539 nifi
1980 1505 2112 1548 Aqueus
2136 1504 2255 1539 humor
2279 1502 2388 1538 effun-

1629 1548 1741 1587 ditur,
1767 1548 1835 1590 post
1857 1560 1892 1581 ea
1928 1547 2102 1592 perfestam
2136 1548 2291 1583 vilionern
2329 1548 2389 1581 effe

1637 1590 1745 1632 poffe,
1769 1593 1826 1634 qui
1851 1603 1923 1625 vere
1946 1593 2027 1625 olim
2040 1592 2292 1627 affirmaverint.
2307 1592 2386 1624 LII.

1654 1646 1685 1668 0.

1586 1645 1663 1712 nu‘tii
1687 1678 1784 1711 etiam
1810 1678 1881 1720 post
1904 1690 1939 1712 ea
1962 1690 2018 1720 per
2041 1690 2112 1722 quae
2137 1690 2247 1713 omnes
2268 1679 2388 1714 humo-

1632 1732 1678 1756 res
1701 1720 1933 1755 effunduntur.
1963 1721 2049 1756 Ibid.

1587 1775 1665 1798 num
1688 1765 1902 1842 Crlygtgllinus
1926 1765 2104 1808 praesertim
2128 1764 2232 1800 rursus
2263 1768 2381 1809 gigna-

1634 1819 1705 1842 tur.
1774 1819 1782 1845 ι
1810 1832 1818 1840 .
1867 1835 1872 1841 ,

1590 1855 1725 1894 quinam
1752 1862 1823 1886 ante
1847 1851 2037 1893 Bunhum,
2058 1855 2089 1886 δι
2110 1851 2179 1895 post
2215 1852 2386 1887 Burrhum

1634 1897 1666 1929 id
1690 1896 1904 1929 crediderint.
1930 1896 2057 1930 Ibidem
2073 1918 2081 1927 .

1372 1938 1558 1975 Oculorum
1583 1939 1701 1972 orbirae
1724 1934 1847 1973 inflicta
1873 1939 2002 1973 vulnera
2025 1949 2124 1980 quarn
2150 1937 2243 1974 facile
2266 1939 2392 1983 poffint

1461 1982 1500 2017 ad
1523 1983 1692 2017 cerebrum
1717 1983 1907 2026 pervenire.
1933 1984 1989 2015 LI.
2016 1983 2066 2025 58.

1500 2025 1694 2102 pesseiciliffffi
1716 2025 1800 2059 unde
1825 2024 2021 2070 conjiciatur
2036 2049 2045 2065 ‚
2071 2028 2102 2060 &
2125 2037 2223 2069 quam
2235 2025 2387 2061 utiliter.

1587 2080 1594 2101 ι
1622 2094 1630 2100 .

1505 2113 1650 2155 exempla
1674 2124 1787 2148 eorum
1811 2112 2003 2154 complura.
2031 2112 2117 2146 Ibid.

1373 2157 1598 2233 Odorffi'ema
1621 2169 1693 2230 (ἕως
1716 2158 1837 2200 quibus
1861 2157 1959 2198 aegris
1980 2157 2198 2197 conveniant,
2221 2166 2276 2191 aut
2299 2168 2387 2191 non.

1520 2224 1527 2231 .
1556 2210 1603 2233 12.
1650 2203 1686 2232 X.
1712 2205 1757 2235 6,.

1499 2255 1649 2286 quaenam
1675 2256 1746 2278 eum
1775 2254 1906 2286 quoque
1931 2245 1991 2286 qui
2015 2241 2136 2277 olfactu
2159 2244 2286 2277 carebat
2303 2270 2311 2285 ‚
2336 2243 2390 2278 af..

1546 2285 1699 2320 fecerint.
1725 2288 1782 2320 IX.
1808 2299 1839 2330 7.

1371 2331 1541 2406 ΟεάετιίςΧ,
1566 2332 1692 2374 Georg.
1740 2328 1955 2364 Christianus
1976 2353 1988 2370 ,
2023 2330 2171 2365 laudatus
2193 2356 2201 2363 .
2237 2331 2302 2364 III.
2338 2337 2393 2373 17.*

1461 2379 1483 2405 X
1541 2399 1549 2406 .
1596 2385 1624 2407 2.

1373 2418 1542 2457 Oeheme,
1562 2385 1617 2462 J30.
1644 2415 1763 2451 Bened.
1786 2415 1907 2450 Godfr.
1933 2415 2099 2450 laudatus.
2129 2417 2226 2448 XIII.
2254 2427 2283 2458 ς.

1375 2461 1562 2504 OEsophagi
1585 2460 1787 2502 cartilaginei
1810 2459 1888 2493 faeti
1911 2461 1984 2501 quis
2009 2460 2131 2503 primus
2154 2458 2248 2493 facile
2264 2460 2387 2495 Obser-

1463 2515 1578 2540 vator.
1604 2505 1759 2537 XXVIII.
1788 2513 1836 2545 15.

1503 2547 1700 2626 hujusdvitii
1723 2559 1801 2582 num
1824 2545 1915 2581 causa
1940 2545 1978 2579 fit
2001 2554 2096 2587 potus
2119 2556 2209 2589 aquae
2232 2546 2390 2583 fervidaea

1551 2593 1603 2625 Ibi
1631 2618 1639 2625 .

1505 2637 1605 2669 etiam
1628 2633 1704 2668 oss‘ei
1727 2634 1807 2668 faeti
1833 2634 2013 2676 exemplum
2050 2631 2114 2665 fine
2148 2632 2384 2675 impedimento

1545 2679 1791 2721 deglutitionis.
1820 2678 1903 2711 Ibid.

1370 2723 1495 2759 Oleum
1522 2722 1721 2766 amygdalar.
1746 2721 1833 2755 dulc.
1858 2724 1892 2754 in
1917 2720 2183 2764 peripneumonia
2214 2718 2382 2754 interdum

1459 2768 1614 2801 noxium.
1644 2765 1732 2796 XXI.
1758 2768 1808 2798 26.
1833 2776 1886 2807 44.

1377 2808 1565 2844 Olfaciendi
1590 2811 1638 2842 vis
1663 2819 1799 2851 utraque
1823 2810 1855 2841 in
1881 2818 1954 2840 nare
1991 2807 2075 2840 haud
2110 2818 2197 2849 aeque
2242 2808 2385 2848 vigentis

1462 2855 1611 2896 quaedam
1635 2864 1651 2886 a
1676 2852 1864 2894 primordiis
1888 2848 1985 2884 causae
2011 2849 2257 2885 animadversae.
2293 2851 2386 2883 XIV.

1467 2900 1515 2930 16.

1378 2941 1563 2975 Omentum
1587 2953 1643 2975 cur
1666 2941 1698 2974 in
1737 2939 1875 2974 asciticis
1923 2938 2112 2981 plerumque
2158 2947 2349 2980 corruptum
2373 2959 2386 2968 ..

1466 2987 1651 3018 XXXVIII.
1678 2988 1731 3027 36.

1509 3028 1702 3072 quibusdam
1724 3024 1866 3070 gravidis
1890 3025 1922 3057 in
1947 3033 2107 3058 tumorem
2118 3023 2265 3058 contrahi
2280 3049 2289 3064 ‚
2310 3024 2385 3066 quis

1554 3081 1627 3106 ante
1651 3070 1854 3113 Ruyschium
1878 3068 2090 3102 indicaverit.
2116 3068 2199 3101 Ibid.
2223 3070 2275 3111 46.

1507 3125 1652 3150 tumores
1673 3114 1795 3147 omenti
1819 3114 1986 3154 quomodo
2009 3109 2385 3153 interdum‚preffi‚do·-

1557 3159 1660 3192 lorem
1682 3159 1850 3191 excitent.
1881 3157 2029 3186 XXXIX.
2053 3166 2104 3198 23.

1379 3203 1609 3246 Ophthalmiae
1632 3202 1731 3235 causae
1755 3198 1920 3233 interdum
1945 3210 2004 3241 pro
2027 3198 2192 3233 effectibus
2218 3208 2383 3241 perperam

1464 3248 1685 3289 accipiuntur.
1711 3244 1802 3274 XIII.
1832 3252 1882 3275 21.
1908 3253 1958 3285 23.
2298 3278 2301 3283 ,

1510 3288 1698 3332 graviffimae
1722 3286 1905 3327 exemplum
1942 3285 1981 3318 ab
2013 3282 2193 3319 adhaerente
2226 3285 2262 3319 ad
2295 3284 2385 3317 Cor-¹

1556 3343 1649 3366 neam
1672 3330 1788 3364 muscae
1814 3329 1862 3363 ala
1896 3330 1954 3363 vix
1988 3327 2119 3362 tandem
2142 3326 2386 3362 animadversa.

1550 3375 1637 3410 Ibid.
1663 3387 1678 3407 2
1707 3398 1714 3405 .

1510 3420 1548 3454 de
1572 3385 1766 3462 quibus3dam
1790 3415 1826 3450 ad
1851 3415 2090 3459 ophthalmiam
2115 3414 2310 3454 curandam,
2331 3419 2385 3447 ard

1551 3462 1749 3504 cendamque
1773 3460 2005 3493 attinentibus.
2030 3458 2114 3492 Ibid.
2142 3470 2193 3500 24.

1511 3507 1653 3549 podagra
1677 3504 1939 3545 superveniente,
1961 3511 2070 3536 curata
2084 3525 2092 3530 -
2118 3503 2230 3534 LVII.
2253 3514 2285 3542 9.

1383 3550 1466 3593 Opii
1513 3550 1615 3593 major
1659 3547 1741 3581 dofis
1785 3557 2015 3586 nonnunquam
2060 3544 2143 3578 nihil
2183 3567 2191 3581 ‚
2235 3554 2385 3578 nonnun-

1467 3604 1567 3635 quam
1611 3591 1809 3626 contrarium
1855 3589 1953 3624 efficit
1999 3601 2034 3623 ac
2078 3589 2213 3623 niinima
2237 3612 2246 3621 .
2284 3588 2383 3619 VIII.

1470 3648 1499 3678 5-

2266 3686 2343 3709 Cau-
