2498 4075
340 174 382 204 ,Ψ

499 210 669 276 Ep'st.
707 212 868 266 Anat.
909 212 1124 265 Medica
1157 209 1328 264 XLII.
1368 212 1482 265 Art.
1518 231 1591 267 21.

67 285 197 320 tunium
212 311 219 320 .
244 285 335 322 Nam
359 289 514 324 crinalem
538 301 629 323 acum
654 301 692 324 ex
704 289 867 324 orichalco
883 313 895 331 ‚
917 290 1066 331 quamvis

69 329 109 363 ad
133 329 287 371 angulum
310 334 341 365 in
367 334 475 367 medio
498 333 649 367 inflexam
681 344 756 367 cum
780 334 873 367 altius
906 345 962 376 per
997 344 1066 367 ure-

67 373 174 408 thram
198 372 376 410 immisisset
407 402 416 417 ‚
437 377 493 411 sibi
521 386 649 419 repente
672 388 688 410 e
719 376 832 419 digitis
864 378 969 417 abripi
994 401 1003 415 ,
1034 378 1066 408 &

68 426 138 451 tota
163 418 248 451 intra
271 419 406 453 vesicam
430 419 548 458 condi,
576 419 688 454 sensit.
715 421 841 455 Pudore
864 419 1031 461 prohibita
1056 439 1066 456 ‚

67 471 134 494 non
157 468 235 495 tunc
261 462 379 503 modo,
404 462 453 497 sed
478 463 709 505 propemodum
734 463 772 496 ad
798 471 935 498 mortem
970 462 1066 504 usque

68 503 158 537 filuit
183 514 288 539 veram
311 507 460 540 dolorum
486 519 518 540 ac
543 507 756 548 molestiarum
780 517 858 549 quas
890 506 1066 549 praesertim

67 547 105 580 in
130 547 304 588 mingendo
327 551 458 591 pertulit
484 575 492 588 ‚
516 551 641 584 causam
666 561 675 582 ε
699 562 769 593 quae
793 558 844 582 tot
868 574 876 588 ‚
911 561 945 583 ac
969 559 1066 583 tantae

67 591 220 629 fuerunt,
242 602 278 626 ut
300 602 409 626 tumor
432 592 561 628 demum
585 596 617 627 in
643 592 848 636 hypogastrio
870 615 881 631 ,
907 595 937 626 &
960 594 1070 634 proxi-

67 645 119 668 ma
143 635 237 669 ilium
262 645 350 677 parte
373 635 509 671 obortus
533 648 590 679 pus
614 648 669 680 per
690 637 756 670 duo
779 647 850 677 quae
874 636 933 670 sibi
965 636 1068 678 ipsum

66 677 208 718 fecerat,
232 679 391 714 foramina
416 678 612 718 effunderet,
638 679 759 722 majus,
783 681 813 712 &
837 681 961 715 minus,
984 691 1068 722 quo-

65 733 137 756 rum
163 722 244 756 illud
267 732 333 756 erat
357 723 390 754 in
412 723 454 755 ile
478 723 622 764 sinistro,
648 724 709 757 hoc
732 724 764 755 in
789 724 925 764 dexteris
950 747 958 758 .
992 734 1067 765 pro-

66 765 135 807 prie
158 765 236 810 dicti
260 776 334 799 cum
360 767 533 800 Laurentio
556 768 575 811 (
592 779 607 800 r
628 771 662 807 )‚
688 767 888 808 hypogastrii
914 765 1034 799 finibus
1056 791 1064 798 .

64 810 117 842 Sic
142 807 254 842 aflecta
278 809 311 842 iri
337 809 573 844 Nosocomium
600 810 788 844 Patavinum
812 820 876 843 uno
900 818 953 841 aut
990 809 1066 842 alte-

65 863 103 885 ro
128 859 200 884 ante
223 852 352 885 obitum
377 853 478 887 mense
511 863 641 897 excepta
677 853 721 887 est
744 877 752 886 .
786 854 893 886 Facile
917 853 962 885 ibi
995 855 1064 884 ani-

68 895 306 929 madverterunt
331 920 340 935 ,
376 894 467 930 fimul
491 909 564 931 cum
588 908 665 939 pure
699 908 753 935 per
777 905 951 937 utrumque
984 895 1063 928 illud

65 937 212 972 foramen
238 940 363 972 urinam
388 938 534 981 effundi,
560 951 612 983 per
637 939 794 973 sinistrum
818 948 924 971 autem
949 939 1064 980 magis,

66 982 119 1016 cui
142 981 267 1016 suberat
298 993 415 1016 cavum
448 995 511 1019 non
547 983 710 1017 modicum
744 993 886 1025 quocum
921 980 1064 1015 foramen

64 1036 194 1066 quoque
217 1024 384 1060 dexterum
409 1027 669 1063 communicabat
694 1052 701 1058 .
737 1028 822 1059 Cum
855 1026 889 1059 in
922 1036 961 1057 eo
984 1035 1066 1058 cavo

66 1067 232 1110 specillum
255 1068 328 1103 duri
353 1070 519 1111 quidpiam
544 1069 743 1107 offenderet3
767 1068 937 1111 quaefitum
962 1068 1003 1101 est
1026 1079 1066 1101 ex

62 1123 134 1148 me,
157 1112 317 1155 quidnam,
338 1112 398 1147 hoc
423 1113 481 1147 esse
508 1140 516 1155 ‚
540 1114 752 1148 existimarem
778 1137 783 1143 .
816 1114 853 1144 In
880 1112 1068 1144 memoriam

61 1153 157 1189 rediit
181 1155 258 1198 quid
282 1157 315 1188 in
339 1158 445 1198 priore
469 1158 571 1200 puella
597 1156 726 1199 specillo
748 1155 886 1189 obstaret
903 1165 959 1198 per.
983 1155 1069 1188 fistu-

62 1200 126 1233 lam
149 1197 286 1231 demifl‘o
318 1199 351 1231 in
386 1201 479 1235 ilium
515 1200 614 1234 altero
650 1208 814 1242 patentem
840 1223 852 1240 ,
885 1201 916 1231 &
950 1198 1070 1231 lotium

61 1253 136 1277 cum
159 1253 235 1284 pure
256 1241 471 1277 effundentem
486 1269 493 1277 .
516 1245 666 1286 Cumque
690 1244 834 1277 audirem
852 1268 860 1282 ‚
885 1243 966 1276 hanc
988 1252 1070 1285 quo-

63 1297 127 1328 que
151 1286 236 1320 iuter
261 1287 471 1328 mingendum
497 1286 604 1321 vesicae
628 1286 795 1322 doloribus
826 1287 972 1328 torqueri
997 1310 1006 1325 ‚
1037 1288 1068 1318 δε

59 1340 217 1372 paucam,
242 1340 375 1373 eamque
400 1330 602 1373 purulentam
625 1331 753 1364 urinam
785 1330 914 1364 reddere
936 1350 945 1366 ‚
980 1341 1066 1371 quae-

61 1373 220 1411 rendum,
247 1372 421 1415 respondi,
448 1385 524 1407 num
549 1373 635 1408 forte
659 1385 772 1413 acum,
797 1383 852 1407 aut
877 1385 942 1406 rem
966 1375 1063 1405 aliam

60 1419 248 1459 quampiam
272 1418 307 1450 in
338 1417 503 1451 urethram
538 1416 715 1451 immififfet
740 1443 747 1449 .
781 1417 926 1460 Negavit
959 1417 1063 1459 puella

58 1458 162 1493 donec
186 1459 345 1493 foramine
370 1460 495 1494 sinistro
519 1472 574 1503 per
596 1461 700 1494 levem
724 1462 947 1495 communium
979 1461 1064 1493 inte-

60 1512 293 1545 gumentorum
318 1501 492 1539 sectionem
516 1503 715 1546 amplificato
739 1527 751 1544 ,
781 1504 885 1546 cuspis
910 1526 919 1541 ‚
942 1506 973 1537 δε
996 1514 1065 1536 ma-

57 1557 121 1589 gna
143 1557 213 1590 pars
235 1557 307 1584 acus
331 1549 415 1580 intra
435 1559 551 1583 cavum
576 1548 615 1582 ab
636 1548 787 1582 omnibus
809 1546 1062 1589 conspiceretur.

59 1590 160 1635 Tunc
183 1590 270 1632 quod
294 1592 441 1625 occulere
466 1591 602 1632 amplius
625 1601 689 1624 non
725 1600 854 1633 poterat
878 1614 890 1630 ‚
921 1591 1063 1624 nimium

61 1633 133 1665 sero
154 1632 227 1669 fassa
250 1633 315 1668 est.
342 1634 458 1675 Neque
481 1638 566 1667 enim
589 1644 662 1668 acus
685 1634 812 1668 extrahi
838 1643 962 1676 poterat
987 1644 1062 1677 pro-

57 1675 192 1711 hibente
216 1677 334 1710 adnato
356 1676 482 1711 calculo
505 1699 513 1714 ‚
547 1688 645 1719 quam
671 1677 802 1720 specillo
835 1676 898 1712 five
932 1689 987 1719 per
1011 1688 1061 1710 ca-

56 1731 134 1755 vum
159 1720 260 1762 illud,
284 1718 346 1753 five
369 1731 424 1762 per
446 1719 613 1755 urethram
637 1720 776 1755 immisso
802 1730 836 1754 ut
869 1721 961 1754 facile
986 1726 1062 1754 ‘erat

54 1764 235 1806 percipere,
262 1763 307 1798 ita
332 1773 397 1797 non
421 1763 540 1798 licebat
564 1762 628 1799 sine
651 1767 777 1807 magnis
809 1763 978 1797 doloribus
1009 1764 1061 1800 *vel

54 1807 171 1841 leviter
196 1806 375 1849 propellere
399 1831 407 1839 .
442 1807 598 1850 Idemque
622 1833 630 1847 ,
671 1808 693 1843 fi
716 1808 796 1851 quid
820 1819 875 1849 per
898 1807 1062 1841 urethram

54 1850 175 1885 vellent
200 1851 238 1885 ad
261 1850 491 1885 demulcendos
513 1851 639 1885 dolores
664 1851 798 1894 injicere
822 1875 831 1889 ,
861 1862 901 1884 ne
924 1851 958 1883 in
983 1850 1064 1884 vesi-

55 1905 129 1929 cam
153 1893 378 1928 admitteretur
402 1917 411 1932 ‚
434 1893 580 1928 obstabat
604 1920 612 1929 .
648 1895 724 1930 Huc
749 1895 863 1929 macies
887 1893 1058 1928 accesserat

55 1936 206 1975 summa,
228 1939 262 1970 in
285 1936 414 1980 diesque
439 1938 525 1979 puris
538 1938 712 1980 augebatur
734 1940 847 1981 copia,
873 1939 904 1972 δι
928 1949 1063 1980 graveo-

60 1981 164 2015 lentia
188 2002 198 2018 ‚
232 1980 397 2021 febrisque
420 1979 485 2022 ipsa
509 1978 595 2015 faeta
621 1991 688 2017 erat
713 1981 883 2016 vehemens
907 2006 914 2015 .
952 1981 1062 2022 Qam

54 2024 288 2058 alimentorum
309 2025 456 2057 omnium
480 2022 663 2064 fastidium,
686 2027 829 2059 vomitus
855 2047 865 2062 ,
898 2023 1066 2058 flavorum

53 2068 271 2111 liquaminum
295 2078 333 2101 ex
357 2067 430 2100 alvo
454 2067 589 2110 fluxus,
613 2079 682 2102 tum
709 2070 848 2105 virium,
871 2067 1065 2109 &pulsuum

52 2111 205 2146 debilitas
228 2110 403 2145 consecuta
427 2110 499 2143 sunt
526 2136 535 2151 ,
567 2112 671 2146 donec
696 2124 782 2145 mors
805 2121 856 2145 tot
892 2110 1029 2144 miseriis
1051 2133 1062 2149 ‚

54 2157 87 2189 &
110 2154 248 2198 querelis
274 2179 282 2192 ‚
305 2155 394 2188 inter
419 2165 499 2194 quas
521 2155 607 2189 nulla
632 2167 775 2197 unquam
807 2155 845 2188 de
877 2155 1061 2188 lumborum

54 2198 171 2233 dolore
193 2198 233 2232 ab
257 2197 536 2240 interrogantibus
561 2197 669 2232 audita
692 2197 798 2231 fuerat
815 2222 826 2237 ,
848 2207 997 2240 optatum
1022 2195 1063 2229 fi-

57 2253 133 2277 nem
155 2240 317 2283 imposuit
332 2265 339 2273 .
475 2242 505 2274 C
518 2241 545 2273 A
561 2243 594 2274 D
607 2243 635 2273 A
650 2241 684 2274 V
699 2242 725 2273 E
739 2242 770 2274 R
783 2264 792 2279 ‚
817 2241 904 2282 quod
931 2241 1062 2273 sceletus

55 2294 131 2320 cute
153 2285 312 2322 obduftus
336 2281 526 2323 videbatur,
552 2284 610 2318 sub
631 2285 688 2317 dio
702 2309 711 2324 ,
733 2287 767 2317 in
804 2283 1062 2325 amplissimoque

55 2328 131 2362 loco
165 2328 210 2361 ob
254 2329 330 2362 anni
362 2337 489 2369 tempus
522 2326 763 2361 fervidissimum
798 2327 937 2361 incisum
983 2327 1060 2364 est3

57 2371 240 2415 Qnetilis
262 2373 348 2405 enim
381 2370 493 2405 mensis
526 2380 593 2404 erat
624 2372 759 2405 initium
791 2372 833 2405 A.
867 2370 953 2412 1738.
993 2371 1063 2404 Pri-

56 2426 150 2450 mum
172 2414 319 2449 omniurn
335 2438 344 2454 ,
366 2413 530 2458 specillum
554 2412 622 2457 jussi
648 2425 702 2456 per
724 2412 867 2447 foramen
892 2414 1060 2448 dexterum

55 2460 91 2493 in
115 2459 232 2493 ulceris
255 2468 370 2491 cavum
395 2457 528 2499 trajici,
554 2466 726 2499 tortumque
751 2469 825 2491 eum
841 2457 944 2492 sinum
968 2468 1058 2499 pate-

54 2502 148 2537 fieri.
173 2503 253 2536 Erat
277 2504 303 2535 i's
325 2500 410 2533 inter
436 2500 592 2534 musculos
617 2501 797 2534 abdominis
824 2526 832 2541 ,
862 2504 894 2534 Sc
929 2502 1060 2543 integu-

56 2554 165 2580 menta
190 2568 200 2583 ,
234 2556 335 2587 neque
359 2544 457 2577 ullam
482 2544 615 2587 usquam
639 2567 647 2582 ‚
683 2544 742 2578 nisi
766 2556 840 2578 cum
864 2545 922 2578 illo
945 2556 1025 2579 cavo
1050 2569 1060 2584 ,

53 2588 390 2623 communicationem
416 2587 573 2621 habebat.
600 2586 702 2624 Quod
726 2588 860 2630 longum
895 2589 1062 2630 latumque

55 2633 180 2677 digitos
202 2642 266 2666 tres
288 2655 298 2670 ,
331 2643 348 2665 a
381 2629 507 2665 sinistro
532 2633 573 2666 ile
597 2631 717 2665 Albam
753 2632 870 2667 lineam
904 2632 1009 2665 versus
1035 2630 1062 2664 se

53 2675 251 2713 extendens,
275 2676 366 2710 tenui
390 2676 514 2717 postico
538 2677 680 2718 pariete,
703 2686 799 2717 quem
822 2677 968 2718 reliquiae
994 2686 1063 2709 mu-

55 2720 218 2754 sculorum
242 2742 256 2759 ‚
285 2721 317 2753 δι
340 2718 554 2762 peritonaeum
577 2717 737 2753 faciebant
750 2719 771 2758 ¹,
804 2732 818 2753 a
843 2720 964 2754 ventris
987 2719 1063 2761 qui-

55 2763 130 2797 dem
153 2773 249 2796 cavea.
270 2762 475 2805 separabatur
499 2774 510 2801 3
545 2762 595 2796 sed
618 2761 733 2796 eodem
756 2765 877 2805 pariete
901 2775 916 2796 a
939 2761 1060 2795 dextris

57 2815 211 2850 patente,
234 2816 308 2839 cum
332 2804 440 2838 vesicae
464 2805 567 2840 fundo
589 2807 852 2840 communicabat
877 2820 886 2839 :
920 2806 1061 2848 illacque

58 2861 175 2891 magna
200 2859 269 2891 pars
292 2849 411 2882 acusin
434 2849 552 2883 ulceris
574 2860 691 2884 cavum
712 2851 935 2891 prominebat.
961 2849 1059 2881 Tunc

58 2893 220 2929 abdomen
243 2892 287 2926 fic
311 2890 447 2926 incisum
470 2892 513 2926 est
543 2918 553 2934 ,
587 2902 623 2928 ut
647 2893 744 2926 seffio
768 2893 805 2927 ad
836 2893 968 2927 vesicam
991 2902 1057 2925 non

58 2938 265 2980 perveniret.-
288 2945 360 2977 quae
381 2935 437 2968 etfi
463 2947 558 2979 parva
583 2945 671 2974 erat;
694 2945 801 2970 tamen
825 2938 943 2976 altius,
966 2935 998 2968 id
1012 2935 1057 2969 est

59 2980 155 3023 supra
177 2977 242 3013 ossa
268 2978 362 3020 pubis
385 3002 395 3017 ,
425 2991 499 3013 curn
520 2981 650 3014 interna
674 2979 858 3013 abdominis
882 2980 963 3014 facie
986 2990 1062 3012 coa-

59 3023 164 3058 luerat
188 3034 223 3056 ea
245 3021 416 3056 dumtaxat
440 3033 530 3065 parte
551 3035 614 3065 qua
638 3025 672 3056 in
694 3024 809 3057 ulceris
832 3031 946 3058 cavum
972 3032 1062 3064 pate—

60 3068 119 3101 bat
142 3090 157 3108 ,
187 3068 235 3100 ita
257 3074 294 3099 ut
318 3064 402 3098 nihil
426 3065 461 3098 in
485 3068 606 3101 ventris
629 3077 757 3100 caveam
781 3065 900 3101 effundi
926 3066 1028 3107 posset
1051 3087 1061 3104 ‚

63 3111 97 3143 in
120 3122 186 3153 qua
219 3108 326 3152 reapse
361 3107 448 3142 effusi
483 3110 628 3143 humoris
660 3121 726 3143 non
750 3119 815 3143 erat
850 3110 1027 3152 quidquam
1052 3135 1061 3144 .

63 3152 123 3187 Sed
146 3157 178 3187 &
200 3154 348 3193 omenti,
369 3153 403 3184 in
426 3163 492 3194 quo
516 3154 573 3187 vix
596 3153 720 3196 aliquid
744 3153 798 3187 hic
821 3154 888 3186 illic
922 3152 1061 3187 restabat

62 3196 295 3241 pinguedinis,
317 3206 375 3229 ora
397 3195 507 3228 infima
533 3198 570 3233 ad
598 3199 783 3239 proximum
809 3196 915 3230 veficae
940 3199 1063 3238 perito-

63 3251 169 3275 naeurn
193 3238 360 3274 arfiiffime
383 3239 609 3275 annectebatur
636 3264 642 3272 .
677 3241 743 3274 His
765 3242 810 3274 ita
834 3240 962 3281 pervisis
986 3263 995 3278 ,
1029 3243 1060 3272 δι

61 3283 202 3326 diduc‘tis
224 3283 319 3326 pubis
342 3281 477 3321 offibus‚
502 3283 602 3317 vefica
625 3292 696 3317 tota
719 3287 752 3318 in
776 3283 981 3324 consjssessum
1004 3283 1061 3317 da-

63 3336 99 3361 ta
124 3352 134 3367 ‚
159 3325 290 3369 ipsaque
314 3337 388 3360 cum
411 3324 541 3360 urethra
557 3349 565 3363 ‚
589 3337 660 3369 quae
683 3326 754 3361 sana
784 3336 851 3361 erat
875 3349 885 3365 ‚
919 3337 1025 3369 aperta
1047 3349 1060 3366 ‚

58 3369 169 3406 §rassae
190 3369 321 3412 quidem
346 3369 434 3403 illius
456 3371 573 3404 tunicae
600 3394 609 3409 ,
631 3371 681 3404 sed
705 3372 879 3405 contractae
901 3370 980 3404 adeo
1014 3381 1062 3402 re-

63 3423 164 3456 pertae
186 3413 278 3451 sunt,
301 3422 337 3446 ut
362 3421 478 3454 praeter
498 3414 656 3447 calculum
669 3416 725 3448 vix
736 3414 859 3456 possent
883 3415 1063 3457 quidquam

64 3458 231 3491 continere
254 3481 262 3490 .
301 3456 439 3491 Calculo
464 3455 518 3490 hic
541 3457 611 3490 illic
636 3469 746 3491 earum
769 3459 893 3491 intimat
924 3456 1065 3491 adhaere-

64 3500 166 3538 bant,
190 3512 261 3542 quae
285 3501 454 3542 inaequales
477 3510 587 3540 erant,
609 3503 639 3533 &
664 3501 811 3543 pluribus
837 3501 915 3535 locis
939 3501 1063 3534 exulce-

66 3554 143 3578 ratae
168 3565 178 3581 ‚
201 3547 232 3577 &
254 3543 526 3585 quemadmodum
551 3544 664 3577 ulceris
686 3556 798 3578 cavum
822 3543 929 3579 fuerat
950 3567 961 3584 ‚
984 3556 1063 3586 gan-

66 3587 236 3631 graeriosae.
261 3588 337 3622 Erat
362 3587 502 3621 calculus
526 3589 622 3630 paulo
632 3587 760 3622 duobus
771 3589 886 3630 digitis
908 3589 1069 3623 transver-

131 3785 146 3846 ξ
161 3793 173 3808 ν
187 3784 280 3844 {mit
299 3787 372 3811 Anat.
390 3784 457 3810 hum.
473 3792 538 3814 corp.
556 3785 572 3809 l.
590 3788 614 3810 6.
633 3793 655 3810 c.
674 3793 696 3810 2.

160 3823 175 3839 a

222 3816 248 3840 in
265 3816 357 3842 Λάκιος.
373 3817 402 3841 ad
417 3814 478 3841 Obs.
495 3816 562 3845 supra
578 3816 609 3841 ad
624 3824 649 3841 n.
669 3823 705 3846 ι9.
721 3821 764 3842 cit.
827 3818 842 3848 (
856 3828 870 3843 x
886 3825 896 3846 )
917 3818 979 3843 ibid.

737 3814 742 3819 ,
756 3786 825 3816 (Ι)
843 3788 937 3813 Advers.
958 3788 977 3812 Ι.
995 3796 1019 3813 n.
1039 3794 1077 3810 10.
1094 3786 1117 3810 &
1135 3787 1179 3812 lv.
1196 3786 1310 3811 Animad.
1327 3793 1363 3817 24.

1041 3818 1084 3847 (r
1101 3822 1111 3849 )
1128 3824 1150 3840 n·
1169 3825 1197 3847 ²5
1226 3818 1248 3842 ὃ(
1265 3817 1309 3848 seq·

1953 220 2042 278 165

1117 287 1155 323 fis
1179 289 1308 329 longior
1323 310 1331 323 ‚
1357 290 1473 328 pollice
1497 300 1600 325 autem
1625 290 1791 332 aliquanto
1811 289 1941 325 eraffior
1963 315 1973 331 ,
2011 291 2116 328 forma

1116 333 1251 366 ovulum
1276 329 1410 365 referens
1432 331 1524 377 cujus
1549 342 1655 367 vertex
1680 334 1839 378 superiora
1861 331 2022 376 spe&abat
2043 356 2057 375 ,
2078 345 2116 370 ut

1118 387 1193 409 acus
1215 385 1345 417 quoque
1367 386 1479 409 mucro
1501 388 1573 410 cum
1598 385 1666 410 tota
1689 388 1722 409 ea
1745 386 1835 419 parte
1856 388 1928 419 quae
1952 377 1991 411 ad
2014 388 2115 420 angu-

1118 420 1186 454 lum
1209 416 1307 459 usque
1329 418 1368 451 de
1391 431 1456 461 quo
1480 421 1602 455 did-lum
1625 421 1669 454 est
1691 421 1812 460 initio,
1834 420 2115 462 pertinebat‚cal-

1118 463 1195 509 culo
1219 460 1316 494 ferme
1341 463 1510 504 parallela,
1535 464 1574 497 ab
1596 459 1699 506 eoqlle
1722 463 1848 506 pollicis
1872 464 2046 497 intervallo
2070 464 2115 498 se-

1115 504 1250 549 JunCiae
1276 515 1345 546 pars
1368 517 1442 552 acus
1464 508 1587 548 reliqua
1610 510 1641 541 &
1663 505 1728 549 ipsa
1750 516 1838 540 extra
1859 508 2018 542 calculum
2036 516 2116 547 erat,

1116 557 1276 591 quantum
1298 549 1418 591 conjici
1441 559 1589 591 poterat,
1614 549 1849 593 propemodum
1872 558 1963 590 tota,
1987 552 2115 594 capitu-

1119 593 1151 625 lo
1174 590 1341 640 dumtaxat
1362 603 1434 625 cum
1459 595 1608 634 portione
1631 594 1736 634 aliqua
1760 594 1948 635 proximaiia
1972 593 2115 629 medium

1119 635 1235 669 calculi
1259 635 1418 669 sinistrum
1442 636 1525 670 latus
1548 635 1722 669 firmiffime
1745 635 1847 670 infixo
1867 659 1880 677 ,
1914 637 1948 671 id
1980 639 2023 671 est
2047 636 2115 680 ejus

1119 680 1327 713 concretione
1350 679 1526 713 obdu6to=
1558 691 1629 723 quae
1662 679 1718 713 illa
1754 678 1837 713 facie
1858 702 1870 719 ,
1904 682 1935 713 &
1968 690 2114 714 extremo

1118 731 1257 765 utroque
1281 722 1473 764 inaequalior
1497 721 1538 756 est
1553 747 1561 762 ,
1582 722 1730 765 opposita
1744 721 1843 756 ferme
1855 723 1964 763 laevis,
1988 726 2018 756 δι
2042 724 2116 757 sub-

1117 766 1210 805 alba,
1234 764 1291 799 nisi
1314 776 1397 807 qua,
1421 775 1458 799 ut
1481 774 1551 799 tota
1575 765 1693 800 musta
1721 791 1731 806 ,
1766 764 1915 800 subflavo
1936 765 2044 801 colore
2069 777 2118 800 in-

1117 808 1261 842 fuscatur
1282 820 1295 848 ,·
1327 808 1394 842 haec
1426 810 1512 842 enim
1535 808 1683 843 describo
1705 820 1741 843 ut
1765 820 1851 846 nunc
1875 808 1970 844 video
1994 823 2003 846 ς
2037 819 2116 844 tunc

1115 863 1192 885 vero
1214 851 1408 894 quibusdam
1434 853 1513 886 locis
1536 862 1603 887 erat
1626 861 1757 887 cruenta
1779 875 1789 891 ,
1811 860 1925 886 caetera
1947 851 2030 887 fusci
2053 854 2116 886 nb-

1115 896 1273 937 soletique
1296 896 1435 930 coloris.
1461 898 1558 931 Tunc
1582 908 1712 939 quoque
1736 896 1785 930 his
1809 895 1941 929 medicis
1966 896 2117 939 ponderi-

1114 939 1173 973 bus
1193 938 1334 972 calculus
1355 961 1368 978 ‚
1401 948 1436 972 ut
1459 951 1532 973 cum
1557 952 1615 974 acu
1638 940 1680 974 est
1704 962 1713 977 ‚
1753 941 1952 974 examinatus
1976 964 1985 979 ‚
2008 939 2118 983 paucis

1116 982 1221 1025 granis
1245 982 1349 1016 levior
1373 992 1514 1024 repertus
1537 981 1642 1017 fuerat
1666 982 1826 1018 drachmis
1851 983 1971 1025 septem
1993 994 2007 1023 ,·
2029 994 2117 1017 nunc

1117 1025 1226 1067 paucis
1249 1026 1356 1066 granis
1379 1025 1504 1068 superat
1530 1025 1697 1065 drachmas
1720 1027 1865 1070 quinque
1889 1050 1898 1065 ‚
1931 1027 1963 1059 δε
1986 1025 2119 1069 scrupu-

1118 1069 1165 1102 los
1197 1066 1294 1101 duos.
1427 1070 1564 1102 Caeterae
1597 1071 1716 1103 ventris
1750 1070 1906 1111 Dletaeque
1940 1079 2043 1112 partes
2077 1070 2118 1103 ab

1120 1120 1242 1146 naturae
1268 1110 1366 1144 modo
1390 1108 1432 1144 sic
1457 1113 1587 1145 aberant
1610 1137 1619 1146 .
1654 1112 1808 1146 Intestina
1842 1112 2001 1147 sublivida
2024 1121 2116 1148 erant

1120 1154 1267 1198 quaedam
1287 1178 1295 1193 ‚
1328 1157 1360 1187 &
1383 1151 1474 1187 flavo
1506 1155 1565 1188 illo
1587 1157 1643 1197 qui
1677 1155 1843 1189 novissime
1873 1154 2087 1197 dejiciebatur
2108 1179 2119 1194 ,

1120 1199 1258 1234 humore
1282 1197 1472 1241 turgidula:
1494 1197 1583 1239 jecur
1609 1199 1771 1234 albidum:
1795 1199 1881 1238 splen
1905 1198 2064 1237 lividior,
2088 1202 2121 1233 &

1122 1243 1221 1281 paulo
1244 1241 1347 1284 major
1370 1252 1468 1281 quam
1492 1253 1619 1283 aequum
1643 1240 1719 1276 esset
1743 1268 1749 1274 .
1786 1243 1940 1275 Ureteres
1978 1252 2086 1276 autem
2108 1264 2121 1282 ‚

1120 1286 1245 1328 ipsique
1269 1296 1356 1318 renes
1376 1284 1502 1326 pessime
1525 1285 1688 1319 habebant
1711 1312 1720 1320 .
1754 1285 1809 1318 illi
1833 1289 1918 1319 enim
1952 1285 2084 1319 dilatati
2107 1307 2121 1326 ‚

1118 1340 1197 1373 pure
1220 1338 1312 1362 erant
1336 1329 1421 1370 pleni
1447 1351 1456 1366 ,
1489 1328 1581 1371 quale
1605 1331 1637 1363 in
1664 1341 1746 1364 cavo
1779 1330 1875 1362 etiam
1900 1329 2014 1363 ulceris
2038 1329 2123 1364 mul·

1117 1384 1188 1407 tum
1211 1371 1338 1411 fuerat,
1360 1371 1508 1413 liquido,
1530 1374 1562 1405 δε
1584 1384 1623 1406 ex
1648 1372 1796 1407 subflavo
1820 1373 1998 1413 albicante,
2022 1373 2055 1406 id
2079 1370 2124 1407 est

1116 1427 1192 1461 pure
1216 1428 1290 1449 cum
1315 1416 1405 1447 urina
1430 1414 1617 1449 commisto„
1643 1416 1748 1450 Renes
1775 1427 1880 1449 autem
1903 1428 1995 1458 aequn
2019 1415 2124 1457 majo-

1117 1471 1184 1496 res,
1207 1459 1323 1493 dexter
1347 1458 1548 1501 praesertim,
1571 1461 1628 1501 qui
1653 1463 1683 1493 &
1706 1460 1820 1493 durior
1836 1481 1843 1491 .
1866 1463 1896 1493 δι
1922 1460 2046 1493 cellulis
2069 1461 2122 1493 in-

1115 1514 1166 1537 tus
1187 1513 1357 1536 excavatus
1382 1503 1510 1543 parvis,
1535 1502 1586 1537 sed
1611 1503 1778 1544 pluribus,
1801 1503 1978 1544 eodemque
2012 1514 2090 1544 pure
2112 1525 2124 1541 ,

1117 1557 1152 1580 ut
1177 1547 1276 1587 pelvis
1300 1557 1431 1588 quoque
1456 1568 1466 1584 ‚
1492 1544 1570 1578 adeo
1594 1545 1738 1579 distentis
1762 1567 1774 1584 ‚
1800 1556 1833 1578 ut
1858 1547 1891 1580 in
1915 1545 2055 1579 sectione
2078 1545 2126 1578 al-

1116 1591 1181 1623 tius
1206 1588 1392 1631 posiluerit.
1420 1590 1520 1622 Renis
1544 1588 1659 1622 sinistri
1687 1590 1806 1623 tunicae
1830 1589 1958 1632 adiposa
1973 1610 1982 1625 ‚
2005 1590 2124 1630 &pro-

1117 1635 1186 1676 pria
1209 1634 1292 1666 inter
1318 1632 1347 1665 se
1371 1631 1487 1673 junc‘iae
1510 1653 1520 1669 ‚
1555 1631 1663 1666 crassae
1689 1654 1699 1670 ,
1725 1635 1755 1665 δι
1778 1630 1866 1666 durae
1889 1631 2123 1675 ejusdemmodi

1117 1688 1176 1718 pus
1198 1677 1412 1712 coercebant,
1436 1686 1503 1716 quo
1527 1678 1609 1709 renis
1632 1698 1642 1713 ‚
1673 1673 1870 1718 quibusdam
1891 1677 1972 1710 locis
1995 1676 2085 1709 erosa
2113 1700 2125 1716 ‚

1117 1718 1319 1761 superficies,
1342 1730 1407 1752 non
1434 1717 1518 1752 secus
1542 1731 1577 1753 ac
1601 1717 1706 1762 paffim
1728 1720 1883 1753 interiora
1907 1744 1916 1759 ,
1950 1718 2090 1753 scatebat
2113 1744 2124 1752 .

1114 1764 1211 1797 Odor
1234 1773 1341 1796 autem
1365 1764 1548 1796 teterrimus
1569 1764 1625 1806 qui
1651 1774 1687 1796 ex
1712 1763 1837 1798 renibus
1863 1785 1873 1800 ,
1897 1766 1929 1797 δε
1952 1763 2053 1796 vesica
2077 1759 2126 1797 af-

1114 1806 1277 1844 flabatur,
1303 1805 1489 1839 Thoracem
1512 1818 1613 1849 porro
1637 1806 1798 1847 incidere,
1822 1805 1913 1849 cujus
1936 1807 2012 1841 vitii
2036 1806 2124 1841 indi-

1114 1852 1204 1884 cium
1227 1847 1383 1882 extitisset
1409 1849 1534 1883 nullum
1554 1873 1564 1889 ,
1587 1849 1777 1891 prohibuit.

1162 1904 1211 1926 21.
1239 1895 1342 1932 Quae,
1368 1891 1509 1927 sectione
1533 1892 1574 1926 fic
1600 1892 1770 1931 absoluta,
1793 1894 1952 1934 continuo
1977 1917 1987 1932 ‚
2011 1903 2047 1928 ut
2072 1893 2124 1928 so-

1118 1937 1198 1971 litus
1222 1936 1312 1974 sum,
1338 1935 1484 1977 pluribus
1507 1938 1563 1978 qui
1587 1937 1717 1971 aderant
1743 1961 1752 1977 ‚
1789 1937 1972 1972 Nobilibus
1997 1938 2089 1971 Viris
2116 1960 2126 1977 ,

1119 1979 1254 2022 aliisque
1279 1980 1340 2013 Rei
1370 1979 1524 2017 Medicae‚
1552 1992 1586 2014 ac
1610 1981 1815 2018 Chiruraicae
1840 1991 1911 2015 turn
1937 1981 2094 2023 magistris
2116 2008 2126 2023 ,

1117 2033 1191 2056 tum
1215 2022 1359 2056 studiofis
1382 2023 1605 2062 audientibus,
1632 2025 1761 2058 locutus
1788 2025 1844 2058 sim
1870 2049 1879 2064 ,
1912 2036 1951 2057 cx
1975 2024 2024 2059 his
2048 2036 2120 2068 quae

1118 2065 1219 2100 fusius
1243 2065 1296 2099 hic
1320 2068 1383 2100 tibi
1409 2066 1578 2108 subjiciam
1594 2093 1603 2106 ‚
1627 2067 1720 2103 facile
1745 2070 1924 2111 intelliges.
1950 2068 2035 2109 (ξιτ,
2048 2080 2127 2102 cau-

1119 2109 1151 2142 sa
1177 2109 1279 2146 hanc,
1304 2112 1395 2144 &tot
1420 2112 1497 2144 alias
1522 2111 1641 2153 puellas
1656 2114 1867 2153 incitaverit,
1892 2121 1923 2144 ut
1938 2110 1996 2145 fibi·
2009 2123 2125 2146 acuum

1117 2152 1257 2195 capitula
1281 2155 1314 2186 in
1340 2153 1502 2188 urethram
1527 2154 1727 2190 intruderent
1750 2178 1763 2196 ,
1798 2167 1862 2189 non
1885 2165 1953 2188 tam
1978 2157 2012 2188 in
2037 2156 2126 2189 lacu-

1116 2197 1166 2228 nis
1190 2196 1298 2229 salacis
1322 2197 1468 2231 humoris
1493 2199 1661 2241 quaerenda
1684 2199 1728 2233 est
1744 2224 1751 2237 ‚
1773 2199 1895 2242 quippe
1917 2200 1947 2230 δι
1969 2198 2069 2237 alibi,
2092 2202 2124 2233 &

1114 2249 1207 2272 extra
1230 2240 1320 2274 illam
1344 2240 1530 2278 hiantibus,
1555 2243 1615 2275 nisi
1640 2242 1678 2276 ad
1714 2241 1802 2276 idem
1826 2253 1925 2285 genus
1960 2245 2124 2285 pertinere

1117 2281 1203 2316 forte
1226 2284 1331 2317 credas
1353 2297 1405 2318 eos
1427 2296 1556 2327 quoque
1579 2286 1773 2319 canaliculos
1794 2297 1876 2329 quos
1897 2287 1982 2319 intra
2006 2288 2125 2321 mulie-

1117 2337 1189 2360 rum
1214 2327 1379 2361 urethram
1393 2328 1541 2371 descripsi
1565 2328 1622 2371 (s)
1639 2355 1646 2368 ‚
1670 2341 1766 2372 quarn
1789 2331 1823 2363 in
1835 2329 1994 2371 exquisito
2020 2341 2124 2365 mem-

1116 2370 1224 2402 branae
1248 2370 1334 2404 sensu
1347 2383 1409 2414 qua
1433 2372 1486 2405 illa
1508 2373 1596 2406 intus
1619 2372 1839 2408 convestitur.
1864 2373 1953 2407 Nam
1966 2373 2023 2407 nifi
2037 2375 2121 2410 hanc

1114 2414 1214 2447 altius
1239 2413 1472 2456 perfricarent,
1495 2414 1635 2462 accidere
1659 2428 1723 2450 non
1747 2416 1848 2459 posset
1873 2438 1883 2455 ‚
1918 2426 1954 2450 ut
1977 2420 2134 2459 repenti-⁴

1113 2468 1154 2490 na
1179 2468 1212 2489 ac
1237 2458 1342 2490 valida
1364 2460 1436 2491 imae
1464 2460 1571 2492 vesicae
1596 2460 1821 2494 contraffione
1845 2472 1917 2494 acus
1940 2471 1980 2494 ex
2012 2472 2122 2497 earum

1111 2500 1227 2542 digitis
1252 2502 1380 2543 abrepta
1405 2524 1415 2539 ‚
1438 2502 1524 2534 intra
1549 2501 1683 2537 vesicam
1705 2513 1777 2537 tota
1801 2528 1810 2542 ‚
1845 2502 2022 2546 praesertim
2045 2519 2121 2542 cum

1114 2543 1315 2586 longiuscula
1338 2543 1383 2578 est
1408 2569 1418 2584 ,
1450 2544 1641 2580 conderetur
1666 2572 1673 2581 .
1710 2547 1765 2580 Ab
1789 2548 1843 2581 illa
1868 2549 1954 2583 enim
1977 2572 1986 2586 ‚
2011 2549 2117 2592 ejusve

1116 2586 1291 2629 sphinetere
1314 2599 1387 2622 cuin
1413 2588 1592 2623 Molinetto
1623 2592 1638 2629 (
1659 2598 1674 2623 t
1697 2593 1708 2629 )
1741 2590 1960 2626 infortunium
1984 2591 2045 2628 hoc
2068 2606 2119 2629 re-

1114 2641 1211 2673 peto,
1236 2643 1301 2664 non
1326 2645 1341 2665 a
1367 2633 1398 2665 vi
1420 2632 1582 2679 quadam,
1607 2643 1643 2666 ut
1666 2633 1779 2676 aju'nt,
1802 2637 1884 2669 uteri
1909 2658 1921 2675 ‚
1944 2648 2016 2678 quae
2037 2660 2049 2677 ‚
2080 2649 2117 2673 ut

1115 2673 1281 2720 exsugeret
1306 2700 1315 2715 ,
1338 2677 1373 2709 in
1400 2676 1531 2710 vesicam
1555 2686 1660 2709 tamen
1684 2677 1807 2711 exsqu
1843 2690 1909 2712 non
1943 2679 2082 2716 traheret
2105 2707 2113 2714 .

1115 2718 1154 2750 In
1177 2729 1275 2760 quam
1298 2719 1469 2762 postquam
1494 2731 1566 2753 acus
1599 2721 1742 2754 attracftae
1776 2721 1848 2755 sunt
1870 2744 1881 2760 ‚
1914 2724 2012 2765 paulo
2045 2725 2116 2766 post

1113 2762 1277 2798 nonnullis
1320 2763 1454 2806 quidem
1508 2774 1564 2805 per
1606 2764 1637 2795 se
1678 2763 1832 2798 excidunt
1855 2786 1865 2802 ‚
1920 2775 1956 2799 ut
1998 2769 2114 2809 puellis

1113 2803 1236 2840 duabus
1270 2805 1310 2839 de
1343 2806 1462 2849 quibus
1496 2805 1578 2847 apud
1602 2806 1835 2842 Vallisnerium
1861 2812 1872 2847 (
1897 2819 1917 2841 u
1939 2812 1953 2848 )
1976 2833 1986 2849 ‚
2019 2812 2113 2845 alteri

1112 2847 1290 2882 dormienti
1314 2871 1324 2886 ‚
1358 2851 1448 2882 alteri
1473 2859 1578 2881 autem
1606 2851 1764 2892 mingenti
1788 2875 1798 2892 ,
1818 2852 1914 2886 credo
1935 2853 2053 2895 quibus
2076 2866 2115 2890 ex

1113 2901 1201 2934 parte
1225 2892 1428 2926 solummodo
1450 2893 1584 2926 vesicam
1608 2892 1793 2936 subiissent,
1815 2905 1850 2928 ut
1873 2896 1970 2929 etiam
1992 2898 2026 2931 in
2051 2907 2116 2932 ter-

1113 2936 1162 2968 tia
1186 2934 1316 2969 fortasse
1340 2935 1424 2974 fuit,
1452 2947 1565 2978 nempe
1589 2937 1712 2970 intorta
1737 2948 1794 2972 acu
1818 2937 1950 2974 facilius
1973 2940 2006 2973 iri
2041 2953 2113 2976 ure⁴

1114 2977 1187 3012 thra
1210 2988 1300 3022 parte
1324 2979 1423 3013 altera
1448 2988 1657 3020 remanente,
1682 2980 1780 3015 altera
1802 2982 1886 3017 intra
1910 2984 2049 3017 vesicam
2073 2986 2111 3021 ad

1115 3023 1253 3056 mensem
1279 3031 1402 3055 retenta
1426 3046 1435 3056 .
1471 3023 1538 3056 Cui
1561 3025 1646 3064 parti
1671 3023 1753 3058 nihil
1788 3034 1896 3060 tamen
1930 3038 2111 3064 accreverat

1114 3066 1280 3100 calculosae
1293 3068 1456 3100 materiae:
1480 3066 1569 3108 quod
1593 3077 1697 3110 neque
1720 3067 2014 3105 accidisserefertur
2037 3077 2111 3108 acui

1115 3121 1131 3143 a
1154 3119 1268 3152 quarta
1296 3114 1306 3148 (
1330 3111 1386 3156 x)
1409 3110 1558 3147 iatiusae,
1581 3112 1611 3143 δέ
1634 3111 1701 3152 post
1721 3113 1786 3145 dies
1809 3114 1995 3156 quindecim
2028 3112 2127 3151 intei-x

1113 3153 1323 3196 mingendum
1348 3153 1473 3194 eje&ae,
1494 3164 1592 3195 quam
1616 3156 1736 3195 pariter
1759 3155 1911 3190 infima&
1934 3166 2027 3191 acuta
2039 3170 2112 3199 par-

1115 3206 1147 3230 te
1170 3198 1254 3230 intra
1278 3197 1377 3230 urinae
1401 3197 1464 3229 iter
1489 3197 1656 3231 substitisse
1672 3224 1680 3239 ‚
1704 3199 1784 3233 illud
1817 3198 1949 3233 forsitan
1985 3201 2109 3237 indicio

1115 3239 1156 3273 est
1179 3240 1265 3282 quod
1289 3240 1327 3272 de
1351 3240 1536 3281 punctionis
1559 3239 1646 3275 sensu
1669 3243 1753 3275 circa
1775 3241 1883 3275 vesl'cae
1894 3244 2016 3277 collum
2040 3255 2112 3280 tan-

1114 3283 1287 3318 tummodo
1310 3283 1522 3325 querebatur.
1546 3284 1604 3318 Sed
1627 3285 1682 3319 etsi
1708 3286 1775 3319 baec
1798 3296 1835 3318 ex
1858 3286 1898 3319 iis
1920 3297 1993 3329 quae
2013 3291 2115 3325 attin-

1116 3336 1232 3370 geritur
1255 3326 1361 3368 postea
1384 3327 1435 3369 (y
1454 3329 1468 3365 )
1490 3327 1529 3360 de
1551 3339 1667 3362 acuum
1692 3339 1847 3362 mucrone
1870 3330 2008 3364 urethrae
2030 3333 2109 3368 infi.

1118 3382 1179 3405 xo.
1207 3372 1305 3411 magis
1328 3369 1595 3410 illustrabuntur3
1619 3383 1683 3404 non
1707 3381 1813 3404 tamen
1835 3370 1960 3406 inficias
1984 3376 2075 3410 ivero
2100 3403 2107 3416 ,

1116 3413 1200 3455 posse
1223 3413 1386 3446 interdum
1409 3424 1484 3447 acus
1509 3426 1585 3457 quas
1611 3415 1709 3449 vefica
1733 3425 1817 3448 totas
1839 3418 1996 3458 receperit
2019 3441 2029 3456 ‚
2063 3422 2109 3456 ita

1117 3456 1147 3489 se
1170 3466 1378 3496 convertere,
1402 3465 1438 3490 ut
1462 3460 1580 3499 pariter
1605 3469 1661 3500 per
1684 3468 1828 3492 meatum
1851 3469 1963 3493 exeant
1998 3462 2109 3499 urina-

1113 3503 1198 3534 rium
1221 3527 1228 3534 .
1261 3502 1331 3533 Cur
1353 3510 1432 3533 vero
1453 3502 1575 3536 duabus
1609 3501 1674 3535 illis
1696 3513 1774 3544 quas
1796 3502 1960 3537 noviffime
1983 3504 2114 3541 diceba..

1114 3555 1184 3577 mus
1209 3569 1217 3583 ‚
1241 3545 1325 3576 intra
1347 3543 1534 3586 quindecim
1557 3544 1648 3582 dies,
1669 3546 1738 3579 imo
1761 3547 1845 3579 intra
1869 3547 2005 3582 mensem
2030 3551 2113 3586 nihil

1114 3585 1281 3622 adhaeserit
1305 3586 1473 3622 calculosae
1498 3589 1638 3623 materiae
1662 3613 1673 3631 ,
1704 3600 1803 3632 quam
1835 3590 1941 3625 multo
1965 3592 2110 3629 breviori

1964 3635 2070 3678 spatio

1426 3787 1441 3815 ί
1457 3795 1467 3812 ι
1483 3789 1492 3824 J
1507 3788 1600 3814 Dissert.
1618 3791 1694 3815 Anat.
1710 3788 1806 3814 Pathol.
1825 3789 1842 3813 1.
1860 3792 1883 3815 6,
1899 3798 1920 3816 c.
1936 3795 1960 3818 8.
