2498 4075
486 146 583 184 *120

419 204 498 247 dum
542 207 638 251 paulo
683 205 900 244 vehementius
944 216 1130 243 concuteret
1153 219 1319 248 ventrem,
1343 221 1415 243 ecce

420 260 486 284 non
511 251 574 285 fine
597 251 721 292 crepitu
744 253 885 293 quodam
910 251 1025 291 sentit,
1048 252 1205 296 disrumpi
1230 254 1350 296 aliquid
1381 255 1414 285 in

418 304 480 335 eo,
503 294 672 337 ipsumque
694 296 850 329 continuo
874 295 1056 328 molliorem
1080 294 1414 334 factum-insolitum

422 348 529 371 autem
553 338 587 369 in
611 339 680 370 imo
702 338 851 378 pondus,
873 349 947 370 curn
972 337 1085 377 sensu,
1116 343 1172 381 qui
1206 349 1297 372 antea
1331 351 1413 372 nun-

416 392 513 423 quam
535 379 659 418 fuerat,
682 376 928 420 flufiuationis,
951 383 982 415 δε
1026 380 1202 415 delabentis
1245 381 1411 424 cujusdam

420 423 574 467 ponderis
597 423 633 455 in
655 422 690 457 id
712 423 795 457 latus
817 425 850 456 in
875 424 960 466 quod
986 423 1015 457 se
1047 435 1247 458 converteret
1270 451 1279 457 ..
1327 426 1409 462 Quae

415 478 491 500 cum
534 465 750 500 remediorum
792 478 854 509 ope
898 466 1038 501 multum
1082 468 1141 500 seri
1186 479 1240 510 per
1285 479 1371 501 renes
1399 490 1408 503 ‚

413 511 445 542 δε
467 509 617 542 intestina
641 509 844 543 educentium
868 509 1013 543 abiislent
1037 521 1050 551 ;
1071 510 1257 553 quindecim
1280 536 1289 551 ,
1323 511 1408 545 haud

412 553 551 594 amplius
565 577 575 592 ,
597 553 664 586 dies
686 552 801 585 mulier
827 552 884 585 sibi
909 552 972 586 visa
984 553 1027 587 est
1042 555 1168 595 optime
1181 555 1408 588 valere.Nan1

410 597 480 639 post
502 596 599 636 illos,
624 598 741 630 iterum
766 596 905 637 priorem
928 596 966 629 ad
1002 597 1122 630 molem
1168 597 1408 641 tenfionemque

408 639 566 673 abdomen
589 638 684 672 rediit
698 662 710 679 ,
732 639 820 672 bono
835 664 844 679 ‚
867 648 903 672 ut
926 639 1046 682 semper
1069 649 1160 673 antea
1174 665 1182 679 ‚
1205 639 1299 673 faciei
1322 644 1412 675 colo-

406 693 465 724 re,
488 683 621 724 pedibus
644 681 726 716 nihil
750 682 973 721 tumentibus,
997 686 1028 715 &
1051 692 1164 724 praeter
1187 685 1306 717 ventris
1317 685 1411 718 dolo-

407 736 455 759 res
480 725 635 767 quosdam
657 736 712 767 per
735 725 900 759 intervalla
924 725 1093 766 molestos,
1116 737 1307 771 gravemque
1340 727 1409 770 ejus

408 770 547 808 molem,
570 772 601 802 &
625 767 859 802 menstruorum
883 770 1151 803 imminutionem
1168 796 1176 810 ,
1201 782 1272 813 quae
1295 773 1408 804 cuneta

402 815 502 846 etiam
528 821 619 845 antea
643 810 797 850 fuerant,
818 823 954 853 corpore
999 813 1077 854 agili
1098 835 1108 850 ‚
1142 813 1294 852 robusto,
1320 826 1408 857 egre-

401 857 517 899 gieque
543 857 571 890 ie
594 854 749 889 habente.
775 854 829 887 Ne
853 856 952 897 igitur
975 855 1073 898 cystis
1098 866 1202 890 vetere
1227 855 1407 892 emissohu-

401 911 514 938 more,
538 910 624 931 novo
646 897 880 931 distenderetur
895 920 904 934 ‚
928 910 1009 941 opus
1040 898 1114 932 esset
1138 923 1147 937 ,
1194 901 1402 943 quemadmo-

401 942 481 976 dum
504 943 538 975 in
562 941 779 975 exterioribus
804 941 957 976 folliculis
980 943 1018 976 fit
1033 968 1041 982 ‚
1064 951 1169 976 totam
1194 944 1294 987 ipsam
1329 944 1402 986 pos-

401 985 434 1019 se
457 995 512 1019 aut
537 985 718 1025 absumere,
741 992 795 1018 aut
819 984 1008 1026 exstirpare.
1023 988 1176 1027 Quorum
1201 989 1344 1030 primum
1367 989 1400 1021 in

399 1039 540 1071 magno,
566 1032 597 1062 &
619 1029 703 1060 inter
724 1027 842 1061 viscera
868 1029 981 1063 abdito
1005 1029 1097 1063 sacco
1119 1032 1192 1072 quis
1217 1040 1399 1073 proponat,

400 1083 456 1108 aut
480 1071 585 1107 ferat?
611 1072 762 1105 Alterum
787 1081 894 1106 autem
919 1073 1119 1115 propofitum
1143 1074 1276 1115 quidem
1300 1074 1364 1108 scio
1390 1099 1400 1115 ,

399 1118 525 1150 animos
548 1116 685 1150 addente
709 1114 892 1156 notissima,
917 1115 968 1149 sed
992 1128 1081 1159 aeque
1114 1117 1267 1151 rariffima
1292 1142 1301 1158 ‚
1344 1118 1402 1152 illa

395 1161 481 1194 Abr.
505 1159 668 1203 Cypriani
689 1160 877 1197 curatione3
902 1170 940 1192 an
965 1170 1042 1194 vero
1076 1159 1194 1200 aliquis
1226 1162 1310 1194 intra
1343 1160 1402 1194 hos

394 1205 535 1246 triginta
551 1228 560 1242 ‚
583 1213 683 1244 eoque
706 1202 846 1243 amplius
870 1214 908 1236 ex
931 1214 997 1244 quo
1020 1202 1220 1244 propositum
1245 1205 1310 1241 est,
1344 1216 1399 1237 an-

394 1258 455 1280 nos
479 1247 650 1279 tentaverit
665 1271 673 1285 ‚
697 1245 806 1277 nescio
821 1270 828 1276 .
852 1247 937 1290 Quae
972 1244 1146 1287 prohibere
1193 1248 1364 1288 potuerint
1390 1271 1398 1288 ‚

392 1301 458 1323 non
481 1289 616 1324 difficile
638 1288 795 1330 intelligis
809 1301 819 1320 .-
841 1299 982 1332 quorum
1008 1289 1090 1331 plera
1117 1301 1156 1323 ue
1178 1299 1214 1323 ut
1239 1293 1369 1325 mittam
1389 1305 1399 1329 ·‚

392 1334 416 1367 fi
441 1333 545 1367 radice
569 1344 631 1367 una
655 1332 708 1365 cui
734 1332 899 1366 vinculum
923 1330 1018 1367 facile
1042 1343 1083 1374 po
1112 1343 1141 1366 et
1164 1332 1281 1376 injici,
1304 1335 1400 1378 cystis

392 1378 515 1419 semper
538 1378 724 1414 niteretur,
750 1384 788 1408 ut
810 1375 846 1409 in'
869 1375 1057 1409 Mancharti
1102 1379 1116 1416 (
1138 1376 1151 1409 i
1171 1379 1186 1416 )
1206 1402 1214 1414 ‚
1262 1389 1317 1411 aut
1365 1381 1400 1412 in

394 1419 567 1455 Schr'ockii
592 1424 604 1460 (
627 1419 645 1458 Ις
666 1421 680 1458 )
704 1417 969 1457 Observatione3
993 1430 1081 1453 aures
1104 1418 1234 1455 fortasse
1266 1423 1403 1464 praebere

392 1465 575 1506 inciperes.
601 1462 659 1497 Sed
682 1462 785 1505 quid?
807 1462 829 1496 fi
855 1462 947 1496 radix
971 1462 1167 1505 multiplex,
1192 1473 1247 1498 aut
1272 1464 1293 1497 fi
1317 1477 1421 1506 una„

390 1508 566 1545 latiffima3
590 1518 680 1546 non,
703 1516 740 1539 ut
764 1506 847 1548 apud
870 1505 967 1546 illos,
989 1506 1163 1548 angustior,
1187 1517 1240 1541 aut
1270 1508 1400 1549 pollicis

390 1551 544 1595 craffitie:
568 1550 674 1593 quid?
699 1548 722 1582 fi
746 1549 841 1593 cystis
865 1550 950 1589 alio,
975 1558 1072 1591 atque
1097 1551 1162 1584 alio
1186 1552 1303 1586 arffius
1329 1552 1399 1586 alli-

382 1606 460 1639 *gata
475 1618 484 1633 ,
509 1597 540 1628 δι
565 1593 677 1637 procul
701 1593 799 1629 etiam
825 1592 864 1626 ab
887 1605 920 1626 ea
943 1592 1124 1626 abdominis
1149 1593 1243 1635 sede,
1276 1607 1395 1638 quam,

387 1641 597 1682 Cyprianum
621 1639 769 1670 imitatus
792 1661 800 1675 ‚
823 1637 994 1670 incideris.
1018 1636 1085 1669 Hic
1109 1646 1214 1672 tamen
1238 1638 1279 1671 ab
1311 1639 1396 1673 ulce-

386 1695 423 1717 re
447 1693 502 1726 per
525 1681 614 1725 quod
637 1680 754 1716 sentire
777 1679 871 1712 licuit
898 1679 997 1714 foetus
1019 1679 1270 1715 duodecimestre
1301 1683 1397 1717 cada-

389 1739 467 1764 ver,
491 1736 557 1769 quo
580 1725 653 1757 loco
678 1723 887 1758 incidendum
913 1722 1008 1760 esset,
1033 1722 1189 1758 didicerat
1209 1747 1219 1762 ‚
1252 1736 1318 1759 non
1351 1726 1398 1759 se-

388 1783 444 1805 cus
466 1782 500 1803 ac
524 1771 695 1812 Degnerus
737 1769 751 1807 (
774 1765 786 1800 l
808 1770 849 1807 )‚
891 1765 913 1799 si
947 1765 1144 1809 hydropicus
1167 1770 1251 1801 inter
1275 1770 1398 1811 perito-

389 1826 521 1851 naeum‚
546 1817 578 1847 δε
602 1811 763 1846 musculos
789 1812 903 1854 ingens
934 1818 1045 1843 tumor
1075 1811 1258 1846 dissiliendo
1284 1835 1294 1851 ‚
1328 1824 1393 1846 non

390 1859 557 1902 amplum,
580 1855 630 1890 sed
655 1855 823 1898 angustum
846 1855 972 1888 aditum
1018 1853 1193 1896 reliquisset
1218 1877 1228 1891 ‚
1272 1858 1392 1898 pariter

385 1902 531 1938 immillo
577 1901 708 1943 specillo
753 1898 830 1932 satis
862 1898 938 1933 scire
971 1906 1098 1939 poterat
1121 1910 1183 1940 qua
1207 1898 1395 1937 ferroeflet

385 1945 628 1992 patefaciendus
651 1967 663 1985 ,
686 1951 732 1976 rut
777 1942 873 1985 cystis
897 1965 907 1983 ,
940 1940 1061 1974 bubula
1107 1941 1207 1976 vefica
1256 1942 1359 1993 majoj-
1381 1967 1392 1982 ‚

387 2004 460 2035 quae
507 2000 560 2032 per
608 1986 637 2023 se
681 1984 805 2021 excidit
851 2009 863 2029 ‚
919 1996 935 2019 a
979 1981 1147 2030 chirurgo
1201 1985 1390 2030 exstirpate-

384 2044 455 2070 tur·
961 2064 966 2069 .

432 2090 485 2121 70.
511 2076 614 2110 Nulla
637 2076 743 2119 igitur
765 2097 776 2113 ,
809 2075 941 2118 inquis,
969 2074 1002 2106 in
1026 2074 1149 2108 saccato
1177 2075 1307 2109 interno
1328 2074 1388 2118 hy.

388 2124 489 2164 drope
533 2120 709 2155 curationis
754 2119 821 2161 spes
845 2119 906 2152 erit
929 2143 938 2157 ‚
970 2119 1125 2160 quoniam
1148 2118 1261 2160 cystim
1294 2131 1396 2162 neque

388 2166 552 2202 absumere
595 2165 672 2198 licet
688 2185 706 2209 “,
752 2173 854 2205 neque
899 2160 1069 2204 exstirpare
1095 2165 1105 2193 ?
1151 2163 1304 2205 Sperabat
1348 2172 1396 2210 ta-

389 2222 464 2245 men
511 2217 565 2241 aut
612 2208 812 2241 sanationem
832 2227 843 2243 ,
887 2215 943 2239 aut
988 2216 1142 2246 magnum
1174 2207 1321 2240 levamen
1344 2217 1398 2249 Ju-

388 2256 463 2288 nior
507 2254 679 2295 Verneyus
725 2254 735 2290 (
769 2260 799 2282 m
834 2252 845 2287 )
870 2273 880 2288 ‚
926 2247 1079 2292 siquando
1123 2248 1236 2284 educta
1282 2261 1363 2293 aqua
1386 2273 1398 2290 ,

386 2297 543 2332 accideret
567 2320 579 2336 ,
624 2304 659 2328 ut
706 2292 735 2327 se
779 2290 1002 2327 contrahentis
1045 2291 1142 2335 cystis
1187 2294 1321 2335 parietes
1348 2295 1398 2327 in-

383 2353 433 2376 ter
479 2340 509 2374 se
541 2338 752 2374 coalescerent
775 2360 788 2377 ,
833 2336 940 2378 sicque
972 2345 1116 2369 extrema
1141 2337 1288 2371 vasorum
1310 2338 1399 2371 clau-

388 2379 500 2419 derent
544 2394 661 2424 aquam
706 2381 958 2423 importantium
996 2391 1004 2412 :
1049 2379 1082 2412 id
1127 2379 1215 2422 quod
1263 2380 1396 2414 accidis-

389 2428 418 2463 se
442 2452 456 2468 ,
501 2426 696 2469 conjiciebat
722 2448 730 2463 ‚
775 2424 810 2456 in
834 2424 975 2464 Virgine
1021 2433 1119 2455 annos
1163 2432 1236 2456 nata
1283 2425 1320 2457 ad
1346 2426 1395 2457 vi-

387 2472 475 2516 ginti
502 2493 511 2508 ,
555 2471 606 2504 cui
652 2477 762 2501 venter
804 2465 869 2508 jam
917 2465 1018 2499 ferme
1066 2478 1081 2498 a
1115 2465 1248 2499 biennio
1272 2477 1394 2501 tumere

389 2524 555 2559 coeperat‚
579 2513 663 2547 cutis
686 2511 795 2545 colore
818 2520 883 2542 non
907 2513 1054 2545 mutato,
1078 2509 1220 2552 itemque
1252 2511 1285 2543 in
1333 2513 1398 2545 Vi-

391 2560 455 2594 dua
499 2558 653 2592 Matrona
697 2565 768 2598 quae
805 2553 951 2595 proveeta
974 2552 1042 2594 jam
1065 2562 1160 2585 aetate
1184 2552 1236 2586 sex
1259 2553 1398 2594 septem-

391 2616 430 2638 ve
455 2613 553 2636 annos
575 2609 720 2634 ventrem
743 2597 862 2630 tulerat
885 2596 1041 2630 mirandae
1087 2596 1182 2629 molis
1204 2618 1214 2633 ,
1259 2609 1398 2640 quarum

391 2647 525 2689 utrique
568 2644 711 2678 detracfla
756 2652 837 2683 aqua
880 2663 892 2679 ,
944 2640 1076 2674 alteram
1121 2641 1168 2674 ita
1212 2641 1397 2683 persanave-

387 2700 440 2726 rat
465 2714 475 2730 ‚
517 2698 553 2722 ut
597 2685 740 2729 nupserit
764 2706 775 2722 ,
819 2682 967 2727 filiosque
1012 2682 1149 2717 ediderit
1173 2708 1181 2722 ‚
1226 2684 1319 2719 alteri
1352 2686 1397 2719 le-

392 2744 507 2768 vamen
531 2732 665 2774 longum
691 2729 867 2767 attulerat,
892 2738 927 2761 ut
951 2738 1023 2770 quae
1048 2727 1119 2769 plus
1143 2726 1277 2761 biennio
1311 2728 1396 2763 nihil

390 2778 468 2814 mali
493 2775 673 2820 perceperit
695 2796 708 2812 ,
737 2771 838 2805 donec
872 2771 1032 2814 paulatim
1055 2779 1164 2804 venter
1187 2769 1225 2803 ad
1258 2773 1397 2812 priorem

388 2824 482 2857 illam
506 2820 601 2853 rediit
628 2813 903 2858 magnitudinem.
931 2813 1133 2857 Requirebat
1169 2824 1277 2847 autern
1302 2838 1311 2853 ‚
1360 2825 1398 2849 ut

389 2865 486 2904 cvstis
531 2862 634 2895 soluta
667 2862 767 2894 etiam
791 2868 863 2892 tum
887 2856 963 2891 esset
986 2879 997 2895 ‚
1033 2856 1112 2890 sicut
1145 2857 1187 2891 est
1223 2867 1330 2892 uterus
1364 2861 1397 2892 in

389 2904 631 2949 p'raegnantibus
653 2925 663 2941 ,
711 2903 868 2936 nimirum
914 2913 953 2935 ne
997 2899 1019 2933 fi
1064 2899 1126 2934 huc
1156 2901 1234 2934 illuc
1257 2901 1330 2936 esset
1353 2903 1397 2935 al-

385 2954 511 2995 ligata,
538 2960 576 2983 eo
599 2948 733 2990 parietes
756 2946 834 2978 alter
879 2944 918 2978 ad
961 2944 1095 2978 alterum
1141 2944 1287 2978 accedere
1309 2969 1322 2986 ,
1366 2949 1399 2978 δε

389 2993 566 3030 coalescere
593 2989 842 3033 prohiberentur
857 3012 864 3020 .
893 2987 1090 3031 Requirebat
1114 2989 1238 3028 etiam,
1261 2997 1297 3021 ut
1321 2990 1395 3031 opi-

386 3051 449 3074 nor
474 3063 483 3079 ‚
528 3047 565 3068 ne
610 3044 676 3067 uno
722 3032 813 3074 plura
856 3033 951 3074 cystis
995 3031 1093 3064 essent
1138 3043 1215 3064 cava
1254 3053 1264 3068 ,
1311 3032 1393 3065 alio.

385 3084 466 3128 quin
490 3079 648 3115 coalitum
671 3074 901 3118 prohibitura.
927 3074 1029 3117 Quod
1054 3075 1181 3109 utinam
1204 3074 1319 3108 diserte
1344 3087 1389 3109 re.

387 3122 586 3171 quisivisset:
613 3132 688 3154 nam
711 3118 864 3155 fortasse,
888 3127 925 3151 ut
949 3120 1085 3152 solutam
1130 3118 1189 3152 esse
1233 3118 1352 3161 cystim
1377 3142 1390 3159 ,

387 3183 427 3204 ex
449 3167 515 3210 ejus
548 3164 626 3199 sedis
659 3163 842 3197 mutatione
884 3163 1031 3203 corporis
1076 3160 1150 3195 situs
1196 3163 1393 3197 mutationes

387 3213 550 3257 quaslibet
573 3227 575 3229 ν
596 3208 744 3249 sequente
788 3204 934 3246 intelligi
981 3205 1020 3237 ab
1065 3205 1218 3239 omnibus
1261 3203 1348 3246 posse
1381 3227 1391 3242 ‚

387 3256 484 3293 facile
528 3251 669 3287 credidit
691 3262 705 3290 ;
748 3248 790 3282 fic
837 3247 921 3281 unde
966 3247 1080 3290 cystim
1127 3260 1194 3282 uno
1238 3247 1296 3282 effe
1338 3261 1390 3282 ca-

384 3313 430 3336 vo
473 3297 707 3338 conjiceremus
730 3316 742 3332 ,
786 3290 952 3326 indicasset
987 3316 994 3324 .
1041 3291 1078 3325 Id
1132 3292 1215 3326 unde
1267 3292 1388 3334 conjici

385 3343 489 3390 posset
514 3364 522 3379 ,
572 3337 654 3371 mihi
676 3335 809 3379 quidem
833 3359 845 3375 ‚
890 3344 928 3369 ut
951 3333 1043 3376 supra
1087 3338 1101 3375 (
1122 3346 1142 3367 n
1169 3338 1183 3374 )
1225 3334 1313 3375 dixi,
1336 3347 1388 3368 ve-

384 3396 473 3424 nerat
496 3387 530 3418 in
555 3390 714 3417 mentem·‚
738 3380 788 3414 sed
810 3379 849 3412 de
873 3390 911 3412 eo
935 3378 1070 3419 amplius
1092 3379 1300 3421 quaerendum
1323 3381 1387 3416 est,

382 3443 420 3467 ut
460 3429 498 3463 de
542 3426 604 3459 hoc
646 3422 776 3465 insuper
800 3447 809 3462 ,
852 3422 1020 3464 quomodo
1042 3423 1136 3464 cystis
1161 3423 1296 3466 parietes
1322 3433 1385 3455 non

379 3474 438 3510 esse
483 3468 666 3506 tumoribus
688 3489 700 3507 ,
744 3474 799 3500 aut
843 3464 1024 3499 absceffibus
1054 3467 1186 3500 vitiatos
1209 3488 1221 3505 ‚
1266 3465 1383 3507 digno-

1041 131 1198 187 Liber
1231 140 1311 185 111.
1345 133 1430 186 De
1464 134 1671 188 Morbis
1704 137 1912 190 Ventris

1466 210 1606 244 scamus.
1633 212 1858 255 Requifiverat
1882 222 1989 247 autem
2012 214 2046 247 in
2072 214 2208 259 primis,
2231 226 2275 251 ne¹
2290 224 2380 252 tanta
2402 217 2462 252 'es-³

1465 254 1509 288 set
1534 266 1622 296 aquae
1645 257 1760 298 copia,
1781 267 1818 291 ut
1841 257 1961 290 viscera
1984 257 2079 292 altius
2101 259 2260 300 compulsa
2283 263 2391 295 nimiae
2413 263 2462 294 in-

1466 306 1516 330 ter
1540 298 1680 339 cystim,
1703 301 1734 332 &
1758 299 1966 343 diaphragma
1988 302 2209 342 compreffioni
2233 304 2367 338 fuissent
2402 305 2460 338 ob—

1464 341 1585 373 noxia:
1608 341 1694 384 quod
1720 351 1825 375 tamen
1851 345 1886 376 in
1911 342 2025 376 Vidua*
2043 345 2097 377 illa
2121 344 2171 378 sua
2195 347 2314 380 mirum
2337 347 2459 381 estnon

1464 381 1628 417 accidisse.
1655 385 1778 418 Verum
1801 385 1930 419 difficile
1954 387 1996 420 est
2019 388 2167 421 mulieres
2189 390 2357 431 invenire,
2387 402 2460 433 quae

1461 426 1646 475 priusquam
1682 440 1763 470 aqua
1801 439 1974 471 graventur
2019 431 2157 472 plurima
2181 454 2190 469 ,
2235 432 2264 465 se
2309 445 2460 476 paracen-

1460 471 1515 502 tesi
1551 471 1748 513 subjiciant:
1771 474 1849 515 quin
1873 472 1939 506 fere
1961 484 2036 506 cum
2060 474 2140 508 vires
2157 475 2293 517 amplius
2305 487 2367 509 non
2380 487 2459 510 con-

1459 513 1562 551 stant,
1586 516 1617 546 &
1642 516 1780 555 vitiata,
1804 526 1858 549 aut
1881 526 1965 549 certe
1987 515 2100 550 affecta
2124 517 2196 551 sunt
2219 519 2357 558 viscera,
2379 530 2458 552 tunc

1459 557 1591 591 demum
1614 558 1828 600 quodcunque
1851 561 1964 593 auxilii
1998 571 2095 601 genus
2128 560 2321 603 efflagitant
2345 586 2353 593 .
2401 562 2458 595 Est

1463 609 1592 637 tamen,
1617 602 1744 644 inquis,
1771 603 1950 644 exemplum
1975 603 2116 636 foeminae
2140 607 2153 642 (
2175 616 2190 637 o
2212 608 2248 645 )‚
2271 616 2341 648 quaa
2364 604 2396 637 re
2419 617 2458 638 eo

1464 643 1636 686 perduffi’ta,
1663 654 1700 677 ut
1722 646 1781 678 vix
1803 646 1885 678 cutis
1907 645 2014 688 offibus
2034 647 2181 684 haererec,
2203 647 2332 681 tandem
2364 659 2454 691 aquae

1465 686 1635 720 eductione
1659 686 1786 721 admissa
1802 710 1811 725 ‚
1835 692 1981 730 quamvis
2005 691 2083 723 mala
2111 691 2198 734 signa
2232 692 2344 733 primis
2371 716 2380 730 ,
2424 693 2457 723 δε

1462 731 1702 771 insequentibus
1726 730 1837 764 diebus
1860 730 1890 764 se
1914 732 2085 773 proderent
2100 760 2109 774 ‚
2134 736 2174 768 iic
2197 744 2303 768 tamen
2352 735 2458 767 sanata

1461 773 1506 807 est
1521 795 1533 812 ,
1555 771 1613 805 nifi
1637 775 1725 816 quod
1749 775 1873 808 ventris
1894 774 1998 808 fistula
2023 775 2171 818 superstes
2196 777 2282 818 fuit,
2305 776 2456 811 utfilium

1459 818 1661 858 conceperit,
1684 820 1714 851 δι
1738 819 1893 860 pepererit
1908 840 1916 855 ‚
1940 820 1970 851 δέ
1994 821 2202 862 corpulenta,
2227 833 2262 854 ac
2277 830 2385 863 vegeta
2397 820 2457 852 ali-

1457 868 1539 903 quot
1563 871 1661 893 annos
1685 862 1823 897 vixerit,
1846 862 1948 908 donec
1980 862 2067 896 febre
2104 864 2284 907 epidemica
2330 864 2455 897 sublata

1454 905 1517 937 est.
1545 903 1610 936 Hic
1634 914 1698 936 non
1721 904 1847 944 dicam,
1868 916 2019 947 juvenem
2033 905 2125 940 fuisse
2136 909 2300 941 mulierem
2315 933 2325 948 ,
2350 918 2452 949 neque

1452 948 1580 984 dicam,
1605 947 1683 981 dum
1707 957 1816 981 venter
1839 957 1999 989 tumeret,
2023 961 2151 991 gravem
2164 950 2454 992 spirandidifficul-

1453 1001 1574 1030 tatem,
1601 990 1725 1028 tussim,
1750 992 1864 1033 pedum
1887 1001 2048 1025 tumorem
2073 992 2228 1028 abfuisse:
2252 995 2313 1028 hoc
2349 1003 2452 1027 unum

1453 1036 1730 1074 animadvertam,
1753 1034 1838 1077 signa
1863 1034 1930 1068 haec
1953 1035 1986 1069 &
2011 1035 2135 1069 saccato
2157 1038 2285 1071 interno
2309 1036 2453 1080 hydropi

1454 1081 1486 1111 &
1510 1076 1651 1120 hydropi
1676 1080 1844 1120 peritonaei
1871 1079 1931 1112 effe
1955 1080 2160 1120 communia,
2199 1092 2299 1123 neque
2330 1093 2368 1114 ex
2399 1079 2451 1112 hi-

1453 1121 1549 1154 storia
1574 1121 1713 1154 constare
1736 1145 1748 1161 ,
1780 1122 1837 1156 illo
1861 1123 1994 1163 potius,
2026 1134 2122 1165 quam
2167 1122 2228 1158 hoc
2255 1147 2264 1162 ,
2299 1120 2453 1157 laborasse

1454 1164 1643 1202 mulierem,
1670 1165 1842 1207 praesertim
1868 1176 1941 1199 curn
1965 1166 2062 1199 altera
2086 1166 2140 1209 (p
2161 1171 2175 1205 )
2199 1179 2237 1200 ex
2261 1167 2376 1201 iisdem
2411 1165 2453 1198 si-

1434 1209 1521 1249 ¹gnis
1543 1208 1628 1241 tubae
1654 1210 1770 1250 pariter
1794 1207 1940 1251 hvdrope
1963 1209 2106 1242 laborare
2118 1209 2261 1250 credita,
2283 1211 2455 1253 postquam

1451 1262 1532 1294 aqua
1555 1246 1649 1284 effusa
1675 1252 1753 1284 bene
1778 1245 1943 1295 septimis
1967 1252 2079 1286 diebus
2103 1252 2285 1293 habuisset,
2311 1266 2387 1287 mox
2397 1264 2458 1296 au--

1452 1303 1518 1328 tem
1544 1296 1651 1337 pravis
1676 1294 1951 1337 symptomatibus
1974 1297 2222 1337 ingruentibus,
2247 1296 2382 1340 septima
2413 1296 2454 1329 ab

1452 1349 1542 1380 aquae
1566 1336 1718 1371 effusione
1741 1338 1793 1372 die
1818 1349 1948 1372 mortua
1973 1339 2074 1379 estet,
2098 1340 2338 1382 aquamillam,
2362 1340 2454 1383 quod

1455 1380 1593 1415 candore
1617 1383 1705 1414 omni
1730 1382 1820 1416 laude
1852 1384 1953 1424 digno
1987 1384 2121 1417 minime
2154 1384 2308 1417 reticetur
2329 1409 2337 1422 ,
2368 1386 2455 1417 intet·

1455 1425 1686 1467 perstonaeum,
1710 1427 1740 1457 &
1765 1425 1952 1459 induratum
1976 1436 2142 1460 omentum
2167 1428 2350 1470 congestam
2374 1426 2454 1460 fuis-

1455 1470 1508 1506 se,
1533 1466 1762 1501 dissecantibus
1787 1469 1944 1503 ostendit.
1968 1470 2084 1513 Quin,
2109 1479 2144 1503 ut
2168 1481 2227 1513 pro
2252 1471 2363 1504 eodem
2385 1470 2454 1504 veri

1448 1511 1555 1545 studio
1580 1510 1662 1545 nihil
1686 1512 1750 1553 ipse
1772 1524 1901 1555 quoque
1925 1515 2079 1546 reticeam
2105 1514 2192 1550 tibi,
2226 1513 2275 1547 fic-
2298 1514 2419 1548 habeto
2439 1537 2455 1554 ,

1449 1554 1550 1597 siquis
1573 1554 1659 1588 forte
1682 1555 1857 1589 contendat
1872 1581 1880 1594 ‚
1902 1556 1978 1590 duas
2000 1557 2071 1590 illas
2096 1558 2240 1599 Verneyi
2267 1560 2454 1591 curationes

1450 1600 1560 1640 potius
1584 1598 1624 1632 ad
1648 1600 1817 1641 peritonaei
1840 1598 2023 1642 hydropem
2058 1600 2221 1634 attinuisse
2240 1623 2249 1638 ,
2284 1601 2331 1634 nil
2366 1600 2453 1634 mihi

1447 1641 1610 1684 suppetere
1632 1641 1720 1684 quod
1745 1642 1970 1684 respondeam,
1993 1643 2168 1686 praesertim
2192 1656 2264 1678 cum
2280 1645 2368 1678 illam
2380 1656 2453 1686 quae

1449 1684 1615 1727 persanata
1639 1685 1890 1728 est,Virginem
1916 1698 1969 1728 per
1994 1697 2162 1720 anatomen
2186 1687 2360 1730 inspestare
2385 1699 2452 1727 non

1450 1730 1618 1769 potuerit,
1642 1727 1785 1761 Viduam
1811 1740 1939 1768 autem,
1962 1741 2057 1772 quam
2072 1728 2200 1764 fortasse
2213 1741 2361 1772 poterat,
2385 1742 2453 1764 non

1450 1770 1661 1814 iuspee‘tarit:
1685 1773 1753 1805 imo
1778 1771 1833 1805 ubi
1858 1782 2029 1815 utramque
2052 1772 2141 1806 illam
2164 1776 2362 1808 curationem
2387 1776 2454 1817 pri-

1449 1826 1538 1849 mum
1562 1815 1754 1857 proposuit,
1778 1816 1845 1854 ibi,
1873 1825 1906 1848 ut
1931 1816 2022 1859 supra
2069 1819 2082 1855 (
2104 1817 2157 1859 q)
2202 1816 2271 1850 dixi
2298 1839 2307 1854 ‚
2341 1828 2380 1850 ex
2412 1820 2453 1851 iis

1448 1871 1520 1902 quae
1544 1858 1667 1892 saccato
1696 1860 1828 1893 interno
1851 1859 1996 1901 hydrope
2020 1868 2206 1894 tenerentur
2225 1885 2235 1901 ,
2267 1860 2389 1894 nullam
2421 1861 2451 1894 se

1447 1900 1558 1937 vidisse
1583 1902 1719 1936 sanatam
1736 1925 1744 1939 ‚
1768 1902 1882 1936 diserte
1907 1902 2082 1944 scripserit.
2432 1938 2435 1947 y

1485 1957 1541 1988 71.
1567 1948 1695 1981 Interea
1718 1946 1794 1980 dum
1820 1946 1876 1979 alii
1921 1947 2060 1979 certiora
2093 1944 2251 1987 doceant,
2276 1950 2448 1989 praestare,

1443 1989 1628 2029 credidero,
1652 1991 1676 2025 si
1700 2000 1829 2025 cautum
1841 1990 2010 2024 Medicum
2035 1990 2253 2032 Targioniurn
2275 1994 2320 2032 (r)
2341 1993 2454 2025 imite-

1444 2036 1488 2067 ris
1505 2059 1512 2073 ‚
1536 2037 1568 2067 δε
1592 2037 1624 2067 in
1644 2034 1839 2076 palliatimm
1864 2045 1961 2076 quam
1986 2031 2226 2075 Schorkopffius
2250 2034 2332 2076 (s)
2364 2046 2450 2079 quo.

1447 2090 1510 2121 que
1533 2077 1720 2120 potiffimum
1744 2078 2046 2114 commendaverat,
2083 2075 2199 2110 saccati
2234 2078 2353 2111 interni
2387 2077 2453 2122 hy-

1446 2122 1556 2163 dropis
1576 2123 1743 2154 curatione
1769 2120 1928 2155 subfistas.
1957 2121 2050 2153 Plura
2072 2118 2168 2153 habet
2191 2122 2389 2163 Targionius
2413 2121 2453 2156 ad

1447 2164 1482 2198 id
1506 2167 1627 2198 monita
1652 2176 1722 2208 quae
1743 2164 1858 2207 seligas
1874 2191 1882 2203 ‚
1906 2167 1936 2198 ἃ
1960 2163 2130 2205 prudenter
2153 2163 2291 2207 sequaris
2306 2190 2314 2204 ,
2339 2177 2377 2199 ne
2400 2166 2452 2199 ul-

1446 2210 1532 2242 timo
1552 2208 1683 2251 quidem
1705 2208 1764 2241 illo
1787 2207 1934 2251 neglefio
1949 2231 1962 2249 ,
1982 2218 2056 2241 cum
2089 2207 2246 2249 ejusmodi
2291 2208 2452 2251 hydropes

1446 2251 1514 2295 jam
1539 2253 1645 2294 magni
1672 2251 1765 2289 sunt,
1789 2250 1938 2285 vitandos
1962 2250 2021 2285 esse
2043 2262 2095 2284 eos
2119 2253 2263 2293 corporis
2295 2252 2416 2294 positus
2437 2276 2451 2292 ,

1450 2304 1579 2335 motus,
1601 2305 1736 2329 conatus
1779 2295 1862 2328 unde
1907 2295 2043 2328 nimium
2087 2296 2183 2336 cystis
2228 2295 2345 2328 viscera
2381 2306 2453 2336 pre-

1450 2348 1515 2372 mat
1550 2361 1559 2376 ,
1606 2349 1660 2372 aut
1703 2338 1768 2380 ipsa
1815 2339 1855 2372 ab
1899 2337 1949 2372 his
2002 2347 2163 2379 prematur
2185 2362 2192 2369 .
2226 2339 2333 2374 Quam
2358 2337 2453 2372 facile

1451 2384 1536 2416 enim
1581 2381 1744 2415 interdum
1789 2382 1839 2415 vel
1882 2392 1947 2414 non
1993 2382 2040 2414 ita
2071 2391 2192 2423 magnae
2223 2384 2326 2424 cystes
2362 2394 2451 2416 rum-

1449 2435 1566 2469 pantur
1591 2449 1601 2465 ,
1645 2424 1777 2459 historia
1822 2425 1975 2459 monstrat
2019 2436 2090 2468 quae
2135 2436 2151 2457 a
2197 2435 2246 2459 me
2292 2426 2372 2461 tibi,
2400 2425 2451 2459 su-

1450 2480 1504 2510 pra
1528 2472 1541 2508 (
1564 2476 1579 2501 t
1599 2472 1613 2509 )
1636 2479 1760 2502 narrata
1784 2469 1847 2503 est.
1874 2467 2111 2502 Vehementior
2136 2468 2221 2501 enim
2245 2467 2323 2502 risus
2346 2471 2380 2502 in
2413 2481 2450 2502 ea

1449 2512 1583 2545 muliere
1606 2512 1691 2545 idem
1715 2511 1795 2546 facit
1819 2513 1906 2555 quod
1929 2514 1964 2545 in
1990 2512 2061 2545 viro
2085 2510 2223 2548 fecerat,
2247 2511 2285 2545 de
2308 2523 2375 2554 quo
2387 2523 2449 2544 no-

1449 2555 1500 2588 bis
1524 2554 1797 2589 Observationem
1822 2556 1956 2598 reliquit
1980 2553 2198 2588 Hoffmannus
2222 2558 2234 2594 (
2256 2566 2276 2587 u
2300 2558 2311 2594 )
2338 2580 2345 2588 .
2391 2555 2448 2588 Ab

1448 2600 1552 2632 nimio
1576 2600 1662 2632 enim
1688 2599 1751 2632 risu
1775 2599 1853 2632 bene
1876 2599 2002 2640 arguit,
2027 2597 2155 2631 saccum
2176 2599 2210 2630 in
2233 2597 2364 2632 thorace
2387 2598 2448 2632 esse

1448 2650 1604 2684 ruptum,
1629 2643 1805 2684 plurimum
1830 2653 1918 2686 aquae
1940 2642 2163 2674 continentem
2187 2665 2197 2681 ,
2228 2643 2306 2684 quia
2339 2642 2447 2676 statim

1448 2685 1590 2727 spirandi
1615 2686 1755 2729 angustia
1779 2697 1849 2728 quae
1874 2695 1963 2718 antea
1988 2684 2089 2718 fuerat
2113 2696 2187 2719 cum
2209 2685 2274 2718 fixo
2287 2683 2397 2719 lateris
2409 2684 2450 2718 fi..

1447 2728 1538 2763 nistri
1560 2728 1697 2769 dolore,
1719 2731 1751 2762 in
1778 2727 2021 2762 suffocationem
2044 2737 2167 2761 mutata
2202 2728 2267 2768 est,
2290 2728 2358 2762 haec
2391 2741 2447 2762 ve-

1450 2784 1488 2805 ro
1512 2784 1587 2806 cum
1610 2784 1730 2815 aegrum
1756 2772 1846 2806 brevi
1872 2771 2063 2809 sustulisset,
2085 2773 2118 2804 in
2142 2771 2266 2805 finistro
2300 2772 2445 2805 thoracis

1451 2827 1531 2849 cavo
1554 2818 1584 2849 &
1608 2817 1708 2850 multa
1734 2828 1816 2858 aqua
1841 2817 1971 2848 inventa
1994 2814 2058 2854 est,
2096 2818 2127 2848 δε
2174 2815 2277 2856 plures
2321 2815 2445 2850 ibidem

1450 2858 1630 2892 membranae
1641 2883 1653 2900 ,
1675 2860 1717 2893 &⁹
1737 2858 1873 2902 vesiculae
1891 2858 2068 2901 <dilaceratae
2082 2880 2091 2895 ‚
2116 2870 2133 2891 a
2155 2857 2309 2892 vertebris
2331 2860 2373 2894 Θ
2394 2871 2448 2893 co-

1446 2902 1503 2941 stis
1518 2902 1688 2945 separatae,
1713 2913 1776 2944 quae
1799 2913 1858 2934 non
1880 2900 2000 2943 obscure
2025 2900 2103 2935 sacci
2126 2902 2365 2949 disruptionem*
2396 2904 2445 2935 in-

1450 2945 1611 2983 dicabant,
1635 2948 1666 2979 &
1690 2946 1888 2988 repentinam
1913 2947 2045 2978 acrioris
2069 2944 2195 2978 fortasse
2218 2956 2307 2988 aquae
2318 2945 2445 2979 eflufio-

1449 2998 1544 3022 nem.
1570 2989 1643 3022 Nec
1667 3001 1743 3022 vero
1766 2988 1886 3031 semper
1910 2991 1955 3021 ita
1979 2987 2072 3022 facile
2096 2990 2139 3022 est
2163 2987 2293 3021 effusam
2337 2989 2447 3023 elimi.'

1445 3042 1521 3065 nare
1542 3043 1596 3075 per
1620 3034 1685 3065 vias
1709 3035 1828 3068 urinae,
1851 3041 1887 3065 ut
1911 3033 1943 3065 in
1967 3032 2022 3064 illa
2055 3033 2189 3065 muliere
2219 3041 2296 3065 tunc
2342 3032 2406 3066 fuit
2429 3044 2441 3071 3

1442 3076 1477 3108 in
1500 3077 1572 3108 viro
1595 3077 1680 3108 enirn
1704 3075 1753 3108 vel
1778 3085 1903 3117 ternpus
1926 3074 2048 3109 defuit.
2076 3074 2175 3109 Unde
2198 3076 2295 3108 etiam
2314 3074 2441 3109 facilius

1444 3119 1628 3161 intelliges,
1651 3128 1774 3162 quanto
1797 3119 1830 3151 in
1855 3130 1962 3153 errore
1986 3119 2148 3153 versentur
2190 3119 2249 3160 qui
2296 3119 2440 3156 adversus

1447 3161 1602 3204 ejusmodi
1627 3162 1803 3205 praesertim
1827 3161 1990 3204 hydropes
2014 3162 2268 3196 violentioribus
2301 3171 2439 3196 utuntur

1442 3205 1612 3243 remediis,
1637 3206 1803 3243 vomitus,
1823 3216 1876 3238 aut
1899 3206 2094 3248 dejectiones
2127 3205 2332 3239 moventibus
2352 3230 2358 3237 .
2392 3206 2443 3238 Et'

1442 3249 1513 3282 sane
1536 3248 1710 3290 Wepferus
1734 3248 1800 3290 (x)
1821 3250 1854 3280 in
1879 3251 2032 3287 muliere,
2058 3249 2126 3291 post
2150 3249 2312 3282 vomitum
2344 3259 2437 3282 enor-

1442 3303 1526 3325 mem
1550 3290 1677 3325 ascitica
1702 3291 1803 3328 faeta,
1826 3303 1899 3326 cum
1922 3294 2071 3327 ovarium
2099 3292 2183 3326 mole
2207 3292 2435 3334 majus,mire-

1440 3347 1502 3378 que
1526 3336 1665 3373 lacerum
1690 3334 1879 3376 invenisset,
1904 3348 1941 3369 ex
1965 3335 2026 3370 hoc
2052 3347 2166 3379 aquam
2211 3336 2245 3367 in
2289 3343 2432 3369 ventrem

1440 3376 1614 3418 effluxisse,
1638 3378 1869 3412 arbitrabatur.
1895 3379 1996 3421 Qod
2039 3382 2070 3412 δεῖ
2093 3378 2160 3421 ipse
2204 3379 2243 3412 de
2286 3377 2431 3412 foeminis

1438 3423 1502 3456 illis
1527 3421 1647 3455 duabus
1671 3423 1867 3456 existimabis
1889 3435 1968 3464 quas
1992 3435 2007 3457 a
2032 3421 2229 3460 Schachem,
2255 3422 2285 3454 &
2308 3421 2432 3454 Guter-

1435 3477 1552 3499 manno
1577 3464 1669 3499 fimul
1694 3466 1857 3505 asciticaS,
1882 3467 1974 3500 simul
1997 3466 2178 3509 hydropico
2202 3464 2314 3498 ovatio
2337 3464 2431 3498 hian-

2330 3515 2384 3547 te,

376 3588 2441 3606 μὴ

771 3648 781 3672 (
797 3647 814 3672 k
832 3647 846 3675 )
877 3648 939 3676 Eph.
958 3649 991 3671 N.
1011 3648 1039 3671 C.
1058 3649 1114 3671 Dec.
1132 3654 1155 3671 2.
1176 3646 1206 3668 A.
1224 3645 1246 3669 8.
1264 3644 1321 3668 Obs.
1339 3652 1392 3675 ²33.

442 3681 458 3709 (
473 3681 513 3707 n)
529 3687 554 3702 n.
570 3683 608 3707 64.
627 3680 651 3702 in
669 3678 710 3703 fin.
771 3679 785 3707 (
799 3687 811 3702 ο
827 3678 841 3706 )
857 3678 917 3706 Eph.
935 3679 968 3702 N.
985 3678 1013 3701 C.
1029 3678 1100 3702 Cent.
1119 3685 1140 3705 9.
1157 3674 1217 3699 obs.
1236 3684 1289 3700 100.
1306 3683 1330 3709 n.
1348 3685 1371 3706 ς.

452 3712 460 3739 s
478 3717 489 3732 r
508 3711 515 3738 )
531 3710 564 3732 cit
589 3710 654 3737 supra
669 3709 698 3733 ad
716 3716 738 3731 n.
756 3712 795 3736 64.
857 3708 920 3738 (s)
937 3707 994 3731 thes.
1014 3714 1052 3738 ²5·
1068 3707 1135 3737 supra
1149 3705 1179 3732 ad
1194 3713 1219 3730 n.
1234 3709 1277 3736 ⁶9-
1293 3711 1335 3731 cit.

437 3739 499 3769 (x)
513 3739 574 3768 apud
590 3738 766 3769 Scorkopfflum
781 3738 855 3763 modo
869 3738 912 3763 cit.
930 3737 964 3763 th.
981 3745 1021 3767 ²3·

442 3650 458 3678 (
472 3650 482 3672 ι’
497 3653 509 3675 )
527 3649 568 3673 eit.
585 3650 614 3674 ad
631 3656 654 3673 n.
670 3652 709 3677 64.

1398 3706 1556 3738 (t)n.⁶9.

1456 3644 1574 3674 (l)cit.
1592 3645 1659 3674 supra
1674 3645 1703 3670 ad
1721 3654 1743 3670 n.
1761 3650 1801 3671 6¹.
1865 3647 1878 3674 (
1895 3654 1917 3669 m
1933 3646 1946 3675 )
1961 3646 2003 3671 eit.
2020 3646 2048 3671 ad
2066 3655 2089 3671 n.
2105 3650 2145 3676 65.

1433 3676 1619 3706 (p)1bid.n
1646 3685 1670 3704 7.
1732 3677 1902 3705 (q)n.68.

1619 3706 1626 3736 (
1645 3714 1660 3730 u
1675 3706 1689 3735 )
1706 3708 1796 3732 Medic.
1813 3708 1867 3731 Rat.
1885 3708 1918 3731 T.
1934 3715 1957 3736 4.
1973 3709 1998 3733 Ρ.
2016 3715 2038 3737 4.
2054 3714 2075 3733 c.
2096 3713 2131 3736 ¹4-
2148 3707 2204 3732 Obs.
2219 3716 2246 3739 7,
