2498 4075
271 202 424 270 Epist.
463 202 622 254 Anat.
657 201 869 254 Medica
903 202 987 253 LI.
1023 203 1143 254 Art.
1162 200 1240 253 28.
1260 214 1338 264 29-
1359 217 1434 268 30.
1456 218 1529 269 31.
1549 201 1885 268 32.33.&34.

76 280 231 324 sinistris,
252 281 398 326 pluribus
420 281 454 313 in
476 280 578 319 locis,
602 281 751 330 quamvis
795 280 889 322 longe
932 281 1031 313 etiam
1054 291 1071 313 a
1121 290 1172 313 tus
1187 305 1196 319 ‚
1219 278 1369 312 omnibus
1392 290 1461 313 tum
1485 278 1624 314 externis
1648 303 1659 319 ,

1956 217 2048 266 291

1693 288 1763 312 turn
1807 278 1942 311 internis
1986 280 2126 315 orbatus

77 325 208 360 vulnere
230 326 366 365 dissitis,
390 335 447 366 pus
469 323 616 365 stagnans
639 324 828 356 invenitur:
852 334 920 366 quo
941 335 976 356 os
988 333 1070 356 tem·
1122 322 1284 361 sensibus,
1306 324 1336 355 &
1359 322 1485 356 difficili
1509 321 1625 365 pressus
1650 321 1693 355 est
1717 320 1947 363 respiratione:
1980 332 2051 363 quae
2086 323 2124 354 li..

76 369 163 410 poris
186 368 350 412 superficie
372 378 463 401 tenus
484 366 608 401 erosum
632 365 753 400 fuerat.
780 369 880 399 Porro
894 366 1071 399 Lambdoi-

74 410 129 445 des
152 410 285 450 sutura,
310 423 372 456 qua
397 411 521 444 vulneri
547 409 688 450 subjeeta
712 420 798 447 erat,
820 409 928 443 dentes
951 411 1033 443 inter
1047 411 1076 443 se

70 453 275 496 difiunffos,
299 457 388 490 Dura
412 463 518 487 autem
543 454 673 486 meninx
695 454 836 486 colorem
858 452 945 495 quasi
992 453 1077 486 cine·

68 503 165 533 reum
188 499 348 535 ostendit,
372 508 468 540 quem
490 508 506 528 a
530 507 608 539 pure
638 505 841 530 contraxerat
882 497 965 529 inter
1013 494 1041 529 se
1063 519 1075 536 ‚

74 542 227 585 Piamque
248 542 406 577 collecto.
432 542 505 573 Pars
528 538 594 581 ejus
640 541 727 581 puris
749 561 759 577 ,
804 536 893 582 quasi
937 540 1074 581 glutinis

73 584 163 618 eraffi
187 585 308 627 instar,
332 586 396 618 Piae
420 584 562 624 meningi
587 581 791 621 adhaerebat,
836 583 957 623 reliqua
1003 593 1074 625 pars

69 626 285 665 *fluida'eran
307 640 378 672 quae
401 629 456 660 vix
481 626 671 660 semunciam
695 627 862 668 aequabat.
888 626 975 660 Huic
1010 627 1073 659 Piae

73 673 235 714 meningis
259 672 406 713 portioni
429 669 568 711 subjeffl
592 670 712 702 cerebri
737 671 847 711 portio
859 670 997 701 duorum
1009 671 1073 701 cir-

74 717 158 749 citer
182 714 433 749 transversorum
453 713 634 755 digitorum
657 722 726 746 tum
753 712 978 755 longitudine,
1002 723 1072 746 tum

74 757 270 797 latitudine,
293 760 388 792 unius
411 767 517 791 autem
551 755 775 798 profunditate
808 755 845 788 ad
877 755 1072 789 sublividum

72 801 253 835 inclinabat
276 802 441 836 colorem·
465 801 633 835 Caeterum
656 800 787 843 reliquae
811 799 914 831 totius
949 799 1073 832 cerebri

73 853 180 886 partes
204 844 283 878 sanae
308 844 460 881 fuerunt3
484 843 506 877 si
530 854 668 884 paucum
690 842 790 875 serum
804 841 964 882 excipias,
989 842 1077 885 quod

75 891 108 922 &
128 890 164 965 {ln
189 889 377 923 ventriculis
398 889 568 921 inventum
593 885 660 924 est,
682 888 713 918 &
737 885 774 918 ad
798 886 931 918 initium
946 885 1080 928 Spinalis

75 943 126 966 me
152 932 245 966 ullae.

122 975 173 1008 28.
200 974 351 1008 SENEX
374 984 531 1008 annorum
555 972 719 1013 sexaginta
745 971 784 1005 ab
820 972 889 1004 alto
932 970 1046 1005 cadens
1070 993 1089 1010 ,›

78 1016 137 1052 sub
161 1017 372 1053 Lambdoidis
397 1018 513 1051 suturae
537 1016 657 1057 angulo
680 1024 778 1057 caput
824 1014 930 1047 allidit
956 1038 963 1045 .
1010 1015 1081 1048 Pri-

76 1073 169 1096 mum
193 1062 418 1095 semimortuus
440 1061 545 1102 jacet.
570 1059 656 1092 Dein
680 1057 809 1092 tandem
832 1057 871 1091 ad
895 1057 923 1090 se
935 1057 1080 1097 rediens,

77 1106 119 1139 de
143 1104 224 1139 laesae
250 1106 354 1148 partis
376 1104 490 1138 dolore
512 1103 746 1144 conqueritur:
780 1113 847 1144 quo
891 1102 1046 1142 perstante
1070 1124 1080 1138 ‚

76 1160 143 1183 non
167 1158 275 1182 tamen
299 1147 473 1184 decubuit,
498 1145 599 1180 donee
624 1154 765 1188 quarto,
788 1154 844 1178 aut
867 1145 1004 1185 quincto
1025 1145 1080 1177 die

74 1193 112 1226 in
137 1192 170 1227 S.
197 1193 311 1225 Marioe
334 1190 371 1225 de
395 1192 477 1225 Vita
501 1188 738 1222 Nosocomium
761 1188 790 1223 se
813 1187 954 1220 contulit
973 1212 982 1221 .
1029 1187 1081 1220 Ibi

76 1246 143 1269 non
167 1235 266 1270 modo
290 1234 411 1277 specilli
433 1236 466 1267 in
491 1232 633 1265 vulneris
655 1231 875 1274 exploratione
890 1253 898 1267 ,
946 1229 998 1264 sed
1043 1242 1081 1264 ne

79 1277 224 1322 gossypii
249 1278 379 1320 quidem
401 1277 435 1310 in
458 1274 635 1310 detersione
658 1276 845 1309 contactum
891 1273 970 1307 serre
1016 1273 1080 1307 sine

76 1322 184 1356 multo
206 1320 318 1356 dolore
341 1320 465 1365 potest.
488 1320 586 1352 Circa
621 1319 708 1352 diem
740 1318 910 1360 septimum
944 1316 1080 1360 paralysi

74 1366 255 1408 Corripitur
275 1363 403 1399 brachii
425 1363 562 1397 sinistri:
588 1364 662 1399 cui,
686 1372 765 1395 vena
788 1361 904 1401 secia,
938 1371 1044 1394 motus
1072 1383 1081 1398 ,

73 1408 127 1443 sed
150 1419 215 1442 non
238 1409 397 1446 omnino,
424 1405 625 1441 restituitur.
649 1406 720 1440 Hic
742 1415 824 1447 aeger
848 1403 884 1436 ad
908 1403 996 1437 diem
1028 1403 1081 1437 us-

75 1463 139 1495 que
163 1453 248 1485 vixit
273 1451 461 1494 vigesimum
484 1449 641 1486 tertium,
665 1460 733 1491 quo
755 1446 1078 1490 soporosusinteriit.

205 1496 316 1528 DUM
341 1493 591 1528 CALVARIA
616 1491 780 1526 secabatur
824 1491 909 1524 circa
955 1501 1081 1532 tempus

72 1538 241 1573 dexterum
256 1562 265 1578 ,
289 1550 347 1580 pus
369 1548 406 1571 ex
431 1536 524 1569 illius
546 1546 628 1569 cavo
652 1535 836 1569 emanavit:
860 1534 948 1576 quod
981 1537 1012 1567 &
1046 1535 1081 1566 in

74 1582 217 1616 vulneris
241 1582 314 1616 loco
334 1580 544 1623 compedum
567 1577 672 1612 fuerat
687 1601 697 1616 ‚
720 1578 798 1612 dum
821 1586 919 1618 caput
954 1586 1082 1610 contre-

71 1626 234 1659 &caretum
260 1626 337 1667 Qo
360 1624 432 1656 loco
455 1622 544 1655 nulla
566 1623 670 1655 cranii
693 1620 779 1655 laesio
803 1620 988 1653 inventaest
1002 1631 1082 1663 prae,

20 1680 23 1687 ·
73 1678 125 1702 ter
152 1667 369 1703 Lambdoidis
393 1666 509 1700 suturae
533 1664 807 1707 disjunc'tionem.
832 1664 1008 1696 Cerebrum
1034 1663 1082 1695 ibi

76 1710 121 1756 ad
139 1711 222 1745 latus
244 1710 412 1744 dexterum
435 1708 525 1742 ulcus
547 1707 663 1741 habuit
687 1707 769 1741 duos
791 1706 985 1739 transversos
996 1708 1083 1747 digi-

73 1763 130 1788 tos
154 1750 373 1797 profundum,
401 1765 417 1786 a
443 1751 528 1785 sanie
550 1749 645 1785 facile
667 1750 709 1784 sic
733 1759 945 1784 excavatum.
973 1751 1010 1782 In
1037 1752 1083 1783 vi·

71 1798 149 1832 cino
174 1806 279 1832 autem
304 1795 428 1830 sinistro
452 1794 551 1828 latere
575 1795 685 1829 colore
708 1803 776 1827 erat
800 1792 1001 1834 subpallido.
1026 1793 1082 1826 In·

76 1850 128 1875 ter
152 1839 298 1875 Crassam
322 1839 505 1880 meningem
521 1863 530 1877 ,
554 1839 585 1871 ἀ
609 1838 784 1876 Tenuem‚
807 1845 915 1870 totum
940 1838 1082 1870 anterio-

75 1895 146 1918 rem
170 1883 284 1918 lobum
306 1882 476 1917 dexterum
499 1889 729 1923 contegentes,
762 1890 819 1920 pus
854 1880 1083 1913 continebatur

72 1938 141 1962 non
153 1926 314 1965 multum,
338 1925 428 1968 cujus
450 1924 560 1958 colore
582 1922 818 1957 ambaeibidem
829 1921 1086 1965 meningesinfe-

75 1972 135 2004 &aa
180 1978 270 2003 erant
294 1994 302 2002 .
339 1971 376 2002 In
409 1968 530 2002 cerebri
576 1967 766 2000 ventriculis
790 1991 799 2007 ‚
832 1970 862 1999 ὃς
886 1966 923 2000 ad
948 1967 1080 2001 initium

72 2013 148 2048 tubi
173 2012 391 2048 vertebrarum
413 2020 510 2055 parva
533 2009 663 2054 limpidi
699 2010 759 2043 seri
804 2010 911 2053 portio
957 2008 1081 2052 stagna-

74 2058 133 2092 bat
159 2081 167 2087 .

119 2111 171 2141 29.
195 2100 382 2141 Repentina
407 2098 589 2133 suturarum
612 2096 812 2140 disjunctio,
837 2098 858 2131 si
882 2097 1008 2132 causam
1030 2107 1080 2132 at-

72 2143 206 2181 tenda53
231 2142 295 2177 sine
319 2143 426 2184 aliqua
448 2142 572 2176 cerebri
596 2142 801 2176 concusfione
824 2141 884 2174 esse
908 2152 973 2174 non
1007 2152 1081 2183 pot·

72 2186 138 2223 est:
164 2186 187 2219 li
211 2186 381 2222 effe&um;
406 2196 471 2218 non
495 2184 559 2218 fine
583 2186 725 2218 violenta
748 2183 866 2217 Craffae
890 2187 1048 2227 meningis
1072 2209 1080 2223 ‚

71 2231 144 2264 illic
168 2230 270 2271 magis
296 2228 487 2263 adhaerentis
502 2251 511 2266 ,
535 2227 761 2265 distractione,
787 2229 819 2261 δι
842 2229 1081 2262 annectendum

71 2273 291 2312 fibrinarum,
314 2284 348 2306 ac
373 2271 578 2306 vasculorum
602 2272 796 2306 laceratione
819 2295 826 2302 .
850 2271 984 2305 Accedit
1020 2271 1084 2305 huc

72 2316 152 2359 puri
174 2327 213 2350 ex
236 2317 366 2350 vulnere
387 2316 420 2348 in
440 2315 546 2348 'cranii
571 2326 688 2349 cavum
712 2315 754 2349 sic
791 2314 895 2348 minus
940 2315 1082 2349 difficilis

70 2367 184 2403 parata
210 2360 278 2391 via.
305 2358 384 2393 Non
408 2359 509 2401 igitur
533 2358 715 2392 mirandum
741 2358 782 2392 est
804 2359 836 2390 in
861 2356 909 2391 his
921 2368 1084 2400 quatuor,

72 2406 105 2436 &
129 2404 165 2436 in
191 2403 251 2436 alia
274 2402 396 2443 pariter
418 2413 490 2444 quae
515 2401 605 2445 supra
629 2405 642 2441 (
665 2413 683 2444 q
705 2406 718 2441 )
741 2400 898 2443 descripta
945 2400 1047 2436 fuerat
1072 2428 1082 2442 ‚

73 2445 238 2479 Valsalvae
261 2445 582 2481 observationibus,
606 2446 662 2479 ubi
687 2445 803 2478 suturae
838 2443 973 2485 alicujus
1013 2444 1081 2479 dis-

69 2487 200 2532 junfflo
222 2487 306 2527 fuit,
329 2499 430 2530 aegros
453 2488 625 2526 interiisse,
650 2489 746 2522 citius
768 2488 897 2530 quidem
914 2514 923 2528 ,
947 2498 1002 2525 aut
1034 2488 1081 2522 se-

69 2533 140 2566 :rius
154 2557 165 2573 ,
187 2534 220 2564 &
242 2531 440 2571 levioribus,
463 2541 518 2565 aut
542 2532 743 2574 gravioribus
766 2530 896 2564 affeftos
915 2533 1004 2566 malis
1021 2544 1080 2574 pro

18 2609 20 2612 ,
70 2577 161 2609 varia
184 2584 255 2609 turn
279 2574 435 2618 cujusque
457 2575 664 2617 dispositione
679 2598 688 2613 ,
713 2585 782 2608 tum
806 2575 939 2608 aliarum
960 2598 970 2614 ,
1006 2587 1078 2619 quae

70 2628 161 2653 notae
182 2628 294 2653 omnes
316 2617 374 2652 effe
398 2628 463 2651 non
487 2618 636 2660 possunt,
662 2618 976 2652 circumstantiarum
1001 2622 1078 2652 con-

68 2661 220 2697 ditione.
356 2663 404 2695 De
427 2660 562 2703 paralysi
587 2672 693 2696 autem
718 2663 907 2704 oppositum
932 2662 1077 2702 vulneri,

73 2714 130 2739 aut
154 2704 275 2740 laesioni
300 2705 385 2739 latus
407 2713 613 2746 occupante;
635 2706 789 2748 quoniam
813 2714 848 2739 ut
871 2706 905 2737 in
949 2705 1076 2739 duobus

73 2750 170 2790 aegris
192 2748 318 2782 ultimis
333 2773 341 2787 ‚
363 2747 404 2780 sic
427 2750 459 2780 in
486 2749 554 2781 aliis
576 2760 706 2792 quoque
741 2749 779 2782 de
825 2748 943 2791 quibus
987 2749 1071 2782 infra

74 2791 253 2830 scribetur,
275 2791 428 2824 adnotata
451 2790 494 2823 est
517 2802 530 2830 ,·
561 2791 693 2826 inferius
716 2793 766 2835 (r
788 2795 798 2829 )
823 2793 930 2832 aliqua
976 2794 1070 2826 attin-

72 2845 203 2878 gemus.
227 2833 328 2868 Nunc
372 2845 388 2867 a
433 2834 543 2867 laxato
564 2837 678 2869 cranio
701 2836 740 2870 ad
762 2834 940 2878 depressum
964 2837 1071 2869 venia-

72 2890 164 2913 mus„

118 2933 172 2967 30.
198 2916 473 2955 HERBARIUS
496 2920 630 2964 quidam
653 2922 686 2955 in
698 2920 805 2956 fronte
818 2933 916 2965 prope
929 2923 1078 2956 Corona-

72 2965 138 3000 ]em
162 2964 305 2999 suturam
347 2965 497 2998 nonnihil
544 2965 582 2998 ad
606 2966 719 2998 laevam
762 2965 849 2999 ferro
893 2968 1075 3009 percutitur

73 3009 115 3043 ad
138 3005 403 3043 contundendutn
427 3009 597 3050 aliquanto
619 3009 738 3050 magis,
760 3019 858 3049 quam
882 3009 920 3043 ad
933 3009 1076 3043 inciden-

72 3053 153 3086 dum
175 3051 293 3085 idoneo
309 3075 317 3082 .
341 3050 396 3082 Ab
418 3050 484 3083 istu
508 3052 574 3084 leve
597 3053 696 3086 animi
719 3050 912 3086 defectionis
944 3054 1073 3087 initium

71 3096 170 3130 sentit
185 3119 192 3127 .
217 3095 304 3127 Cum
328 3091 358 3125 se
378 3094 410 3125 in
437 3093 674 3129 Nosocomiurn
698 3093 880 3128 contulisset
903 3097 998 3139 paulo
1021 3108 1075 3131 an-

71 3148 105 3173 te
129 3146 369 3175 memoratum;
393 3137 431 3171 ad
456 3137 659 3172 undecimum
683 3138 782 3181 usque
804 3139 888 3171 diem
913 3151 978 3173 non
1003 3151 1074 3173 mo-

71 3182 117 3216 do
140 3182 267 3216 nullum
288 3179 426 3213 infelicis
448 3181 550 3214 exitus
573 3181 729 3216 indicium
752 3179 837 3218 suits
870 3182 922 3216 sed
965 3184 1074 3217 omnia

72 3226 203 3260 felicem
230 3223 419 3266 portendere
441 3223 652 3259 videbantur.
678 3228 804 3259 Verum
828 3225 886 3259 illo
910 3226 979 3268 ipso
1020 3228 1073 3261 die

73 3267 242 3302 vehemens
265 3265 363 3300 febris
387 3265 551 3300 hominem
575 3270 712 3311 corripit
735 3280 808 3302 cum
856 3270 963 3311 rigore
986 3292 998 3309 ,
1042 3274 1074 3303 δε

73 3313 187 3347 multae
211 3310 287 3344 bilis
312 3310 463 3347 vomitu,
489 3310 526 3344 ad
550 3311 711 3354 vesperam
739 3313 879 3346 iterato.
905 3313 988 3351 Quae
1034 3314 1072 3347 ad

71 3355 209 3390 eundem
233 3354 366 3387 modum
390 3353 538 3395 qnotidie
561 3356 681 3389 reversa
704 3356 764 3392 est,
797 3357 897 3389 donec
944 3356 1072 3391 decimo

74 3406 193 3442 quarto
216 3398 257 3430 ab
280 3397 348 3430 iciu
369 3396 445 3435 die,
468 3398 499 3429 δε
521 3406 594 3430 ante
625 3400 812 3440 proximum
856 3400 1074 3442 plenilunium

75 3451 217 3485 quarto,
240 3450 307 3474 aere
329 3439 369 3474 ad
392 3439 563 3474 austrinam
586 3442 846 3475 constitutionem
891 3454 1039 3485 vergente
1063 3469 1074 3486 ,

73 3487 220 3528 primum
243 3482 374 3526 quidem
395 3483 439 3517 est
461 3481 555 3517 hebes
579 3484 698 3525 fadus,
718 3485 759 3519 fic
784 3497 887 3519 tamen
913 3496 950 3519 ut
973 3489 1075 3521 inter-

75 3528 268 3571 rogantibus
291 3536 439 3570 prompte
463 3526 691 3569 responderet:
716 3540 829 3569 paucas
853 3540 962 3563 autem
1007 3531 1075 3573 post

75 3570 191 3609 horas,
210 3571 290 3604 dum
316 3571 343 3604 se
365 3584 380 3603 a
404 3570 537 3604 dextero
561 3574 593 3604 in
619 3571 778 3606 sinistrum
802 3583 1004 3608 converteret
1028 3576 1075 3609 la-

117 3624 120 3636 ⁴
162 3615 326 3656 Morgagni
337 3615 371 3647 de
382 3614 448 3646 Sed.
460 3613 599 3655 &Caufi
613 3615 715 3648 Morb.
732 3617 831 3650 Tom.
843 3618 888 3649 ΙΙ.

1124 375 1174 399 cet
1198 364 1301 406 postea
1326 365 1363 399 ad
1388 366 1563 399 naturalem
1587 364 1776 404 accederet;
1797 373 1904 397 tamen
1927 365 2045 396 iterum
2079 364 2123 397 la-

1125 407 1254 443 boriosa
1279 407 1390 441 rediit:
1413 412 1445 441 &
1469 408 1511 442 sic
1536 408 1649 446 brevi,
1672 407 1785 441 eodem
1807 419 1902 450 quem
1947 406 2088 440 diximus
2112 430 2124 446 ‚

1126 453 1178 486 die
1202 462 1286 484 mors
1309 454 1457 494 ingruit.
1589 452 1644 484 OS
1670 450 1786 483 frontis
1809 463 1847 484 eo
1870 451 1927 493 qui
1961 448 2124 483 indicatus

1126 496 1190 532 est,
1215 495 1288 528 loco
1311 504 1378 528 erat
1403 496 1517 528 leviter
1538 492 1736 537 depressum,
1761 494 1896 527 interius
1932 502 2038 526 autem
2070 492 2127 525 de-

1127 536 1218 571 missa
1242 538 1372 581 squama
1395 550 1467 581 quae
1490 538 1643 580 inaequali
1667 540 1697 570 &
1721 538 1905 570 acuminato
1931 537 2076 578 margine
2088 534 2127 569 ad

1124 582 1268 615 dextram
1292 582 1463 624 vergebat,
1487 584 1614 616 Duram
1628 581 1808 623 meningem
1821 578 2100 613 adextrislaeserat
2118 591 2128 616 3

1123 633 1160 659 ut
1203 627 1286 658 inter
1328 626 1428 664 ipsam
1452 647 1463 663 ,
1508 627 1538 657 δι
1586 625 1674 657 Piam
1718 634 1775 665 pus
1798 623 1978 665 stagnaret,
2000 622 2088 664 quod
2111 633 2128 654 a

1124 670 1245 701 vertice
1268 667 1354 710 quasi
1380 668 1418 702 ad
1440 667 1540 701 basim
1564 667 1661 710 usque
1683 667 1828 704 cerebri,
1854 669 1885 699 &
1907 665 1945 700 ad
1981 664 2131 698 cerebelli

1124 712 1201 745 fines
1225 711 1264 747 ab
1286 711 1419 744 dextero
1442 710 1555 744 eodem
1579 710 1675 743 latere
1701 708 1932 743 inundaverat.
1958 710 2013 741 Pia
2025 718 2133 741 autem

1127 755 1379 796 meninxtcpuri
1404 752 1593 796 supposita,
1616 754 1785 794 aliquanto
1809 753 1939 785 crassior
1962 751 2045 784 sada
2068 774 2079 790 ,
2116 762 2132 784 a

1126 798 1258 831 cerebro
1282 797 1374 831 facile
1399 796 1624 839 separabatur:
1649 795 1739 839 quod
1764 796 1884 829 ibidem
1907 795 1946 829 ad
1970 797 2130 827 cinereum

1133 841 1296 880 colorem,
1320 840 1387 883 ejus
1410 842 1449 874 de
1472 851 1538 882 quo
1560 839 1683 873 elifium
1705 837 1767 879 est,
1792 840 1967 881 puris‘non
2004 837 2133 870 absimi-

1105 892 1107 894 ’
1134 886 1219 922 lem,
1244 884 1440 918 inclinabat.
1466 885 1566 916 Porro
1589 883 1756 916 cerebrum
1781 882 2134 925 angustioriintracra-

1134 930 1225 962 nium
1249 928 1354 969 spatio
1377 925 1584 960 claudebatur
1600 951 1609 960 .

1173 981 1226 1014 31.
1250 972 1300 1004 De
1324 970 1453 1004 arfflori
1479 972 1563 1002 intra
1589 971 1734 1003 cranium
1759 968 1879 1011 spatio,
1906 968 2034 1011 ejusque
2058 978 2134 1001 cau-

1132 1016 1195 1054 fis,
1219 1025 1297 1056 quas
1318 1014 1405 1046 inter
1428 1012 1487 1046 esse
1512 1012 1653 1046 vidimus
1675 1014 1731 1054 qui
1777 1013 1993 1053 plenilunium
2038 1021 2136 1052 repo-

1131 1066 1231 1096 nant,
1256 1060 1286 1089 &
1310 1057 1429 1098 quibus
1453 1056 1591 1090 austrina
1615 1056 1829 1094 constitutio,
1855 1056 2035 1098 expandens
2066 1055 2137 1087 san-

1131 1102 1285 1142 guinem,
1310 1099 1450 1132 addenda
1473 1099 1534 1136 est,
1562 1111 1703 1141 quorum
1728 1108 1902 1141 utrumque
1925 1099 1958 1131 in
2003 1097 2139 1132 historia

1132 1144 1192 1178 hac
1216 1143 1484 1176 commemoravit
1512 1143 1684 1180 Valsalva,
1710 1142 1787 1179 scis,
1813 1154 1829 1175 a
1853 1153 1901 1176 me
1926 1141 2018 1182 supra
2053 1138 2139 1181 (s)

1134 1186 1190 1220 else
1215 1186 1393 1228 scriptum.
1421 1184 1520 1221 Quod
1546 1197 1622 1219 vero
1647 1186 1836 1228 apoplexia,
1863 1195 1898 1218 ut
1931 1193 1987 1217 tot·
2028 1184 2107 1216 alios
2130 1204 2140 1220 ,

1131 1230 1404 1273 quemadmodum
1429 1231 1461 1262 in
1486 1228 1639 1270 Epistolis
1660 1230 1866 1262 Anatomicis
1889 1230 1938 1269 (t
1962 1230 1971 1265 )
2017 1226 2142 1260 indica-

1130 1283 1200 1307 tum
1226 1274 1291 1312 esi,
1315 1273 1482 1307 hominem
1506 1270 1732 1313 prehenderit,
1756 1272 1834 1306 dum
1860 1271 1890 1304 se
1913 1282 1929 1303 a
1953 1277 2086 1303 dextero
2109 1270 2144 1302 in

1131 1316 1291 1351 sinistrum
1314 1320 1517 1350 converteret
1541 1316 1645 1356 latus,
1668 1315 1722 1350 hic
1745 1327 1779 1349 ea
1804 1313 1865 1349 esse
1888 1315 1983 1347 causa
2027 1313 2139 1355 potuit

1131 1360 1219 1402 quod
1245 1361 1332 1402 puris
1355 1361 1450 1402 copia
1474 1370 1544 1401 quae
1569 1372 1584 1392 a
1609 1360 1734 1394 dextris
1758 1368 1849 1399 erat,
1874 1357 1916 1390 fic
1941 1367 2049 1391 totum
2094 1355 2144 1389 fa-

1130 1404 1217 1437 stum
1244 1404 1301 1437 sibi
1326 1403 1505 1448 subjeclurn
1530 1403 1699 1437 cerebrum
1727 1411 1819 1437 tanto
1835 1400 2041 1442 periculosius
2052 1411 2144 1433 com-

1132 1447 1300 1488 presserit,
1323 1455 1447 1489 quanto
1470 1457 1536 1487 jam
1562 1448 1661 1490 magis
1684 1447 1728 1480 ob
1752 1445 1915 1488 angustius
1940 1444 2083 1488 spatium
2094 1444 2148 1478 in-

1132 1499 1179 1523 tra
1205 1491 1374 1524 calvariam
1397 1488 1611 1530 compressum
1637 1499 1723 1524 erat.

1177 1545 1225 1575 32.
1251 1535 1336 1567 VIR
1362 1543 1520 1566 annorum
1545 1535 1782 1577 quinquaginta
1805 1532 1909 1567 cresim
1933 1535 1968 1567 in
1992 1534 2144 1577 sincipite

1134 1579 1338 1617 vulneratus,
1361 1578 1453 1610 illico
1477 1577 1625 1609 vomuit.
1652 1578 1689 1610 In
1715 1577 1799 1610 idem
1825 1576 2067 1611 Nosocomium
2092 1592 2148 1613 etr-

1133 1622 1278 1661 cipitur,
1301 1620 1358 1654 ubi
1382 1620 1439 1654 sub
1462 1619 1591 1653 vulnere
1615 1631 1652 1653 os
1674 1622 1720 1653 ita
1743 1619 1923 1663 depressum
1948 1621 2149 1658 animadver-

1138 1664 1246 1703 titur,
1272 1664 1359 1697 nulla
1383 1671 1420 1697 'ut
1443 1673 1509 1696 arte
1534 1663 1655 1696 retrahi
1680 1663 1792 1705 poffit.
1820 1663 1949 1697 Vulnus
1984 1666 2150 1709 principio

1139 1717 1206 1753 non*
1228 1707 1379 1741 dolebat:
1403 1705 1471 1748 post
1493 1705 1559 1739 dies
1584 1716 1688 1740 autem
1733 1708 1857 1750 aliquot
1903 1707 2148 1743 formicationis

1136 1750 1225 1783 sensu
1250 1749 1470 1784 afficiebatur.
1500 1749 1551 1781 Ad
1575 1761 1671 1792 quem
1695 1762 1770 1784 cum
1817 1760 1926 1785 motus
1965 1753 2149 1787 convulsivi

1136 1803 1209 1826 toto
1232 1805 1370 1836 corpore
1394 1791 1605 1829 acceffiffents
1632 1795 1762 1829 ineunte
1788 1795 1959 1828 undecimo
1982 1794 2033 1828 die
2080 1798 2150 1831 vita

1134 1848 1208 1871 curn
1232 1846 1337 1870 morte
1359 1837 1402 1871 est
1423 1846 1642 1870 commutata.
1733 1838 1853 1871 OSSIS
1877 1838 1932 1871 illa
1947 1840 2056 1879 portio
2080 1851 2152 1883 quae

1137 1881 1177 1913 ab
1201 1880 1348 1923 reliquo,
1372 1879 1576 1922 percuffionis
1602 1883 1633 1914 vi
1658 1880 1843 1919 recesserat,
1871 1881 1974 1915 valide
2009 1882 2152 1917 adhaere--

1139 1924 1194 1957 bat
1220 1926 1318 1958 Durae
1343 1924 1510 1966 meningi,
1533 1924 1581 1957 ibi
1606 1924 1720 1957 leviter
1765 1924 1980 1959 inflammatae
2006 1950 2013 1957 .
2059 1928 2150 1961 Inter

1131 1966 1233 2007 hanc,
1257 1971 1288 2001 δε
1314 1969 1402 2003 Piam
1426 1975 1492 2002 erat
1515 1966 1635 2001 humor
1657 1968 1815 2008 crassitie,
1841 1971 1872 2002 &
1895 1969 2003 2003 colore
2029 1970 2150 2004 setosi-

1133 2012 1240 2045 milis„
1264 2010 1381 2046 Praeter
1407 2024 1477 2055 quae
1501 2012 1587 2046 intra
1622 2013 1768 2048 cranium
1802 2011 1884 2047 nihil
1932 2012 2151 2050 adnotatione

1133 2057 1270 2096 dignum
1295 2057 1469 2090 inventum
1494 2055 1559 2090 est.

1177 2109 1227 2141 33.
1256 2100 1451 2134 MULIER
1475 2098 1586 2133 eadem
1609 2102 1741 2135 circiter
1767 2110 1884 2143 aetate,
1920 2103 2146 2138 contundente

1132 2141 1272 2184 quodam
1297 2155 1432 2186 corpore
1456 2144 1643 2178 vulneratur
1667 2145 1758 2187 supra
1791 2145 1954 2181 finistrum
2001 2146 2148 2189 superci-

1133 2187 1214 2219 lium
1230 2209 1240 2219 .
1266 2187 1321 2219 Ab
1345 2188 1414 2221 istu
1437 2189 1564 2225 vomit,
1589 2191 1620 2221 &
1645 2187 1770 2231 stupida
1795 2189 1853 2223 fit.
1879 2192 2000 2233 Stupor
2038 2201 2146 2225 tamen

1136 2228 1206 2271 post
1230 2229 1362 2272 aliquod
1386 2240 1514 2273 ternpus
1537 2230 1736 2272 discutitur,
1761 2233 1871 2276 resque
1896 2232 2034 2267 feliciter
2070 2247 2148 2277 pro-

1135 2273 1244 2306 cedere
1266 2273 1432 2315 Chirurgo
1455 2274 1603 2315 videtur,
1626 2275 1726 2308 donec
1752 2276 1858 2317 elapso
1888 2277 2015 2314 decimo
2059 2280 2112 2314 die
2137 2303 2146 2317 ‚

1137 2315 1250 2350 dolore
1274 2316 1402 2351 fim‘strae
1426 2319 1511 2352 auris
1534 2318 1714 2360 corripitur
1737 2331 1812 2353 cum
1836 2319 1994 2361 horrore,
2018 2326 2049 2356 &
2084 2322 2144 2357 fri„

1136 2370 1233 2402 gore,
1256 2360 1344 2402 quod
1366 2360 1455 2395 calor
1477 2362 1600 2403 excipit
1616 2386 1624 2395 .
1649 2362 1798 2395 Tandem
1832 2365 2056 2400 accedentibus
2093 2377 2146 2401 to-

1132 2407 1197 2437 tius
1219 2405 1364 2444 corporis
1388 2404 1673 2441 convulsionibus,
1697 2407 1780 2439 intra
1805 2418 1922 2448 paucos
1946 2411 2017 2443 obit
2053 2410 2144 2444 dies.

1261 2448 1314 2479 OS
1339 2448 1417 2481 istui
1442 2447 1623 2490 subjectum
1650 2450 1962 2486 acuminatalamina
1976 2454 2142 2488 cerebrum

1133 2489 1375 2523 vulneraverat:
1399 2492 1487 2533 quod
1514 2501 1684 2533 propterea
1709 2491 1869 2526 saniosurn
1896 2496 1941 2527 ibi
1964 2507 2031 2529 erat
2056 2523 2065 2539 ,
2110 2501 2142 2532 δε

1132 2542 1346 2575 corruptum.
1373 2533 1430 2567 Sed
1454 2546 1638 2578 quanquam
1662 2536 1781 2570 vitium
1807 2538 1901 2571 altius
1914 2538 2139 2579 descenderat,

1130 2577 1329 2611 ventriculos
1352 2586 1458 2611 tamen
1483 2590 1547 2613 non
1572 2579 1770 2620 attingebat.
1801 2581 1875 2614 Pars
1899 2583 1995 2616 saniei
2021 2585 2058 2618 ad
2083 2587 2138 2618 ba-

1128 2619 1186 2654 sim
1210 2622 1331 2655 cerebri
1353 2622 1440 2655 circa
1466 2622 1619 2656 nonnulla
1656 2634 1828 2658 nervorum
1865 2628 1954 2659 Paria
1990 2626 2137 2664 defluxe-

1130 2673 1180 2697 rat
1202 2690 1211 2698 .

1172 2718 1223 2750 34.
1251 2708 1463 2743 MULIEKI
1489 2721 1647 2744 annorum
1673 2712 1810 2754 triginta
1846 2724 1942 2757 caput
1989 2717 2134 2758 pluribus

1128 2751 1290 2793 lapidibus
1313 2752 1490 2794 percussum
1509 2753 1618 2787 'fuerat
1633 2777 1640 2791 ‚
1667 2755 1820 2797 languore
1846 2759 1936 2791 illico
1951 2762 2005 2798 5&
2030 2763 2132 2794 vomi-

1129 2803 1166 2828 tu
1177 2806 1231 2837 per
1246 2795 1350 2838 plures
1372 2797 1440 2829 dies
1462 2797 1692 2839 consequente.
1720 2799 1848 2833 Vulnus
1871 2811 1977 2836 tamen
2010 2806 2133 2837 exitum

1131 2849 1195 2871 non
1220 2839 1382 2872 infelicem
1406 2841 1558 2882 spondere
1582 2841 1766 2875 videbatur.
1792 2843 1914 2878 Verum
1937 2847 2021 2881 circa
2044 2849 2132 2882 diern

1130 2881 1312 2919 decimum,
1336 2881 1424 2916 febre
1446 2894 1519 2917 cum
1544 2882 1663 2925 frigore
1677 2884 1935 2928 superveniente,
1960 2902 2047 2924 arens
2066 2900 2078 2930 ,'
2100 2895 2132 2925 ὅτ

1130 2926 1287 2966 pallidum
1312 2925 1433 2959 facium
1457 2928 1519 2961 est.
1545 2927 1608 2959 His
1634 2928 1756 2960 aec'effit
1777 2930 1931 2965 delirium
1948 2957 1959 2973 ‚
1983 2936 2071 2977 quod
2094 2938 2127 2968 in

1127 2969 1311 3011 soporosam
1335 2970 1537 3004 affestionem
1551 2969 1661 3003 sensim
1678 2972 1903 3013 degeneravit.
1918 2978 1997 3011 Haec
2011 2990 2127 3012 ωσι-ατη

1126 3012 1264 3056 denique
1290 3011 1413 3046 sustulit
1437 3015 1519 3047 circa
1542 3013 1627 3046 diem
1650 3014 1838 3056 vigesimum
1864 3022 2006 3060 primurn
2023 3008 2057 3055 ,Ξ

1126 3055 1143 3087 Ι
1169 3056 1204 3088 Ν
1250 3058 1279 3088 C
1305 3058 1334 3089 R
1359 3059 1391 3089 A
1419 3058 1452 3090 N
1479 3059 1492 3089 Ι
1518 3059 1532 3088 Ι
1579 3056 1708 3091 dextera
1733 3060 1863 3100 quidem
1898 3076 1987 3105 parte
2020 3065 2128 3100 fissura

1126 3098 1315 3141 deprehensa
1340 3099 1382 3132 est
1406 3099 1528 3142 digitos
1552 3110 1692 3142 quatuor
1717 3103 1908 3140 transversos
1932 3108 2053 3150 longa3
2077 3121 2130 3143 ce-

1128 3144 1214 3176 rebri
1261 3152 1365 3175 tamen
1410 3155 1445 3176 ea
1494 3147 1603 3191 portio
1651 3157 1721 3187 quae
1766 3146 1881 3182 fissum
1931 3153 2126 3193 subjicieba—

1125 3194 1179 3219 tur
1204 3208 1214 3223 ,
1256 3186 1342 3218 nulla
1387 3197 1453 3220 erat
1496 3187 1623 3221 laesione
1669 3187 1780 3222 affesta
1806 3217 1812 3223 .
1858 3195 1890 3226 A
1917 3194 2046 3228 sinistris
2072 3208 2126 3229 ve-

1124 3241 1163 3262 ro
1184 3253 1193 3266 ,
1243 3231 1296 3277 u-bi
1343 3232 1481 3263 exterius
1528 3232 1638 3272 ingens
1663 3234 1831 3273 apparebat
1856 3237 2002 3271 contusio
2026 3261 2035 3276 ,
2063 3251 2125 3273 non

1125 3273 1223 3306 modo
1246 3272 1446 3319 sissunrerat
1469 3275 1615 3307 cranium
1639 3274 1748 3308 fissura
1775 3277 1869 3311 dufta
1915 3283 1948 3313 in
1993 3282 2127 3315 modum

1124 3317 1239 3349 circuli
1265 3338 1273 3352 ,
1317 3328 1406 3357 cujus
1449 3317 1605 3350 diameter
1653 3317 1845 3353 semunciam
1891 3323 2127 3359 Bononiensem

1125 3361 1270 3401 aequabat
1293 3373 1302 3396 3
1327 3360 1375 3393 sed
1399 3362 1495 3394 etiam
1520 3360 1666 3394 nonnihil
1690 3363 1736 3394 ibi
1758 3362 1955 3405 depressum:
1979 3371 2059 3409 quin
2084 3372 2126 3403 ab

1126 3403 1269 3448 depressa
1292 3403 1346 3435 illa
1373 3406 1522 3444 portione
1547 3406 1728 3437 acuminata
1753 3408 1871 3440 lamina
1894 3411 2066 3445 introrsum
2079 3424 2124 3447 re-

1126 3449 1278 3483 cesserat,
1302 3448 1512 3490 Crassamque
1536 3448 1716 3488 meningem
1739 3450 1933 3486 sauciaverat
1957 3478 1964 3486 .
2008 3457 2124 3499 Itaque

1125 3489 1202 3536 huic
1225 3493 1368 3532 meningi
1393 3491 1513 3525 ibidem
1538 3491 1703 3532 purulenta
1728 3493 1908 3529 adhaerebat
1930 3499 2126 3536 materia,&

1125 3533 1302 3582 subjecium
1325 3535 1488 3567 cerebrum
1514 3534 1700 3569 morbidum
1723 3548 1789 3570 erat
1834 3539 1873 3571 ad
1906 3548 1969 3574 tres
2002 3542 2124 3584 digitos

1126 3586 1249 3609 tumlti
1273 3576 1512 3619 longitudinem
1537 3600 1545 3614 ‚
1566 3587 1650 3652 (gum
1675 3581 1707 3612 in
1731 3581 1955 3622 latitudinem,
1982 3585 2019 3618 ad
2043 3585 2124 3622 duos

1623 3633 1643 3654 ο
1691 3634 1708 3654 2
1971 3637 2076 3661 autem

78 3717 2115 3745 Ἢ

358 3786 371 3814 ζ
387 3794 398 3810 r
412 3786 426 3814 )
443 3794 466 3811 n.
490 3791 527 3817 46.
547 3786 569 3810 δι
582 3783 644 3816 seqq.

135 3782 295 3818 (θυι-ιο-
704 3787 872 3818 <s)n·10.

935 3792 971 3821 (t
986 3792 1000 3821 )
1019 3793 1094 3817 Xlll.
1111 3803 1135 3818 n.
1152 3802 1192 3823 24.
