2498 4075
392 228 546 296 Epist.
582 229 743 282 Anat.
779 228 994 284 Medica
1025 228 1480 298 L11⁴‘Art·32·33-
1500 230 1740 298 ςφᾶς-ς.

64 317 100 342 ut
122 309 168 343 ait
192 314 215 350 ,ς
241 305 372 343 fortasse
395 308 529 343 unicum
553 327 575 346 ‚,
600 306 822 343 offificationis
845 308 932 342 intra
975 307 1063 342 oculi

63 352 220 399 globum.
246 353 336 386 Nam
360 362 473 396 praeter
496 352 666 385 humorem
689 352 925 394 Crystallinum
959 353 1016 395 qui
1040 373 1062 390 ‚‚

61 395 261 430 consistentia
286 405 352 430 erat
376 393 530 429 duriffimi
553 393 693 435 lapidis,
726 407 791 430 non
839 403 934 429 tenue
979 396 1065 428 inter

62 438 264 473 Choroidem
280 461 288 476 ,
313 442 344 472 &
368 439 521 471 Retinam
546 439 690 473 tunicam
712 437 922 482 deprehendit
953 438 1067 472 officu-

63 481 154 522 lum,
179 484 333 526 posterius
355 492 556 517 convexum,
581 481 720 518 anterius
742 493 858 517 cavum
873 506 879 513 .
894 483 1067 523 Denique,

61 535 100 559 ne
124 526 163 559 de
185 525 365 560 istiusmodi
389 525 534 567 partium
556 525 646 557 oculi
670 525 935 559 indurationibus
979 525 1067 559 aliud

63 568 237 608 addamus;
259 570 351 611 quale
374 579 430 601 nos
453 569 486 601 in
511 567 642 602 muliere
665 568 854 606 officuium,
877 568 1066 611 Crystallini

61 611 163 653 locri,
185 610 434 649 offenderimus,
461 610 537 643 alias
561 609 643 654 (f)
668 610 705 644 ad
730 621 762 645 te
797 611 953 654 scriptum
998 623 1067 645 me-

62 657 214 689 mineris.
351 656 477 688 Caetei·a
500 665 571 697 quae
594 656 628 687 in
653 653 783 688 historia
809 654 978 689 noviffime
992 667 1068 698 pro-

61 699 165 743 posita
192 711 206 732 a
231 738 233 742 ¹
254 701 357 734 icium
383 699 526 731 attinent
548 699 689 740 capitis,
715 698 782 740 post
806 710 841 733 ea
878 710 949 740 quae
982 698 1032 732 his
1055 720 1065 736 ‚

62 744 94 774 &
118 743 221 784 superi
265 744 336 776 ibus
360 742 499 776 Litteris
525 740 602 782 saepe
626 743 818 783 attigimus,
841 742 1067 785 supervacuum

64 783 143 826 esse,
169 787 278 828 vides,
302 786 354 820 hic
378 787 498 818 iterum
522 785 699 825 explicare.
746 785 916 826 Sanguinis
962 795 1068 819 autem

63 840 118 871 per
142 840 249 864 aurem
274 831 423 868 exitum,
447 839 510 869 qua
537 829 587 860 via
610 830 641 860 &
667 829 790 862 ratione
815 829 849 861 in
884 829 971 862 Viro
1003 828 1067 863 hoc

63 875 207 914 contigit
222 899 230 912 ,
253 872 359 907 eadem
384 872 418 904 in
442 872 511 904 aliis
524 882 652 913 quoque
664 870 857 913 contigisse,
883 883 962 914 quos
976 871 1068 906 vide-

63 915 140 948 licet
159 917 301 958 Epistola
315 915 381 948 haec
394 918 436 956 (g
448 915 459 952 )
472 916 522 954 ‚&
537 913 678 956 Epistola
690 915 767 947 item
780 914 879 949 XIII.
906 914 970 953 (li)
993 927 1070 957 pro.-

63 969 189 1000 ponunt
207 983 218 999 ,
244 960 339 995 satis,
365 959 462 991 etiam
489 969 538 990 me
562 967 712 997 tacente,
737 968 791 998 per
814 968 846 991 te
868 959 1068 993 memineris.

106 1012 158 1045 32.
184 1003 389 1047 BAJULUS
414 1012 511 1034 annos
534 1009 627 1035 natus
650 999 785 1035 necdum
819 1001 1032 1043 quadraginta
1059 1027 1069 1042 ,

64 1047 196 1087 egregio
222 1046 367 1088 corporis
392 1045 533 1084 habitu,
557 1044 664 1078 ebrius
687 1055 762 1078 cum
787 1044 886 1082 esset,
912 1047 995 1078 inter
1018 1046 1070 1077 in.

63 1090 239 1123 tenendum
266 1088 401 1127 recidit,
426 1087 634 1130 frontemque
658 1090 800 1129 graviter
844 1088 964 1128 allisit,
987 1089 1070 1122 unde

63 1143 184 1173 magna
207 1134 253 1166 ibi
280 1132 467 1175 sugillatio.
491 1131 536 1164 Et
560 1139 638 1164 tunc
660 1131 792 1172 quidem
815 1140 963 1165 vomuit.
1012 1132 1070 1165 Sed

63 1176 190 1209 nullum
214 1176 320 1219 postea
344 1175 529 1218 symptoma
553 1176 702 1216 apparuit
726 1184 841 1216 praeter
865 1186 985 1213 unum,
1019 1175 1070 1209 id-

62 1229 125 1261 que
148 1218 366 1261 graviffimum
381 1245 390 1258 ,
414 1227 451 1251 ut
475 1216 623 1259 torpidus
645 1216 790 1259 jaceret,
813 1217 896 1251 nihil
921 1218 1067 1256 sumens,

64 1262 147 1295 nihil
172 1262 329 1303 loquens,
354 1260 409 1295 nisi
434 1260 522 1302 quod
545 1260 601 1294 ubi
614 1260 771 1303 Chirurgi
788 1261 913 1303 aliquid
937 1272 1068 1304 agerent

60 1305 148 1347 quod
174 1304 318 1339 dolorem
331 1304 469 1341 afferret,
482 1312 560 1337 tunc
575 1304 776 1338 vehementer
789 1304 993 1347 querebatur,
1010 1317 1075 1338 ma-

60 1359 226 1393 gnumque
239 1348 354 1383 edebat
369 1349 564 1382 clamorem.
589 1346 640 1381 Sic
653 1349 761 1381 illatus
774 1349 807 1381 in
820 1348 1072 1388 Nosocomium,

58 1393 145 1425 intra
170 1402 322 1435 quartum
346 1404 362 1425 a
386 1392 460 1425 casu
484 1390 571 1424 diem
595 1391 639 1424 est
663 1401 832 1428 mortuus,
856 1403 932 1426 cum
956 1392 1076 1434 ibiego

60 1437 244 1470 anatomica
268 1435 415 1470 studiosis
437 1432 636 1468 ostenderem
659 1434 716 1468 sub
740 1435 1075 1469 initiumDecembris

58 1480 100 1512 A.
132 1489 222 1522 1741.
362 1478 576 1513 PRONTIS
598 1489 634 1511 os
657 1490 721 1520 qua
756 1477 883 1512 allisum
930 1479 1036 1511 fuerat
1060 1502 1072 1518 ‚

6 1526 22 1527 '⁷
62 1521 132 1556 vidi
158 1525 239 1557 rima
266 1523 347 1557 bene
371 1521 467 1564 longa
491 1521 651 1560 exterius,
678 1520 875 1564 interiusque
896 1521 1047 1556 diffluum
1064 1548 1073 1562 ‚

58 1566 112 1599 cui
142 1568 231 1601 rimae
258 1565 387 1607 sanguis
410 1566 495 1598 intra
521 1566 666 1598 cranium
694 1565 863 1608 grumosus
912 1565 1038 1599 suberat
1063 1577 1075 1606 ,-

60 1609 111 1643 secl
135 1621 199 1644 non
226 1610 368 1643 multus.
397 1608 516 1649 Neque
543 1607 631 1641 aliud
657 1619 809 1649 praetcrea
832 1608 954 1643 offendi
986 1611 1076 1653 quod

59 1652 100 1687 ad
124 1654 229 1688 icium
253 1657 426 1686 attineret.
453 1650 543 1684 Nam
567 1650 734 1686 officulum
751 1677 759 1690 ,
783 1652 871 1695 quod
896 1652 981 1686 haud
1031 1653 1077 1685 ita

65 1699 178 1738 procul
202 1695 419 1740 deprehendi,
445 1696 530 1727 inter
552 1693 720 1742 Qraffam‚
746 1696 959 1738 Tenuemque
982 1695 1078 1738 hujus

60 1741 139 1772 Viri
165 1744 328 1782 meninges
351 1738 547 1784 conditum,
573 1749 636 1780 jam
659 1739 715 1771 diu
751 1748 823 1772 ante
869 1739 904 1772 id
949 1748 1079 1782 teinpus

59 1783 109 1816 ibi
135 1783 300 1818 increvisle
316 1808 326 1822 ‚
351 1793 389 1816 ex
413 1792 481 1823 eius
507 1781 725 1823 descriptione
750 1782 911 1825 intelliges
930 1804 943 1820 ‚
978 1794 1078 1823 quam

58 1826 166 1860 XXV.
192 1827 230 1862 ad
253 1836 284 1861 te
308 1823 468 1867 Epistolae
493 1825 509 1866 (’
528 1825 573 1866 i)
598 1823 737 1862 inserui,
765 1835 868 1868 neque
892 1825 959 1858 ullo
983 1825 1083 1859 modo

59 1880 120 1912 pro
145 1869 276 1911 squama
300 1868 414 1903 haberi
440 1867 606 1910 potuisse,
629 1878 701 1909 quae
726 1869 808 1902 ἱᾶιις
833 1869 864 1902 νί
890 1868 929 1902 ab
943 1870 1081 1904 interio-

59 1924 93 1946 re
116 1912 188 1947 offis
209 1913 292 1947 facie
321 1910 469 1947 decussa,
496 1912 583 1946 intra
609 1911 771 1957 meninges
795 1912 825 1945 se
857 1912 1044 1953 conjecislet
1069 1935 1079 1950 ,

59 1965 95 1990 ut
118 1957 153 1989 in
179 1957 281 1990 Fabro
309 1956 371 1990 illo
395 1955 562 1992 murano,
586 1964 680 1996 cuius
712 1953 934 1989 diffefflonem
982 1955 1079 1990 habes

60 1998 146 2043 apud
171 2001 225 2034 Cl.
251 2002 436 2034 Pantonum
462 1997 516 2040 (k
537 2000 573 2038 )‚
597 1996 774 2032 acciderat.

105 2054 158 2085 33.
183 2044 222 2076 In
249 2045 364 2077 eodem
389 2041 599 2075 Nosocomio
624 2043 783 2076 Patavino
816 2043 896 2076 meis
930 2041 1082 2085 frequen-

63 2086 191 2120 tiffimis
216 2086 462 2125 Auditoribus,
486 2096 568 2127 quos
600 2085 687 2117 inter
718 2087 851 2128 ingenio
876 2108 886 2124 ,
935 2086 1042 2126 studio
1064 2110 1078 2127 ,

61 2128 244 2165 affiduitate
268 2129 438 2173 praestabat
461 2128 526 2163 Vir
549 2127 689 2161 Nobilis
708 2129 852 2171 Jacobus
896 2127 935 2162 de
958 2130 1082 2172 Scopu-

62 2173 124 2213 lo,
146 2175 172 2207 is
198 2175 257 2216 qui
281 2174 392 2217 paucis
415 2170 485 2214 post
510 2173 600 2205 annis
626 2174 747 2206 merito
793 2174 880 2205 inter
924 2172 1081 2206 Publicos

63 2215 260 2254 Professores
296 2218 432 2255 relatus,
460 2215 611 2249 Medicus
647 2214 690 2248 est
723 2214 989 2258 Consultiffimus
1011 2238 1021 2254 ‚
1055 2215 1079 2249 ii

62 2261 139 2302 quis
162 2261 262 2298 alius,
286 2257 572 2299 &disertiffimus,
596 2257 742 2297 ibidem,
766 2261 923 2302 inquam,
944 2259 1080 2293 demon-

62 2303 160 2337 stravi
183 2315 256 2346 quae
280 2301 381 2337 fraeta
403 2302 504 2337 eslent
528 2313 566 2336 ex
589 2301 662 2335 casu
686 2302 726 2335 ab
749 2304 816 2336 alto
840 2303 875 2336 in
889 2304 977 2336 Viro
999 2315 1081 2346 quo-

63 2346 138 2380 dam
163 2347 220 2380 sub
243 2348 379 2381 initium
403 2345 529 2388 Aprilis
551 2346 593 2379 A.
619 2355 713 2389 1740.
738 2347 882 2388 itemque
913 2348 948 2378 in
978 2346 1079 2390 Juve-

64 2400 104 2423 ne
128 2399 201 2424 ante
226 2390 429 2424 Novembris
452 2388 549 2423 finem
574 2391 619 2424 A.
646 2400 740 2431 ¹742·
769 2391 850 2429 Quae
874 2391 1002 2423 tametsi
1038 2390 1078 2423 ad

64 2433 233 2467 thoracem
256 2445 388 2476 quoque
411 2433 573 2470 attinent;
597 2442 708 2466 tamen
723 2433 799 2475 quia
812 2444 909 2476 caput
933 2433 1078 2475 graviffi-

63 2487 115 2511 me
139 2477 249 2511 laesum
274 2475 405 2517 fuerat,
426 2475 489 2510 huc
514 2474 758 2510 adscribentur.

108 2531 161 2564 34.
185 2520 274 2555 VIR
296 2521 373 2555 dum
399 2520 499 2553 altam
524 2520 623 2553 vitem
647 2529 796 2563 putaret,
821 2520 855 2553 in
880 2518 982 2554 solum
998 2520 1079 2562 lapi-

64 2562 161 2598 dibus
184 2563 318 2599 stratum
344 2574 485 2606 praeceps
521 2564 588 2596 ruit
612 2586 622 2595 .
667 2563 841 2606 Loquendi
887 2562 1077 2597 facultatem

65 2608 229 2642 continuo
253 2606 377 2641 amisit.
402 2605 492 2641 Cum
516 2606 676 2640 semivivo
710 2618 748 2639 ex
793 2608 923 2648 liquore
970 2608 1082 2640 nescio

64 2656 134 2695 quo
157 2650 327 2689 cardiaco,
352 2660 389 2685 ut
412 2650 581 2690 vocitant,
605 2650 729 2692 aliquid
753 2651 787 2682 in
812 2662 847 2683 os
869 2650 1082 2693 ingessissent,

22 2736 27 2737 ⁷
66 2696 213 2729 evomuit
230 2707 240 2726 .-
263 2697 295 2728 &
318 2703 505 2737 quanquam
529 2692 638 2737 pulsus
661 2695 717 2736 qui
742 2694 901 2727 contraffi
926 2694 1052 2728 fuerant
1072 2720 1082 2736 ,

67 2737 98 2772 se
121 2737 319 2780 proderent3
342 2746 450 2772 tamen
473 2738 597 2771 caeteris
620 2738 773 2771 omnibus
797 2738 830 2769 in
845 2736 934 2780 pejus
948 2738 1084 2770 tenden-

67 2780 181 2818 tibus,
206 2781 358 2823 alvique,
383 2784 414 2814 &
438 2778 548 2813 vesicae
570 2782 776 2815 recrementis
799 2793 854 2823 pei·
878 2779 908 2813 se
932 2782 1083 2814 exeunti-

70 2824 156 2865 bus,
179 2834 267 2857 mors
288 2826 374 2856 intra
398 2831 547 2865 quartam
572 2835 590 2856 a<
610 2824 684 2858 casu
706 2824 821 2857 horam
835 2824 878 2857 est
890 2823 1058 2857 consecuta
1075 2848 1085 2857 .

202 2867 463 2904 CADAVER,
488 2866 579 2908 cujus
604 2878 641 2900 ex
665 2878 743 2904 ore,
765 2870 798 2900 δι
832 2868 963 2901 naribus
1008 2867 1079 2900 san-

70 2911 144 2955 guis
167 2909 342 2953 prodibat,
363 2908 526 2953 trigefima
549 2922 566 2943 a
588 2920 693 2943 morte
716 2910 794 2943 hora
818 2912 915 2945 etiam
930 2921 1000 2944 tum
1013 2920 1078 2944 erat

73 2956 210 2990 Omnino
233 2953 399 2997 rigidum,
422 2964 480 2987 nec
503 2951 567 2986 fine
600 2951 834 2988 vehementiori
867 2956 900 2988 vi
932 2954 1044 2988 flexile
1070 2978 1082 2989 .

73 3000 227 3043 Sinciput
260 3007 325 3031 non
350 3007 416 3030 uno
440 2997 516 3030 loco
538 2996 745 3038 sugillatum,
770 2997 827 3035 sed,
857 2998 904 3032 ibi
939 3000 1081 3034 maxime

71 3043 131 3078 ubi
153 3045 344 3077 cummunes
368 3040 443 3073 sunt
466 3039 567 3082 ejus,
599 3043 630 3074 δε
654 3038 771 3073 frontis
796 3040 874 3075 fines
889 3068 897 3075 .
934 3042 978 3074 Et
1011 3042 1080 3075 sane

72 3097 110 3120 os
132 3085 252 3120 frontis
274 3094 351 3118 mox
375 3083 518 3117 vidimus
539 3083 648 3124 intus,
672 3094 850 3127 extraque,
873 3096 928 3127 per
939 3084 1080 3121 medium

73 3128 203 3171 ferme,
226 3130 308 3163 rima
331 3125 500 3166 diffusum,
523 3137 596 3169 quae
622 3139 638 3161 a
662 3125 808 3170 sincipite
828 3127 915 3161 'reeta
951 3128 1078 3162 descen-

72 3173 173 3214 dens,
192 3175 225 3207 &
247 3182 302 3216 per
325 3168 488 3205 fornicem
508 3171 624 3205 orbitae
650 3172 736 3204 oculi
760 3171 884 3204 dexteri
906 3170 991 3205 haud
1003 3183 1078 3214 pro-

73 3217 127 3251 cul
151 3217 192 3250 ab
215 3212 395 3250 Ethrnoide
417 3213 482 3248 osse
504 3224 660 3257 pergens,
695 3214 861 3257 postquam
895 3213 937 3248 fic
970 3225 1079 3250 totum

76 3271 115 3294 os
138 3258 258 3294 frontis
283 3255 485 3301 pervaserat,
510 3258 544 3290 in
566 3269 634 3292 eam
657 3257 797 3300 denique
840 3267 964 3301 partern
1008 3259 1080 3297 offis

79 3302 275 3346 Sphenoidis
299 3299 455 3335 transibat
477 3311 534 3344 per
556 3312 654 3344 quam
679 3302 711 3333 in
735 3301 881 3336 orbitam
905 3302 933 3335 se
956 3303 986 3335 se
1017 3312 1082 3336 tra-

73 3346 149 3389 jicit
171 3355 285 3380 nervus
308 3345 473 3386 opticus.
496 3346 549 3380 Ex
569 3356 636 3388 'quo
658 3345 771 3379 fissurae
796 3345 911 3379 itinere
935 3357 1010 3380 cum
1032 3348 1085 3379 in-

76 3390 229 3434 telligas,
251 3399 307 3431 per
330 3387 515 3422 Prontalem
537 3388 648 3421 Sinum
672 3390 883 3431 pituitarium
928 3401 993 3423 non
1037 3391 1084 3423 ire

76 3443 144 3467 non
168 3431 330 3476 potuiffe3
354 3430 512 3474 intelligis
533 3442 664 3474 quoque
689 3432 850 3474 sanguinis
873 3433 981 3473 viam,
1005 3444 1086 3467 ena-

78 3477 191 3516 ribus‚
214 3484 251 3509 ut
274 3475 400 3509 diuitum
427 3472 469 3508 est
485 3501 496 3516 ,
519 3476 551 3508 &
573 3486 627 3517 per
649 3477 983 3511 communicationem
1027 3476 1086 3510 ha-

77 3530 152 3554 rum
175 3530 251 3553 cum
275 3517 442 3559 faucibus,
464 3529 503 3552 ex
525 3528 581 3552 ore
602 3520 701 3552 etiam
724 3520 911 3560 prodeuntis
926 3545 934 3553 .
1022 3521 1087 3554 Sub

79 3563 192 3597 Crassa
216 3562 366 3602 meninge
390 3562 429 3595 ad
464 3563 627 3596 anteriora
672 3562 817 3597 fluidum
863 3563 1050 3606 sanguinem
1076 3588 1085 3604 ,

81 3617 220 3651 eumque
243 3616 309 3640 non
333 3605 474 3640 multum
491 3627 502 3644 ,
527 3615 585 3639 nec
609 3606 748 3640 multum
771 3617 925 3650 quoque,
947 3609 977 3640 δι
1002 3609 1085 3650 pari-

1951 245 2047 298 309

1113 317 1163 342 ter
1185 306 1345 346 fluidum,
1370 310 1439 343 imo
1461 310 1549 354 quasi
1572 321 1646 345 cum
1670 321 1761 354 aquae
1783 312 1890 356 aliqua
1913 320 2003 353 parte
2025 318 2117 343 coma

1115 350 1247 385 mistum
1269 352 1303 384 in
1327 351 1469 387 Laterali
1494 364 1634 394 utroque
1677 355 1870 390 ventriculo¹
1905 352 2118 397 deprehendi.

1117 405 1206 429 mus:
1230 397 1287 437 qui
1310 407 1384 430 cum
1408 395 1531 431 fluidus
1555 397 1649 435 esset,
1675 398 1780 431 minus
1812 398 1994 433 mirandum
2039 395 2083 429 est
2104 418 2116 435 ³

1118 437 1206 480 quod
1230 440 1327 472 etiam
1351 441 1385 473 in
1408 442 1529 477 tertio,
1552 441 1621 474 imo
1643 443 1674 474 &
1696 441 1731 473 in
1755 441 1912 477 Transitu
1936 440 1974 475 ad
2019 449 2119 481 quar-

1119 492 1188 515 tum
1211 483 1425 517 ventriculum
1446 484 1545 518 fuerit
1560 508 1570 524 ,
1594 495 1662 526 quo
1708 484 1860 519 videlicet
1883 509 1895 526 ,
1940 481 2118 527 praesertim

1117 525 1194 558 dum
1219 535 1401 560 moveretur
1423 526 1578 567 cadaver,
1602 526 1696 562 facile
1718 538 1822 563 meare
1845 535 1996 571 potuerat
2010 550 2018 558 .

1118 567 1269 602 Thorace
1291 569 1438 607 recluso,
1461 573 1492 603 δε
1513 571 1749 613 pulmonibus,
1772 573 1831 616 qui
1856 572 1878 606 si
1913 581 2035 614 partem
2079 567 2119 601 fi-

1106 611 1208 648 ,nistri
1234 612 1388 646 summam
1411 615 1551 655 excipias
1574 626 1646 657 quae
1670 625 1726 657 per
1761 615 1927 649 taeniolam
1961 612 2120 648 membra-

1120 667 1211 688 neam
1236 656 1450 689 tenuissimam
1474 668 1550 691 cum
1572 658 1681 700 pleura
1704 658 1892 696 nectebatur
1916 680 1925 695 ‚
1972 656 2118 698 undique

1103 698 1219 732 ,soluti
1242 708 1331 732 erant
1347 724 1356 739 ‚
1378 700 1532 733 mollibus
1548 723 1558 738 ‚
1584 703 1614 733 &
1637 699 1881 735 concidentibus
1905 703 1938 735 in
1963 701 1992 734 se
2016 708 2124 741 reper—

1121 743 1239 781 tis,'&
1264 744 1399 776 omnino
1421 742 1521 784 sanis,
1544 743 1667 777 tametsi
1691 755 1754 786 qua
1776 744 1905 778 dorsum
1919 743 2126 786 speetabant,

1119 786 1166 818 ita
1189 794 1224 819 ut
1249 797 1304 827 par
1326 784 1368 819 est
1391 790 1424 819 in
1449 798 1488 820 eo
1509 788 1565 829 qui
1591 787 1721 830 supinus
1745 799 1892 821 mortuus
1916 796 2005 826 erat,
2036 784 2126 833 quasi

1109 829 1160 871 ,ab
1182 826 1446 863 inflammatione
1465 830 1651 870 rubebant,
1673 841 1748 865 curn
1772 830 1891 865 sublati
1914 829 2011 864 essent
2026 837 2127 862 mani-

1119 872 1196 910 bus,
1224 881 1352 906 tantum
1379 872 1544 916 sanguinis
1566 873 1663 908 fluidi
1710 875 1743 907 in
1789 884 1963 919 utrumque
2007 874 2127 916 pariter

1120 915 1262 955 thoracis
1286 926 1423 955 cavum,
1448 916 1499 950 sed
1522 927 1629 951 tamen
1652 917 1821 960 aliquanto
1844 918 1913 959 plus
1946 920 1980 950 in
2013 915 2128 948 dexte-

1120 970 1190 991 rum
1216 958 1329 1000 effusi,
1352 958 1575 1002 conspeximus
1594 983 1604 998 ,
1628 971 1789 1004 quantum
1813 961 1910 994 libras
1935 960 1988 993 sex
2035 957 2129 1007 supe-

1120 1001 1232 1036 rasset.
1261 1001 1300 1036 ln
1323 1003 1505 1044 pericardio
1528 1003 1631 1037 serum
1653 1005 1831 1046 limpidum
1854 1006 1972 1047 exigua
1996 1011 2093 1042 copia
2116 1022 2127 1031 -

1121 1046 1259 1079 Arteriae
1284 1046 1510 1083 Pulmonaris,
1534 1048 1565 1079 ὃ(
1589 1048 1718 1089 Magnae
1741 1055 1874 1082 truncos
1900 1044 2096 1090 pinguedine
2119 1066 2131 1084 ,

1123 1089 1198 1122 licet
1222 1088 1323 1121 homo
1346 1099 1411 1121 non
1434 1087 1508 1122 esset
1533 1091 1684 1132 pinguis,
1708 1089 1795 1134 quasi
1820 1092 1959 1125 omnino
1994 1089 2097 1123 tetstos
2119 1109 2130 1126 ‚

1122 1142 1158 1165 ut
1181 1135 1212 1165 &⁷
1236 1142 1292 1164 cor
1315 1132 1418 1175 ipsum
1442 1131 1638 1166 offendimus
1654 1157 1664 1174 ,
1686 1135 1720 1167 in
1743 1133 1838 1175 hujus
1863 1143 1970 1167 autem
2006 1130 2131 1166 ventri-

1123 1175 1203 1209 culis
1227 1175 1334 1216 nigri,
1361 1178 1391 1207 &
1414 1175 1631 1217 quadantenus
1655 1178 1795 1219 grumoii
1820 1177 1982 1220 sanguinis
1993 1185 2105 1218 parum
2121 1196 2132 1212 9

1125 1218 1182 1251 nisi
1207 1218 1295 1259 quod
1319 1217 1356 1251 ad
1379 1217 1502 1251 dexteri
1525 1217 1688 1254 orificium
1713 1220 1867 1254 venosum
1892 1219 2064 1253 mediocris
2076 1228 2140 1259 poa

1125 1262 1237 1304 lyposa
1262 1262 1427 1294 concretio
1454 1260 1518 1295 fuit
1540 1273 1551 1301 ς
1590 1262 1672 1297 unde
1698 1262 1840 1298 Studiosi
1867 1263 1968 1297 nostri
1991 1272 2064 1295 vera
2086 1258 2136 1293 es-

1127 1305 1156 1338 se
1180 1316 1250 1347 quae
1276 1304 1422 1338 adversus
1448 1306 1613 1347 vulgarem
1646 1306 1685 1342 de
1730 1307 1844 1341 harum
1889 1307 2138 1340 concretionum

1128 1349 1256 1390 origine
1279 1359 1423 1381 errorem
1447 1348 1526 1391 saepe
1553 1349 1842 1389 admonueramus,
1868 1351 2051 1392 intelligere
2075 1358 2140 1388 po-

1129 1400 1286 1431 tuerunt,
1309 1402 1384 1425 cum
1407 1392 1463 1424 illa
1487 1401 1572 1426 certe
1595 1395 1629 1426 in
1655 1394 1812 1434 homine,
1835 1406 1951 1436 quem,
1976 1394 1997 1426 si
2013 1391 2138 1437 hydro:

1127 1435 1225 1468 celem
1238 1436 1414 1478 exciperes,
1431 1435 1626 1471 saniffimum
1638 1435 1753 1475 fuisse,
1776 1438 1962 1473 constabat,
1989 1447 2054 1469 non
2077 1434 2139 1467 nisi

1128 1480 1198 1519 post
1221 1488 1361 1512 mortem
1377 1504 1386 1517 ‚
1409 1488 1466 1512 aut
1491 1481 1587 1521 paulo
1611 1490 1682 1514 ante
1707 1491 1867 1520 mortem,
1902 1483 1986 1514 inter
2032 1477 2141 1511 fibrii-

1126 1523 1170 1554 las
1196 1521 1432 1563 Tricuspidum
1456 1523 1660 1558 valvuiarum
1684 1524 1926 1558 subsistentibus
1940 1520 2139 1557 crassioribus

1127 1567 1158 1610 δι
1184 1564 1412 1598 viscidioribus
1434 1566 1601 1606 particulis
1627 1566 1807 1608 sanguinis,
1832 1567 2005 1601 coalescere
2023 1561 2143 1607 potuis·

1129 1609 1194 1640 set.
1220 1610 1310 1641 Tum
1333 1609 1383 1642 his
1409 1606 1583 1642 visceribus
1607 1609 1744 1647 ablatis,
1770 1613 1801 1643 δε
1824 1609 1976 1644 exhausto
1989 1607 2141 1648 sanguine

1130 1650 1257 1695 cle-quo
1279 1651 1409 1685 dictum
1433 1651 1499 1692 est,
1521 1664 1594 1686 cum
1620 1652 1690 1686 vasa
1715 1653 1798 1687 unde
1822 1655 1848 1686 is
1893 1654 1926 1686 in
1972 1652 2141 1686 thoracem

1132 1693 1246 1727 effusus
1269 1694 1342 1728 ess'et
1357 1721 1366 1737 ‚
1390 1696 1571 1739 perquirere
1595 1696 1766 1735 vellemus3
1793 1696 2014 1731 Intercostalia
2037 1690 2145 1732 fuisse,

1133 1739 1372 1779 cognovimus,
1396 1740 1520 1781 quippe
1545 1741 1695 1781 utrinque
1720 1740 1816 1774 costis
1840 1742 1967 1783 aliquot
1993 1750 2031 1773 ex
2056 1739 2147 1779 supe-

1134 1781 1276 1815 rioribus
1302 1781 1386 1815 haud
1411 1781 1523 1822 procul
1548 1794 1563 1815 a
1588 1784 1683 1824 Spina
1709 1785 1755 1817 ita
1781 1783 1979 1826 perfractis,
2005 1791 2040 1817 ut
2064 1783 2145 1814 inae-

1131 1825 1241 1867 *qualia
1265 1836 1373 1858 earum
1396 1834 1562 1864 extrema,
1586 1827 1711 1868 pertusa
1735 1827 1843 1868 pleura
1866 1849 1876 1866 ‚
1910 1827 1996 1860 intra
2029 1824 2144 1858 thora-

1131 1878 1202 1910 cem
1226 1869 1450 1908 prominerent
1474 1869 1702 1911 aliquantum.
1728 1871 1874 1914 Eratque
1897 1870 1936 1904 ad
1952 1882 1986 1903 ea
2003 1892 2012 1908 s
2038 1869 2146 1902 &cir-

1131 1922 1205 1944 cum
1228 1921 1263 1944 ea
1287 1912 1358 1945 loca
1384 1911 1487 1954 ampla
1511 1911 1677 1954 sugillatio
1701 1926 1716 1946 a
1742 1913 1894 1956 sanguine
1930 1915 1987 1948 sub
2032 1913 2145 1955 pleura

1130 1954 1312 1996 stagnante.
1339 1957 1501 1989 Revoluto
1526 1966 1632 1991 autem
1655 1961 1688 1989 in
1704 1968 1847 1993 ventrem
1859 1956 2030 1997 cadavere,
2058 1956 2151 1989 abla-

1135 1998 1239 2046 tisque
1263 1997 1347 2031 dorii
1372 1999 1546 2039 musculis,
1571 2011 1636 2034 non
1662 2002 1762 2035 modo
1788 2002 1995 2044 sanguinem,
2019 2002 2076 2044 qui
2090 2000 2148 2036 sub

1134 2040 1185 2074 his
1209 2043 1346 2083 pariter,
1371 2043 1441 2075 imo
1464 2043 1579 2085 majori
1604 2044 1771 2087 aliquanto
1783 2048 1901 2088 copia,
1925 2046 2148 2088 stagnaverat,

1134 2084 1173 2118 ad
1198 2084 1297 2117 costas
1323 2085 1447 2120 easdem
1470 2086 1616 2129 ostendi,
1638 2087 1690 2121 sed
1714 2092 1744 2122 &
1767 2101 1833 2123 rem
1866 2091 1900 2123 in
1933 2101 1971 2123 eo
2004 2089 2062 2131 qui
2097 2098 2151 2120 ca-

1133 2127 1209 2161 dens
1232 2140 1267 2160 os
1291 2128 1410 2162 frontis
1435 2128 1595 2172 fregerat,
1621 2131 1789 2166 intelieecu
1816 2144 1882 2166 non
1929 2131 2114 2174 perfacilem
2138 2153 2150 2170 ‚

1133 2172 1289 2204 nimirum
1317 2182 1431 2214 praeter
1453 2174 1553 2207 costas
1569 2195 1577 2211 ,
1602 2173 1655 2208 sex
1677 2175 1760 2209 dorsi
1786 2178 1950 2210 vertebras
1985 2188 2024 2209 ex
2055 2175 2149 2217 supe-

1132 2215 1274 2248 rioribus
1297 2216 1342 2248 ita
1368 2215 1510 2257 fraistas,
1534 2226 1570 2258 ut
1596 2229 1705 2252 earum
1730 2231 1794 2252 non
1819 2232 1916 2264 parva
1962 2218 2059 2253 frusta
2104 2218 2149 2252 ab

1133 2258 1245 2308 iisdem
1268 2260 1395 2301 penitus
1417 2259 1516 2294 essent
1540 2260 1646 2296 divisa
1661 2262 1743 2297 ‚Sed
1767 2264 1806 2296 de
1832 2276 1864 2297 re
1889 2264 1948 2297 hac
1967 2263 2046 2307 quid
2069 2274 2150 2296 con-

1132 2312 1263 2344 jiCiain,
1291 2302 1376 2336 infra
1413 2307 1426 2343 (
1448 2303 1460 2336 l
1481 2304 1672 2345 >videbis
1698 2306 1799 2340 Nunc
1834 2319 1874 2340 ex
1920 2307 2145 2341 vertebrarum

1132 2346 1283 2383 illarum,
1310 2349 1341 2378 &
1365 2346 1454 2389 quod
1476 2348 1708 2391 consequitur,
1741 2362 1779 2383 ex
1813 2350 1966 2385 Meduli-ae
2011 2349 2148 2384 inclusae

1133 2399 1221 2422 tanta
1245 2387 1371 2423 laesione
1396 2401 1453 2425 cur
1477 2402 1678 2427 excrementa
1701 2395 1836 2427 retineri
1861 2406 1926 2427 non
1955 2394 2147 2437 potuerint,

1132 2434 1242 2467 vides.
1376 2434 1415 2466 In
1442 2435 1567 2469 Ventre
1590 2437 1674 2471 nihil
1699 2436 1845 2471 humoris
1857 2437 1970 2477 effusi,
1994 2436 2149 2479 nihilque

1131 2486 1247 2525 phraeter
1271 2485 1420 2510 naturam
1445 2478 1474 2511 se
1497 2477 1616 2512 habens
1638 2482 1845 2521 invenimus,
1868 2482 1888 2514 ii
1902 2481 2053 2523 jecinoris
2077 2492 2149 2522 par-

1132 2520 1268 2553 ticulam
1294 2520 1436 2562 aliquam
1460 2523 1600 2564 excipias
1623 2522 1807 2565 subnigram
1822 2550 1830 2564 ,
1854 2525 2040 2568 itemquein
2062 2524 2147 2558 scro-

1133 2572 1170 2596 to
1194 2561 1404 2605 hydrocelem
1428 2567 1611 2607 geminam:
1634 2567 1728 2610 cujus
1751 2580 1825 2602 cum
1853 2569 1916 2601 tibi
1942 2570 2016 2603 alias
2042 2573 2055 2610 (
2078 2579 2109 2601 m
2131 2573 2146 2606 )

1134 2605 1388 2656 descriptionem
1412 2607 1574 2648 miserim,
1600 2609 1656 2645 hic
1679 2622 1743 2645 non
1766 2620 1894 2655 oportet
1918 2614 2034 2647 iterare
2058 2636 2065 2644 -
2100 2613 2145 2647 Et

1134 2651 1197 2684 Vir
1220 2650 1352 2692 quidem
1376 2652 1421 2684 ita
1449 2653 1478 2685 se
1501 2653 1640 2689 habuit.

1135 2733 1138 2735 v
1177 2703 1231 2737 35.
1253 2695 1457 2738 JUVENIS
1483 2707 1590 2731 autem
1613 2710 1713 2734 annos
1734 2709 1828 2735 natus
1841 2703 1961 2744 viginti
1976 2713 2144 2744 quatuor,

1134 2735 1281 2787 tot-osus,
1305 2747 1371 2771 arte
1395 2740 1554 2789 lanarius,
1578 2754 1651 2776 cum
1676 2755 1714 2776 ex
1737 2745 1804 2777 alto
1829 2745 2141 2788 paritercecidisset‚

1135 2791 1223 2814 intra
1248 2780 1344 2814 horas
1371 2793 1490 2824 pariter
1514 2796 1530 2816 a
1552 2785 1624 2818 casu
1648 2796 1788 2828 quatuor
1811 2789 1957 2823 interiit.
1992 2789 2059 2824 Hic
2091 2800 2144 2824 ta-

1137 2834 1208 2857 men
1221 2835 1306 2874 ‘cum
1330 2828 1471 2874 primum
1496 2827 1534 2860 ad
1559 2828 1680 2870 lapsum
1705 2830 1868 2864 accursum
1891 2830 1938 2865 est
1957 2854 1968 2869 ‚
2001 2835 2142 2868 interro—

1136 2868 1292 2917 gantibus
1314 2876 1425 2910 potuit
1451 2881 1550 2911 pauca
1574 2872 1784 2914 respondere:
1811 2874 1884 2908 dein
1906 2877 2067 2911 continuo
2090 2878 2142 2912 lo—

1131 2914 1188 2953 qui
1210 2910 1322 2945 defiit.
1457 2914 1727 2951 CADAVERlS
1771 2927 1859 2952 artus
1905 2930 1995 2954 erant
2040 2922 2142 2963 rigidi

1131 2956 1258 2989 duobus
1281 2966 1296 2987 a
1321 2957 1565 3002 morteexaffis
1587 2958 1723 2998 diebus;
1748 2963 1845 2995 tertio
1869 2972 1977 2997 autem
2002 2966 2137 3004 exaeto,

1132 3009 1198 3032 non
1223 2999 1379 3039 amplius.
1405 3001 1554 3043 sinciput
1580 3014 1596 3035 a
1620 3001 1753 3037 sinistris
1776 3017 1849 3039 cum
1873 3007 2012 3041 musculi
2037 3009 2139 3043 Tem-

1132 3043 1252 3084 poralis
1275 3052 1364 3091 parte
1389 3041 1593 3086 sugillatum.
1620 3047 1711 3080 Dum
1735 3051 1881 3082 cranium
1930 3052 2139 3086 circumseca-

1133 3095 1225 3123 rent,
1248 3084 1408 3128 sanguinis
1433 3098 1497 3120 non
1522 3099 1636 3129 parum
1657 3089 1808 3126 effluxit.
1832 3092 1939 3135 Cujus
1959 3104 2071 3128 tamen
2087 3097 2138 3128 in.

1132 3137 1181 3162 ter
1204 3127 1311 3178 fflqdst
1333 3132 1363 3162 δι
1386 3129 1534 3164 Crassam
1554 3134 1741 3176 meningem
1773 3145 1903 3170 tantum
1946 3137 2103 3180 superesse
2127 3163 2138 3178 ,

1131 3184 1209 3205 mox
1232 3172 1392 3212 vidimus,
1413 3184 1573 3222 quantum
1597 3179 1705 3211 uncias
1728 3186 1794 3212 tres
1815 3191 1966 3222 aequare‚
1989 3190 2044 3214 aut
2059 3193 2137 3224 qua-

1131 3226 1205 3249 tuor
1229 3213 1349 3258 posset.
1373 3218 1456 3251 Erat
1479 3227 1597 3258 niger,
1619 3222 1652 3253 δε
1682 3223 1717 3255 in
1762 3233 1894 3264 grumos
1931 3233 2101 3259 concretus
2126 3247 2136 3263 ,

1133 3270 1234 3302 neque
1258 3258 1459 3309 alibitquam
1482 3259 1607 3296 sinistro
1628 3265 1661 3296 in
1685 3265 1784 3299 latere
1807 3264 1893 3300 infra
1905 3278 1939 3300 os
1952 3267 2134 3310 sincipitis,

1134 3305 1165 3335 δε
1189 3302 1226 3336 ad
1249 3313 1351 3335 cranii
1375 3304 1495 3337 bafim.
1520 3305 1638 3348 Itaque
1659 3308 1693 3340 in
1717 3309 1924 3343 Lateralibus
1947 3312 2135 3345 ventriculis

1135 3357 1209 3395 curn
1233 3345 1332 3380 serum
1356 3346 1430 3381 esset
1453 3359 1517 3381 non
1542 3361 1703 3391 paucum,
1727 3352 1877 3385 nonnihil
1908 3354 2037 3396 quidem
2072 3364 2137 3388 tur-

1137 3390 1274 3428 bidum,
1298 3390 1346 3423 sed
1371 3391 1461 3424 nullo
1485 3392 1583 3426 modo
1605 3403 1772 3427 cruentum
1798 3397 1865 3429 vidi
1887 3421 1897 3430 .
1930 3397 2002 3431 Nec
2047 3398 2138 3432 valde

1139 3434 1296 3467 rubebant
1320 3434 1431 3476 plexus
1456 3435 1659 3469 Choroides:
1684 3437 1755 3471 vasa
1779 3448 1884 3473 tamen
1908 3450 1996 3474 erant
2018 3442 2051 3474 in
2074 3452 2139 3475 rne-

1140 3477 1292 3519 ningibus
1314 3476 1516 3519 turgidiora.
1542 3480 1625 3517 His;
1649 3490 1750 3523 neque
1773 3484 1860 3515 enim
1883 3484 1944 3517 alia
1956 3494 2045 3517 erant
2057 3496 2138 3528 prae-

1139 3529 1186 3554 ter
1211 3530 1358 3554 naturam
1383 3524 1466 3555 intra
1490 3525 1657 3561 cranium3
1682 3525 1905 3559 animadversis
1926 3551 1938 3568 ‚
1982 3531 2128 3563 cranium

1137 3563 1247 3614 ipsum·
1265 3564 1458 3614 inspiciens,
1480 3565 1617 3600 fissuram
1639 3579 1737 3611 quam
1760 3570 1793 3601 in
1816 3568 1939 3604 sinistro
1963 3572 2027 3605 osse
2039 3570 2141 3605 finci-

1136 3616 1215 3649 pitis
1237 3610 1446 3650 incipientem
1471 3609 1636 3650 videram,
1658 3613 1837 3654 persecutus
1855 3636 1868 3654 ‚
1898 3614 2050 3657 conspexi
2085 3627 2140 3657 per

1988 3657 2094 3700 subje-

93 3742 2131 3762 Q

144 3796 186 3829 (f
199 3800 213 3828 )
229 3799 299 3829 Epiri.
320 3808 353 3830 ¹3-
371 3808 396 3825 n.
416 3809 454 3826 ιο.

278 3832 282 3835 ,
739 3801 749 3832 ί
767 3801 782 3825 h
796 3799 806 3832 )
822 3807 849 3826 n;
865 3804 902 3827 16.

144 3827 155 3857 ί
174 3838 198 3854 m
213 3832 224 3862 )
240 3831 311 3860 Epist.
327 3839 367 3861 43.
383 3839 407 3857 n.
427 3839 464 3863 ις.

513 3797 679 3832 (ein-25-

964 3803 979 3832 (
994 3803 1003 3827 ἱ
1018 3801 1032 3831 )
1046 3809 1071 3828 ¹¹.
1088 3806 1110 3829 8·
1128 3806 1212 3832 initio.

1273 3802 1282 3832 (
1299 3802 1314 3826 k
1331 3802 1343 3831 )
1360 3806 1396 3828 De
1411 3804 1511 3829 Observ-
1527 3805 1595 3830 Med.
1613 3804 1634 3831 ἃ
1652 3809 1725 3832 Anat.
1742 3808 1814 3837 Epist.
1832 3817 1852 3835 ι.
1913 3814 1924 3837 (
1940 3813 1950 3837 l
1965 3814 1978 3842 )
1994 3822 2021 3839 n.
2039 3817 2077 3844 36.
