2498 4075
429 249 585 316 Epist.
622 247 782 300 Anat.
817 246 1032 300 Medica
1066 245 1219 298 XIX.
1258 243 1376 295 Art.
1413 258 1491 311 39.
1527 243 1583 296 ὅ(
1615 256 1698 307 40.

51 327 201 377 impuber
224 326 329 370 filius,
353 327 525 363 suffocatus
551 325 592 360 est
612 336 690 368 pyro
721 335 777 367 per
808 324 910 368 lusum
942 326 975 359 in
992 325 1049 368 su-

53 372 147 405 blime
166 371 285 412 sasiato
300 396 313 413 2
335 374 379 406 (9⁰
401 373 494 406 hiatu
516 372 580 405 oris
601 376 728 410 excepto
748 392 761 408 ‚
792 378 826 403 ut
851 368 948 402 tradit
973 371 1049 402 Sue-

51 415 160 447 tonius
182 414 287 457 (Ι),
310 427 364 449 aut
386 427 460 450 cum
484 414 606 458 juvenis
631 412 773 446 robustus
791 436 803 452 ‚
834 412 873 446 de
893 424 961 455 quo
993 411 1051 445 ha-

51 458 103 508 bes
126 458 160 490 in
185 458 394 501 Sepulchreto
415 463 429 499 (
450 467 464 491 t
486 463 525 499 )‚
547 455 681 490 frustulo
704 456 805 489 carnis
830 456 863 489 in
887 455 1050 499 laryngem

51 500 191 543 illapso,
213 504 245 535 &
269 502 349 536 hanc
372 512 478 536 totam
500 502 689 538 obturante,
704 497 811 539 subito
830 507 982 540 pereunte,
1003 509 1050 532 re-

42 544 215 588 spiratione
228 570 239 585 ,
262 556 433 591 antequam
459 544 665 578 advocaretur
686 541 877 585 chirurgus,
899 543 940 576 est
955 540 1053 586 suffo-

50 595 161 622 catus.
188 590 329 624 Utinam
351 588 498 624 rarissime
518 612 529 627 ‚
553 588 622 619 imo
645 597 806 629 nunquam
829 586 908 618 talia
932 584 1053 619 accide-

49 640 143 671 rent,
166 644 221 666 nec
244 634 359 667 celeres
382 632 460 666 adeo
482 639 600 664 mortes
623 630 660 662 ab
680 627 836 671 ejusmodi
868 629 958 662 causa
981 640 1053 662 nar-

49 675 162 710 randas
188 677 312 711 Petitus
343 676 525 717 Chirurgus
548 677 561 713 (
584 684 603 706 u
626 676 667 712 ),
698 676 731 706 s&
754 683 854 714 nuper
889 684 1016 715 quoque
1042 686 1051 709 ς

50 729 87 753 ut
110 719 189 753 alios
214 729 400 762 praeteream
422 732 433 757 5
468 717 605 751 Illustris
629 717 781 749 Hallerus
805 719 819 754 <
842 726 864 749 x
885 719 899 755 )
923 714 1051 749 habuis-

47 764 135 797 sent.
162 765 277 807 Itaque
299 762 478 797 mirandum
503 772 567 794 non
590 758 632 793 est
646 782 656 798 ‚
681 759 826 802 pluribus
848 781 858 796 ‚
883 760 967 792 inter
989 760 1052 793 Re-

47 808 205 841 centiores
231 809 346 844 etiarn,
372 816 407 841 ut
430 803 582 845 Dionifio
604 806 659 844 (y
681 808 719 843 ),
741 803 940 844 Langgutho
961 805 1051 845 (z),

47 851 120 884 aliis
145 849 292 892 placuisse
314 850 357 884 ob
380 849 442 883 hoc
465 859 566 883 unum
587 847 716 880 interire
739 845 900 888 suspensos
925 870 935 885 ‚
966 844 1057 888 quod

48 895 222 937 respiratio
246 896 488 934 intercipiatur,
513 894 548 924 in
574 889 767 933 eandemque
791 889 979 923 sententiam
1002 888 1056 921 de-

47 949 137 971 mum
162 938 264 972 Viros
286 937 521 971 Celeberrimos
543 932 693 971 transiisse
715 957 727 973 ,
756 933 872 976 quibus
896 941 984 965 antea
1007 933 1057 964 vi-

49 982 117 1016 sum
142 979 236 1021 esset,
261 995 277 1014 a
300 980 483 1015 constriffis
505 980 593 1012 venis
611 977 866 1023 Jugularibusid
890 977 999 1018 potius
1009 974 1056 1007 es-

49 1025 102 1065 se,
120 1035 222 1067 quam
246 1026 285 1058 ab
307 1024 468 1067 impedito
492 1023 571 1056 aeris
594 1022 673 1059 usu,
697 1019 922 1064 repetendum.
947 1020 993 1053 Et
1015 1029 1054 1050 ne

50 1068 136 1102 mihi
161 1067 299 1111 objicias
322 1079 397 1102 cum
422 1066 578 1110 Wepfero
601 1068 615 1106 (
636 1065 689 1107 a)
712 1088 721 1103 ‚
756 1063 817 1096 fine
841 1063 1054 1105 respiratione

49 1114 234 1147 urinatores
251 1135 260 1150 ,
283 1116 315 1146 &
338 1111 510 1154 hystericas
532 1111 638 1143 vivere
660 1119 674 1147 ;
704 1117 887 1150 quanquam
910 1105 967 1139 has
991 1116 1055 1138 non

47 1157 187 1190 omnino
219 1166 311 1198 negat
345 1154 494 1197 respirare
513 1173 522 1190 ‚
556 1151 607 1186 sed
631 1150 668 1184 ad
701 1150 824 1184 sensum
855 1150 1055 1187 dumtaxat3

48 1200 136 1234 scito
151 1224 161 1238 ,
199 1211 282 1235 nunc
305 1201 339 1232 in
364 1197 448 1232 hisce
472 1197 641 1230 immorari
666 1206 716 1228 me
740 1194 829 1227 nolle
852 1217 865 1234 ,
896 1204 996 1236 neque
1018 1192 1056 1225 de

45 1245 209 1287 praecipua
247 1242 395 1286 inspirati
417 1243 497 1274 aeris
521 1241 662 1275 utilitate
691 1237 851 1280 disputare
875 1249 884 1274 ς
921 1236 971 1270 sed
995 1236 1057 1269 hoc

48 1297 176 1327 tantum
200 1287 303 1321 dicere
319 1311 331 1327 ‚
354 1286 376 1320 fi
400 1285 546 1319 vasorum
566 1308 578 1324 ‚
600 1293 832 1323 nervorumque
856 1279 949 1314 simul
973 1278 1058 1313 faeta

48 1331 232 1373 compreffio
262 1341 327 1364 non
361 1341 433 1364 eum
466 1328 539 1361 satis
571 1326 716 1360 credatur
751 1324 899 1359 effustum
924 1347 936 1363 ,
970 1323 1060 1365 cujus

48 1376 172 1410 causam
195 1376 370 1419 quaerimus
393 1396 402 1410 ‚
439 1384 493 1415 per
517 1371 546 1405 se
570 1368 764 1414 produetura
787 1381 798 1407 ς
832 1377 864 1401 at
888 1366 1061 1408 produfm-

48 1431 116 1453 ram
138 1417 218 1459 esse,
242 1418 298 1453 ubi
321 1416 513 1451 constriffio
534 1414 645 1448 eodem
669 1423 813 1455 tempore
823 1410 950 1444 accedat
974 1419 1058 1443 arte-

48 1464 106 1497 riae
128 1461 279 1505 Asperae.
305 1462 366 1494 Illa
389 1461 473 1492 enim
496 1459 658 1500 sanguinis
682 1467 737 1500 per
767 1456 931 1489 cerebrum
953 1455 1057 1488 circu-

48 1508 153 1542 latio,
177 1517 248 1549 quae
275 1504 490 1539 Carotidibus
520 1503 670 1541 arteriis,
694 1499 944 1544 &Jugularibus
967 1498 1055 1531 venis

48 1549 199 1584 omnibus
221 1547 426 1590 compressis,
449 1547 505 1579 vix
529 1556 583 1587 per
607 1543 810 1578 Vertebrales
828 1543 980 1581 arterias,
1003 1552 1057 1572 ve-

45 1594 162 1636 nasque
186 1591 300 1626 servari
324 1591 543 1634 quadantenus
567 1587 699 1629 potest3
733 1586 755 1620 fi
778 1586 947 1628 respiratio
979 1595 1059 1627 pro-

45 1637 198 1672 hibeatur
219 1659 228 1674 ‚
262 1635 482 1679 ipsa'quoque
514 1630 608 1664 facile
631 1629 825 1672 prohibetur
846 1654 870 1663 ‚s
887 1628 1057 1663 Dilatante

29 1682 135 1724 renim
157 1679 187 1713 se
209 1691 276 1711 aere
300 1690 316 1710 a
340 1675 546 1722 pulmonibus
570 1673 733 1707 novissime
756 1671 895 1712 hausto,
917 1674 950 1705 &
974 1684 1058 1715 quo-

45 1726 135 1758 niam
159 1734 175 1756 a
196 1722 303 1755 calido
326 1732 363 1752 eo
395 1720 470 1753 loco
492 1729 557 1761 jam
581 1716 682 1750 redire
705 1739 714 1753 ,
748 1726 783 1750 ut
807 1716 926 1749 solebat
948 1741 958 1757 ,
992 1726 1058 1748 non

45 1765 152 1811 potest
173 1789 183 1804 ,
215 1763 353 1797 validius
378 1764 513 1796 minima
537 1760 662 1794 vascula
692 1761 925 1801 comprimente
948 1782 956 1798 ‚
988 1770 1060 1802 quae

43 1822 103 1854 per
126 1821 180 1842 eos
214 1808 398 1851 sanguinem
432 1805 642 1845 traducunt,
674 1803 815 1837 subsistat
860 1801 914 1836 hic
948 1814 1062 1845 magna

45 1866 85 1888 ex
107 1862 196 1896 parte
220 1854 253 1885 in
278 1850 510 1894 pulmonibus,
535 1852 568 1882 &
591 1847 771 1881 ventriculo
792 1845 897 1880 cordis
908 1845 1060 1884 dextero,

46 1901 79 1932 &
103 1908 180 1930 vena
202 1897 315 1936 Cava,
340 1893 455 1928 necesse
478 1892 545 1933 est,
570 1901 605 1925 ut
631 1890 736 1934 reapse
759 1891 794 1924 in
818 1891 1067 1929 animantibus,

45 1939 220 1974 intercluso
243 1938 362 1981 spiritu
385 1937 525 1971 mortuis
543 1958 553 1973 ‚
587 1934 738 1968 Thomas
760 1934 933 1968 Cornelius
969 1932 1023 1975 (b
1044 1937 1058 1973 )

45 1982 277 2027 deprehendit.
303 1983 384 2021 Qo
408 1980 497 2014 fae‘to
517 2001 526 2015 ‚
549 1977 641 2012 simul
667 1979 790 2011 arteriis
814 1976 1057 2012 Vei-tebralibus

45 2027 247 2063 subtrahitur
270 2025 396 2068 sanguis
414 2049 427 2065 ,
460 2034 556 2066 quem
580 2020 618 2055 ad
642 2022 806 2056 cerebrum
839 2019 1022 2054 convehant
1040 2044 1058 2060 .‚

44 2070 139 2105 simul
163 2070 267 2108 venis,
296 2079 404 2103 earum
428 2066 523 2106 sociis
544 2089 557 2106 ,
578 2064 759 2105 >difficilior
784 2064 822 2098 fit
854 2063 922 2107 ejus
945 2065 1000 2106 qui
1026 2064 1060 2096 in

44 2115 210 2150 cerebrum
233 2113 431 2152 influxerat,
455 2110 618 2151 sanguinis
642 2111 676 2143 in
701 2109 885 2143 Subclavias
916 2117 1059 2148 reporta-

45 2160 120 2199 tio,'
144 2161 261 2200 quippe
284 2159 374 2190 Cava
398 2157 432 2188 in
455 2165 552 2196 quain
576 2153 625 2186 hae
649 2152 843 2190 confluunt,
866 2163 882 2183 a
899 2149 1060 2183 subsisten-

44 2210 100 2242 te³
124 2211 160 2235 ut
184 2202 350 2239 diximus,
376 2198 525 2240 sanguine
550 2195 627 2229 adeo
648 2195 810 2233 distenta,
834 2203 870 2226 ut
894 2193 1060 2226 interdum

44 2247 81 2279 in
105 2245 306 2286 strangulatis
330 2242 523 2274 animalibus
545 2261 554 2276 ‚
578 2250 616 2271 ex
637 2237 787 2284 Cornelii
811 2235 951 2277 ejusdem
975 2239 988 2275 (
1008 2248 1023 2268 c
1046 2240 1060 2275 )

46 2288 296 2326 observatione,
319 2284 559 2326 disrumpatur.
584 2282 657 2314 Nec
680 2291 745 2323 Jam
769 2279 844 2312 dico
864 2302 873 2316 ‚
908 2290 962 2321 per
986 2279 1059 2320 pul-

47 2343 157 2365 mones
182 2342 247 2364 non
270 2328 459 2370 respirantes
482 2326 589 2360 statim
623 2323 707 2357 nihil
732 2322 894 2366 sanguinis
917 2323 1056 2354 omnino

47 2374 206 2414 transire;
221 2372 281 2407 ,sed
306 2373 436 2411 minus,
459 2372 491 2403 &
515 2369 662 2410 deinceps
686 2367 791 2400 minus
815 2388 824 2403 ‚
849 2365 1017 2407 minusque
1045 2390 1054 2404 ‚

46 2428 84 2453 ut
107 2417 196 2461 quod
222 2415 333 2449 transit
348 2437 357 2452 ‚
381 2411 537 2448 servandae
561 2411 766 2444 circulationi
798 2420 862 2441 non
886 2407 1021 2441 sufficiat
1044 2420 1057 2447 ,-

46 2473 148 2504 neque
172 2460 256 2493 enim
279 2469 356 2492 tunc
375 2480 387 2497 ,
420 2466 455 2490 ut
481 2456 514 2488 in
539 2453 788 2496 haemorrhagiis
808 2476 820 2492 ,
854 2462 980 2493 tempus
1015 2452 1059 2485 est

44 2517 111 2549 quo
134 2504 162 2538 se
187 2503 306 2536 arteriae
331 2499 439 2534 sensim
463 2500 565 2541 magis
582 2524 589 2537 ‚
613 2494 1002 2540 magisquecontraliant,
1026 2498 1058 2528 δε

47 2549 85 2582 ad
109 2545 272 2589 modicam
294 2543 558 2585 illamsanguinis
570 2543 698 2583 copiam
724 2541 752 2574 se
776 2538 1020 2572 accommodent
1045 2550 1057 2577 ς

46 2591 98 2625 sed
122 2593 242 2623 interea
265 2588 376 2622 dexter
399 2585 507 2620 cordis
530 2585 727 2619 ventriculus
740 2582 820 2616 adeo
844 2581 994 2625 sanguine
1006 2581 1057 2614 di-

44 2635 191 2672 latatur,
216 2643 252 2667 ut
275 2644 353 2665 mox
375 2630 588 2672 constringere
621 2627 650 2661 se
674 2639 738 2660 non
770 2625 863 2669 poffit
885 2649 896 2664 ‚
928 2636 983 2658 nec
1008 2626 1055 2658 vel

45 2679 197 2721 exiguam
219 2678 350 2719 copiam
373 2673 534 2716 sanguinis
558 2683 612 2715 per
635 2672 803 2715 pulmones
827 2669 865 2704 ad
875 2667 1057 2714 sinistrum,

45 2722 239 2764 arteriasque
261 2719 471 2761 compellere.
497 2715 598 2754 Quod
620 2716 643 2750 fi
659 2717 762 2758 igitur
785 2712 942 2756 impedita
959 2714 1057 2754 respi-

44 2767 132 2799 ratio
161 2764 423 2798 circumitionem
457 2760 620 2803 sanguinis
654 2771 709 2803 per
743 2758 772 2792 se
795 2756 935 2800 impedit
968 2757 1056 2789 intra

45 2810 140 2842 breve
164 2817 291 2849 tempus
314 2820 323 2844 3
356 2807 440 2839 intra
466 2804 679 2838 breviffimum
702 2801 858 2845 impediet
882 2811 938 2842 per
971 2811 1057 2832 cere-

45 2854 141 2886 brum
164 2860 275 2884 torum
297 2852 332 2883 in
355 2849 471 2892 quibus
494 2848 538 2880 ob
561 2846 735 2880 Carotides
757 2870 770 2886 ,
793 2848 825 2878 δε
844 2843 1020 2889 jugulares
1045 2866 1057 2882 ‚

44 2895 158 2930 eodem
181 2904 324 2935 tempore
346 2893 459 2936 laqueo
482 2890 686 2930 consti-istas,
710 2892 764 2922 vix
777 2898 904 2921 rantum
927 2886 1057 2929 sangui-

43 2941 95 2974 nis
119 2938 203 2972 illud
224 2937 383 2976 habebat,
404 2946 440 2969 ut
464 2946 517 2977 per
541 2934 743 2967 Vertebrales
768 2932 898 2965 arterias
913 2953 925 2970 ,
949 2930 1056 2963 venas·

44 2994 106 3027 que
143 2981 275 3015 servaret
306 2979 524 3022 quadantenus
559 2979 819 3012 circumitionem
845 3001 853 3008 .
889 2973 1056 3016 Siquando

45 3036 152 3061 autem
176 3024 360 3069 priusquam
386 3022 532 3055 transitus
566 3022 726 3064 sanguinis
750 3031 804 3062 per
828 3019 992 3061 pulmones
1014 3029 1052 3050 o-

44 3071 159 3104 mnino
183 3067 400 3110 impediatur,
423 3066 507 3098 forte
530 3067 723 3108 contingat,
748 3073 783 3098 ut
807 3064 849 3096 ob
873 3074 921 3096 eas
944 3061 1051 3095 Causas

43 3125 115 3158 quae
140 3111 231 3153 supra
257 3111 311 3153 (d
331 3114 345 3150 )
367 3119 621 3143 commemoratae
646 3109 717 3143 sunt
740 3131 749 3145 ‚
775 3105 900 3150 aliquid
924 3105 1050 3147 sangui-

44 3160 95 3192 nis
117 3156 249 3190 infiuere
275 3164 353 3187 tunc
385 3162 493 3195 pergat
517 3163 572 3195 per
608 3151 778 3186 Carotides
803 3153 908 3184 minus
929 3148 1055 3192 *adstri-

44 3201 134 3241 διες,
155 3209 253 3242 quam
274 3197 336 3231 sint
355 3196 521 3240 Jugulares
548 3208 557 3233 3
591 3207 656 3229 non
680 3195 779 3229 modo
804 3194 966 3236 sanguinis
990 3193 1052 3226 cir-

45 3244 188 3279 cumitio
211 3253 266 3285 per
289 3241 454 3274 cerebrum
479 3238 637 3279 subsistet3
662 3240 713 3273 sed
737 3238 801 3282 ipse
826 3250 859 3271 ea
882 3239 975 3280 copia
999 3247 1055 3270 cu-

46 3288 222 3322 mulabitur
238 3311 248 3325 ,
271 3286 353 3320 unde
378 3294 454 3315 mox
474 3283 542 3316 vasa
566 3283 827 3326 disrumpantur,
850 3282 938 3316 velut
962 3283 997 3313 in
1020 3292 1054 3314 ea

45 3332 177 3367 muliere
199 3341 295 3373 quam
320 3327 383 3360 viri
407 3326 473 3360 duo
491 3349 503 3366 ,
524 3335 560 3360 ut
583 3337 674 3361 antea
696 3332 710 3367 (
731 3340 747 3362 e
769 3330 784 3366 )
808 3326 944 3359 relatum
979 3323 1020 3357 est
1043 3347 1055 3363 ,

45 3374 190 3409 manibus
202 3372 379 3406 constristo
390 3370 501 3409 cono,
525 3369 811 3413 strangulaverant.
838 3372 876 3402 In
900 3369 956 3402 illa
969 3369 1056 3401 enim

45 3420 226 3461 sanguinem
250 3415 384 3450 effusum
408 3413 501 3460 supra
521 3411 617 3447 basim
639 3416 762 3454 cranii,
786 3416 818 3447 δε
844 3414 877 3446 in
897 3413 1056 3446 ventricu-

47 3465 87 3497 lis
109 3462 231 3495 invenit
256 3461 420 3494 Littrius:
446 3467 538 3498 cujus
562 3459 743 3500 explicatio
778 3467 842 3490 non
865 3458 912 3490 ita
934 3455 1054 3489 discre-

46 3516 102 3549 pat
125 3506 163 3539 ab
186 3505 244 3538 hac
268 3502 370 3537 nostra
393 3527 401 3534 .
438 3499 615 3534 Secundum
639 3514 734 3545 quam
756 3501 839 3534 illud
863 3501 979 3543 pariter
1001 3500 1052 3533 in-

47 3550 154 3593 telligi
179 3550 276 3584 licet,
300 3559 356 3581 cur
379 3547 413 3579 in
438 3542 586 3586 suspenso
609 3544 700 3586 fure,
721 3556 814 3589 quem
843 3547 951 3578 Petrus
964 3544 1054 3578 Nan-

46 3595 139 3633 nius,
162 3604 233 3626 cum
259 3591 416 3625 Bononiae
442 3587 570 3621 essemus
589 3611 599 3627 ,
632 3588 800 3629 dissecuit,
824 3589 918 3622 Sinus
940 3598 1053 3631 ruptus

132 3636 299 3678 Morgiifni
311 3636 346 3668 de
357 3634 422 3667 scd.
441 3636 483 3668 σῇ»
494 3631 580 3673 Carisi
595 3632 697 3664 Morb.
712 3635 812 3666 Tom.
829 3634 856 3665 Ι.

1949 241 2035 300 185

1100 322 1173 358 esset
1196 321 1443 363 Longitudinalis
1467 320 1623 363 meningis
1645 318 1809 353 Craffioris
1832 333 1839 354 .·
1865 320 2032 362 multoque
2056 327 2101 349 εε-

1101 369 1167 400 iam
1189 365 1314 404 magis,
1335 375 1392 398 cur
1416 363 1577 397 Lancifius
1599 359 1683 404 (f)
1706 363 1738 395 in
1764 364 1961 407 strangulatis
1985 360 2100 395 viderit

1097 409 1214 452 punb't'a
1230 407 1401 450 sanguinea
1417 406 1511 450 ficiffo
1534 407 1655 450 agmine
1677 406 1838 440 candidam
1862 405 1998 442 medullae
2018 414 2102 436 cere-

1102 455 1150 488 bri
1168 451 1374 495 substantiam
1396 451 1578 493 variegare:
1602 448 1721 492 nosque
1743 449 1801 492 ipsi
1826 450 1880 483 illa
1900 449 2008 483 omnia
2032 456 2102 490 quae

1102 496 1140 531 ad
1165 506 1196 530 te
1219 495 1297 542 alias
1321 497 1374 536 (g
1395 497 1408 533 )
1432 492 1632 536 scripsimus,
1658 494 1690 525 in
1711 494 1861 530 cerebro,
1886 496 1918 526 &
1942 490 2105 535 pulmoni-

1103 542 1161 574 bus
1191 537 1356 580 cujusdam
1380 538 1517 569 maniaci
1541 559 1551 575 ‚
1583 547 1678 580 quem
1702 537 1814 571 eodem
1845 537 1960 569 mortis
1993 543 2104 578 genere

1105 582 1286 618 extinfmm
1309 578 1391 619 esse,
1415 580 1562 623 pleraque
1584 579 1786 613 indicabant.
2099 612 2101 615 ,

1150 639 1198 667 39.
1225 626 1329 658 Locus
1354 622 1407 657 hic
1441 622 1514 657 esset
1537 623 1576 657 de
1608 624 1648 656 iis
1671 624 1771 656 etiam
1804 623 1896 656 verba
1929 619 2066 654 faciendi
2091 641 2100 657 ‚

1105 679 1242 714 quorum
1267 668 1386 702 subitas
1411 676 1529 700 mortes
1554 679 1570 700 a
1593 665 1734 700 densiore
1752 689 1765 707 ,
1787 675 1840 700 aut
1863 667 1983 699 rariore
2005 663 2108 705 inspi-

1104 723 1176 747 rato
1200 722 1268 745 aere
1292 712 1435 754 plerique
1459 718 1606 753 repetunt
1621 734 1632 750 ,
1654 710 1715 742 illo
1737 709 1908 748 videlicet,
1931 720 1996 742 non
2021 707 2106 741 secus

1105 757 1241 798 denique
1265 766 1299 788 ac
1322 755 1418 797 paulo
1441 762 1513 787 ante
1535 753 1740 794 dicebamus,
1763 755 1896 789 minima
1920 752 2111 795 pulmonum

1105 799 1229 833 vascula
1252 798 1512 840 constringente,
1535 796 1600 830 hoc
1621 808 1697 829 vero
1707 798 1813 830 eadem
1837 809 1899 830 non
1911 796 2111 838 explicante,

1107 840 1377 880 utconcidentia‚
1401 853 1435 875 ac
1459 850 1630 884 corrugata
1655 842 1789 874 minime
1802 842 1985 881 sanguinem
2008 836 2109 871 trans-

1109 888 1242 923 mittant
1266 897 1274 917 :
1310 895 1491 929 quanquam
1527 885 1581 917 Cl.
1618 881 1865 917 Greenxvoodii‘
1883 880 2111 924 experimentis

1108 936 1124 975 (
1143 930 1163 964 h
1185 932 1198 968 )
1220 940 1317 972 neque
1342 928 1519 968 densitate,
1543 936 1597 961 aut
1619 929 1775 969 gravitate
1786 951 1807 968 ,k
1822 939 1920 970 neque
1932 924 2113 960 humidita-

1107 987 1163 1013 te,
1185 984 1285 1016 neque
1307 972 1493 1006 elasticitate
1515 983 1531 1003 a
1563 972 1729 1004 communi
1754 983 1820 1004 aere
1856 971 2028 1013 discrepare
2052 979 2113 1010 pu-

1108 1019 1152 1052 tei
1177 1027 1227 1049 aer
1248 1017 1395 1049 inventus
1418 1015 1483 1053 est,
1508 1016 1542 1047 in
1564 1026 1660 1057 quem
1683 1014 1903 1048 descendentes
1929 1015 2078 1047 homines
2100 1034 2113 1051 ,

1110 1069 1164 1096 aut
1186 1057 1325 1093 demiffae
1350 1058 1463 1092 faculae
1475 1057 1620 1091 citiffime
1634 1059 1919 1100 extinguebantur.
1946 1056 2003 1090 Sed
2027 1067 2112 1099 quo-

1109 1107 1196 1140 niam
1219 1101 1275 1135 etsi
1297 1101 1451 1144 ejusmodi
1475 1110 1594 1134 mortes
1619 1112 1683 1133 non
1707 1112 1780 1133 raro
1803 1102 1970 1139 accidant,
1992 1102 2024 1132 δε
2048 1097 2115 1140 ipse

1107 1152 1150 1184 A.
1179 1157 1271 1190 1731.
1297 1157 1355 1188 pro
1379 1147 1473 1178 Sacro
1487 1145 1716 1177 Patavinorum
1738 1145 1945 1178 Medicorum
1957 1142 2116 1182 Collegio

1107 1191 1189 1237 quid
1213 1189 1391 1232 agendum,
1416 1187 1656 1230 responderim,
1679 1198 1717 1220 ne
1740 1188 1774 1220 in
1786 1187 1987 1230 sepulchrum
2009 1183 2118 1228 quod-

1110 1239 1183 1271 dam
1205 1233 1385 1268 Atestinurn
1406 1230 1668 1266 descendentibus
1700 1230 1734 1264 id
1758 1232 1894 1273 amplius
1917 1230 2119 1272 contingeret

1110 1278 1198 1324 quod
1221 1277 1324 1311 tribus
1347 1288 1446 1320 nuper
1468 1274 1625 1308 acciderat
1645 1297 1657 1313 ,
1681 1284 1718 1308 ut
1741 1276 1899 1308 continuo
1925 1271 2118 1308 suffocaren-

1112 1334 1192 1361 tur3
1217 1331 1323 1356 tamen
1346 1322 1422 1364 quia
1446 1319 1573 1354 nullum
1596 1316 1755 1361 ejusmodi
1779 1318 1872 1352 letho
1885 1317 2002 1352 sublati
2026 1315 2119 1349 cada-

1114 1378 1167 1400 ver
1190 1363 1298 1405 mihi,
1322 1373 1377 1398 aut
1389 1362 1702 1397 Valsalvaeoblatum
1727 1362 1792 1402 est,
1816 1364 1849 1396 in
1862 1359 2119 1405 quoviscerum,

1113 1414 1147 1445 &
1171 1410 1332 1452 sanguinis
1355 1407 1622 1441 constitutionem
1643 1405 1912 1447 perscrutaremur
1935 1417 1945 1443 3
1970 1403 2122 1447 disquisi-

1110 1457 1233 1488 tionem
1256 1452 1336 1487 hanc
1359 1453 1393 1485 in
1419 1450 1582 1494 praesentia
1595 1449 1758 1482 transilio.
1785 1450 1884 1490 Qud
1899 1448 2018 1482 siforte
2033 1459 2124 1490 quae-

1109 1500 1175 1537 ris,
1198 1508 1255 1531 cur
1278 1493 1448 1531 suffocatos
1474 1495 1550 1527 illos
1572 1502 1635 1526 tres
1647 1492 1807 1531 dixerim3
1834 1505 1945 1533 nempe
1970 1490 2124 1525 dixitum

1108 1542 1184 1585 quia
1210 1549 1282 1573 ante
1303 1541 1446 1583 quinque
1466 1561 1473 1583 2
1507 1546 1563 1571 aut
1588 1535 1640 1571 sex
1664 1537 1783 1570 menses
1805 1536 1942 1578 vespillo
1962 1558 1974 1575 ,
2007 1535 2065 1577 qui
2088 1535 2125 1566 in

1108 1585 1196 1618 idem
1218 1583 1418 1626 sepulchrum
1429 1580 1629 1616 descenderat
1642 1602 1653 1617 ,
1675 1581 1768 1614 illico
1788 1579 2007 1622 respirationis
2024 1588 2127 1621 angu-

1109 1629 1166 1662 stia
1189 1636 1357 1669 correptus
1381 1626 1483 1660 fuerat
1505 1648 1517 1666 ,
1542 1634 1615 1658 tuin
1638 1624 1738 1658 etiam
1761 1624 1837 1666 quia
1859 1624 1994 1656 illorum
2020 1624 2124 1655 trium

1110 1673 1227 1715 aliquis
1241 1695 1251 1710 ,
1274 1670 1401 1705 ululatu
1411 1668 1552 1714 quodam
1565 1666 1698 1709 emisso,
1723 1667 1839 1710 reliqui
1854 1678 1918 1700 non
1932 1666 2002 1700 aliis
2028 1666 2129 1699 moti-

1111 1717 1170 1750 bus
1193 1715 1287 1749 editis
1297 1725 1393 1757 quain
1415 1714 1471 1757 qui
1489 1711 1706 1754 suffocantur,
1732 1712 1856 1745 mortui
1877 1710 1971 1748 sunt,
1995 1709 2130 1753 quidam

1113 1761 1210 1793 eriam
1243 1757 1348 1791 livido
1371 1759 1527 1800 nigroque
1557 1767 1691 1800 corpore
1711 1779 1719 1787 .
1755 1755 1874 1798 Neque
1897 1754 1990 1787 aliter
2027 1753 2128 1786 ferme

1114 1815 1189 1838 curn
1212 1801 1320 1835 decem
1344 1801 1410 1834 illis
1434 1801 1539 1834 aetum
1564 1801 1605 1834 esst
1628 1800 1685 1843 qui
1710 1801 1751 1832 A.
1783 1809 1874 1842 1724.
1901 1799 2040 1831 Veronae
2064 1797 2129 1830 cel-

1115 1848 1179 1880 lam
1202 1846 1379 1883 vinariam,
1406 1844 1559 1878 ferventis
1581 1855 1649 1878 uvae
1674 1842 1829 1877 halitibus
1855 1842 2011 1886 plenam,
2046 1852 2131 1875 unus.

1116 1890 1184 1932 post
1207 1890 1308 1923 alium
1333 1887 1455 1931 ingressi
1472 1911 1480 1926 ‚
1503 1887 1590 1920 idem
1614 1886 1719 1922 fatum
1745 1886 1888 1926 subiere,
1911 1896 1988 1920 cum
2009 1886 2065 1918 alii
2090 1897 2131 1918 uo

1111 1934 1245 1967 lulantis
1258 1957 1269 1973 ‚
1294 1930 1508 1978 miigientisve
1521 1930 1631 1966 sonum
1644 1930 1813 1966 edidissent
1824 1954 1836 1971 ‚
1861 1930 2005 1972 plerique
2020 1939 2131 1963 autent

1112 1989 1191 2010 mox
1216 1977 1308 2022 humi
1332 1974 1360 2022 se
1384 1975 1412 2008 se
1434 1975 1609 2018 jassarent‚
1634 1984 1728 2018 atque
1753 1976 1911 2018 agitarent
1945 1984 2057 2007 eorum·
2077 1974 2133 2006 irs-2

1113 2021 1172 2055 star
1196 2022 1254 2064 qui
1279 2019 1495 2052 suffocantur.
1523 2018 1583 2052 Sed
1607 2022 1639 2052 ὃς
1663 2020 1697 2051 in
1721 2029 1816 2053 antro
1838 2016 1925 2063 quod
1951 2030 1965 2050 a
1989 2018 2130 2050 canibus·

1113 2075 1231 2099 nomen
1258 2061 1341 2105 apud
1366 2062 1603 2104 Neapolitanos
1628 2064 1775 2106 accepit,
1799 2063 1892 2096 illico
1917 2061 2027 2096 bestias
2049 2072 2137 2096 conv

1112 2108 1218 2141 cidere
1242 2116 1307 2138 non
1329 2104 1415 2153 secus
1439 2116 1473 2138 ac
1495 2105 1518 2139 si
1542 2105 1637 2140 essent
1661 2116 1818 2145 mortuae,
1843 2105 1901 2140 nisi
1913 2106 2001 2151 quod
2025 2114 2132 2141 meino

1113 2152 1170 2184 bra
1193 2151 1350 2198 pleraeque
1372 2149 1546 2192 passando,
1568 2150 1679 2184 misere
1703 2150 1731 2184 se
1754 2159 1975 2195 contorquent
1995 2175 2007 2192 ,
2030 2163 2128 2193 expe-

1114 2196 1262 2227 timentis
1286 2192 1348 2226 suis
1372 2191 1503 2227 edoaus
1530 2193 1715 2227 Leonardus
1728 2195 1900 2237 Capuanus
1923 2198 1937 2236 (
1960 2196 1973 2229 i
1993 2199 2008 2235 >
2032 2195 2132 2228 testa-

1114 2247 1168 2271 tur
1185 2262 1193 2268 .
1217 2238 1263 2282 Et
1286 2247 1323 2268 ne
1348 2235 1437 2268 forte
1460 2245 1550 2278 putes
1574 2261 1587 2277 ‚
1611 2237 1665 2270 has
1686 2238 1909 2272 membrorum
1933 2241 2128 2283 agitationes

1113 2279 1316 2313 convulsivos
1352 2280 1460 2321 potius
1483 2279 1526 2312 ob
1559 2280 1706 2314 affestum
1738 2283 1893 2322 primario
1926 2283 2091 2317 cerebrum
2114 2307 2127 2323 ,

1111 2335 1211 2366 quarn
1232 2322 1405 2356 consuetos
1436 2322 1494 2356 esse
1520 2332 1628 2357 motus
1663 2326 1696 2357 in
1720 2324 1763 2357 iis
1796 2326 1853 2369 qui
1878 2325 1906 2358 se
1941 2325 2089 2360 suffocari
2119 2352 2129 2366 ‚

1113 2368 1280 2405 sentiunt3
1304 2364 1520 2414 animadverte
1552 2378 1623 2409 quae
1647 2366 1730 2410 apud
1753 2369 1958 2403 Leonardum
1993 2369 2130 2413 sequun-

1113 2419 1189 2444 tur.-
1214 2409 1351 2443 tetrafita
1383 2409 1457 2443 inde
1482 2410 1635 2444 semiviva
1669 2412 1820 2446 animalia
1845 2413 1878 2445 in
1904 2425 2005 2447 aerem
2031 2416 2128 2447 inno-

1111 2455 1233 2494 xium,
1257 2455 1301 2485 ita
1324 2452 1472 2493 restitui,
1496 2463 1531 2487 ut
1555 2453 1577 2486 ii
1602 2453 1686 2488 nihil
1711 2455 1788 2488 mali
1811 2454 1892 2498 passa
1903 2457 2026 2491 essent:
2052 2469 2126 2501 qure

1111 2507 1227 2546 natura
1251 2506 1316 2528 non
1341 2497 1522 2538 respirant,
1546 2508 1580 2529 ea
1604 2498 1637 2530 in
1662 2507 1754 2530 antro
1778 2499 1873 2534 serius
1889 2525 1896 2538 ,
1921 2503 1953 2534 ἃ
1977 2503 2032 2535 vix
2055 2512 2138 2534 mo-v

1111 2552 1161 2573 ri:
1186 2551 1296 2572 canem
1321 2564 1330 2579 ‚
1365 2541 1397 2589 .&
1423 2550 1510 2573 ranas
1534 2540 1568 2573 in
1601 2552 1639 2574 eo
1664 2550 1806 2577 mortuas
1826 2568 1839 2585 ,
1870 2545 1965 2578 illum
1993 2545 2124 2590 quidem

1111 2584 1297 2633 contra&os
1330 2583 1532 2625 aliquantum
1568 2585 1764 2626 pulmones,
1798 2587 1853 2622 his
1892 2600 1966 2622 vero
1998 2589 2125 2624 eosdem

1109 2627 1337 2663 concidentes,
1361 2626 1501 2670 aerisque
1525 2628 1633 2662 inanes
1657 2629 1817 2665 habuisse.
1842 2633 1926 2675 Qec
1950 2635 2058 2667 omnia
2075 2642 2126 2666 at-

1110 2673 1231 2713 tingere
1257 2670 1310 2703 hic
1334 2669 1421 2703 volui
1443 2693 1456 2710 ,
1488 2682 1525 2704 ne
1548 2670 1642 2705 facile
1665 2673 1771 2708 credas
1794 2688 1864 2719 quae
1905 2677 1987 2720 seges
2012 2679 2045 2710 in
2069 2680 2126 2713 Se-

1111 2714 1283 2757 pulchreto
1307 2719 1318 2755 (
1340 2713 1393 2764 le.)
1416 2727 1422 2747 .·
1457 2716 1513 2758 qui
1538 2715 1585 2749 vel
1611 2717 1706 2751 musti
1739 2720 1931 2760 vaporibus,
1957 2721 2003 2753 vel
2029 2721 2123 2756 fumo

1110 2758 1287 2808 carbonum
1307 2768 1545 2808 'extinguuntur
1563 2783 1575 2799 ,
1600 2772 1653 2793 eos
1674 2760 1876 2804 placidtffimt‘
1899 2765 1979 2797 mori
2001 2778 2009 2797 :
2043 2768 2124 2807 quod

1110 2801 1241 2835 cambus
1259 2810 1418 2853 *etiarn-tn
1441 2811 1531 2836 antro
1552 2803 1608 2836 illo
1619 2804 1701 2837 άίἑῖο
1724 2828 1751 2845 ,,
1776 2802 1805 2839 sa
1821 2816 1928 2848 grotta
1951 2806 2081 2841 ele'cani
2094 2832 2120 2849 ‚,

1112 2846 1298 2895 usupenzt:
1321 2856 1379 2893 qui
1405 2856 1516 2879 omnes
1540 2844 1563 2878 fi
1586 2857 1625 2879 ex
1650 2847 1842 2889 pulmonum
1862 2875 1870 2887 ,
1907 2860 1972 2883 non
1996 2853 2119 2885 cerebri

1112 2898 1222 2931 potius
1245 2887 1415 2923 affeetione
1440 2899 1671 2931 morerentur,
1702 2901 1746 2924 nae
1768 2891 1819 2925 illi
1850 2893 2049 2928 brachiorum
2067 2897 2120 2937 ja-

1108 2933 1245 2982 citatione
1256 2957 1269 2973 ,
1295 2932 1445 2966 tibiarum
1469 2933 1656 2966 attraffione
1683 2956 1692 2972 ‚
1718 2936 1760 2968 ⁴:²9*
1783 2936 1884 2969 totius
1906 2940 2044 2975 corporis
2067 2940 2119 2973 de-

1108 2987 1199 3018 mque
1222 2976 1394 3019 agitatione
1417 2984 1509 3018 arque
1531 2975 1633 3010 labore
1655 2977 1890 3017 molestarentur
1910 3004 1917 3011 .
1944 2981 2025 3015 Haec
2049 2983 2115 3015 ibi.

1105 3021 1269 3069 Caeterum
1293 3030 1393 3061 neque
1416 3019 1449 3050 in
1474 3028 1568 3052 antro
1593 3020 1654 3052 illo
1677 3032 1808 3064 vapores
1833 3023 1977 3057 lethiferi
2003 3026 2118 3061 altitu-

1103 3062 1212 3098 dinem
1236 3063 1383 3096 mercurii
1407 3072 1531 3096 mutant
1565 3063 1599 3096 in
1622 3063 1805 3098 barometro
1830 3072 1839 3106 (
1864 3067 1910 3108 l)
1931 3080 1938 3100 :
1976 3068 2029 3103 sed
2052 3082 2117 3104 non

1105 3106 1169 3156 hoc
1193 3117 1343 3157 tantum5
1368 3107 1587 3140 baromerrum
1608 3120 1737 3151 quoque
1750 3110 1871 3143 nullam
1894 3113 2031 3146 ostendit
2044 3125 2115 3148 mu-

1105 3160 1315 3200 tationemin·
1333 3161 1465 3197 caverna
1479 3152 1698 3192 Pyrmontana
1721 3156 1735 3192 (
1757 3164 1788 3186 m
1811 3158 1844 3195 ),
1867 3154 1977 3198 cujus,
2002 3159 2035 3190 &
2054 3169 2112 3191 an-

1105 3204 1149 3227 tri
1173 3194 1388 3241 Neapolitani
1411 3192 1619 3236 phaenomena
1643 3196 1713 3230 sunt
1749 3198 1832 3230 inter
1855 3197 1883 3231 se
1906 3199 2077 3240 persimilia
2102 3228 2110 3233 .

1106 3238 1191 3279 Qae
1216 3249 1322 3271 autem
1345 3238 1405 3269 sine
1429 3235 1613 3271 diffeffione
1638 3262 1651 3280 ,
1683 3248 1737 3274 aut
1761 3252 1817 3282 per
1843 3241 1922 3274 hanc
1947 3244 2112 3278 obsesvam

1105 3280 1167 3315 sint
1189 3282 1223 3331 in
1247 3292 1356 3328 eorum
1379 3281 1565 3324 corporibus
1583 3306 1595 3322 ,
1626 3294 1706 3326 quos
1730 3294 1785 3320 aut
1808 3285 1987 3319 carbonum
2008 3310 2020 3327 ‚
2055 3298 2110 3323 aut

1107 3335 1197 3368 putei
1221 3324 1383 3368 cujusdam
1406 3323 1527 3358 halitus
1549 3327 1774 3366 extinxerant,
1801 3330 2024 3364 commercium
2047 3332 2111 3365 do-

1106 3369 1193 3402 cebit
1216 3368 1421 3417 Litterarium
1445 3371 1499 3416 (Ji
1523 3373 1561 3409 ),
1585 3370 1745 3412 magisque
1771 3372 1884 3414 Regiae
1897 3373 2110 3410 Scientiarum

1105 3413 1285 3446 Academiae
1312 3410 1486 3458 parisiensis
1510 3412 1656 3446 Historia
1680 3417 1692 3452 <
1716 3426 1732 3447 o
1755 3418 1787 3453 ).

1149 3468 1201 3499 40.
1228 3454 1288 3489 Sed
1313 3457 1367 3486 etsi
1392 3466 1492 3501 neque
1516 3455 1688 3490 hominum
1714 3455 1947 3494 submersorum
1977 3461 2109 3496 cadave-

1104 3511 1137 3533 ra
1160 3499 1299 3533 incidere
1326 3498 1481 3547 Valsalvae
1507 3523 1516 3538 ‚
1550 3510 1603 3544 aut
1636 3499 1719 3534 mihi
1751 3501 1865 3536 datum
1896 3504 1969 3545 est;
1999 3516 2107 3540 tamen

1105 3555 1179 3577 cum
1203 3544 1286 3576 olim
1308 3553 1471 3577 variorum
1494 3555 1648 3586 generum
1671 3545 1821 3578 animalia
1842 3568 1852 3583 ,
1875 3559 1945 3590 quae
1970 3548 2110 3584 submer-

1103 3587 1205 3631 genda
1227 3596 1426 3628 curaveram,
1449 3598 1514 3621 non
1536 3586 1866 3664 semelAdissecuerim‚
1894 3603 1965 3635 quae
1977 3593 2112 3627 adnota-

1685 3644 1700 3665 ἃ
1957 3635 1995 3669 ta>
2012 3636 2069 3671 ha-

108 3717 173 3747 (s)
190 3719 226 3743 De
242 3718 342 3742 dundee.
361 3715 474 3744 Casarib.
490 3716 510 3740 1.
528 3725 548 3745 5.
565 3722 587 3740 c.
606 3722 647 3743 27.
767 3714 776 3746 )
792 3716 857 3740 Sefl.
875 3717 920 3740 hac
936 3724 959 3739 2.
976 3714 1034 3739 Obs.
1052 3716 1077 3738 6.

108 3749 123 3777 (
138 3756 153 3771 x
173 3749 182 3777 ,ἲ
197 3748 288 3777 opusc.
305 3747 402 3772 Pathol.
421 3746 478 3771 Obs.
497 3754 521 3775 7.
586 3748 600 3775 (
612 3753 630 3776 y
646 3746 659 3774 )
676 3745 686 3775 s

107 3779 122 3807 (
137 3777 151 3801 b
165 3778 179 3806 >
199 3780 331 3814 Progymn.
348 3787 371 3807 7.
432 3778 447 3806 (
463 3785 474 3801 c
489 3777 503 3805 )
522 3776 583 3801 lbid.
646 3777 660 3805 (
677 3776 693 3800 d
777 3784 815 3806 ²9-
878 3780 885 3805 (
905 3785 917 3801 e
932 3777 947 3806 )
965 3784 988 3800 n.
1007 3783 1027 3804 9.

108 3810 116 3836 (
135 3810 150 3832 b
166 3811 175 3837 )
192 3811 277 3843 Saggio
291 3809 355 3833 delle
373 3807 492 3832 Transaz.
509 3809 583 3832 Tom.
601 3814 622 3832 <-
641 3815 667 3831 n.
686 3815 710 3830 2.
771 3808 785 3836 (
802 3809 836 3839 i)
852 3809 922 3833 Delse
939 3805 1035 3832 Mofete
1051 3807 1110 3831 Lez.
1130 3815 1152 3832 ι.

109 3839 123 3866 (
140 3839 149 3861 Ι
164 3839 179 3867 )
196 3841 250 3864 vid.
270 3840 342 3864 Mead
358 3838 387 3861 ‹se
405 3841 496 3862 Veneri·
513 3840 587 3863 Tent.
605 3840 627 3861 6.
691 3839 706 3867 (
723 3846 746 3861 m
764 3838 777 3866 )
794 3840 932 3864 Commere.
950 3838 1038 3863 Litter.
1055 3839 1085 3861 Α.

109 3869 124 3898 (
140 3876 152 3893 o
166 3869 180 3898 )
195 3872 224 3894 Α.
240 3878 310 3900 ¹710·
328 3870 386 3894 Obs.
404 3869 433 3894 de
450 3868 520 3899 Phys.
538 3877 561 3894 n.
580 3878 602 3900 5.
622 3869 645 3893 ἃ
661 3871 692 3894 Α.
708 3876 775 3899 x701.
794 3877 817 3893 n.
834 3878 857 3899 4.

702 3716 750 3774 ἐς
764 3746 825 3771 locis
841 3745 908 3776 supra
924 3745 1000 3770 indic.
1016 3745 1047 3769 ad
1063 3752 1088 3769 n.
1106 3751 1145 3773 24.
1163 3745 1187 3769 δι
1202 3746 1231 3769 ad
1249 3754 1272 3769 n.
1291 3754 1312 3774 9.
1331 3747 1387 3769 Vid.
1406 3746 1430 3776 §.
1449 3756 1469 3775 ς.

711 3779 719 3806 )
734 3784 760 3800 n.
1090 3775 1105 3804 ζ
1118 3776 1212 3806 J),De
1230 3776 1306 3800 Subit.
1326 3778 1406 3801 Mort.
1424 3778 1483 3802 Obs.
1501 3788 1515 3808 4
1543 3781 1567 3803 in
1584 3778 1626 3802 fin.
1648 3777 1677 3800 ad
1694 3784 1717 3800 n.
1736 3777 1757 3799 8.

1140 3716 1154 3744 ζ
1169 3722 1186 3738 u
1203 3715 1213 3746 )
1230 3716 1309 3738 Mem.
1325 3715 1354 3739 de
1370 3715 1387 3739 1¹
1403 3716 1477 3741 Acad.
1495 3720 1526 3742 R.
1542 3717 1582 3742 des
1599 3718 1638 3740 Sc.
1656 3716 1688 3739 A.
1706 3720 1775 3743 174²·

1532 3750 1546 3778 (
1563 3756 1577 3771 a
1594 3747 1606 3774 )
1623 3745 1728 3770 Exci-eit.
1747 3744 1790 3769 cit.
1809 3743 1875 3773 supra
1892 3745 2017 3776 adn-⁷35.
2032 3754 2037 3757 ²
2057 3755 2060 3757 Δ
2104 3756 2118 3758 ⁷>

1216 3808 1229 3836 (
1245 3806 1260 3830 k
1280 3811 1288 3836 )
1305 3808 1364 3832 Sest.
1381 3807 1425 3832 hac
1441 3817 1461 3833 ι.
1478 3810 1504 3834 in
1522 3809 1599 3835 schol.
1616 3807 1645 3832 ad
1661 3806 1719 3831 ΟΜ,
1741 3814 1776 3835 ις.
1820 3777 1834 3804 ζ
1848 3784 1866 3805 g
1881 3775 1895 3805 )
1911 3777 1985 3829 EPistz'
2001 3780 2025 3803 8⁸
2042 3786 2068 3803 η’
2083 3785 2108 3808 4⁸

1104 3845 1172 3868 ¹737-
1192 3838 1269 3863 Hebd·
1286 3840 1308 3863 8·
1370 3840 1383 3869 (
1398 3847 1415 3863 n
1429 3839 1443 3868 )
1461 3840 1521 3879 ¹¹3³&
1541 3843 1570 3865 A.
1591 3841 1655 3870 ¹736-
1674 3838 1753 3863 Heba.
1773 3845 1810 3866 m.
1828 3844 1851 3860 n.
1868 3845 1892 3862 2.
