2498 4075
318 205 470 272 Epist.
508 204 670 257 Anat.
706 200 923 270 Medica
962 201 1110 255 VIII.

78 291 147 333 tum
170 280 364 332 esophagum
386 280 545 325 angustum
566 280 657 314 valde
675 302 690 320 ‚
718 280 761 313 τῇ*
785 279 869 324 quafi
892 277 1085 318 constriitum

76 334 259 400 inxszepits.ed
279 379 465 411 quanquam
487 366 570 400 illud
583 367 616 399 in
636 361 851 399 ''Aromatario
873 368 887 406 (
905 376 928 408 g
948 369 963 406 )
982 375 1002 397 a
1021 365 1089 408 pri-

77 421 133 444 mo
153 409 255 444 videri
277 410 378 454 potest
409 421 474 444 non
497 410 553 444 esse
575 409 821 450 improbandum
853 407 941 453 quod
965 420 1003 446 ex
1025 419 1091 442 uno
1109 444 1111 446 ¹

77 455 163 487 inter
185 452 421 497 hydrophobiae
439 454 523 496 signa
546 454 685 487 maxime
697 453 796 486 obvio
819 449 1094 495 naturamipfius,

78 499 111 530 δε
135 496 237 530 sedern
259 496 317 531 sibi
343 496 555 544 indagandam
580 496 746 539 proposuit
771 507 781 534 3
804 496 870 529 noli
894 505 999 528 tamen
1021 505 1090 528 cre·
1112 514 1116 518 ‹

77 539 173 581 dere,
198 552 246 573 me
270 540 362 575 facile
385 542 417 574 in
441 552 508 583 ejus
533 540 721 574 sententiam
746 540 791 571 ire
813 563 820 571 .
856 540 971 582 Neque
984 538 1028 572 ‘id
1052 549 1090 570 eo

76 582 176 624 dico,
197 584 287 627 quod
312 583 371 617 hac
396 584 521 626 posita,
544 594 607 616 non
632 583 835 624 intelligatur
855 605 867 623 ,
901 593 956 616 cur
977 582 1089 616 cibum

76 626 223 669 plerique
247 626 455 669 hydrophobi
478 627 540 660 levi
561 638 635 661 cum
658 624 848 661 difficultate
870 649 882 665 ,
906 636 970 658 non
997 625 1090 668 pauci

74 681 225 714 quoque,
246 679 282 705 ut
304 670 503 713 Caesalpinus
526 673 538 709 (
560 668 580 703 h
603 674 644 711 J,
673 669 792 711 aliique
815 669 962 703 viderunt
983 692 995 710 ‚
1018 667 1090 702 hene

70 714 201 757 sumant
220 736 229 751 ‚
265 711 326 748 five
348 736 357 751 ³
392 723 428 748 ut
461 713 608 749 laudatus
646 711 883 752 Erechtfeldius
909 712 1056 756 loquitur
1079 735 1088 750 ‚

71 756 176 799 solida
199 767 380 798 quaecunque
402 765 544 800 prompte
565 767 621 798 per
640 755 749 799 gulam
770 756 942 789 demittant
965 767 973 788 ι
1000 765 1089 788 nam·

77 811 140 842 que
164 799 238 836 huic
260 799 462 833 dubitationi
484 824 496 840 ,
530 812 607 843 quae.
626 802 669 833 ἃ.
684 808 773 832 extra
796 796 881 832 hunc
905 798 1055 832 morbum
1078 821 1091 838 ,

77 844 113 876 in
136 841 326 886 quibusdam
348 842 548 886 deglutieudi
572 841 821 877 difficultatibus
845 842 951 875 locum
976 841 1091 880 habet,

77 887 184 930 plures
206 896 432 924 occurrerunt,
457 896 571 930 praeter
595 886 716 920 Salium
741 885 846 928 ipsum
868 887 926 925 (ί)
948 889 980 918 &
1004 886 1097 929 Aro1

76 930 249 965 matarium
272 932 286 968 (
308 930 327 970 le
347 934 380 970 ).
407 930 464 963 Ob
488 930 549 963 alia
571 931 672 972 igitur
697 931 804 971 potius
826 927 919 966 dico,
942 940 1012 970 quae
1037 927 1113 960 hic*

77 984 205 1016 quoque
228 971 311 1006 vidit
330 996 342 1013 ,
376 972 427 1011 sed
449 985 514 1008 non
548 973 623 1007 satis
645 971 790 1007 dissolvit
814 996 826 1012 ‚
858 973 892 1004 in
917 970 1088 1014 primisque

77 1016 122 1050 ob
147 1015 375 1050 admirabilem
395 1016 486 1050 illam
507 1017 576 1051 vim
586 1028 657 1060 quae
680 1027 753 1050 cum
769 1013 1000 1059 hydrophobia
1011 1025 1089 1046 con-

75 1059 185 1103 juncta
207 1058 272 1099 est,
295 1060 323 1093 se
346 1060 401 1102 pei·
422 1061 667 1103 contagionem,
693 1060 792 1101 longo
814 1059 914 1092 etiarn
928 1057 1090 1092 intermis-

74 1104 111 1138 so
132 1112 303 1145 tempore,
325 1103 543 1146 propagandi.
569 1102 701 1138 Constat
724 1103 811 1135 enim
832 1101 866 1135 id
890 1102 977 1145 quod
990 1102 1091 1135 Salius

75 1150 90 1186 (
111 1146 124 1180 l
146 1150 180 1186 ),
203 1157 276 1179 curn
301 1157 400 1190 eoque
423 1148 479 1180 alii
503 1158 569 1180 non
592 1145 764 1180 credebant
780 1169 790 1184 ‚
822 1145 871 1178 vel
897 1145 957 1178 fine
981 1145 1088 1178 morsu

76 1189 269 1224 saeviffimam
290 1187 347 1223 esse
369 1200 475 1224 ortam
500 1189 763 1233 hydrophobiam
786 1201 802 1223 a
827 1188 923 1222 saliva
947 1198 1092 1222 tanturn-

77 1232 179 1267 modo
197 1234 234 1266 in
258 1233 378 1268 nudam
400 1243 507 1269 cutem
529 1232 695 1267 decidente
718 1236 786 1273 (m
808 1235 840 1272 ),
865 1231 1093 1275 Constatquo-

99 1287 137 1311 ue
160 1300 170 1316 ,
202 1275 266 1310 hoc
289 1286 384 1310 certae
416 1279 559 1320 corporis
584 1278 668 1320 parti
692 1277 778 1310 virus
801 1274 942 1309 inditum
967 1300 977 1316 ‚
1015 1276 1094 1318 saepe

99 1320 156 1360 iu,
178 1330 409 1363 nonnunquam
441 1320 526 1364 ipsos
550 1318 676 1354 fortasse
698 1320 819 1362 viginti
849 1331 946 1353 annos
969 1322 983 1358 (
1005 1329 1025 1352 n
1047 1321 1061 1356 )
1081 1343 1091 1359 ,

75 1375 114 1398 ne
137 1362 243 1397 dicam
265 1363 476 1407 quadraginta
498 1366 512 1403 (
534 1376 550 1397 ο
567 1364 610 1406 )‚
633 1364 728 1397 latere
751 1362 814 1397 fine
837 1363 901 1397 ulla
924 1373 1009 1395 noxa
1032 1362 1094 1396 do-

75 1417 133 1440 nec
154 1406 197 1440 ab
220 1408 326 1449 aliqua
346 1430 359 1449 ‚
391 1418 588 1450 quaecunque
610 1419 644 1440 ea
676 1406 714 1440 fit
732 1430 743 1445 ‚
777 1405 866 1439 causa
899 1407 1059 1439 excitetur
1082 1427 1092 1443 ,

72 1449 302 1493 erumpensque
325 1462 364 1484 ex
386 1451 441 1484 illa
464 1451 530 1493 ipsa
554 1449 680 1484 fortasse
704 1459 790 1493 parte
813 1450 848 1482 in
871 1449 972 1489 alias,
995 1458 1091 1492 atque

78 1494 156 1527 alias
180 1493 217 1527 ad
242 1495 415 1536 perniciem
440 1493 562 1527 feratur
582 1506 589 1527 ;
615 1495 648 1526 in
672 1505 705 1525 ea
728 1495 815 1526 enirn
839 1492 905 1535 ipsa
930 1501 1021 1535 parte
1045 1493 1091 1524 la-

75 1546 142 1571 tere
160 1559 172 1577 ,
195 1535 325 1579 signum
350 1537 432 1571 illud
455 1536 594 1571 indicare
625 1536 751 1570 videtur
773 1547 852 1569 mox
874 1536 903 1570 se
927 1535 1092 1578 prodituri

78 1580 209 1618 morbi,
232 1581 320 1624 quod
344 1580 484 1614 omnibus
508 1581 649 1622 ignotum
674 1580 777 1613 Salius
800 1582 814 1618 (
832 1589 856 1621 p
877 1579 991 1618 )olim
1014 1589 1091 1621 prae-
1114 1617 1116 1619 v

77 1626 204 1666 cipuum
228 1627 270 1657 ἔθ’
293 1621 460 1666 infallibilia
473 1623 725 1661 animadvertit,
749 1622 834 1656 dolor
845 1621 997 1656 videlicet
1021 1622 1091 1664 qus·-

77 1669 157 1700 dam«
172 1667 205 1700 in
228 1666 293 1699 loco
310 1667 379 1709 jam
398 1666 587 1709 commoffo,
609 1669 642 1699 &
665 1665 775 1699 sanato
786 1664 917 1699 obortus
936 1689 949 1706 ,
972 1667 1030 1710 qui
1043 1666 1093 1697 in-

79 1710 118 1744 de
141 1710 299 1752 incipiens
331 1719 387 1751 per
417 1718 542 1752 partem
567 1707 635 1751 posi
653 1717 778 1751 partem
808 1708 895 1742 brevi
931 1708 969 1743 ad
1009 1719 1095 1742 cere<

78 1753 195 1793 brum,
220 1761 257 1786 ut
279 1752 345 1796 ipse
370 1752 536 1786 adnotavit
558 1776 572 1795 ,
607 1762 660 1787 aut
683 1761 767 1786 certe
791 1751 911 1785 sursum
929 1776 942 1793 ,
975 1762 1052 1795 puta
1077 1764 1093 1785 a

79 1806 179 1830 manu
202 1797 360 1837 axillam,
383 1799 416 1829 δε
438 1797 604 1830 thoracem
627 1796 753 1836 versus,
777 1804 811 1829 ut
828 1797 1014 1840 Zwingerus
1029 1799 1093 1837 (q)

80 1843 114 1873 ἃ
138 1840 362 1874 Suramuccius
384 1843 398 1878 <
421 1850 437 1872 r
457 1844 503 1882 ),>
518 1839 547 1873 se
562 1839 728 1873 extendit.
757 1840 843 1880 st
855 1850 929 1872 vero
951 1850 1095 1883 unquam

79 1884 118 1917 ab
138 1882 295 1926 Anginofi
318 1883 414 1916 saliva
435 1883 470 1916 in
493 1893 602 1917 cutem
625 1883 825 1917 affidentium
846 1881 980 1917 decidua
1005 1884 1097 1925 angi-

79 1937 155 1960 nam
176 1925 276 1959 ullam
311 1924 395 1960 vidit
418 1928 689 1961 communicatam
709 1951 722 1968 ‚
757 1926 874 1960 nedum
898 1926 963 1970 ejus
993 1925 1094 1960 fomi-

81 1975 174 2010 tem,
196 1967 220 2002 fi
243 1968 329 2003 forte
351 1972 603 2004 communicatus
625 1969 698 2005 ess‘et
720 1994 733 2011 ‚
755 1969 813 2004 diu
837 1978 922 2003 certa
946 1972 979 2003 in
1007 1979 1096 2013 parte

81 2014 255 2052 latentem,
280 2022 375 2057 atque
397 2026 437 2047 ex
460 2014 519 2048 hac
541 2013 672 2048 demum
695 2013 723 2046 se
746 2023 925 2047 exerentem
949 2013 1098 2056 ?.Impo-

82 2057 184 2090 tentia
207 2058 293 2089 enirn
306 2056 521 2099 deglutiendae
544 2059 693 2100 >potionis
705 2068 904 2101 nequaquam
927 2059 1098 2100 proprium

82 2098 322 2143 hydrophobiae
346 2100 507 2135 indicium
530 2101 596 2141 est,
618 2100 676 2134 nifi
699 2112 773 2135 cum
795 2101 891 2141 aliis,
915 2104 948 2134 &
971 2100 1102 2142 praeser-

83 2145 149 2178 tim
173 2145 304 2177 cumvi
326 2143 498 2185 conjunesta
522 2145 549 2177 se
562 2142 762 2187 propagandi
779 2168 786 2175 .
810 2144 957 2177 Atenirn
979 2141 1102 2184 hydro-

86 2186 212 2231 phobia
258 2188 427 2230 peculiaris
461 2188 610 2230 quaedam
645 2189 758 2229 angina
793 2186 835 2219 est
855 2198 868 2226 ,·
905 2190 936 2219 &
960 2197 977 2219 a
1012 2194 1101 2218 certo

87 2228 255 2274 quodam,
279 2233 311 2263 &
335 2231 489 2273 peculiari
512 2242 634 2264 veneno
657 2239 728 2263 orta
750 2253 757 2260 .
792 2227 901 2271 Hujus
924 2230 1027 2271 igitur
1049 2239 1103 2260 ve-

86 2275 162 2307 neni
188 2282 337 2308 naturam
359 2275 387 2306 is
409 2275 550 2306 inveniat
562 2281 692 2315 oportet
715 2273 772 2315 qui
785 2271 1025 2314 hydrophobiae
1050 2282 1105 2303 na-

88 2326 195 2353 turam
227 2316 257 2349 se
279 2314 463 2358 comperisse
486 2340 499 2356 ,
533 2316 721 2358 profiteatur
743 2339 750 2347 .
784 2315 844 2348 Sed
877 2326 976 2358 neque
1010 2313 1105 2361 hujus

90 2360 203 2394 morbi
227 2358 330 2392 sedem
352 2359 600 2401 comprobatam
623 2358 702 2398 esse,
727 2358 841 2392 video.
865 2359 955 2391 Nam
977 2359 1034 2390 etsi
1056 2359 1105 2391 A-

91 2403 287 2438 romatarius
312 2402 393 2445 (s)
417 2404 462 2435 ait
484 2426 495 2443 ,
517 2413 615 2445 quam
639 2401 705 2444 ipse
732 2401 903 2443 proposuit
928 2425 941 2441 ‚
969 2411 1028 2443 per
1053 2403 1106 2433 Se-

91 2446 226 2482 &ionem
241 2443 402 2489 facillime
419 2452 530 2486 patere
547 2445 631 2489 poffe
652 2457 662 2483 3
697 2445 824 2478 nullum
847 2453 951 2477 tamen
976 2442 1105 2487 prorsus

92 2489 159 2532 ejus
179 2491 225 2524 rei
249 2489 463 2522 anatomicam
486 2489 665 2530 exemplum
689 2488 842 2531 producit
865 2489 955 2522 suum
977 2499 988 2526 5
1023 2487 1104 2519 alio-

92 2544 166 2567 rum
189 2543 265 2567 vero
287 2541 351 2564 non
375 2541 503 2574 poterat
521 2557 529 2569 ,
550 2531 679 2575 quando
703 2530 742 2564 ad
766 2529 833 2572 ejus
856 2531 952 2574 usque
975 2539 1104 2563 aetatem

73 2578 181 2612 snulla
204 2574 352 2615 extabat,
373 2574 461 2617 quod
486 2574 585 2607 sciam
598 2599 609 2615 ‚
632 2573 1000 2617 hydrophobidissectio
1014 2585 1108 2616 ιρι-εε-

93 2630 142 2655 ter
173 2630 242 2653 eam
276 2628 374 2661 quam
396 2629 435 2652 ex
457 2619 657 2662 Capivaccio
680 2617 785 2651 nostro
809 2619 842 2650 in
860 2616 1109 2662 ¹Sepulchretum

96 2665 116 2709 (
131 2662 180 2705 t)
204 2662 336 2697 relatam
360 2661 449 2695 vides
472 2686 479 2693 .
516 2660 623 2695 Postea
645 2670 752 2694 autem
787 2672 857 2703 quae
881 2661 1001 2696 habitae
1035 2659 1106 2694 fue-

96 2716 171 2741 runt
192 2730 206 2748 ‚
237 2717 279 2739 eae
303 2716 414 2749 nempe
438 2705 523 2740 sunt
535 2716 611 2747 quas
635 2704 726 2748 supra
749 2705 961 2739 indicavimus
986 2727 998 2743 ‚
1034 2714 1106 2746 quae

88 2761 200 2791 num,
222 2751 253 2782 δέ
275 2758 427 2792 quatenus
450 2748 509 2792 ipsi
533 2748 682 2789 faveant,
705 2747 813 2786 vides,
839 2747 996 2791 slanginae
1021 2757 1107 2780 acce-

99 2795 246 2839 ptionem
268 2792 436 2827 contrahas
458 2806 468 2825 .-
499 2792 545 2826 fin
569 2802 675 2827 autem
706 2802 805 2835 quarn
829 2792 971 2826 latiffime
1003 2799 1108 2833 patere

100 2836 202 2874 linas3
227 2846 332 2868 vereor
354 2847 392 2869 ne
406 2847 473 2870 tam
495 2836 649 2879 generalis
672 2834 828 2868 doctrinae
852 2837 960 2869 minor
983 2836 1110 2867 utilitas

102 2879 163 2919 fit,
189 2890 285 2921 quam
305 2888 341 2913 ut
364 2879 532 2923 proposito
556 2881 630 2913 satis
654 2877 772 2912 faciat.

147 2933 199 2956 22.
224 2922 316 2958 Quid
337 2933 414 2965 ergo
438 2922 513 2957 est?
545 2923 620 2965 Ego
652 2920 782 2965 quidem
804 2933 865 2964 pro
897 2931 964 2955 tam
995 2920 1115 2955 retrusa

104 2965 290 3000 atrocissimi
318 2965 462 3009 alioquin
483 2966 587 3000 morbi
620 2975 732 2999 natura
755 2988 768 3005 ,
800 2964 926 2999 fortasse
952 2967 1116 3008 pauciores

107 3009 211 3044 adhuc
235 3007 358 3043 habitas
380 3008 436 3043 effe
460 3009 660 3044 diss‘efflones
674 3031 682 3046 ,
707 3007 863 3042 addubito
885 3011 898 3047 (
920 3020 939 3042 u
962 3012 999 3049 ),
1022 3018 1117 3050 atque

105 3063 189 3096 aegre
213 3050 303 3089 fero,
327 3052 470 3087 nondum
493 3051 613 3087 licuiss‘e
635 3051 720 3087 mihi
743 3051 996 3094 hydrophobum
1015 3075 1028 3093 ,
1061 3062 1117 3084 ne-

108 3096 187 3130 dum
211 3096 338 3142 plures,
360 3104 396 3129 ut
420 3108 500 3138 opus
523 3095 654 3137 fuisset,
675 3094 909 3139 hydrophobos
932 3095 1089 3138 persecare
1105 3119 1115 3133 ,

109 3141 158 3174 vel
182 3137 268 3182 quod
291 3149 357 3181 ejus
380 3140 424 3171 rei
446 3140 539 3182 copia
562 3151 626 3175 non
650 3138 738 3173 fieret
759 3163 772 3180 ,
794 3139 842 3172 vel
866 3138 954 3180 quod
975 3163 986 3179 ,
1016 3139 1038 3172 fi
1062 3138 1116 3172 fie-

110 3192 180 3223 ret,
203 3191 274 3215 tum
296 3184 384 3215 vero*
394 3181 480 3225 quasi
501 3182 571 3216 fato
593 3183 734 3226 quodam
765 3182 952 3226 graviffimis
975 3192 1114 3226 occupa-

112 3225 255 3260 tionibus
277 3249 290 3266 ,
320 3232 374 3258 aut
396 3225 573 3261 valetudine
595 3228 701 3261 minus
723 3225 893 3260 commoda
924 3225 1088 3266 distinerer
1111 3255 1120 3263 .

115 3271 201 3304 Nam
225 3270 366 3312 primum
389 3268 543 3303 Bononiae
574 3282 704 3314 puerum
731 3270 798 3303 vidi
834 3267 1004 3303 duodecim
1026 3271 1122 3303 circi-

115 3317 162 3346 te'r
186 3324 292 3361 annos·
306 3321 441 3352 natum,
463 3314 519 3355 qui
541 3312 610 3356 post
633 3313 701 3348 dies
722 3314 859 3356 amplius
882 3312 1118 3356 quadraginta,

116 3368 153 3389 ex
176 3368 242 3399 quo
264 3368 328 3399 ejus
353 3364 477 3399 partem
499 3356 587 3390 illam
607 3382 621 3399 ,
653 3357 734 3391 unde
756 3358 827 3391 aliis
861 3357 955 3398 longe
989 3358 1119 3393 celerius

116 3401 270 3443 pernicies
294 3409 365 3433 orta
389 3399 431 3432 est
438 3421 452 3439 ‚
474 3398 587 3433 faciem
609 3401 757 3436 videlicet
776 3424 789 3442 ‚
811 3410 941 3443 eamque
964 3401 998 3434 in
1020 3399 1119 3434 bucca

117 3443 334 3477 momorderat
358 3444 467 3483 canis,
498 3443 679 3488 miserrimo
701 3444 763 3479 hoc
788 3443 901 3478 morbo
923 3453 1118 3487 occupatus,

1144 200 1270 252 Art.
1306 215 1382 252 21.
1415 214 1496 252 22.
1529 214 1608 266 23.
1651 198 1708 251 ὅ(
1744 212 1821 261 24·
2014 199 2072 250 61

1136 276 1270 316 anxius,
1292 275 1430 309 clamans
1449 300 1459 316 ‚
1482 274 1563 308 facie
1586 273 1699 307 rubens
1722 295 1734 312 ,
1766 272 1841 307 stare
1863 273 1937 306 loco
1967 272 2107 306 nesciens
2130 295 2143 313 ‚

1137 319 1321 363 furentique
1346 319 1472 361 prorsus
1495 317 1607 352 fimilis
1626 340 1639 356 ,
1662 315 1712 349 sed
1733 325 1836 350 mente
1856 314 2023 354 constans,
2046 326 2145 358 eoque

1139 363 1300 397 neminem
1323 361 1436 396 laedens
1456 386 1469 403 ,
1491 370 1612 404 patrem
1634 358 1745 394 frustra
1771 371 1864 393 manu
1888 359 2076 391 retinentem
2100 357 2146 391 se-

1140 417 1214 441 cum
1236 417 1290 448 per
1312 405 1421 438 urbem
1442 403 1700 440 circumducebat
1724 415 1734 435 :
1768 401 1858 446 quod
1882 402 1906 435 fi
1938 402 2022 447 quis*
2033 412 2146 444 aquam

1141 448 1297 486 offerrem
1330 450 1418 481 omni
1440 457 1557 483 conatu
1582 447 1730 480 renuebat
1755 467 1765 483 ‚
1796 445 1825 481 se
1848 445 1922 480 inde
1955 443 2150 479 suffocatum

1139 494 1204 533 iri,
1226 502 1263 526 ut
1288 490 1388 534 ajebat
1406 515 1419 532 ‚
1442 504 1501 535 pro
1522 500 1613 526 certo
1635 489 1753 525 habens
1774 513 1780 519 .
1817 491 1849 522 Is
1872 487 2150 532 postquam-mor-

1138 537 1197 570 bus
1220 536 1249 571 se
1274 533 1441 578 prodidit,
1464 535 1550 569 ultra
1572 534 1693 576 viginti
1750 541 1868 566 uatuor
1891 530 1987 564 horas
2011 541 2076 564 non
2100 531 2151 563 vi-

1139 580 1209 616 xit:
1235 578 1393 613 cadaveris
1417 587 1524 614 autem
1547 576 1728 617 incidendi⁴
1751 575 1869 610 acultas
1891 585 1955 607 non
1979 573 2020 607 est
2042 573 2116 607 data
2141 586 2149 606 :

1141 633 1176 657 ut
1200 634 1298 666 neque
1322 620 1377 655 hic
1401 622 1530 656 alterius
1554 621 1642 663 pueri
1658 644 1677 662 Α,
1712 630 1806 662 quem
1828 629 1865 652 ne
1900 617 1994 653 horas
2018 616 2150 659 quidem

1143 667 1262 709 viginti
1288 664 1486 707 superstitem
1509 662 1598 699 fuisse
1618 687 1631 705 ,
1663 664 1772 706 accepi
1795 673 1835 695 ex
1856 673 1923 703 quo
1946 669 2062 701 potum
2083 671 2150 695 coea

1145 719 1232 753 perat
1257 708 1409 742 aversari.
1434 710 1523 742 Huic
1547 718 1617 740 ante
1637 708 1779 749 quinque
1803 703 1920 738 menses
1944 713 2056 753 crus-a
2079 714 2154 752 cane

1145 752 1284 787 morsum
1308 752 1434 792 fuerat,
1456 753 1616 784 incertum
1641 761 1679 783 an
1701 748 1828 783 rabioso
1849 772 1862 788 ‚
1896 758 1963 791 quo
1985 756 2093 781 minor
2118 757 2153 780 in

1139 798 1306 830 curatione
1330 796 1471 830 vulneris
1491 819 1503 835 ‚
1535 794 1655 835 egregii
1677 793 1828 836 alioquin
1852 791 1972 825 coloris
1994 813 2007 830 ,
2041 789 2153 822 cautio

1141 840 1226 873 fuit:
1242 841 1359 882 >itaque
1383 839 1419 872 ad
1444 839 1630 872 cicatricem
1653 836 1845 878 pei-duetum
1869 834 1912 868 est
1935 857 1942 865 .
1968 834 2118 883 Cumque
2141 855 2151 870 ,

1141 895 1206 917 non
1228 883 1319 916 brevi
1340 881 1510 924 interjecto
1534 891 1676 921 ternpore
1696 903 1708 920 ,
1734 879 1768 912 in
1791 878 1847 912 illa
1870 876 1938 921 ipsa
1959 887 2061 910 cruris
2085 887 2158 917 par-

1143 937 1174 960 te
1197 927 1285 961 ulcus
1308 929 1426 962 iterum
1448 923 1641 968 apparuisset
1663 936 1673 962 5
1709 923 1794 955 ratio
1816 923 1935 955 iterum
1958 931 2023 953 non
2048 917 2156 953 defuit

1141 981 1199 1004 cur
1233 971 1328 1004 aliam
1352 971 1390 1003 ad
1424 969 1548 1002 causam
1573 967 1743 1001 referretur
1769 988 1778 1003 ‚
1813 966 1933 1008 quippe
1972 974 2047 997 cum
2080 973 2158 1005 puer

1141 1013 1265 1054 scabie,
1288 1017 1320 1047 δε.
1343 1015 1428 1046 tinea
1453 1010 1557 1045 foedus
1580 1035 1593 1052 ,
1626 1010 1729 1052 pravis
1752 1008 1942 1043 humoribus
1964 1005 2160 1044 abundaret,

1142 1067 1238 1099 atque
1260 1059 1359 1090 etiam
1385 1066 1550 1099 propterea
1574 1054 1679 1087 multo
1703 1053 1826 1092 citius,
1850 1051 2045 1085 siPalmario
2067 1053 2158 1090 (x),

1142 1103 1211 1134 imo
1234 1101 1334 1133 Aetio
1356 1104 1409 1140 (y
1433 1103 1447 1139 )
1471 1097 1545 1131 fides
1570 1095 1713 1130 habenda
1736 1104 1824 1134 erat,
1848 1093 2001 1137 prehendi
2025 1091 2159 1134 hydro-

1144 1143 1264 1186 phobia
1286 1141 1439 1177 debuisset
1461 1167 1468 1174 .
1500 1142 1643 1176 ,Interim
1665 1151 1704 1171 ex
1726 1136 1907 1180 improviso
1929 1134 2124 1178 inquietudo
2145 1158 2160 1177 ‚

1142 1190 1176 1220 ὃ(
1201 1198 1277 1220 mox
1300 1198 1387 1234 aquae
1411 1194 1512 1219 metus
1536 1183 1574 1217 ad
1597 1182 1752 1225 vesperam
1773 1205 1780 1212 .
1803 1181 1899 1229 Mane
1922 1179 2009 1212 labra
2031 1179 2125 1221 nigra
2148 1201 2160 1218 ,

1144 1229 1311 1273 pulsusque
1331 1241 1396 1273 Jam
1421 1228 1484 1262 sere
1509 1228 1589 1261 nulli
1616 1252 1623 1258 .
1647 1224 1703 1259 Ad
1726 1222 1896 1258 meridiem
1918 1233 2027 1257 mors.
2071 1260 2075 1263 V

1147 1275 1181 1307 V
1184 1273 1296 1306 iciffirn
1320 1272 1458 1306 totidem
1483 1268 1719 1314 hydrophobos
1731 1266 1856 1302 secandi
1878 1268 1974 1310 copia
1996 1263 2158 1315 fasta-est.

1147 1316 1249 1356 Qod
1272 1328 1346 1351 cum
1370 1317 1474 1356 mihi,
1498 1324 1533 1349 ut
1557 1314 1684 1348 distum
1707 1311 1749 1346 est
1768 1336 1780 1352 ,
1803 1311 2012 1349 nonliceret;
2034 1316 2115 1351 petii
2140 1319 2157 1340 a

1146 1360 1314 1395 Mediavia
1337 1360 1463 1398 nostro,
1489 1369 1525 1393 ut
1536 1358 1601 1401 ipse
1624 1356 1779 1390 incideret
1796 1379 1808 1395 ‚
1831 1358 1945 1401 &quae
1958 1351 2161 1401 animadver-

1145 1402 1256 1443 tisset,
1281 1403 1430 1437 referret.
1459 1404 1640 1444 Utramque
1665 1397 2025 1447 historiam-subjiciam
2051 1407 2073 1446 τ’
2095 1404 2161 1445 ter-

1143 1449 1287 1490 tiamque
1312 1447 1425 1481 addam
1446 1470 1459 1486 ‚
1482 1447 1587 1480 Roma
1611 1456 1649 1477 ex
1672 1445 1877 1477 Nosocomio
1901 1442 1932 1473 S.
1952 1441 2091 1489 Joanuis
2126 1449 2162 1471 m

1147 1493 1307 1524 Laterano
1331 1491 1369 1524 ab
1391 1503 1431 1524 eo
1454 1491 1509 1532 qui
1534 1500 1655 1532 aegrum
1678 1498 1736 1529 pro
1758 1484 1870 1519 officio
1880 1483 1961 1525 saepe
1984 1483 2136 1515 inVilerat
2150 1504 2162 1521 ‚

1147 1537 1179 1567 &
1203 1543 1367 1567 mortuum
1391 1531 1574 1567 dissecuerat
1594 1555 1606 1571 ,
1640 1529 1678 1564 ad
1708 1540 1757 1562 me
1791 1525 1913 1563 missam
1938 1552 1947 1566 ,
1975 1525 2102 1574 Jacobo
2125 1523 2165 1558 de

1144 1577 1268 1620 Machy
1284 1576 1465 1616 parisiensi,
1491 1584 1616 1609 attento
1627 1597 1640 1615 ,
1665 1576 1697 1606 &
1719 1571 1856 1606 cordato
1868 1571 1976 1607 Viro,
2001 1579 2058 1613 qui
2081 1567 2168 1619 post-

1143 1633 1241 1664 quam
1264 1619 1318 1654 hic
1343 1631 1429 1654 meus
1454 1630 1551 1652 annos
1575 1618 1702 1660 aliquot
1727 1615 1857 1650 auditor
1880 1612 1987 1647 fuerat
2010 1638 2020 1653 ,
2052 1624 2090 1645 eo
2112 1611 2167 1646 di-

1146 1664 1287 1706 gressus,
1312 1675 1367 1697 nec
1393 1663 1477 1697 secus
1501 1661 1660 1695 absentem
1685 1670 1792 1693 amans
1819 1683 1833 1700 ‚
1855 1655 2166 1701 quam'praesentem

1146 1708 1385 1745 observaverat,
1411 1706 1456 1739 ibi
1481 1715 1551 1738 ante
1574 1704 1662 1738 diem
1695 1708 1768 1737 tabe
1790 1701 2001 1745 consumptus
2031 1725 2042 1742 ‚
2076 1698 2166 1734 triste

1146 1751 1233 1784 mihi
1248 1750 1303 1784 -sui
1327 1750 1518 1784 desiderium
1544 1749 1696 1792 reliquit.

1193 1806 1245 1837 23.
1271 1795 1394 1829 VIRO
1410 1817 1418 1830 ‚
1440 1804 1535 1836 quem
1562 1801 1632 1826 ante
1656 1792 1784 1834 aliquot
1808 1788 1926 1824 menses
1939 1788 2084 1823 rabiosus
2107 1799 2162 1822 ca-

1146 1841 1196 1874 nis
1219 1837 1461 1877 momorderat,
1485 1834 1649 1869 manifesta
1671 1834 1810 1878 denique
1835 1832 2067 1880 hydrophobia
2090 1842 2164 1865 cor-

1148 1892 1240 1925 repto
1255 1907 1263 1921 ,
1289 1882 1373 1914 datis
1397 1880 1556 1914 antidotis
1578 1903 1591 1920 ,
1623 1890 1702 1922 aqua
1723 1879 1758 1911 in
1793 1886 1890 1920 caput
1913 1876 2060 1918 conjecta
2083 1874 2161 1925 est..

1149 1928 1240 1961 Hinc
1262 1936 1335 1958 curn
1360 1926 1474 1958 melius
1505 1924 1669 1966 aliquanto
1691 1921 1719 1955 se
1753 1920 1866 1955 habere
1898 1920 2062 1954 videretur
2088 1941 2097 1957 ,
2132 1930 2169 1951 in

1149 1970 1299 2004 balneum
1322 1970 1368 2001 ire
1391 1966 1508 2011 juffuffi
1532 1966 1633 2000 homo
1656 1966 1712 2009 qui
1735 1977 1802 1998 non
1826 1964 1999 2004 deliraret,
2023 1966 2057 1997 Sc
2079 1974 2171 2006 quae-

1147 2024 1275 2055 cunque
1300 2011 1410 2045 fierent
1442 2035 1455 2051 ‚
1488 2008 1673 2049 auxiliandi*
1700 2008 1791 2043 causa
1825 2007 1894 2041 fieri
1912 2031 1925 2048 ,
1959 2006 2169 2051 agnosceret,

1152 2058 1316 2090 continuo
1339 2055 1417 2089 illuc
1441 2056 1486 2087 ire
1509 2054 1636 2098 coepit,
1658 2053 1722 2086 hoc
1734 2063 1834 2087 unum
1857 2061 1966 2094 petens
1982 2074 1994 2091 ,
2018 2062 2056 2084 ne
2069 2051 2167 2094 spon-

1154 2111 1185 2134 te
1210 2097 1443 2142 ingressurum‚
1465 2099 1497 2130 vi
1520 2105 1718 2141 mergerent.
1745 2095 1804 2130 Sed
1816 2095 1872 2129 ubi
1896 2106 1934 2130 eo
1944 2103 2078 2130 ventum
2101 2092 2169 2135 est,

1152 2143 1323 2181 cunctari,
1346 2145 1378 2175 &
1402 2142 1430 2175 se
1453 2142 1587 2175 minime
1611 2140 1647 2174 id
1671 2137 1754 2183 posse
1776 2164 1789 2181 ,
1820 2139 1925 2173 dicere
1946 2163 1954 2170 .
1991 2140 2106 2182 Itaque
2131 2138 2167 2170 in

1157 2198 1272 2230 aquam
1297 2185 1448 2219 miserunt
1471 2184 1687 2227 deprimentes
1709 2182 1750 2217 fic
1775 2206 1784 2221 ‚
1816 2192 1853 2217 ut
1877 2183 2001 2216 biberet
2024 2206 2032 2214 .
2059 2181 2169 2224 Flagi-

1156 2239 1279 2263 tantem
1302 2229 1415 2262 deinde
1438 2236 1475 2262 ut
1498 2228 1525 2262 se
1549 2226 1776 2268 extraherent,
1800 2236 1853 2260 ext
1873 2228 2005 2262 axerunt
2030 2250 2043 2267 ‚
2066 2226 2101 2258 in
2127 2225 2173 2257 le-

1158 2274 1274 2315 &oque
1296 2272 1496 2305 collocarunt
1519 2272 1717 2314 quietiorem
1738 2296 1746 2304 .
1780 2237 1871 2347 Νοέβ
1885 2270 1991 2304 multo
2022 2268 2091 2312 post
2123 2276 2173 2301 ta-

1159 2327 1233 2349 men
1257 2314 1394 2357 frigidus
1418 2314 1487 2348 fieri
1511 2316 1639 2357 coepit,
1663 2315 1843 2357 proximaqr
1859 2325 1873 2347 e
1899 2314 1994 2347 noae
2017 2312 2059 2347 est
2082 2322 2174 2347 mor-

1160 2369 1256 2393 tuus.
1391 2358 1627 2392 CADAVER
1658 2356 1714 2391 etfi
1739 2357 1862 2391 decima
1895 2356 1982 2390 sexta
2016 2369 2033 2390 a
2063 2364 2170 2390 morte

1158 2402 1261 2443 hora,
1283 2413 1348 2435 non
1373 2400 1519 2440 tardius,
1542 2400 1682 2435 incisum
1704 2401 1746 2435 est
1765 2424 1778 2441 ,
1812 2403 1844 2433 δε
1867 2400 2035 2442 tempestas
2069 2401 2171 2443 magis

1160 2445 1198 2478 ad
1223 2444 1325 2488 frigus
1348 2453 1514 2487 vergeret,
1537 2456 1634 2486 quam
1657 2456 1695 2477 eo
1718 2454 1861 2486 tempore
1885 2442 1938 2477 hic
1963 2442 2081 2487 soleat3
2106 2452 2173 2477 erat

1161 2490 1246 2522 enim
1270 2487 1394 2522 medius
1421 2488 1603 2529 September
1626 2489 1666 2521 A.
1695 2498 1823 2531 1723.;
1856 2485 1922 2528 jam
1953 2495 2059 2522 tamen
2092 2488 2172 2522 adeo

1160 2532 1243 2565 male
1266 2531 1396 2571 olebat,
1418 2541 1454 2564 ut
1467 2529 1612 2564 festinare
1634 2530 1790 2564 secantem
1801 2540 1951 2573 cogeret,
1975 2534 2007 2565 δε
2031 2531 2174 2566 animad-

1158 2575 1245 2609 versa
1268 2575 1302 2607 in
1324 2574 1376 2608 sua
1400 2573 1531 2608 vesicula
1564 2574 1628 2608 bile
1652 2576 1824 2617 nigerrima
1846 2597 1859 2614 ‚
1895 2585 2096 2617 amputatum
2119 2587 2172 2609 ca-

1160 2627 1220 2662 put
1238 2642 1251 2659 ‚
1284 2621 1316 2651 &
1338 2617 1487 2652 detraeeat
1510 2616 1656 2651 thoracis
1680 2618 1799 2651 viscera
1822 2617 1856 2650 in
1890 2628 2036 2661 apertum
2059 2619 2169 2654 locum

1159 2661 1342 2705 asportare,
1364 2661 1421 2695 ubi
1445 2660 1877 2703 diligentiusinspicerentur
1896 2686 1904 2693 .
1937 2700 1942 2705 Ι
2039 2658 2186 2697 Fuluio-¹

1159 2717 1212 2739 nes
1234 2707 1266 2739 &
1291 2704 1349 2746 ipsi
1372 2715 1464 2748 grave
1488 2705 1638 2738 olebant:
1664 2706 1814 2748 nigrique
1837 2706 1948 2739 erant2
1973 2704 2093 2741 Cordis
2117 2719 2177 2742 au-

1164 2749 1265 2782 ricula
1287 2747 1416 2782 dextera
1448 2748 1539 2781 valde
1564 2758 1631 2782 erat
1651 2772 1663 2789 ,
1698 2748 1844 2792 quamvis
1868 2759 1933 2781 non
1966 2748 2005 2781 ab
2027 2750 2068 2783 iis
2101 2763 2173 2795 quae

1164 2793 1369 2833 contineret,
1391 2791 1549 2831 dilatata5
1570 2791 1691 2825 sinistra
1715 2790 1902 2825 aretiffima:
1928 2793 1961 2825 in
1984 2795 2174 2828 ventriculis

1165 2835 1332 2878 polyposae
1357 2846 1464 2869 tenues
1474 2837 1715 2868 concretiones.
1850 2835 1982 2869 Cerebri
1993 2837 2083 2870 Dura
2106 2849 2176 2871 me-

1163 2880 1243 2912 ninx
1265 2878 1326 2913 suis
1349 2880 1383 2912 in
1407 2878 1536 2912 Sinibus
1558 2878 1778 2912 concretiones
1800 2877 2061 2922 habuitejusdem
2083 2893 2176 2923 gene-

1165 2926 1232 2963 ris,
1256 2922 1307 2956 sed
1330 2921 1423 2956 facile
1446 2920 1676 2961 dissolvendas,
1700 2924 1733 2954 δι’,
1756 2921 1840 2964 quasi
1864 2921 2025 2964 adiposas.
2052 2924 2117 2958 Sub
2140 2936 2174 2960 ea

1168 2967 1317 3008 meninge
1342 2966 1437 2999 bullae
1461 2976 1555 2998 aerere
1577 2989 1585 2997 .
1621 2963 1704 2998 Vasa
1736 2967 1846 2998 omnia
1876 2965 1995 2998 cerebri
2024 2965 2173 3011 sanguine

1168 3011 1260 3053 plena
1285 3033 1295 3049 ‚
1319 3018 1355 3042 ut
1379 3007 1560 3042 Choroides
1583 3008 1692 3051 plexus
1715 3009 1909 3051 nigricarent
1933 3034 1940 3041 ,
1975 3009 2077 3044 Nihil
2111 3011 2171 3046 seri

1169 3052 1303 3087 effusum
1317 3078 1324 3086 .
1346 3051 1496 3092 Cerebri,
1521 3055 1553 3085 δε
1573 3052 1723 3084 cerebelli
1749 3051 1917 3086 substantia
1940 3051 2019 3086 ficca
2042 3055 2172 3097 potius,

1167 3107 1264 3139 quam
1286 3095 1438 3134 humida.
1460 3113 1462 3115 -
1571 3096 1655 3128 Aliae
1680 3104 1794 3138 praeter
1817 3096 1890 3134 has,
1915 3106 2019 3139 partes
2042 3097 2085 3130 ob
2106 3108 2175 3132 eam

1167 3140 1290 3174 causam
1315 3152 1383 3183 quae
1406 3138 1493 3172 dieta
1515 3137 1557 3172 est
1579 3162 1589 3177 ‚
1624 3138 1772 3181 inspec‘tae
1797 3150 1861 3173 non
1894 3138 2044 3173 fuerunt.

1172 3184 1258 3217 Illud
1281 3183 1421 3217 universe
1445 3181 1634 3216 adnotatum
1658 3182 1743 3222 ests
1766 3181 1948 3226 sanguinem
1970 3181 2062 3216 fuisse
2093 3184 2175 3227 ejus-

1173 3227 1283 3266 modi,
1308 3236 1344 3261 ut
1367 3226 1406 3260 ad
1428 3227 1664 3260 concretionem
1685 3227 1796 3269 potius
1817 3249 1828 3265 ‚
1858 3236 1954 3269 quam
1978 3225 2016 3260 ad
2040 3226 2175 3262 solutio-

1172 3282 1245 3304 nem
1257 3294 1269 3311 ,
1291 3270 1457 3304 inclinaret
1469 3295 1478 3303 .
1642 3278 1643 3281 ’
1931 3278 1933 3281 ’
2130 3272 2144 3274 ”’

1218 3326 1270 3357 24.
1304 3314 1404 3354 Qiod
1439 3312 1563 3357 Medici
1592 3322 1689 3356 caput
1721 3311 1933 3355 hydrophobi
1964 3314 2066 3348 multa
2098 3326 2175 3358 aqua

1174 3356 1321 3401 perfundi
1346 3356 1496 3399 jusserunt
1516 3381 1528 3398 ,
1557 3357 1706 3402 quasdam
1739 3354 1865 3390 fortasse
1899 3358 2079 3391 curationes
2110 3367 2174 3391 non

1172 3400 1315 3434 infelices
1347 3400 1556 3442 spectarunt,
1592 3412 1662 3443 quae
1685 3399 1782 3433 ferme
1813 3399 1852 3433 ad
1875 3399 2010 3434 eundem
2041 3400 2172 3440 modum

1170 3445 1204 3478 in
1228 3446 1330 3488 Regia
1354 3445 1566 3478 Scientiarum
1589 3443 1763 3477 Academia
1786 3441 1946 3477 Parifiensr
1977 3447 1992 3483 (
2014 3455 2038 3487 z
2060 3448 2074 3485 >
2107 3443 2175 3479 fue-

2065 3496 2136 3521 rant

117 3590 2180 3607 &msswfflU-fflw—-J—-U—-ssQ——mm

681 3665 696 3694 (
709 3663 724 3688 b
739 3661 749 3693 )
766 3671 790 3688 c.
807 3663 852 3688 cit.

179 3660 224 3720 ‹Kg
244 3661 250 3687 )
267 3660 333 3687 Diso.
348 3661 393 3686 cit.
410 3663 437 3686 Ρ.
454 3671 478 3685 2.
495 3660 580 3691 partie.
595 3664 622 3686 6.
916 3664 931 3693 (
948 3664 958 3687 i
977 3663 985 3692 )
1001 3671 1027 3689 ce
1042 3663 1087 3689 eit.

207 3701 230 3715 ‘m

181 3721 195 3749 ζ
211 3731 223 3745 ,ο
242 3724 248 3749 )
267 3723 321 3759 virid,
337 3722 408 3752 Gasp.
427 3730 441 3747 a
455 3723 526 3749 Reies
541 3721 607 3752 Elys.
625 3722 721 3752 jucund.
737 3723 827 3755 Quaest.
845 3726 931 3754 camp.
947 3732 989 3755 qu.
1006 3729 1044 3751 61·
1064 3732 1088 3748 n.
1107 3731 1144 3748 u.

181 3753 195 3780 r(
211 3762 222 3775 r
240 3752 249 3783 )
267 3754 326 3786 kPl‘·
344 3755 376 3777 N.
394 3755 422 3778 C.
440 3755 499 3786 Dec.
516 3761 539 3783 3.
558 3757 589 3777 A.
608 3760 630 3782 9.
649 3756 671 3778 δι
689 3762 725 3780 ιο.
741 3756 767 3779 in
783 3755 891 3785 append.
908 3763 932 3779 n.
949 3759 974 3779 6.

184 3784 198 3810 ζ
215 3791 231 3806 u
248 3784 259 3811 J
278 3784 331 3815 vida
350 3789 431 3808 tamen
448 3784 506 3809 alias
522 3784 602 3813 infra,
618 3791 642 3808 n.
661 3792 698 3815 31·
713 3785 736 3809 δι
752 3784 825 3815 Epist.
843 3789 882 3811 61.
899 3793 923 3810 n.
943 3794 965 3816 9.
1029 3789 1037 3815 t
1057 3793 1072 3809 κ
1087 3785 1101 3814 )
1118 3784 1133 3810 l.

186 3815 193 3842 ς
211 3822 230 3844 e
246 3824 255 3844 2
272 3814 331 3838 rust„
347 3816 377 3840 A.
399 3819 466 3846 1⁶99.
858 3818 859 3821 ’
953 3815 957 3827 ·’

248 3692 260 3719 “j
278 3693 337 3719 Epa.
353 3694 387 3716 N.
404 3694 434 3718 C.
451 3694 509 3717 Dec.
528 3699 551 3716 1.
567 3692 596 3715 A.
613 3694 638 3716 6.
655 3692 679 3717 a
693 3702 719 3723 7.
736 3693 797 3721 ebs,
816 3702 870 3724 ¹4²-
889 3694 945 3719 Vid.
965 3695 989 3719 St
1005 3695 1081 3723 Epist.
1097 3697 1138 3718 61.

1036 3756 1051 3785 (
1065 3754 1110 3783 J)
1126 3754 1194 3785 Disp.
1209 3755 1255 3779 cit.
1273 3757 1299 3779 P.
1315 3765 1338 3790 4:
1355 3757 1437 3786 partie.
1453 3767 1476 3782 2.

2068 3629 2085 3643 ξ’

1150 3663 1314 3723 &kg-Dina.
1326 3665 1369 3689 cit.
1387 3667 1414 3690 Ρ.
1432 3675 1456 3697 4.
1475 3667 1559 3695 partic.
1575 3676 1597 3692 2.

1301 3696 1309 3725 s
1324 3695 1370 3729 n.)
1384 3698 1444 3722 Dec.
1461 3698 1513 3723 ead.
1531 3702 1564 3722 A.
1582 3706 1603 3727 9.
1619 3701 1645 3732 δι’
1660 3666 1772 3721 ico.lo)li:s.
1786 3670 1830 3726 23?-

1204 3726 1218 3754 ζ
1232 3732 1249 3754 p
1264 3724 1278 3753 )
1295 3732 1316 3749 c.
1333 3732 1375 3750 cit.
1437 3730 1451 3759 (
1467 3736 1482 3757 q
1497 3729 1511 3758 )
1528 3730 1608 3753 schol.
1624 3733 1686 3761 cit..

1538 3761 1552 3789 (
1568 3765 1578 3782 t
1594 3759 1608 3787 )
1626 3762 1649 3784 s.
1666 3762 1711 3781 cit.
1727 3758 1751 3781 8.
1769 3757 1830 3782 0bs.
1847 3765 1871 3787 7.

1150 3785 1180 3811 de
1196 3785 1268 3811 mors·
1285 3793 1350 3812 tanis
1366 3787 1414 3812 rab.
1425 3797 1452 3817 c.
1468 3797 1492 3815 ι.
1551 3789 1566 3818 ί
1580 3796 1596 3820 y
1611 3788 1624 3818 )
1639 3787 1777 3814 Tetrabibl.
1794 3796 1816 3812 2.
1834 3789 1913 3814 Serm.
1930 3795 1953 3813 ι.
1969 3795 1991 3813 e.
2013 3795 2052 3818 ²4·
