2498 4075
375 229 492 259 cerum
517 235 586 267 quae
609 225 770 263 calculus,
793 224 826 258 δι
846 221 1010 257 contraria
1035 218 1182 253 medendi
1232 262 1238 267 1

372 279 423 302 tea
448 268 588 302 fecerant
612 292 622 306 ,
646 269 809 301 cicatrices
831 265 975 308 inveniffe
997 262 1204 311 Prosebiqrerri
1225 272 1258 295 tn
1280 260 1378 304 vefica

372 311 450 344 Viri
474 310 641 353 ejusdem,
665 312 812 353 quamvis
835 308 1039 351 sexagenario
1077 316 1210 355 majoris
1229 327 1243 354 .-

370 355 430 388 Sed
455 357 608 387 nimirum
633 355 729 395 longe
752 353 841 386 aliud
865 352 906 385 est
928 362 999 394 quae
1023 360 1123 382 rarius
1146 355 1341 389 contingunt
1364 368 1374 384 ,

372 398 458 431 aliud
479 408 551 439 quae
575 396 712 440 saepius,
735 397 895 439 spectare.-
919 402 1033 437 atque,
1059 401 1095 441 ut
1119 390 1301 440 ad‘puellas
1325 400 1375 440 ref

372 441 499 484 grediar
522 438 662 477 nostras,
689 438 776 473 alind
800 439 832 471 in
846 447 1010 480 tempore,
1032 434 1120 467 aliud
1146 444 1284 482 nimium
1300 443 1375 474 pro-¹

374 484 479 527 gresso
504 481 567 523 jam
593 483 710 516 morbo
734 481 864 516 accersi:
888 480 976 522 quod
998 490 1037 512 ex
1060 477 1298 525 Observat'ione
1319 487 1375 516 ap-

374 527 499 568 parebit
514 548 525 564 ,
546 523 659 559 iisdem
682 537 759 566 quas
783 524 876 565 supra
901 527 961 563 (t)
985 522 1182 557 memoravi,
1206 520 1323 568 litteris
1336 517 1375 551 ad

369 581 420 602 me
446 568 563 611 scripta
582 581 597 602 a
623 569 760 603 Medico
783 566 1067 610 Experientiffimo
1094 565 1270 597 Laurentio
1300 562 1374 595 Ma-

371 623 485 646 riano.
749 640 752 643 ,

413 666 464 694 25·
491 653 1031 687 ADOLESCENTULAE
1055 647 1285 698 rusticae-ossea
1307 646 1371 680 cri-

373 700 456 733 nalis
481 709 553 731 acus
576 697 687 731 eodem
710 710 778 740 quo
811 697 974 738 prioribus
997 717 1006 732 ,
1042 694 1141 727 modo
1172 702 1204 723 in
1239 690 1373 725 vesicam

373 741 507 775 attrafihi
531 764 541 779 ,
578 742 636 774 etsi
669 740 797 774 dolores
821 738 1041 780 molestiasque
1064 735 1191 770 creabat
1225 734 1341 768 multas
1364 746 1373 770 ;

371 796 435 819 non
460 793 549 817 antea
573 793 680 816 tamen
704 782 780 817 fa&i
802 782 1027 817 confeffionem
1061 778 1207 821 expressit
1230 801 1239 816 ,
1276 787 1373 819 quam

373 829 501 861 calculo
527 829 596 860 acui
622 827 762 865 adn-ato,
788 825 987 859 intolerabili
1009 824 1152 857 cruciatu
1176 820 1288 854 affecta
1304 820 1370 853 est.

370 872 467 905 Tunc
491 870 629 912 denique
652 881 726 903 cuni
751 870 960 911 inspiceretur
983 890 991 905 .
1025 878 1098 901 acus
1122 875 1235 898 mucro
1258 887 1267 901 ,
1298 875 1372 897 ure-

371 915 447 947 thra
484 925 583 957 prope
613 913 760 946 infimam
794 913 918 954 vaginae
955 908 1058 943 sedern
1092 909 1217 958 pertusa
1242 929 1251 945 ,
1282 908 1369 957 intra

370 956 466 999 hujus
489 967 603 991 cavum
627 956 810 997 prominens
835 964 978 998 repertus
1001 955 1043 987 est
1068 979 1076 987 .
1110 950 1230 985 Visum
1253 951 1373 1000 Maria-

369 1013 436 1040 no,
462 1000 483 1033 si
508 999 660 1033 nonnihil
685 998 855 1033 secundum
887 997 1128 1040 longitudinem
1159 994 1288 1027 urethra
1320 1004 1370 1043 in-

368 1044 528 1077 cideretur
556 1066 563 1080 ,
587 1053 719 1076 acumen
743 1042 824 1076 illud
849 1044 881 1074 in
906 1041 1070 1075 urcthram
1096 1036 1180 1081 posse
1211 1036 1332 1086 retrahi
1354 1059 1367 1075 ,

368 1087 474 1130 sicque
498 1098 555 1121 acu
578 1089 609 1121 &
633 1085 757 1120 calculo
780 1088 813 1118 in
838 1085 993 1119 directum
1025 1084 1151 1117 statutis
1174 1105 1184 1120 ,
1215 1089 1332 1114 tentari
1356 1099 1367 1116 ‚

368 1142 407 1164 an
433 1129 519 1164 hunc
543 1154 553 1168 ‚
589 1130 740 1170 fragilem
762 1128 892 1163 fortasse
918 1152 926 1167 ,
963 1126 1203 1174 desquamando
1236 1122 1369 1161 sensim,

368 1177 401 1208 &
424 1175 574 1210 dextere,
599 1173 636 1206 ad
660 1184 727 1206 cam
752 1172 895 1214 redigere
928 1171 1123 1204 tenuitatem
1157 1168 1268 1201 liceret
1290 1189 1302 1205 ‚
1335 1175 1370 1198 ut

369 1229 447 1251 cum
470 1228 528 1251 acu
560 1218 753 1249 eximeretur
777 1241 784 1248 .
817 1215 1048 1257 Repugnantia
1087 1212 1223 1245 aliorum
1248 1210 1371 1243 fastum

367 1261 434 1298 est,
457 1271 490 1294 ut
516 1261 601 1294 nulla
626 1271 657 1292 re
684 1268 827 1295 tentata,
850 1258 912 1292 suae
936 1257 1014 1290 sorti
1039 1255 1153 1289 misera
1187 1253 1289 1296 puella
1325 1262 1373 1285 rc-

366 1306 582 1346 linqueretur.
608 1303 655 1335 Ut
679 1313 825 1345 ternpus,
848 1301 890 1334 sic
913 1300 1056 1346 calculus
1067 1308 1221 1340 quoque,
1246 1299 1277 1329 ὃς
1301 1307 1374 1329 cru-

365 1349 469 1381 ciatus
492 1347 710 1389 augebantur,
734 1346 951 1387 obturatoque
973 1355 1038 1385 Jam
1062 1340 1296 1384 propemodum
1320 1348 1374 1372 to-

367 1402 405 1425 to
430 1391 539 1423 vesicae
562 1388 693 1423 orificio
717 1412 726 1428 ,
759 1391 814 1420 vix
838 1399 945 1429 paucae
969 1398 1078 1428 eaeque
1118 1384 1339 1426 graveolentes
1363 1405 1372 1420 ,

368 1436 469 1468 urinae
493 1433 624 1467 exibant
649 1457 654 1464 .
692 1433 742 1465 Sic
767 1431 910 1465 febribus
946 1441 1076 1472 quoque
1114 1426 1374 1481 accedentibus',

367 1480 498 1510 tandem
523 1478 599 1510 vitae
633 1473 774 1509 infelicis
808 1473 910 1507 faetus
940 1473 982 1506 est
1003 1471 1076 1506 finis
1098 1497 1105 1504 .
1239 1469 1373 1503 VER-

367 1521 401 1555 T
417 1521 491 1554 RE
516 1529 627 1562 aperto
649 1540 659 1557 ,
684 1530 741 1561 pus
764 1520 799 1551 in
823 1517 918 1560 hujus
942 1518 1026 1559 pelvi
1051 1514 1256 1556 conspeetum
1293 1512 1334 1560 es}
1358 1533 1367 1548 ‚

365 1564 593 1605 creditumque
619 1588 627 1603 ‚
652 1575 667 1596 a
691 1561 818 1595 renibus
843 1585 852 1600 ,
874 1562 929 1602 qui
955 1560 1120 1601 suppurati
1144 1567 1232 1590 erant
1256 1579 1264 1593 ‚
1289 1557 1369 1589 estu-

365 1608 435 1642 sum
461 1632 468 1638 .
506 1606 625 1640 Vesicae
650 1630 659 1645 ,
696 1605 846 1647 sphacelo
880 1612 1035 1644 correptae
1059 1624 1068 1639 ,
1102 1603 1205 1635 inerat
1228 1600 1368 1633 calculus

367 1653 441 1694 pvri
467 1648 572 1683 ferma
596 1662 605 1687 ς
643 1661 714 1682 narn
736 1661 803 1690 quo
829 1648 927 1689 magis
961 1658 976 1679 a
1000 1645 1145 1688 capitulo
1168 1667 1177 1682 ,
1213 1646 1244 1676 &
1278 1642 1369 1684 supe-

366 1689 451 1728 riore
476 1705 547 1727 acus
572 1702 662 1735 parte
686 1691 892 1725 descendebat
915 1713 927 1729 ,
962 1701 999 1722 eo
1031 1690 1133 1730 magis
1167 1687 1194 1720 se
1219 1695 1370 1720 extenua-

368 1738 424 1772 bat
443 1765 450 1772 .
476 1739 562 1770 Cum
588 1748 603 1769 e
628 1735 726 1768 vesica
759 1759 768 1775 ,
800 1734 836 1766 ad
862 1744 957 1775 quani
982 1733 1088 1774 aliqua
1114 1729 1300 1764 adhaerebat
1332 1740 1370 1761 ex

366 1791 456 1825 parte
473 1805 481 1819 ,
507 1780 736 1816 attolleretur,
760 1776 938 1819 squamulas
961 1775 999 1808 ad
1024 1787 1095 1808 eum
1122 1773 1368 1822 locum-agglu-

367 1827 487 1859 tinatas
513 1824 645 1865 reliquit
671 1847 678 1855 .
710 1822 754 1854 Et
778 1830 882 1853 tamen
905 1842 915 1857 ‚
947 1830 1020 1853 curn
1046 1830 1103 1851 acu
1128 1817 1211 1851 larici
1235 1815 1368 1858 impofi-

367 1879 420 1902 tus
445 1894 454 1909 ,
490 1878 568 1901 tunc
593 1866 732 1909 pondere
767 1863 915 1897 denarios
945 1864 1084 1904 aequavit
1107 1859 1369 1908 duodeviginti-3¹

363 1924 440 1946 cuin
465 1921 570 1945 autem
594 1908 698 1951 postea
722 1907 789 1942 haec
812 1906 851 1941 ad
875 1918 926 1940 me
950 1905 1162 1939 scriberentur
1184 1926 1197 1944 2
1219 1914 1282 1936 non
1306 1905 1368 1936 nisi

366 1954 636 1998 quatuordecim.
818 1956 820 1959 '

410 2002 459 2032 26.
488 1999 559 2036 Qui
584 1996 697 2040 puellae
720 1995 836 2032 alteri,
860 2003 895 2027 ut
918 1993 1043 2027 dietum
1067 1991 1110 2026 est
1135 1990 1227 2033 supra
1252 1994 1265 2030 (
1288 1987 1368 2033 u),

367 2054 459 2078 acum
483 2042 670 2084 priusquam
694 2039 774 2081 lapis
797 2038 987 2071 accresceret
1012 2059 1021 2074 ‚
1054 2035 1194 2082 feliciter
1218 2044 1366 2067 extraxe-

368 2097 441 2124 rat,
466 2086 542 2119 huic
566 2096 694 2127 quoque
718 2081 873 2115 inchoato
898 2105 908 2121 ,
944 2080 1101 2123 au&oque
1125 2090 1189 2121 jam
1213 2077 1337 2116 calculo
1360 2098 1371 2115 ,

367 2131 465 2165 eximi
493 2128 576 2171 posse
601 2139 664 2161 non
689 2125 898 2172 desperabat,
920 2124 942 2157 si
967 2135 1040 2157 acus
1064 2133 1216 2156 mucrone
1239 2122 1272 2154 in
1296 2131 1369 2153 ure-

367 2174 475 2209 thr-am
499 2171 630 2206 redut‘w
647 2195 657 2211 ,
680 2173 711 2202 δι
735 2170 857 2210 sorcipe
894 2166 1023 2200 firmato
1046 2189 1055 2205 ‚
1090 2165 1250 2200 calculum
1283 2172 1371 2197 exte-

369 2230 467 2252 nuare
490 2238 498 2254 ‚
524 2215 609 2257 siqua
634 2211 735 2255 posset
759 2236 769 2251 ,
791 2220 960 2245 conaretur
984 2220 1073 2244 antea
1100 2234 1109 2250 ‚
1132 2220 1232 2251 quain
1255 2207 1371 2241 educe-

371 2271 417 2295 ret
447 2284 454 2298 ‚
488 2259 699 2295 Benivenium
732 2258 789 2295 (x
819 2257 866 2293 )‚
901 2255 957 2296 qui
991 2255 1024 2287 in
1057 2254 1208 2295 Virginis
1239 2250 1370 2285 urethra

369 2305 600 2343 comminuit,
635 2301 721 2342 prius
753 2298 975 2341 quadantenus
1000 2323 1009 2337 ,
1056 2307 1128 2330 tum
1161 2293 1261 2345 sures
1304 2304 1369 2343 non

372 2361 411 2384 ex
436 2358 514 2381 voto
539 2344 721 2387 procederet
745 2366 758 2383 ,
791 2341 1004 2375 Molinettum
1028 2339 1118 2383 (y)
1143 2349 1199 2381 qui
1223 2350 1280 2382 per
1302 2348 1370 2386 Virn

370 2391 602 2428 extrahendum
626 2393 813 2423 curaverat,
838 2386 1026 2418 imitaturus
1050 2409 1056 2415 .
1091 2384 1135 2415 Et
1158 2380 1287 2414 fortasse
1311 2380 1372 2414 ali-

372 2436 452 2479 quid
487 2432 602 2477 profici
635 2431 805 2464 etiamtum
837 2436 965 2469 poterat
989 2452 996 2460 .
1032 2426 1142 2459 Postea
1164 2436 1253 2457 ivero
1274 2435 1372 2465 quarn

372 2479 512 2514 calculus
537 2475 634 2517 usque
659 2474 758 2512 adeo,
781 2474 811 2504 &
835 2482 908 2503 cum
934 2470 1005 2512 ipso
1030 2469 1110 2502 mala
1132 2470 1241 2500 omnia
1264 2478 1372 2500 creve-

373 2535 465 2559 rann
489 2521 561 2562 quis
584 2520 626 2551 est
649 2518 704 2557 qui
734 2517 855 2557 sperare
878 2515 1054 2556 quidquam
1078 2509 1203 2554 posset?
1228 2509 1327 2549 Quod
1350 2509 1373 2542 si

375 2566 516 2600 calculus
539 2572 632 2596 tanto
656 2558 762 2594 fuisset
788 2558 916 2591 tenuior
941 2582 949 2596 ‚
983 2558 1034 2588 via
1066 2563 1171 2588 autem
1197 2565 1250 2604 pei·
1273 2563 1370 2595 quani

373 2611 512 2644 urethrae
549 2616 665 2639 cavum
698 2614 772 2636 curri
806 2602 932 2642 vaginae
963 2610 1045 2633 cavo
1078 2597 1341 2646 communicabat
1364 2616 1374 2632 ,

373 2664 466 2687 tanto
491 2651 650 2692 amplior,
673 2656 796 2689 quanto
820 2654 995 2684 utrumque
1017 2644 1051 2674 in
1076 2640 1308 2689 ejusdemmodi
1323 2650 1376 2673 ca-

372 2696 409 2731 su
433 2696 532 2729 fuerit
559 2691 674 2725 necesse
699 2693 741 2723 est
756 2716 763 2729 ,
785 2699 880 2730 quem
903 2699 940 2719 ex
965 2686 1059 2718 ltalia
1085 2683 1210 2718 missum
1226 2710 1233 2722 ,
1255 2695 1287 2716 in
1309 2684 1376 2715 Re-

374 2743 434 2777 giae
460 2737 672 2771 Scientiarurn
697 2731 879 2766 Academia»
903 2728 1079 2762 Parisiensis
1103 2727 1248 2777 Historia
1281 2731 1293 2766 (
1317 2729 1375 2776 z.)

375 2778 509 2819 legimus
534 2796 542 2818 ·‚
574 2777 702 2813 fortasse
736 2780 764 2808 δι’
789 2774 856 2816 ipse
894 2785 947 2816 per
970 2774 998 2805 se
1021 2774 1142 2814 pariter
1165 2780 1252 2805 intra
1285 2781 1375 2811 vagi-

376 2821 447 2860 nam
472 2821 635 2858 excidisset
658 2846 666 2854 .
702 2818 904 2853 Crediderim
929 2828 1005 2849 vero
1028 2817 1060 2849 in
1086 2827 1124 2848 eo
1146 2826 1275 2857 quoque
1305 2812 1375 2846 casu

377 2869 547 2903 transitum
570 2877 608 2899 ex
642 2867 762 2899 summa
797 2861 925 2894 uretlira
959 2861 1059 2902 magis
1093 2869 1189 2901 quam
1213 2869 1252 2891 ex
1274 2855 1376 2890 vefica

378 2916 412 2946 in
438 2914 585 2949 vaginam
609 2907 701 2942 fuisse
726 2930 735 2945 ,
768 2905 895 2948 quando
918 2902 1085 2948 successisse
1109 2903 1245 2944 legimus
1267 2923 1279 2940 ‚
1313 2910 1376 2949 non

379 2949 483 2990 urina?
506 2964 559 2997 per
584 2954 733 2993 vaginam
757 2949 911 2982 esfluxum
935 2970 944 2984 ‚
978 2946 1027 2979 scd
1052 2947 1154 2979 urinae
1178 2954 1305 2978 tantum
1329 2954 1381 2994 in-

378 2996 616 3034 continentiam
634 3021 641 3027 .
677 2994 747 3026 Sive
771 2994 854 3025 enim
878 3003 950 3024 acus
973 3003 988 3023 e
1018 2989 1132 3031 digitis
1157 3000 1220 3021 non
1253 2997 1322 3020 tota
1346 2997 1380 3020 in

379 3042 528 3086 pluribus
552 3039 635 3071 intra
662 3038 794 3070 vesicam
820 3035 1004 3076 abripitur,
1030 3032 1169 3074 utsupra
1194 3036 1205 3071 (
1227 3043 1244 3065 a
1268 3035 1281 3070 )
1304 3040 1381 3062 con-

383 3086 560 3129 jiciebam,
583 3078 647 3113 five
672 3081 792 3117 mavis,
819 3078 921 3119 postca
945 3088 1041 3118 quarn
1065 3085 1135 3108 tota
1157 3075 1288 3116 abrepta
1312 3072 1380 3111 est,

380 3128 591 3162 contrahente
617 3125 644 3156 se
670 3123 790 3157 vesica,
817 3131 850 3153 in
876 3120 1039 3153 ureihrarn
1063 3118 1242 3152 retruditur
1266 3139 1275 3154 ,
1298 3128 1380 3158 quo-

381 3184 452 3206 rum
476 3169 557 3204 illud
582 3168 646 3201 veri
681 3166 817 3200 similius
841 3164 953 3196 censeo
977 3186 986 3200 ,
1020 3175 1095 3196 cum
1127 3159 1380 3210 acumen-quod

381 3216 494 3249 diaitis
519 3212 707 3249 tenebatur,
730 3220 794 3242 non
819 3206 995 3250 capitulum
1022 3229 1032 3243 ,
1055 3209 1087 3238 in
1113 3206 1279 3238 Molinetti
1303 3226 1312 3240 ‚
1350 3205 1380 3234 &

383 3255 527 3294 Mssiiani
553 3266 638 3288 certe
663 3253 813 3295 exemplis
839 3274 846 3288 ‚
880 3253 909 3282 &
933 3250 966 3281 in
1002 3249 1139 3282 totidem
1163 3260 1235 3291 quae
1269 3255 1379 3281 conti-

382 3314 449 3335 nuo
474 3299 630 3341 proferam
648 3321 658 3337 ,
682 3299 720 3330 ab
752 3293 891 3329 urethrae
928 3302 1013 3333 parte
1036 3290 1146 3328 fuisse,
1171 3296 1266 3325 sciam
1290 3304 1299 3326 3
1332 3290 1382 3338 ni-

382 3346 428 3379 liil
455 3345 522 3377 sieri
548 3341 672 3375 facilius
698 3340 818 3382 potest,
842 3346 937 3379 quarn
963 3346 997 3369 ut
1021 3337 1167 3377 capitulo
1191 3348 1205 3368 a
1230 3333 1381 3378 posterio-

383 3400 414 3421 re
440 3387 544 3421 vesicae
571 3396 656 3427 parte
680 3409 692 3424 ‚
726 3385 844 3425 quippe
868 3390 966 3422 quam
1003 3389 1121 3411 annexa
1154 3380 1269 3423 vagina
1302 3386 1380 3425 tuqc

383 3431 517 3466 libidine
541 3438 670 3471 turgens
695 3425 879 3460 antrorsum
900 3422 1063 3465 impellit,
1091 3424 1271 3456 antrorsurn
1295 3429 1379 3461 pari-

1202 198 1206 231 s

1626 63 1631 76 l

947 138 1100 193 Liber
1132 138 1222 192 111.
1257 140 1338 190 De
1374 134 1580 190 Morbis
1614 135 1825 188 Ventris

1206 218 1290 253 ratio
1321 228 1380 251 an·
1431 224 1482 248 ter
1501 213 1687 254 compulso',
1711 214 1888 256 obliquatae
1910 224 1983 248 acus
2008 223 2120 247 mucro
2153 214 2322 249 retrorsum
2353 225 2428 258 aga-

1429 268 1482 291 tur
1512 281 1522 296 ,
1557 255 1663 299 sicque
1686 257 1719 289 in
1743 259 1879 291 urethrae
1904 256 2109 299 posteriorem
2133 260 2286 299 parietem
2309 281 2321 298 ‚
2344 270 2429 301 prae-

1428 300 1538 334 sertim
1562 298 1584 332 fi
1607 300 1734 333 acutior
1756 300 1817 337 sit,
1842 300 1871 334 se
1893 299 2031 342 defigat,
2055 311 2189 342 eumque
2212 302 2332 334 crebris
2354 302 2426 335 ada-

1426 344 1495 377 ecus
1537 341 1644 375 vesicae
1677 344 1954 377 contrafflonibus
1987 365 1997 380 ‚
2040 343 2178 386 denique
2215 345 2385 385 pertundat
2416 369 2425 379 .

1425 386 1525 428 Qod
1562 384 1655 420 sicuti
1688 385 1810 419 fafitum
1841 386 1883 420 est
1927 387 1961 418 in
1995 387 2105 427 agresti
2139 386 2392 421 Adulescentula
2414 411 2424 427 ‚

1425 440 1496 471 quae
1542 427 1608 462 haec
1654 438 1704 461 me
1748 428 1902 462 scribente
1923 451 1934 467 ,
1967 429 2007 461 ab
2051 429 2245 464 nostratibus
2287 429 2427 463 Chirur-

1425 473 1475 514 gis
1515 483 1611 514 opem
1653 471 1782 513 petebat
1805 494 1816 510 ‚
1859 473 1903 505 ita
1946 471 2091 506 futurum
2134 472 2237 506 fuerat
2279 474 2314 506 in
2347 473 2427 506 Vir-

1424 516 1563 557 guncula
1597 525 1696 549 annos
1728 515 1974 556 quatuordecim
2008 527 2080 549 nata
2103 537 2112 552 ‚
2145 515 2183 549 de
2215 528 2277 560 qua
2301 528 2319 549 a
2342 516 2427 549 Chi-

1425 570 1525 602 rurgo
1546 580 1559 597 ‚
1592 560 1626 591 in
1650 558 1702 590 Re
1722 559 1915 592 Anatomica
1947 572 1963 592 a
1988 570 2036 592 me
2059 558 2187 593 erudito
2210 582 2220 596 ‚
2253 570 2319 592 non
2341 560 2426 593 mul-

1425 611 1461 635 to
1505 601 1572 643 post
1616 611 1764 643 tempore
1798 612 1963 636 narratum
2008 605 2052 636 est
2076 624 2086 640 ,
2131 614 2229 644 quam
2261 603 2316 636 illa
2347 603 2427 637 alte-

1425 657 1458 679 ra
1502 643 1627 677 obierat
1650 666 1660 681 ‚
1704 643 1795 686 cujus
1840 647 1903 679 tibi
1944 646 2112 679 sectionem
2143 644 2290 688 descripsi
2314 648 2328 685 (
2350 645 2370 679 b
2390 649 2421 685 ).

1422 691 1510 721 Cum
1542 686 1649 721 sedens
1671 710 1683 727 ,
1713 689 1798 721 idem
1831 689 1917 732 quod
1941 689 1995 721 illa
2016 687 2180 723 fafititaret
2202 712 2213 728 ,
2257 700 2331 722 acus
2365 701 2423 728 au-

1425 741 1488 765 tern
1514 732 1691 773 capitulum
1712 740 1810 765 tantae
1835 733 2066 774 propemodum
2090 731 2302 767 craffitudinis
2324 743 2426 774 quan-

1424 785 1455 809 ta
1488 774 1616 807 urethra
1649 776 1724 815 est,
1757 777 1792 808 in
1826 774 1908 809 hanc
1942 776 2035 809 altius
2079 774 2252 809 intrusisset
2274 799 2284 814 ,
2314 786 2425 817 repen-

1425 820 1498 851 tino
1542 818 1652 851 matris
1694 819 1876 851 interventu
1921 818 2062 861 perculsa
2086 842 2096 858 ‚
2141 818 2232 853 simul
2264 818 2388 853 dimisit
2409 841 2422 858 ,
2453 841 2456 842 ν

1425 861 1517 895 simul
1549 861 1699 894 altiffime
1739 860 1924 903 absorptam
1957 860 2050 895 sensit
2073 886 2081 896 .
2126 864 2202 896 Dies
2238 863 2292 896 vix
2340 874 2423 904 qua-

1424 915 1500 940 tuor
1532 904 1689 937 molestias
1721 904 1912 947 doloresque
1947 906 2043 939 tacita
2079 906 2244 945 pertulit3
2290 906 2425 948 quincto

1426 960 1492 981 rem
1517 948 1612 981 matri
1634 969 1645 986 ‚
1678 946 1746 980 haec
1769 949 1796 980 ei
1820 958 1914 990 quem
1940 948 2009 982 dixi
2033 970 2042 986 ,
2067 949 2236 991 Chirurgo
2259 951 2390 990 aperuit
2401 957 2418 981 ⁷.

1427 992 1499 1029 Qui
1522 1003 1559 1024 ex
1583 991 1766 1033 punfiionis
1788 991 1827 1024 de
1849 1002 1911 1033 qua
1936 1003 2019 1033 aegra
2042 993 2182 1025 maxime
2204 992 2420 1034 querebatur,

1425 1035 1496 1068 icde
1520 1034 1697 1075 conjiciens
1717 1057 1730 1074 ,
1765 1045 1837 1067 acus
1861 1032 2006 1068 infimam
2032 1044 2154 1076 partem
2179 1037 2263 1067 circa
2285 1033 2424 1069 urethrae

1419 1078 1558 1111 medium
1581 1076 1715 1110 infixam
1738 1075 1856 1111 haerere
1871 1099 1880 1115 ‚
1905 1079 2048 1117 veritus,
2071 1088 2110 1111 ne
2132 1078 2343 1111 instrumento
2366 1079 2425 1111 ali-

1419 1133 1487 1163 quo
1510 1122 1544 1154 in
1567 1120 1648 1154 hanc
1673 1120 1816 1154 immisso
1838 1132 1910 1155 acus
1931 1122 1964 1154 i'n
1989 1120 2121 1156 vesicam
2144 1123 2271 1165 penitus
2283 1122 2424 1164 compel-

1422 1166 1562 1201 leretur,
1586 1165 1799 1197 annuentibus
1822 1186 1832 1202 ,
1857 1166 1926 1197 imo
1948 1164 2141 1206 rogantibus
2165 1167 2196 1197 δε
2221 1165 2329 1206 puella
2351 1189 2361 1204 ‚
2390 1167 2423 1198 δε

1423 1217 1524 1240 matre
1546 1230 1556 1244 ‚
1589 1218 1653 1251 upo
1676 1229 1694 1252 ,Π
1718 1218 1795 1240 mox
1826 1209 1859 1241 &
1892 1208 1991 1241 altero
2025 1207 2134 1249 digito
2168 1209 2291 1250 vaginae
2315 1208 2423 1241 indito

1424 1262 1520 1298 acutri
1541 1261 1604 1283 non
1630 1252 1745 1291 majori
1769 1250 1920 1285 industria
1942 1261 2038 1293 quam
2061 1250 2221 1284 felicitate
2245 1253 2289 1284 ita
2312 1250 2425 1286 decus-

1422 1293 1462 1327 sit
1485 1316 1493 1330 ,
1528 1303 1564 1327 ut
1588 1294 1693 1334 cuspis
1727 1292 1764 1325 ad
1791 1293 1927 1327 urethrae
1959 1293 2125 1327 orificium
2159 1294 2186 1327 se
2210 1294 2387 1328 ostenderet
2410 1318 2425 1335 ‚

1424 1337 1617 1379 vulsellaque
1640 1335 1799 1378 prehendi
1817 1336 1916 1379 poffet
1939 1361 1948 1369 -
1985 1338 2035 1370 Sic
2059 1337 2181 1371 duabus
2204 1359 2215 1374 ‚
2248 1337 2332 1372 haud
2357 1348 2427 1372 am-

1424 1382 1531 1423 plius,
1554 1381 1714 1422 sanguinis
1738 1381 1879 1421 guttulis
1902 1380 2122 1414 excidentibus
2144 1403 2154 1418 ,
2187 1380 2342 1424 nulloque
2373 1380 2427 1415 su-

1423 1424 1553 1466 perstite
1576 1424 1809 1462 incommodo,
1832 1434 1928 1463 acus,
1950 1435 2050 1466 quam
2073 1425 2113 1458 ad
2138 1435 2187 1457 me
2209 1425 2321 1457 attulit
2347 1444 2357 1462 ‚
2390 1437 2425 1458 e-

1423 1477 1552 1509 xempta
1576 1466 1638 1500 est.
1664 1468 1742 1499 Erat
1766 1467 1826 1500 illa
1849 1490 1858 1504 ,
1893 1476 1947 1500 aut
1971 1476 2054 1500 certe
2077 1465 2249 1500 videbatur
2271 1468 2421 1506 stannea,

1423 1510 1554 1543 crinalis
1577 1535 1586 1549 ,
1608 1519 1748 1551 quatuor
1770 1510 1892 1551 digitos
1915 1510 2111 1544 transversos
2135 1512 2233 1552 ionga
2257 1534 2266 1549 ,
2291 1511 2423 1554 cuspide

1421 1563 1594 1596 peracuta.-
1618 1552 1747 1596 jamque
1770 1552 1822 1586 hic
1847 1553 1916 1586 illic
1940 1553 2107 1596 quidpiam
2132 1553 2288 1587 adhaerere
2309 1555 2425 1598 coepis-

1421 1598 1452 1630 se
1475 1606 1622 1631 tartareae
1643 1597 1805 1636 materie,
1834 1607 1910 1630 mox
1933 1605 2050 1633 temere
2060 1597 2216 1639 detersae,
2239 1596 2426 1641 Chirurgus

1423 1641 1697 1675 animadverterat
1711 1665 1718 1674 .
2048 1646 2051 1648 ’

1465 1695 1514 1726 27.
1543 1684 1660 1718 Nolim
1676 1695 1763 1725 aegre
1794 1683 1876 1718 feras
1900 1708 1910 1723 ,
1946 1693 1996 1718 tot
2028 1685 2147 1720 additis
2182 1697 2199 1719 a
2233 1697 2283 1719 ine
2316 1697 2425 1720 exem·-

1422 1728 1483 1770 plis
1496 1727 1576 1762 illud
1600 1728 1830 1761 confirmatum
1855 1729 1957 1761 videri
1981 1729 2069 1768 quod
2093 1730 2133 1763 ab
2157 1730 2322 1762 nonnullis
2347 1729 2426 1763 scri-

1421 1780 1515 1814 ptum
1539 1772 1582 1804 est
1607 1796 1616 1811 ‚
1639 1768 1793 1804 foeminas
1815 1772 1932 1812 quibus
1956 1771 2023 1804 haec
2047 1773 2199 1806 accidunt
2223 1793 2232 1809 ,
2263 1773 2427 1815 plerasque

1420 1814 1473 1858 effe
1496 1812 1598 1847 Italas
1619 1838 1627 1846 .
1661 1814 1803 1848 Utinam
1835 1814 1987 1848 nostrates
2018 1827 2129 1848 omnes
2163 1815 2277 1848 scirent
2301 1838 2313 1855 ,
2343 1825 2425 1858 quot

1420 1869 1458 1890 ex
1482 1857 1558 1899 ipsis
1588 1855 1646 1889 hac
1679 1858 1806 1890 ratione
1837 1869 1891 1900 per
1921 1859 2122 1898 gravissimos
2157 1859 2318 1892 cruciatus
2353 1867 2426 1891 ante

1421 1901 1506 1934 diem
1541 1899 1717 1942 absumptae
1749 1900 1810 1933 sint
1842 1925 1850 1932 .
1889 1900 2016 1934 Verum
2051 1901 2184 1945 agrestes
2208 1924 2218 1939 ,
2253 1900 2425 1944 piebejaeve

1422 1944 1560 1987 puellae,
1585 1945 1624 1976 ab
1647 1952 1741 1976 aetate
1763 1955 1893 1986 quoque
1921 1942 1986 1985 ipsa
2008 1946 2100 1978 rudes
2122 1967 2132 1982 ,
2168 1944 2236 1978 haec
2259 1946 2318 1986 qus
2345 1945 2424 1978 scire

1423 1986 1565 2029 possint?
1588 1987 1661 2020 Nec
1684 1996 1790 2020 tamen
1815 1986 1976 2020 reticenda
1999 1999 2015 2020 a
2038 1989 2132 2022 nobis
2155 1988 2301 2029 exempla
2325 1987 2398 2022 sunt
2413 2011 2427 2028 ,

1420 2033 1455 2064 ut
1480 2031 1520 2064 ab
1543 2030 1660 2064 horum
1683 2029 1863 2073 frequentia
1888 2030 2051 2063 admoniti
2086 2031 2200 2073 possint
2225 2031 2350 2066 Medici
2386 2032 2426 2065 fi-

1421 2085 1485 2115 qua
1509 2072 1594 2107 sorte
1626 2073 1757 2107 illarum
1790 2072 1828 2105 de
1863 2075 1962 2106 urinae
1986 2074 2176 2108 difficultate
2209 2076 2301 2117 queri
2341 2077 2427 2109 inci—

1424 2119 1493 2160 piat
1509 2139 1518 2154 ,
1541 2117 1732 2158 diligentius
1755 2117 1862 2149 omnia
1888 2118 2051 2160 inquirere
2068 2144 2076 2159 ‚
2101 2121 2132 2151 &
2155 2128 2247 2152 cauta
2282 2118 2426 2152 dexteri-

1424 2170 1488 2193 tate
1513 2171 1624 2194 verum
1648 2161 1844 2202 exprimere,
1867 2158 1943 2193 dum
1966 2161 2042 2194 licet
2066 2161 2168 2194 adhuc
2184 2161 2338 2195 auxilium
2362 2161 2428 2195 fer-

1421 2215 1452 2236 re
1476 2229 1482 2237 .
1519 2204 1686 2238 Caeterum
1721 2215 1822 2246 neque
1844 2205 1993 2238 omnibus
2017 2204 2123 2239 Italiae
2157 2205 2300 2247 partibus
2324 2228 2337 2245 ,
2370 2217 2428 2239 nec

1421 2256 1508 2280 certe
1532 2246 1724 2289 quibusdam
1748 2258 1788 2280 ex
1811 2248 1850 2280 iis
1874 2248 1929 2279 ubi
1954 2247 2040 2289 ipse,
2065 2260 2121 2282 nec
2145 2249 2235 2284 brevi
2260 2246 2437 2291 tempore,'

1422 2290 1469 2324 fui
1485 2312 1494 2327 ‚
1516 2292 1705 2336 communia
1729 2289 1796 2323 haec
1822 2290 1901 2330 sunt?
1919 2313 1928 2327 ‚
1953 2302 2054 2333 neque
2078 2302 2218 2326 externae
2242 2300 2354 2327 'omnes
2378 2304 2429 2324 re-

1423 2336 1535 2376 giones
1571 2331 1814 2374 ejusdemmodi!
1838 2344 1946 2367 carent
1969 2337 2124 2378 exemplis
2146 2359 2159 2376 ‚
2192 2348 2263 2380 quae
2294 2337 2429 2369 minime

1424 2377 1543 2411 necesse
1564 2377 1607 2409 est
1630 2375 1682 2410 hic
1707 2389 1722 2410 a
1746 2388 1795 2410 me
1819 2376 1929 2410 odiosa
1953 2378 2122 2412 sedulitate
2145 2380 2394 2413 commemorari
2417 2387 2429 2412 t

1425 2421 1513 2461 alia,
1538 2419 1559 2453 fi
1584 2422 1720 2462 quaeris,
1745 2432 1784 2453 ex
1806 2419 1992 2458 Vallisnerii
2017 2425 2027 2461 (
2051 2434 2067 2454 c
2089 2427 2127 2462 ),
2151 2424 2211 2456 alia
2237 2435 2274 2456 ex
2300 2424 2430 2456 Platne-

1425 2467 1452 2497 ri
1474 2466 1490 2502 ,(
1511 2464 1531 2496 d
1554 2466 1586 2501 2,
1610 2463 1673 2497 alia
1698 2463 1838 2506 denique
1862 2475 1900 2496 ex
1924 2464 2060 2498 aliorum
2085 2466 2222 2500 lectione
2245 2466 2425 2507 intelliges.

1425 2507 1498 2540 Nec
1521 2506 1662 2543 dubim,
1685 2508 1765 2547 quin
1789 2507 1885 2551 plura*
1904 2517 2049 2541 extarent
2071 2529 2081 2546 ,
2105 2510 2130 2543 fi
2157 2518 2209 2543 tot
2232 2510 2351 2551 ubique
2373 2521 2427 2542 ca-

1427 2548 1563 2586 davera,
1585 2558 1669 2591 quot
1693 2551 1728 2581 in
1753 2549 1848 2582 Italia
1871 2551 2054 2588 secarentur
2079 2577 2089 2592 ‚
2113 2562 2167 2585 aut
2190 2552 2249 2585 nisi
2273 2552 2429 2586 fcemina-

1427 2604 1497 2627 rum
1532 2590 1694 2635 plerasque
1727 2592 1830 2633 pudor
1862 2603 2003 2635 cogeret·
2026 2604 2130 2626 veram
2164 2596 2270 2629 morbi
2303 2595 2429 2630 causam

1428 2636 1621 2670 diffimulare
1645 2660 1654 2667 .
1686 2636 1772 2681 Aliae
1794 2636 1882 2668 enim
1904 2660 1914 2674 ‚
1946 2637 2035 2678 quod
2061 2637 2110 2670 vel
2134 2638 2217 2672 inter
2242 2640 2394 2674 nostrates
2415 2662 2429 2679 ‚

1430 2680 1548 2713 rustica
1571 2677 1675 2721 puella
1701 2678 1822 2711 iactura
1847 2688 1914 2712 erat
1939 2680 2018 2721 (e)
2042 2702 2051 2717 ‚
2084 2684 2116 2714 δε
2142 2682 2256 2724 aliquae
2279 2706 2292 2723 ,
2314 2692 2349 2717 ut
2384 2682 2429 2716 est

1431 2723 1516 2765 apud
1538 2720 1729 2763 Alghifium
1755 2720 1859 2764 (f),
1882 2725 1914 2754 δε
1937 2723 2172 2759 Vallisnerium
2195 2729 2249 2767 (g
2307 2748 2317 2764 ,
2348 2725 2430 2760 fece-

1428 2776 1525 2805 runt,
1551 2763 1798 2809 pertinacissimo
1820 2766 1950 2799 silentio
1974 2777 2038 2800 rem
2051 2777 2157 2801 totam
2180 2780 2258 2802 occu
2277 2779 2332 2803 unt
2348 2771 2433 2807 3ita-

1428 2822 1490 2853 que
1512 2810 1664 2843 facillime
1687 2809 1804 2841 accidit
1819 2834 1828 2848 ,
1854 2818 1889 2842 ut
1914 2809 2006 2843 fimul
2027 2822 2100 2843 curn
2125 2811 2199 2854 ipsis
2222 2824 2294 2847 acus
2315 2813 2430 2847 hume-

1428 2863 1503 2894 tur,
1528 2853 1567 2887 de
1591 2864 1652 2894 qna
1675 2863 1767 2885 nemo
1792 2851 1966 2895 suspicatur
1990 2878 1996 2886 .
2029 2855 2115 2887 Aliae
2150 2865 2254 2889 autem
2288 2857 2431 2899 degluti-

1429 2906 1496 2929 tam
1519 2894 1833 2932 comminiscuntur;
1859 2905 1893 2928 ut
1917 2898 2040 2930 tametsi
2063 2898 2096 2930 in
2121 2899 2204 2932 vivis
2225 2924 2236 2940 ,
2259 2910 2313 2933 aut
2336 2911 2430 2934 rnor-

1430 2943 1494 2974 tuis
1538 2938 1662 2974 Medici
1704 2937 1942 2980 deprehendant
1974 2962 1983 2977 ‚
2024 2940 2074 2973 his
2116 2940 2209 2975 fucus
2260 2942 2318 2977 fiat
2342 2968 2352 2977 .
2383 2945 2429 2978 Et

1431 2984 1497 3017 fuit
1521 2983 1653 3026 quidem
1677 2983 1759 3014 olim
1782 2993 1856 3016 cum
1878 2980 1971 3016 fucus
1996 2985 2092 3017 etiam
2116 2986 2150 3018 in
2175 2986 2271 3019 Italia
2305 2986 2394 3020 fieret
2419 3010 2429 3026 ,

1432 3037 1468 3060 ut
1494 3039 1510 3060 a
1544 3027 1669 3059 Veneta
1703 3025 1759 3057 illa
1782 3025 1920 3067 Virgine
1950 3026 2042 3068 cujus
2077 3039 2229 3071 magnum
2265 3029 2303 3064 ad
2327 3032 2431 3064 crina-

1433 3072 1495 3103 lem
1526 3071 1721 3112 praelongarn
1754 3079 1844 3102 acum
1882 3068 2032 3103 adnatum
2056 3071 2216 3106 calculum
2243 3073 2299 3107 sub
2332 3074 2431 3107 finem

1432 3114 1539 3147 saeculi
1561 3114 1635 3145 XV.
1661 3113 1853 3156 memoravit
1884 3113 2069 3148 Alexander
2092 3115 2280 3150 Benedictus
2304 3116 2359 3160 (h
2381 3120 2395 3156 )
2419 3129 2429 3151 .-

1432 3159 1489 3199 qui
1513 3155 1635 3202 tametsi
1661 3166 1711 3188 eos
1735 3156 1847 3203 rejecit
1871 3159 1885 3195 (
1907 3157 1918 3188 ι’
1941 3160 1957 3195 >
1978 3158 2034 3199 qui
2058 3169 2115 3201 per
2147 3170 2240 3192 venas
2273 3171 2289 3192 a
2313 3160 2431 3199 stoma-

1431 3201 1494 3234 cho
1529 3200 1566 3233 ad
1602 3210 1691 3240 Jecur
1715 3222 1731 3245 ,,
1771 3199 1907 3241 mdcque
1943 3199 1981 3233 acl
2011 3212 2068 3236 cor
2101 3226 2111 3242 ,
2156 3202 2196 3236 ab
2228 3202 2289 3236 hoc
2325 3213 2431 3237 autem

1430 3243 1470 3278 ad
1515 3254 1600 3277 renes
1624 3265 1635 3280 ‚
1670 3242 1869 3284 vesicamque
1910 3243 2065 3278 transiisse
2108 3257 2199 3279 acum
2232 3247 2431 3281 arbitraban-

1433 3297 1486 3320 tur
1509 3298 1521 3326 ,·
1554 3286 1621 3328 ipse
1644 3295 1747 3319 tamen
1766 3287 1836 3318 acic
1864 3282 1925 3331 [κα
1943 3287 2102 3328 paulatim
2124 3288 2222 3322 multo
2245 3300 2280 3323 ue
2315 3298 2431 3330 tempo-

1433 3341 1465 3363 re
1519 3329 1660 3369 intestina
1714 3328 1915 3375 penetramffe
1937 3351 1948 3368 ‚
2006 3332 2153 3373 viamque
2191 3330 2219 3374 fi
2242 3334 2254 3366 ι’
2291 3331 2397 3376 feciffe
2417 3355 2430 3373 ,

1434 3372 1561 3406 censuit
1596 3395 1604 3409 ‚
1646 3372 1700 3419 ‘ari
1754 3371 1886 3412 vesicam
1911 3396 1920 3411 ‚
1973 3382 2009 3407 ut
2064 3377 2098 3407 in
2154 3387 2191 3408 eo
2244 3375 2428 3418 probandus

1432 3417 1521 3459 quod
1558 3416 1745 3449 sententiam
1778 3415 1943 3449 damnavit
1966 3438 1976 3454 ‚
2009 3428 2105 3460 quam
2140 3419 2210 3453 aliis
2244 3421 2345 3452 miror
2378 3419 2428 3452 vel

2291 3462 2388 3504 longo

398 3570 2384 3594 „w

448 3663 456 3689 (
476 3669 486 3684 ι
503 3662 516 3689 >
535 3670 555 3685 n.
574 3669 611 3685 22.
674 3661 680 3688 (
699 3669 716 3683 u
731 3659 744 3685 )
761 3664 783 3680 n·
802 3658 853 3681 eod.
873 3664 910 3681 22.
974 3654 987 3682 (
1003 3661 1018 3676 x
1034 3656 1043 3678 )
1060 3654 1095 3675 De
1113 3651 1205 3677 abditis
1222 3649 1327 3675 morbor.
1346 3648 1420 3673 causis
1436 3654 1454 3672 c·
1475 3649 1513 3672 80.
1576 3648 1590 3677 (
1603 3656 1619 3677 y
1638 3647 1645 3675 )
1660 3656 1682 3671 c.
1699 3648 1740 3672 cir.
1757 3648 1824 3678 supra
1841 3649 1871 3672 ad
1888 3656 1911 3672 n.
1928 3655 1965 3672 21.

449 3693 462 3719 (
479 3700 495 3718 z
513 3693 524 3719 )
545 3694 573 3714 Α.
592 3698 660 3720 1735·
679 3687 737 3713 obs.
757 3689 821 3710 Anat
862 3696 883 3711 0.
947 3686 990 3713 (a
1009 3685 1018 3712 )
1035 3690 1060 3705 n.
1080 3690 1115 3707 ιιι.
1179 3685 1192 3710 ζ
1209 3682 1222 3705 b
1238 3682 1252 3710 )
1270 3689 1292 3704 n.
1309 3688 1337 3703 ²0
1412 3678 1449 3707 (c
1463 3678 1477 3706 )
1495 3677 1554 3703 Obs-
1572 3679 1638 3711 supra
1654 3680 1683 3711 ad
1701 3687 1723 3701 ῃ,
1743 3688 1779 3707 19-
1800 3685 1840 3702 cit.
2168 3709 2173 3713 .

450 3723 462 3751 (
480 3722 494 3744 d
512 3722 523 3748 )
541 3722 597 3748 Disp
626 3729 652 3742 wc
671 3721 738 3744 Calc.
757 3718 785 3739 ad
805 3719 871 3741 vefic-
893 3715 977 3740 adhaer.
997 3714 1019 3743 ᾗ.
1039 3719 1076 3736 io.
1094 3718 1143 3736 not.
1160 3722 1196 3741 π,
1213 3715 1233 3736 8ι
1249 3717 1278 3740 p.
1340 3710 1353 3738 ί
1371 3718 1382 3733 e
1400 3710 1410 3740 )
1426 3716 1449 3732 n.
1466 3717 1505 3733 20.
1567 3709 1635 3738 (j)
1652 3710 1774 3733 Litogom,
1791 3717 1811 3733 c,
1830 3717 1852 3738 3,
1917 3706 1960 3737 (g
1977 3707 1984 3737 )
2001 3708 2091 3733 Adum-
2108 3709 2136 3734 ad
2153 3716 2193 3733 ω,
2210 3708 2271 3734 ΟΜ.

446 3755 456 3776 (
475 3752 489 3774 h
505 3752 518 3780 2
537 3751 598 3775 Hist.
617 3759 681 3779 torp.
700 3751 765 3774 hum.
783 3747 799 3770 l.
816 3755 837 3773 2.
855 3756 875 3772 c.
895 3755 918 3776 9.
981 3745 1019 3773 (ν’
1035 3743 1045 3772 J
1060 3744 1077 3766 l.
1098 3753 1119 3773 5.
1136 3749 1157 3766 c.
1176 3750 1209 3772 13.
