2498 4075
416 162 516 220 260

351 245 517 288 defurzffii,
543 253 600 276 nec
625 242 699 280 vasa
720 241 884 284 chylifera
907 240 1036 277 ultimis
1059 241 1185 282 generis
1208 250 1366 283 premere.

650 162 809 218 Liber
825 160 919 216 IV.
937 156 1023 215 De
1050 151 1593 227 Morbischirurgici‘s
1608 195 1624 220 ‚
1660 157 1716 215 δι
1740 154 2141 220 Universalibus

1419 226 1516 271 Alios
1539 235 1677 278 denique
1701 231 1850 270 remediis
1872 247 1944 278 quae
1977 235 2126 271 sudorem
2156 245 2289 274 movent
2307 260 2316 277 ‚
2350 237 2420 279 hoc

350 289 396 326 Et
421 289 516 327 habet
541 286 675 329 quidem
699 285 779 320 alibi
802 285 1018 322 Anatomicus
1048 284 1104 321 ille
1136 280 1370 317 Exercitatiffi-
1421 279 1550 322 insuper
1572 277 1718 315 adversos
1741 277 1845 317 facit,
1877 280 1967 322 quod
2001 280 2104 322 prima
2138 277 2312 322 sudorifera
2335 306 2344 321 ,
2377 290 2415 315 ut

350 343 425 370 mus
447 333 461 370 (
480 342 502 373 g
521 334 535 370 )
558 328 783 368 dissefflonem
807 328 951 367 foemina>
974 326 1060 363 lenta
1084 325 1154 364 tabe
1175 325 1329 363 extinfiae
1351 346 1363 363 ,

349 374 444 417 cujus
470 372 591 411 viscera
613 373 725 410 omnia
749 369 835 407 nihil
871 371 998 405 insoliti
1021 368 1240 405 exhibuerunt
1262 390 1273 406 ‚
1304 365 1363 401 nisi

352 418 441 461 quod
471 414 626 458 glandulae
670 415 844 458 mesenterii
883 414 1009 454 penitus
1053 420 1242 447 evanuerant
1265 437 1273 444 .
1305 411 1364 444 Sed

351 462 512 495 continuo
535 457 604 491 haec
628 457 759 500 subjicit
783 479 794 496 ‚
830 457 863 491 in
886 455 1044 498 ejusmodi
1059 455 1247 493 hominibus
1270 477 1280 492 ,
1317 455 1364 487 ηἰ-

347 503 376 547 si
393 503 479 546 senio
501 502 598 539 nimio
613 500 680 544 fint
702 497 836 543 confec-'li
867 503 881 541 (
905 512 921 533 a
945 511 1013 541 quo
1035 501 1133 541 longe
1155 510 1189 532 ea
1223 498 1362 532 distabat

351 547 487 585 foemina
513 547 523 584 )
555 544 599 579 hae
617 543 772 587 glandulae
788 543 817 586 fi
839 542 900 576 nim
920 542 1012 586 plane
1028 541 1212 584 scirrhosae,
1233 541 1362 583 insigni-

352 598 400 623 ter
424 597 527 627 tamen
546 586 731 630 plerumque
762 587 887 623 tumidae
922 586 1196 627 'deprehenduntur
1220 609 1230 619 .
1262 585 1360 617 'Cum

353 643 430 669 vero
453 632 581 676 penitus
607 629 800 668 evanescunt
826 654 836 671 ,
867 640 906 667 an
929 640 995 667 non
1019 628 1060 664 fic
1094 639 1224 671 quoque
1267 628 1359 670 cliyli

351 674 551 713 traduffloni
581 672 726 708 officitur
747 696 756 711 ‚

350 719 417 760 lum
454 718 563 756 saltem
587 716 695 752 addita
718 717 854 759 lympha
898 715 1052 753 diluendo
1077 740 1087 756 ,
1122 714 1320 757 adjuvabant
1345 718 1355 747 ?

350 762 471 804 quibus
493 761 681 801 imminutis
704 787 714 802 ,
732 764 735 765 ⁷
754 772 828 794 cum
852 759 919 795 haec
943 761 1162 796 imminuatur
1186 784 1197 800 ‚
1230 769 1267 792 an
1292 769 1357 791 non

350 805 428 844 hinc
451 805 550 843 etiam
583 813 727 846 repetere
771 804 898 837 causam
943 801 1105 845 possumus
1129 825 1140 841 ‚
1172 813 1230 836 cur
1274 804 1358 837 senes

351 849 497 891 plerique
521 845 715 886 macrescant
740 850 751 879 ?
786 847 838 883 Ut
860 855 897 880 ut
920 847 964 885 est
985 870 998 887 ,
1031 858 1106 884 cum
1129 855 1253 881 certum
1285 845 1324 878 sit
1348 868 1358 882 ,

351 893 542 934 plerumque
563 891 598 923 in
624 890 750 928 senibus
771 901 822 924 eas
843 889 1022 924 decrescere
1046 890 1213 933 glandulas
1235 903 1244 930 3
1277 887 1301 925 fi
1323 889 1357 923 in

351 936 431 970 Sene
450 945 549 977 quem
573 934 825 977 proposuimus,
847 944 912 967 non
937 943 1003 967 tam
1049 937 1187 972 minutae
1230 941 1321 967 erant
1348 955 1358 972 ‚

349 989 451 1022 quam
496 977 562 1012 fere
606 977 710 1016 solent
734 991 743 1019 ἴ»
791 979 860 1013 veri
906 977 950 1011 est
995 975 1130 1013 fimilius
1164 998 1175 1018 ³
1228 985 1359 1020 propter

350 1033 460 1056 earum
505 1020 763 1056 obstructionem
810 1019 844 1055 id
890 1019 1036 1056 accidi'ffe
1058 1046 1068 1060 ,
1118 1031 1220 1063 eoque
1242 1019 1358 1054 diffici-

348 1064 480 1145 ii'sfassa
503 1064 596 1109 chyli
628 1064 819 1107 trajeffitione
842 1086 853 1108 ‚²
888 1075 1006 1107 corpus
1051 1064 1209 1103 marasmo
1254 1062 1360 1099 subse-

350 1120 382 1149 .¹
410 1121 425 1143 e
449 1133 459 1149 e

393 1163 444 1186 20.
471 1152 528 1187 Est
551 1160 685 1200 contra3
708 1160 747 1186 ut
770 1151 808 1186 ad
833 1150 921 1189 aliud
965 1151 1120 1188 transeam
1143 1149 1284 1184 febrium
1306 1160 1362 1191 ge-

347 1207 430 1235 rim,
455 1208 529 1230 curn
554 1195 820 1230 febricitantium
832 1206 970 1238 corpora
982 1196 1205 1238 quadantenus
1217 1193 1359 1230 collabi,

347 1248 500 1283 optamus
510 1262 521 1279 ‚
532 1241 626 1282 copia
639 1238 794 1274 videlicet
809 1262 817 1278 ,
829 1248 885 1272 aut
897 1239 1059 1280 turgentia
1072 1239 1245 1272 imminuta
1259 1238 1359 1269 vitio-

349 1282 458 1320 sorum
483 1283 678 1319 humorum.
704 1281 804 1324 Qod
816 1294 890 1316 cum
904 1282 980 1315 alias
995 1308 1004 1324 ‚
1027 1293 1128 1325 neque
1141 1283 1188 1314 ita
1203 1292 1276 1316 raro
1289 1305 1299 1321 ‚
1321 1279 1362 1314 ab

345 1327 498 1360 omnibus
521 1326 578 1368 qui
602 1324 819 1366 Hippocratis
841 1324 1056 1368 Aphorismos
1080 1325 1135 1373 (h
1156 1327 1170 1362 )
1203 1335 1268 1358 non
1303 1334 1358 1356 ne-

345 1369 502 1412 gligunt,
526 1377 598 1403 tum
621 1367 800 1410 praesertim
833 1370 867 1401 in
900 1369 1042 1411 Virgine
1074 1368 1213 1413 quadam
1248 1368 1357 1400 Bono-

344 1411 445 1450 nienfi
476 1425 491 1446 a
517 1412 657 1447 Medicis
682 1423 762 1456 quos
785 1411 924 1448 seetabar
947 1436 959 1452 ‚
989 1421 1140 1456 optatum
1190 1411 1325 1448 memini
1347 1435 1358 1444 .

343 1457 432 1492 Cum
457 1456 543 1494 enim
562 1466 606 1498 ex
629 1465 721 1492 atrita
745 1453 829 1491 febri
853 1454 1008 1494 sudasset3
1032 1457 1102 1490 cito
1128 1456 1261 1498 quidem
1284 1465 1358 1488 acu—

344 1501 405 1538 ties
426 1499 542 1541 desiit,
567 1510 632 1536 uon
656 1497 777 1546 febriS,
801 1508 837 1537 ut
861 1501 933 1542 post
955 1500 1022 1535 dies
1047 1500 1117 1541 plus
1150 1508 1283 1534 centum
1315 1499 1355 1530 ab

343 1555 379 1583 ea
404 1543 530 1586 pror-sus
554 1543 655 1578 libera
679 1542 748 1576 fieri
772 1553 837 1575 non
862 1542 985 1586 posset.
1011 1544 1137 1577 Verum
1162 1551 1228 1576 tam
1253 1542 1355 1583 longo

345 1596 494 1629 tempore
518 1595 552 1619 ut
577 1585 675 1624 febris
699 1596 765 1618 non
788 1585 943 1629 disceslit,
965 1586 1008 1620 sic
1030 1597 1078 1620 ne.
1094 1597 1209 1629 parum
1221 1585 1354 1628 quidem

344 1631 441 1665 facies
465 1629 635 1670 concidit,
658 1628 708 1675 sed
733 1629 823 1670 plena
848 1630 1012 1671 perstitit,
1036 1641 1093 1665 nec
1118 1640 1261 1672 unquam
1285 1629 1354 1671 pal-

342 1674 431 1713 lida.
459 1674 576 1714 Itaque
592 1684 673 1716 ,cum
697 1683 762 1713 Jam
788 1673 919 1706 tandem
952 1672 1052 1711 febris
1084 1673 1196 1708 abiisse
1229 1671 1354 1705 videre.

343 1728 420 1758 tur,
441 1720 473 1750 δε
500 1717 611 1758 Virgo
635 1714 839 1754 surrexisset,
862 1728 933 1750 ecce
956 1717 1077 1750 iterum
1103 1716 1223 1755 febris,
1247 1717 1282 1748 tit
1304 1715 1355 1749 illi

342 1762 610 1804 expectaverant,
634 1758 664 1792 se
689 1758 855 1804 prodidit,
884 1770 984 1803 eaque
1008 1770 1065 1793 nec
1090 1759 1193 1800 levis,
1216 1769 1253 1792 ut
1277 1759 1357 1792 sole-

342 1806 399 1839 bat
423 1814 514 1839 antea
527 1826 540 1844 ‚
565 1814 622 1838 nec
645 1813 763 1845 paucos
788 1801 827 1839 ad
852 1802 945 1842 dies,
968 1802 1070 1840 donec
1105 1814 1181 1838 curn
1214 1798 1357 1845 plenitu-

342 1849 418 1883 dine
440 1848 495 1881 illa
517 1848 665 1890 corporis
689 1845 795 1890 abiit,
817 1857 882 1882 non
906 1844 1047 1885 reditura
1062 1870 1069 1878 .
1095 1846 1213 1880 Nolim
1246 1845 1323 1879 vero
1346 1868 1356 1884 ,

342 1904 381 1926 ex
408 1891 502 1934 hujus
525 1891 613 1925 casus
636 1892 842 1930 narratione,
863 1891 898 1927 in
921 1901 987 1933 quo
1001 1890 1055 1923 ille
1068 1888 1167 1926 sudor
1191 1888 1358 1930 minusju-

300 1962 303 1965 .
344 1934 423 1970 visse
446 1937 480 1972 in
504 1934 647 1972 tollenda
671 1935 798 1972 astrue,
821 1945 921 1977 quarn
944 1932 1086 1969 nocuisse
1109 1934 1143 1966 in
1178 1932 1358 1976 producen-

344 1981 387 2015 da
411 1978 525 2014 tandiu
547 1977 636 2012 febre
659 1976 762 2013 videri
786 1977 913 2020 potest·‚
937 1978 1041 2015 nolim
1065 1999 1080 2016 ,
1114 1978 1247 2020 inquam
1271 1998 1282 2014 ,
1319 1987 1358 2009 ex

343 2026 384 2057 iis
408 2034 458 2056 me
481 2022 562 2062 esse,
584 2021 692 2060 credas
707 2045 716 2062 ,
739 2024 798 2064 qui
822 2023 857 2054 in
880 2020 983 2056 austis
1004 2020 1148 2059 febribus
1171 2020 1280 2056 sudori
1302 2020 1355 2053 vel

344 2070 447 2109 tnagis
480 2064 690 2100 adversantur
714 2089 724 2105 ,
767 2076 866 2107 quarn
910 2064 1007 2107 paulo
1052 2074 1125 2097 ante
1169 2063 1253 2097 hanc
1287 2074 1354 2096 rne-

344 2112 485 2145 nioriam
505 2108 741 2152 dejestionibus
774 2106 1015 2146 adversarentur
1049 2107 1174 2142 Medici
1208 2107 1260 2140 illi
1296 2107 1354 2148 qui

344 2156 456 2196 saepius
503 2164 606 2196 aegros
648 2146 881 2194 ejuscemmodi
916 2164 932 2184 a
966 2152 1148 2193 propinatis
1170 2149 1357 2184 de'e&oriis

345 2199 527 2239 pharmacis
540 2197 652 2235 misere
664 2195 805 2234 sublatos
817 2195 1111 2232 animadverterant
1126 2219 1132 2227 .
1161 2195 1211 2231 Sci
1230 2195 1292 2227 icet
1304 2195 1356 2226 ni-

332 2242 391 2282 ‘hil
416 2241 593 2284 proclivius
616 2239 657 2274 est
680 2239 891 2276 hominibus,
912 2249 1030 2281 quarn,
1070 2248 1105 2272 ut
1139 2239 1178 2271 ab
1210 2246 1356 2273 extremo

345 2297 451 2320 errore
474 2285 586 2327 aliquo,
605 2283 791 2326 refugiant,
814 2284 849 2316 in
873 2283 1007 2316 alterum
1032 2291 1215 2318 extremum
1247 2291 1357 2315 curre-

345 2342 400 2364 re.
425 2330 512 2362 Aliae
537 2329 682 2370 regiones
696 2353 701 2363 η
726 2326 790 2360 alia
813 2328 888 2362 anni
913 2336 1082 2367 tempora,
1107 2325 1175 2360 aliae
1212 2333 1322 2359 aetates
1343 2346 1356 2362 ,

347 2374 420 2407 aliae
444 2374 550 2411 vires,
574 2372 645 2405 aliae
669 2380 866 2413 corporum,
890 2372 920 2403 &
943 2369 1132 2406 morborum
1147 2395 1154 2409 ‚
1179 2371 1210 2402 &
1241 2367 1354 2402 causa-

346 2427 419 2452 rum
442 2415 647 2454 conditiones
671 2413 758 2447 aliud
780 2412 907 2447 ferunt.
934 2413 993 2447 Sed
1017 2412 1112 2449 nullaz
1145 2410 1246 2446 ferme
1280 2412 1350 2443 vio-

347 2462 433 2495 lenta
457 2457 565 2497 ferunt
588 2458 651 2495 fine
675 2456 818 2500 periculo
833 2479 843 2498 s
866 2456 1033 2499 multoque
1056 2456 1160 2490 minus
1195 2454 1217 2496 fi
1253 2464 1352 2488 mate.

347 2507 396 2539 ria
420 2503 518 2538 cruda
543 2502 585 2540 est
601 2528 610 2541 ,
633 2501 757 2541 aut,'si
782 2500 873 2535 cocta
889 2521 898 2535 ‚
922 2510 986 2532 non
1011 2511 1049 2533 eo
1070 2499 1201 2534 ducitur
1213 2509 1271 2539 quo
1285 2509 1352 2531 ma.-

348 2549 431 2583 xime
456 2554 564 2581 natura
586 2546 712 2587 vergit,
737 2552 772 2580 ut
796 2543 1011 2585 Hippocratis
1035 2543 1116 2587 (i)
1141 2541 1245 2575 verbis
1258 2550 1330 2575 utar
1345 2566 1353 2580 ‚

344 2589 490 2635 persora
512 2585 721 2630 conferentia„
759 2587 886 2621 Natura
922 2596 1028 2620 autern
1064 2597 1162 2626 neque
1197 2584 1318 2627 semper
1341 2608 1353 2624 ,

349 2646 452 2678 neque
474 2635 509 2671 in
533 2633 686 2670 omnibus,
709 2629 820 2665 eodem
844 2630 969 2671 vergit3
994 2629 1045 2665 sed
1071 2630 1148 2663 alias
1182 2629 1247 2662 alio
1271 2649 1280 2664 ‚
1317 2638 1352 2660 ut

349 2687 429 2722 puta
453 2676 491 2715 ad
514 2686 622 2714 renes,
647 2674 684 2709 ad
717 2671 894 2713 intestina,
926 2673 966 2709 ad
998 2682 1105 2707 cutem
1125 2696 1133 2704 .
1169 2671 1221 2704 Ad
1256 2682 1354 2714 quam

351 2732 503 2764 vergere,
524 2722 555 2752 &
579 2730 634 2762 per
658 2718 802 2752 sudorem
827 2716 958 2753 morbos
984 2715 1062 2759 saepe
1087 2714 1285 2759 gravissimos
1297 2715 1356 2747 sol-

351 2776 444 2803 vere,
469 2767 501 2798 δι’
523 2763 557 2796 in
581 2763 647 2796 illis
669 2762 796 2796 febres,
820 2759 943 2797 etiamsi
968 2758 1083 2794 diserte
1118 2757 1355 2801 antiquissimus

352 2809 408 2843 ille
431 2805 587 2849 Magister
610 2811 620 2850 (
644 2804 663 2843 le
687 2809 696 2844 )
721 2814 786 2838 non
809 2801 990 2844 docuisset,
1014 2803 1222 2839 Medicorum
1245 2811 1355 2836 tamen

351 2853 516 2888 neminem
539 2848 708 2889 credebam
736 2846 821 2891 posse
844 2849 993 2891 ignorare
1017 2871 1024 2877 .
1061 2848 1186 2882 Verum
1220 2847 1356 2880 extremi

352 2898 448 2931 unius
470 2895 547 2937 fuga
569 2905 607 2927 eo
628 2893 784 2935 quosdam
796 2891 846 2927 vel
858 2889 1085 2926 eruditissimos
1109 2890 1255 2926 homines
1267 2890 1357 2931 agit,

354 2948 392 2973 ut
415 2950 453 2975 ne
477 2936 559 2980 apud
581 2934 844 2979 ipsun-squidem
869 2935 1133 2977 Hippocratem,
1156 2934 1240 2976 apud
1263 2944 1359 2974 quem

353 2980 558 3025 Malpighius
580 2985 592 3021 (
614 2979 625 3013 l
649 2984 658 3019 )
683 2989 735 3014 tot
780 2980 886 3013 minus
929 2977 1034 3013 felicia
1079 2976 1208 3012 secessus
1252 2988 1358 3010 exem-

355 3027 407 3069 pla
429 3024 645 3062 indicaverat,
671 3024 865 3059 criticorum
889 3021 1040 3057 sudorum
1064 3022 1209 3062 exempla
1232 3021 1359 3054 inveni-

355 3081 389 3103 re
413 3068 441 3102 se
465 3067 576 3113 posse,
598 3065 706 3107 aiant.
731 3065 862 3107 Qibus
885 3065 966 3102 satis«
983 3076 1000 3099 a
1020 3064 1074 3098 Cl.
1099 3065 1237 3100 Hallero
1260 3069 1270 3103 (
1295 3074 1325 3096 m
1348 3068 1358 3102 )

355 3115 476 3154 facturn
498 3111 561 3149 est,
584 3109 652 3148 Alii
678 3121 753 3144 vero
767 3135 776 3149 ‚
800 3118 837 3142 ut
860 3108 940 3143 illud
962 3119 1027 3142 non
1050 3108 1165 3152 ajunt,
1188 3120 1222 3146 ea
1254 3116 1360 3142 tamen

356 3155 523 3199 objiciunt
545 3153 694 3191 sudorem
718 3154 857 3188 excitare
880 3152 1074 3188 conantibus
1096 3178 1105 3193 ,
1138 3162 1175 3186 ut
1207 3154 1361 3187 timorem

356 3199 503 3234 incutere
527 3198 642 3245 possint
664 3197 818 3236 MedicO,
841 3197 900 3238 qui
926 3205 1073 3230 naturam
1097 3196 1195 3240 paulo
1228 3192 1365 3240 quidem

358 3240 637 3287 segniorem‚-sed
662 3240 830 3278 manifesto
855 3239 893 3275 ad
915 3248 1024 3274 cutem
1057 3250 1238 3282 vergentem
1260 3260 1273 3277 ,
1302 3250 1363 3281 op-

361 3297 499 3331 portune
514 3309 522 3324 ‚
546 3287 577 3321 δε
599 3294 716 3323 caute,
739 3286 774 3318 id
798 3282 839 3317 est
863 3282 978 3317 blande
1013 3281 1165 3324 adjuvare
1207 3283 1328 3316 studeat
1351 3295 1361 3320 ;

362 3330 450 3373 quasi
475 3340 553 3363 vero
576 3339 640 3362 non
664 3326 810 3362 adversus
831 3325 1023 3363 catharfim,
1046 3337 1145 3368 quam
1168 3325 1227 3369 ipsi
1251 3334 1363 3359 tanto-

366 3386 440 3421 pere
460 3372 710 3410 commendant,
735 3382 800 3405 non
824 3364 934 3407 eadem
957 3368 1022 3406 fere
1057 3370 1182 3415 possent
1226 3368 1332 3415 objici
1354 3394 1362 3405 .

791 684 888 716 quam
915 697 925 712 ‚
957 672 979 707 si
1003 683 1070 707 non
1094 673 1185 709 aliter
1209 694 1219 710 ,
1252 681 1285 707 at
1311 671 1361 704 'il-
1393 704 1395 706 ,

1418 324 1481 367 ipfi
1504 322 1637 363 Quidem
1661 322 1837 363 inquiunt,
1860 323 1900 356 ab
1923 323 2088 361 Arabibus
2112 323 2320 368 inceperunt.
2353 324 2414 364 Sed

1413 369 1445 402 ,δι
1469 366 1652 407 utiliffimus
1676 366 1807 400 corticis
1829 365 1997 401 Peruviani
2021 366 2092 399 usus
2125 366 2164 399 ab
2207 368 2414 407 Americanis

1413 411 1547 446 initium
1571 410 1697 450 coepit,
1721 414 1821 450 neque
1845 409 1991 444 Arabum
2028 408 2231 449 Medicorum
2277 411 2412 445 inventa

1414 454 1485 489 sunt
1509 454 1619 486 omnia
1643 452 1873 493 improbanda.
1894 452 1966 485 Nec
1991 453 2115 487 Arabes
2137 461 2224 488 certe
2248 453 2295 485 illi
2320 463 2413 490 erant

1413 496 1559 535 Medici,
1583 507 1624 529 ex
1646 495 1763 538 quibus
1788 496 1912 529 Plinius
1936 505 1987 528 tot
2011 495 2073 528 suae
2096 496 2218 530 Natur.
2255 493 2413 537 Hist'priae

1412 541 1492 577 locis
1516 540 1659 582 accepit,
1682 547 1753 580 quae
1777 539 1919 577 semina,
1949 547 2004 574 aut
2028 538 2169 579 radices,
2191 549 2246 573 aut
2283 539 2412 582 herbae,

1411 583 1498 617 resve
1521 584 1591 619 aliae
1613 580 1710 616 essent
1734 582 1829 615 utiles
1852 583 1891 619 ad
1914 580 2063 617 sudorem
2085 582 2235 617 ciendum
2250 607 2259 616 .
2293 583 2413 626 Neque

1410 627 1516 662 Arabs
1540 636 1608 660 erat
1632 625 1902 663 Andromachus‚
1926 638 1966 659 cx
1988 637 2055 667 quo
2076 626 2219 659 Galenus
2241 628 2255 666 (
2278 636 2297 659 n
2318 629 2333 668 )
2356 637 2414 665 an:-

1413 671 1558 707 tidotum
1581 667 1748 711 descripfit
1771 680 1842 711 quae
1865 671 1960 703 etiarn
1985 669 2413 708 febricitantibusdaretur‚

1410 714 1605 756 multumque
1629 719 1766 749 moveret
1782 712 1947 754 sudorem:
1972 724 2074 755 neque
2097 713 2269 748 Oribasius
2301 715 2354 755 (fl
2375 716 2411 755 ),

1408 768 1511 800 neque
1535 758 1652 790 Aetius
1674 758 1687 794 (
1706 764 1728 796 p
1752 759 1783 793 )‚
1809 767 1911 798 neque
1940 757 2053 791 Paulus
2074 759 2089 795 <
2111 768 2130 799 q
2150 760 2165 798 )
2187 767 2225 790 ex
2246 757 2411 793 Arabica,

1409 801 1461 835 sed
1483 812 1523 834 ex
1547 801 1662 836 Graeca
1688 799 1802 833 Schola
1826 800 2026 836 extiterunt5
2051 810 2162 835 eorum
2185 808 2293 834 tamen
2316 810 2413 834 nemo

1410 844 1548 881 remedia
1571 854 1832 878 commemorare·
1845 843 1976 883 omisit,
1999 843 2117 885 quibus
2139 842 2323 880 devoratis,
2358 852 2413 876 aut

1409 889 1519 930 epotis
1543 886 1671 923 sudores
1694 888 1860 920 cieantur:
1884 888 1964 929 quin
1988 887 2053 921 duo
2098 886 2209 922 ultimi
2253 887 2412 930 peculiare

1409 932 1448 966 de
1472 930 1662 965 Sudorificis
1686 938 1783 970 caput
1805 929 2043 973 conscripsere.
2067 929 2138 963 Nec
2163 941 2238 964 vero
2273 930 2339 971 haec
2373 941 2412 966 eo

1409 976 1485 1010 dico
1503 999 1511 1012 ‚
1534 974 1625 1016 quod
1647 984 1779 1015 putem,
1803 973 1916 1007 iisdem
1941 974 2076 1007 eruditis
2099 973 2193 1008 Vitis
2224 985 2288 1007 non
2321 983 2412 1016 aeque

1412 1032 1446 1056 ac
1471 1017 1577 1058 mihi,
1602 1016 1660 1051 esse
1684 1025 1783 1054 notas
1807 1017 1858 1050 sed
1897 1026 1933 1049 ut
1967 1016 2130 1059 intelligas
2149 1042 2158 1058 ‚
2190 1017 2295 1051 nimio
2325 1026 2413 1052 certa

1411 1062 1561 1105 quaedam
1583 1060 1719 1094 remedia
1741 1059 1946 1103 improbandi
1969 1059 2072 1094 studio
2106 1059 2277 1102 aliquando
2308 1060 2378 1096 fieri
2401 1083 2413 1100 ,

1413 1116 1450 1140 ut
1473 1115 1586 1139 eorum
1608 1115 1679 1147 quae
1704 1104 1802 1147 probe
1827 1103 1964 1144 scimus,
1986 1103 2084 1136 obliti
2106 1102 2165 1136 esse
2191 1104 2380 1139 videamur.

1421 1181 1425 1183 μ
1457 1159 1508 1182 21.
1535 1150 1649 1191 Itaque
1672 1150 1704 1181 in
1728 1147 1867 1181 febrium
1892 1148 2077 1188 epidemic'is
2106 1144 2413 1188 constitutionibus

1413 1191 1580 1237 prudentis
1604 1191 1724 1226 Medici
1748 1191 1790 1224 est
1812 1191 1892 1224 nulli
1916 1189 2129 1234 praejudicatae
2151 1191 2301 1233 opinioni
2324 1202 2414 1225 mor·
2434 1202 2437 1205 ·

1411 1237 1501 1273 dicus
1524 1234 1707 1276 adhaerere,
1730 1234 1781 1268 sed
1806 1246 1860 1276 per
1884 1234 1914 1267 se
1937 1242 2058 1267 attente
2082 1233 2334 1276 animadvertere
2346 1245 2414 1277 quo

1413 1289 1524 1322 vergat
1546 1288 1679 1318 natura,
1705 1289 1807 1320 neque
1831 1289 1869 1311 ex
1891 1288 1952 1311 una
1976 1277 2224 1319 observatione,
2255 1287 2310 1320 aut
2344 1277 2414 1312 for-

1409 1326 1494 1359 tuita
1517 1323 1686 1357 curatione
1709 1320 1788 1364 quid
1810 1322 1844 1354 in
1868 1321 1990 1355 caeteris
2013 1319 2049 1354 sit
2074 1319 2282 1358 faciendum,
2305 1320 2415 1361 existi«-

1409 1378 1515 1403 mare.
1540 1365 1622 1401 Vidi
1645 1376 1708 1407 ego
1732 1364 1896 1405 mulierem
1920 1363 2004 1398 febri
2026 1366 2180 1398 continua
2190 1364 2416 1403 laborantem,

1409 1421 1508 1453 quam
1531 1422 1548 1444 e
1571 1409 1707 1443 brachio
1732 1409 1882 1450 sanguine
1905 1407 2040 1449 emisso,
2063 1408 2096 1440 in
2119 1419 2185 1452 quo
2209 1420 2321 1450 parum
2356 1408 2414 1442 seri

1410 1455 1504 1490 fuisse
1527 1453 1690 1493 memini,
1712 1451 1932 1488 illico'multo
1957 1452 2087 1494 gravior
2111 1453 2271 1494 corripuit
2295 1450 2416 1495 febris,

1409 1499 1550 1532 insolitae
1574 1496 1725 1531 hactenus
1749 1496 1929 1530 accessionis
1952 1495 2068 1530 instar.
2095 1496 2137 1528 Et
2160 1495 2232 1529 sane
2255 1505 2328 1529 vera
2358 1494 2416 1533 illa

1404 1542 1471 1581 fuit
1492 1542 1737 1575 intermittentis
1759 1539 1858 1574 febris
1882 1538 2038 1580 acceffio„
2060 1549 2159 1581 quam
2181 1536 2336 1581 postridie
2370 1538 2416 1573 al-

1405 1597 1473 1620 tera
1497 1587 1645 1627 excepit,
1678 1586 1709 1617 &
1740 1585 1825 1617 intra
1861 1591 2014 1625 quartum
2046 1582 2134 1617 diem
2166 1581 2281 1616 mulier
2323 1581 2413 1617 febre

1407 1631 1513 1664 soluta
1537 1628 1579 1662 est
1595 1653 1602 1662 .
1630 1627 1768 1662 Salubris
1790 1628 1894 1668 igitur
1916 1627 2027 1660 extitit
2050 1636 2122 1667 quae
2156 1636 2173 1658 a
2207 1626 2313 1668 primo
2347 1638 2413 1667 mse-

1409 1684 1480 1708 tum
1505 1671 1694 1709 incusserat,
1720 1673 1826 1713 gravis
1855 1670 1911 1703 illa
1960 1668 2094 1704 acceffios
2131 1679 2203 1710 quae
2247 1668 2411 1712 sanguinis

1379 1718 1382 1729 '¹
1407 1716 1547 1751 missioni
1570 1716 1727 1749 continuo
1753 1706 1925 1750 succeffit'3
1961 1711 2121 1756 siquidem
2143 1710 2245 1746 febris
2269 1724 2306 1745 ex
2329 1724 2411 1747 con-

1408 1763 1500 1793 tiuua
1545 1757 1628 1791 facta
1674 1756 1718 1791 est
1761 1758 1979 1792 intermittens
2004 1778 2014 1793 ‚
2059 1767 2130 1798 quae
2151 1753 2220 1788 cito
2245 1777 2254 1791 ‚
2300 1758 2330 1789 &
2364 1755 2414 1790 fa.

1408 1804 1469 1837 cile
1514 1811 1573 1843 per
1615 1800 1645 1834 se
1668 1800 1750 1838 abiit
1775 1825 1783 1833 .
1829 1799 1891 1835 Sed
1916 1798 2054 1833 fortuita
2078 1800 2218 1832 mutatio
2240 1798 2296 1832 ista
2319 1797 2407 1837 fuit,

1409 1850 1440 1883 δε
1473 1847 1526 1881 vel
1559 1844 1623 1878 sine
1669 1844 1734 1878 ulla
1779 1843 1945 1886 san-guinis
1990 1841 2154 1876 emiffione
2175 1863 2185 1880 ‚
2218 1852 2256 1875 ut
2300 1851 2408 1884 puto,

1410 1890 1585 1926 adventura
1618 1911 1626 1920 .
1672 1887 1752 1921 Non
1797 1887 1842 1923 est
1887 1897 1968 1928 opus
2012 1886 2156 1927 exempla
2191 1884 2251 1919 alia
2285 1908 2298 1926 ‚
2342 1897 2414 1920 cre-

1409 1934 1500 1970 brius
1522 1934 1604 1966 inter
1648 1930 1840 1965 medendum
1884 1932 1982 1964 obvia
2007 1952 2018 1969 ,
2054 1929 2167 1963 addere
2193 1951 2202 1967 ,
2248 1937 2285 1963 ut
2331 1930 2412 1972 quid

1409 1976 1492 2013 mihi
1516 1975 1638 2015 velim,
1662 1974 1825 2016 intelligas
1841 1998 1849 2007 .
1981 1974 2106 2009 Verum
2133 1982 2200 2007 tion
2225 1973 2258 2006 in
2296 1983 2413 2011 eventu

1408 2021 1579 2055 dumtaxat
1601 2017 1743 2056 febrium
1758 2043 1766 2057 ,
1790 2017 1841 2052 sed
1864 2019 1895 2051 δι
1941 2017 1974 2049 in
2020 2016 2236 2058 prognosticis
2281 2026 2414 2050 eventus

1407 2063 1561 2099 indiciis,
1583 2072 1661 2105 quae,
1678 2060 1818 2094 fortuito
1842 2060 1881 2096 ab
1906 2061 1944 2093 iis
1966 2070 2039 2102 quae
2062 2070 2127 2092 non
2150 2057 2291 2093 fortuito
2314 2061 2414 2102 signia

1409 2107 1530 2145 fleant,
1552 2104 1626 2142 sunt
1670 2103 1899 2146 discernenda.
1927 2105 2015 2138 Inter
2059 2101 2129 2137 haec
2174 2103 2289 2145 vulgus
2312 2105 2414 2138 etiam

1408 2152 1525 2194 ponit,
1549 2149 1682 2185 ac.1aete
1705 2146 1820 2191 aspicit
1844 2147 2007 2191 pustulas,
2031 2148 2062 2179 δι
2095 2145 2259 2181 ulcuscula
2282 2169 2294 2187 ,
2338 2159 2413 2190 quae

1408 2197 1494 2229 circa
1517 2193 1606 2227 labra
1627 2193 1848 2231 oboriuntur,·
1870 2188 2000 2227 fortasse
2022 2200 2087 2222 non
2110 2200 2301 2233 perperam.
2317 2191 2414 2228 Nam

1408 2238 1602 2275 Albertinus
1624 2239 1791 2279 quoque(
1815 2235 1865 2276 r)
1900 2235 1956 2269 illa
2000 2232 2164 2270 fatebatur
2212 2233 2270 2267 effe
2314 2244 2414 2270 etiam

1409 2281 1563 2321 erilium,
1591 2278 1737 2321 quapost
1753 2278 1926 2321 sequuntur
1949 2299 1959 2315 ‚
1997 2277 2114 2312 indicia
2138 2301 2147 2318 ‚
2178 2280 2207 2311 &
2232 2276 2298 2319 ipse
2322 2301 2331 2317 ‚
2357 2289 2414 2313 nec

1407 2325 1521 2363 semel,
1546 2323 1780 2362 animadverti,
1806 2332 1959 2357 eventurn
1983 2320 2046 2363 spei
2070 2320 2284 2363 respondisse:
2311 2333 2416 2364 quan-

1407 2379 1506 2411 quam
1529 2368 1567 2402 in
1586 2367 1741 2401 continua
1764 2364 1892 2411 pessima
1914 2362 1999 2399 febri
2033 2360 2183 2399 fefellisse
2220 2364 2379 2407 sperantes
2404 2388 2415 2404 ‚

1406 2412 1560 2449 memini;
1586 2409 1715 2445 tametsi
1740 2420 1797 2451 per
1821 2409 1871 2447 se,
1899 2419 1963 2442 non
1983 2407 2049 2450 poli
2083 2415 2259 2448 terrorem,
2295 2411 2325 2443 &
2357 2408 2415 2443 de-

1405 2457 1494 2491 cimo
1516 2463 1635 2496 quarto
1657 2454 1765 2487 morbi
1786 2451 1840 2488 die
1863 2452 2094 2496 apparuerint,
2113 2453 2144 2483 &
2183 2450 2279 2493 fimul
2324 2454 2414 2486 urina

1406 2510 1476 2533 cum
1498 2496 1630 2539 aliquali
1651 2495 1757 2531 ardore
1781 2497 1983 2531 mitteretur:
2007 2505 2077 2537 quae
2102 2505 2158 2531 cur
2183 2499 2243 2535 eg'o
2267 2494 2322 2529 hic
2358 2495 2415 2529 ad·-

1405 2543 1615 2582 notaverim,
1639 2537 1734 2574 facile
1757 2540 1920 2580 intelliges
1935 2562 1945 2578 ‚
1971 2536 1991 2569 si
2015 2539 2219 2572 Commercii
2244 2539 2415 2572 Litterarii

1405 2594 1492 2620 certa
1515 2586 1661 2626 quaedam
1683 2582 1855 2626 inspexeris
1877 2583 1946 2617 loca
1970 2580 2075 2622 (s),
2099 2580 2135 2614 ad
2162 2580 2321 2615 ulcuscula
2346 2582 2422 2617 haec.

1406 2630 1568 2666 labrorum
1585 2651 1597 2668 ‚
1622 2626 1820 2669 pustulasque
1844 2625 2036 2668 spectantia.
2063 2625 2113 2656 De
2139 2622 2199 2658 hoc
2228 2624 2318 2667 signo
2364 2638 2413 2659 raa

1406 2683 1479 2709 men
1506 2682 1571 2707 non
1595 2679 1646 2706 tot
1670 2670 1734 2712 ipse
1758 2669 1861 2705 habeo
1894 2668 2147 2701 Observationes
2173 2692 2182 2706 2
2219 2679 2302 2710 quot
2347 2669 2415 2702 vel-

1407 2717 1470 2749 lem
1495 2741 1503 2749 .
1636 2714 1694 2748 Sed
1720 2712 1806 2748 aliud
1829 2711 1917 2753 quod
1941 2710 2037 2749 casu,
2060 2721 2094 2744 ut
2118 2708 2155 2743 fit
2172 2735 2184 2751 ,
2209 2712 2417 2747 animadver-

1408 2769 1474 2793 tere
1507 2768 1670 2801 coeperarn
1693 2757 1725 2789 in
1768 2757 1934 2793 urinarum
1978 2754 2175 2796 inspeetione
2203 2778 2214 2794 ‚
2237 2768 2334 2798 quam
2367 2768 2417 2789 ra-

1408 2802 1523 2838 tissime
1568 2801 1687 2835 accidit
1730 2809 1766 2833 ut
1812 2799 1933 2840 falleret
1977 2799 2010 2831 in
2056 2809 2233 2840 permagno
2282 2809 2416 2833 numero

1410 2846 1682 2880 Observationum
1710 2868 1718 2882 ·,
1774 2844 1825 2877 Eo
1870 2843 1957 2877 enim
2002 2843 2157 2876 attentius
2183 2865 2192 2880 ‚
2240 2842 2417 2886 saepiusque

1409 2890 1565 2925 adnotare
1588 2889 1711 2929 perrexi
1734 2898 1771 2921 ex
1795 2898 1861 2930 quo
1885 2888 1916 2919 in
1940 2886 2022 2919 duos
2066 2888 2213 2927 gravium
2261 2887 2417 2921 Medico-

1409 2945 1483 2968 rum
1506 2933 1608 2974 incidi
1631 2932 1720 2965 locos
1743 2953 1752 2968 ‚
1786 2941 1868 2974 quos
1890 2952 1899 2968 ‚
1934 2930 1995 2963 alia
2019 2931 2226 2970 quantumvis
2258 2930 2296 2964 de
2344 2942 2418 2964 cau-

1410 2977 1442 3013 sa
1464 3001 1476 3018 ‚
1510 2978 1545 3009 in
1575 2974 1772 3019 Sepulchreti
1819 2973 1898 3009 hanc
1943 2974 2122 3007 §cerionem
2169 2977 2178 3012 (
2205 2976 2254 3013 r)
2302 2973 2418 3007 relatos

1412 3021 1556 3059 videbis,
1576 3019 1749 3063 Jouberti,
1772 3019 1802 3053 ὃ(
1825 3015 1966 3055 Gradii3
1987 3016 2139 3059 Jouberti
2154 3040 2162 3054 ‚
2185 3018 2340 3058 inquam5
2365 3029 2419 3057 neq

1412 3077 1474 3108 que
1497 3065 1583 3098 enim
1608 3063 1704 3096 verba
1726 3072 1799 3107 quae
1822 3060 1892 3100 ibi,
1916 3070 2068 3102 tanquam
2104 3060 2292 3094 Schneideri
2314 3083 2327 3099 ,
2366 3061 2420 3094 de-

1412 3109 1621 3147 scribuntur,
1643 3106 1738 3147 hujus
1762 3110 1853 3140 sunt,
1879 3104 1927 3136 sed
1950 3104 2103 3145 ¹Iouberti
2127 3104 2166 3137 ab
2201 3104 2271 3145 ipso
2303 3103 2420 3138 diserte

1413 3153 1537 3188 laudati
1561 3151 1722 3186 Tractatu
1744 3147 1782 3185 de
1807 3147 1991 3182 Arthritide
2013 3147 2100 3180 libro
2128 3156 2154 3181 1.
2178 3158 2247 3189 cap.
2271 3150 2302 3179 6.
2337 3159 2421 3189 quo-

1414 3197 1513 3230 modo
1539 3192 1750 3229 Schneiderus
1773 3200 1841 3224 erat
1864 3191 2031 3228 citandus·‚
2057 3201 2122 3223 non
2145 3195 2216 3232 Cap.
2232 3191 2265 3223 de
2280 3191 2421 3223 Arrhri-

1413 3240 1502 3279 tide,
1536 3241 1566 3271 ὃ(
1589 3246 1674 3271 certe
1698 3235 1800 3273 alibi,
1825 3238 1858 3267 in
1884 3234 2096 3277 Sepulchreto
2119 3233 2188 3275 (u)
2212 3234 2269 3267 ubi
2295 3233 2419 3267 Scholii

1413 3279 1577 3324 cujusdam
1602 3291 1724 3322 partem
1749 3280 1922 3313 maximam
1933 3290 1972 3312 ex
1982 3277 2160 3311 Schenckio
2184 3278 2232 3319 (a)
2256 3278 2418 3319 sumptam

1414 3326 1493 3366 esse,
1515 3324 1749 3361 animadverti,
1771 3320 2049 3366 Jouberto‘verba
2063 3321 2117 3352 illa
2133 3319 2418 3354 tribu-anturJ-Iic

1417 3371 1520 3413 igitur
1533 3366 1674 3402 arenulas
1677 3364 1937 3409 febricitantibus
1949 3375 2006 3398 non
2015 3364 2125 3407 paucis
2148 3368 2162 3407 ζ
2173 3365 2306 3399 maxime
2318 3361 2419 3398 morbo

2311 3415 2379 3448 jam

492 3606 506 3636 )
521 3605 685 3636 Propemptic.
702 3605 731 3630 ad
748 3604 844 3630 Dissert-
862 3606 884 3635 1.
903 3607 932 3633 Β.
951 3604 1041 3628 Hoffm.

429 3603 448 3693 fl‘fl

521 3699 557 3721 De
574 3700 608 3724 Re.
624 3697 693 3721 Med.
710 3698 727 3724 1.
744 3705 768 3722 1.
787 3703 806 3721 c.
825 3698 865 3723 48.

488 3727 502 3754 )
517 3729 549 3751 A.
566 3735 632 3757 1745·-
649 3727 725 3755 Hebd.
743 3735 778 3757 ³¹-
792 3729 818 3751 >St
834 3728 865 3750 A.
883 3734 951 3755 1739-
968 3725 1046 3750 Hebi.
1065 3728 1100 3750 28.

457 3612 478 3637 8

455 3637 476 3690 ιο
519 3667 613 3695 Medic.
630 3668 666 3691 Co

459 3703 479 3754 J

447 3754 462 3787 ζ
476 3763 490 3780 at
505 3756 518 3786 )
532 3753 592 3783 o'bs.
610 3758 701 3784 Me‘dic.
717 3757 735 3785 1.
753 3766 773 3788 3.
790 3756 830 3782 ubi
845 3757 874 3784 de
890 3759 951 3782 Ἀθη,
969 3758 1109 3787 symptom.
1127 3756 1187 3782 Obs.
1209 3764 1230 3785 3.

436 3695 446 3754 Ακ-

1103 3605 1116 3633 (
1132 3605 1147 3629 b
1161 3604 1176 3632 )
1192 3603 1248 3629 vid.
1268 3605 1305 3633 38.
1322 3603 1384 3632 Aph.
1402 3603 1463 3627 Sest.
1479 3611 1502 3627 ι.

482 3636 491 3666 )
507 3637 574 3666 Resp.
592 3637 622 3661 ad
639 3636 667 3667 μ
688 3643 713 3659 ar
785 3636 800 3665 (
816 3644 840 3659 m
854 3635 869 3663 )
886 3635 911 3659 in
929 3636 1018 3668 noers*
1032 3634 1139 3660 Pmlest.
1156 3634 1186 3658 ad
1204 3634 1282 3661 Instit.
1300 3634 1324 3664 §.
1343 3641 1397 3663 ως.
1414 3640 1466 3661 not.
1480 3641 1505 3664 p.

668 3644 731 3692 Reda
749 3666 792 3691 1.8.
809 3673 869 3694 c.17.
886 3666 910 3692 ὃς
925 3666 955 3689 de
972 3667 1037 3689 virt.
1053 3666 1139 3694 simpl.
1157 3664 1199 3690 ubi
1214 3665 1242 3688 de
1259 3665 1432 3691 Calamintha.

1562 3604 1576 3632 (
1590 3603 1600 3625 ι’
1616 3602 1625 3632 )
1642 3601 1703 3626 Ξεξὶ.
1722 3607 1742 3624 1.
1760 3600 1823 3628 Aph.
1840 3607 1879 3623 21.
1940 3598 1985 3628 (k
2006 3597 2082 3625 )Sest
2109 3606 2132 3626 4.
2154 3597 2216 3623 Atili.
2234 3598 2269 3624 35.

1566 3633 1581 3662 (
1596 3642 1612 3656 n
1628 3633 1641 3659 )
1659 3634 1693 3656 De
1710 3630 1822 3659 Compos.
1840 3629 1968 3654 medicam.
1993 3628 2037 3654 sec.
2054 3629 2078 3651 lo
2101 3637 2107 3651 l
2124 3628 2139 3651 1.
2159 3632 2171 3650 ὃ
2236 3634 2248 3656 7

1493 3663 1535 3694 (p
1550 3663 1664 3692 >Media
1676 3661 1801 3687 teti-abibi.
1815 3669 1834 3686 1.
1846 3663 1924 3684 serm.
1937 3667 1955 3684 1.
1969 3659 2045 3683 ubide
2055 3666 2078 3679 e..
2092 3663 2094 3672 r
2117 3660 2139 3679 ὅν
2150 3643 2278 3685 ὃπως-ἐ.
2294 3652 2364 3683 48.&
2374 3662 2424 3684 ⁵57·

926 3699 937 3722 (
952 3703 965 3719 r
980 3695 993 3723 )
1010 3695 1035 3719 in
1051 3695 1142 3725 opusc.
1157 3696 1185 3719 de
1203 3696 1271 3721 Cott.
1290 3697 1376 3719 Peruv.
1392 3697 1468 3719 Torn.
1487 3701 1506 3719 t.
1523 3696 1664 3719 Comment.
1681 3693 1709 3716 de
1726 3694 1818 3716 Bonon.
1835 3694 1871 3716 Sc.
1892 3689 1970 3713 instit.

1165 3727 1177 3754 (
1194 3732 1205 3749 ι’
1223 3729 1231 3756 j
1249 3725 1306 3750 obs.
1325 3735 1362 3753 40.
1381 3725 1403 3750 8(
1419 3725 1501 3754 schol.

1563 3727 1577 3753 (,
1594 3732 1608 3747 u
1624 3728 1633 3750 2
1651 3724 1666 3748 1.
1685 3732 1706 3753 3.
1727 3723 1785 3747 Sess.
1802 3729 1836 3750 ις.
1856 3729 1881 3747 ιη
1900 3720 1979 3746 schol.
1994 3720 2022 3744 ad
2036 3718 2093 3744 obs.
2115 3726 2149 3746 14-
