2498 4075
378 223 474 272 412

316 284 383 323 hoc
408 286 478 330 ipso
501 287 587 321 intra
610 281 817 318 medullarem
842 280 1050 317 substantiam
1075 276 1207 311 effususe
1231 288 1329 320 quam

316 332 371 367 etsi
400 332 620 371 laceraveratss,
644 327 765 359 nullam
790 335 897 360 tamen
919 324 980 357 sibi
1005 324 1090 355 viam
1113 321 1186 354 inde
1199 332 1328 363 aperue-

316 383 368 413 rat
395 387 452 418 per
477 385 578 417 quam,
599 373 632 403 in
658 371 847 411 proximum
874 366 1114 405 ventriculum,
1149 374 1203 397 aut
1238 374 1327 398 extra

318 420 486 456 cerebrum
511 415 712 459 perveniret..
752 411 851 444 Nihil
889 419 1037 454 praeterea
1059 434 1068 448 ‚
1103 409 1223 450 quippe
1258 408 1329 441 aliis

317 471 493 504 occupatus
508 482 519 497 ‚
543 462 576 491 in
601 458 664 494 hoe
687 455 838 490 cadavere
860 453 992 487 dissecui
1010 478 1017 485 .

362 516 410 538 10.
447 504 612 541 Hactenus
659 498 846 541 scripseram
892 495 1047 531 Kalendis
1085 495 1252 538 januariis
1287 498 1328 528 A.

320 550 415 590 1758.
441 558 516 583 cum
539 542 712 587 postridie,
736 552 772 576 ut
795 544 993 582 interruptas
1005 539 1216 573 Anatomicas
1228 540 1329 572 Exer-·

318 593 494 626 citationes
520 589 708 623 resumerent
733 610 742 625 ,
777 587 809 617 in
832 585 1071 617 Nosocomium
1099 581 1243 617 redeunti
1256 593 1332 615 con-

319 638 415 669 tinuo
440 634 500 673 alia
525 631 676 669 habendae
700 630 747 662 ibi
762 628 1011 662 Observationis
1033 625 1158 659 occasio
1182 625 1210 659 se
1234 626 1334 659 obtu-

319 680 360 712 lit
375 701 385 716 ,
408 677 447 711 ad
472 677 615 711 laudatas
638 673 797 711 Valsalvae
821 671 1048 713 adjungendae.

366 733 414 755 11.
439 719 692 755 MENDICUS
716 717 954 758 quinquaginta
988 713 1116 746 circiter
1150 722 1328 750 annorum,

320 766 412 810 cujus
436 763 535 805 Spina
561 761 603 795 sic
626 769 741 804 praetcr
763 769 912 792 naturam
938 758 966 790 se
990 757 1129 801 habebat
1144 780 1153 796 ‚
1175 758 1331 797 quemad-

321 812 455 844 modum
480 805 564 844 infra
588 804 784 844 describam,
807 814 881 839 curn
905 803 939 841 in
964 801 1038 839 soto
1049 801 1142 836 esset,
1159 810 1228 832 ante
1241 811 1331 833 men-

320 854 386 886 sem
411 851 578 896 apoplexia
603 848 684 881 iesus
706 847 862 884 ceciderat
884 867 892 881 ,
923 844 1065 878 dexteris
1099 843 1167 887 ipse
1200 844 1331 885 quoque

324 897 457 933 artubus
480 893 627 930 resolutis
654 915 662 930 ‚
697 893 728 925 ὃς
751 901 807 926 ore
831 888 987 922 distorto.
1011 888 1106 920 lllico
1129 887 1163 918 in
1179 886 1331 920 Nosoco-

322 941 425 973 mium
452 946 588 977 excepto
611 945 685 967 cum
710 944 796 966 venae
821 933 1000 971 seffiones,
1023 934 1052 963 &
1078 931 1141 964 alia
1178 941 1249 973 quae
1270 930 1333 963 ‘fo-

323 985 388 1020 lent
402 1005 410 1021 ,
438 981 536 1014 essent
560 977 781 1013 administrata
795 1002 803 1016 ‚
829 976 981 1009 haetenus
1002 973 1180 1015 profecerat
1195 999 1203 1013 ‚
1228 982 1266 1006 ut
1288 975 1337 1007 lo-

349 1028 381 1065 ui
402 1022 533 1066 ‘aliquid
555 1021 654 1064 posset
677 1047 686 1053 .
722 1019 926 1062 Interpofitis
957 1019 1071 1053 diebus
1108 1019 1225 1051 iterum
1260 1029 1337 1059 apo-

322 1070 463 1113 peetico
485 1065 607 1101 insultu
631 1065 834 1106 corripitur}
859 1065 1041 1104 iterumque
1077 1061 1212 1100 medicis
1246 1061 1337 1097 auxi-2

301 1114 379 1150 ,liis
405 1114 551 1146 levatur.
577 1109 730 1151 Denique
752 1108 855 1144 tertio
879 1107 1001 1140 insultu
1021 1105 1218 1138 conficitur.

323 1150 621 1197 'CALVARIAM
645 1150 925 1190 circumsecando,
950 1152 981 1185 &
1008 1159 1085 1182 mox
1109 1147 1247 1186 :iCras'sa
1273 1160 1339 1180 me-

326 1196 449 1243 ninge,
474 1209 544 1241 quae
571 1197 689 1240 arfflus
720 1196 771 1229 illi
818 1194 1000 1233 addiaerebat
1023 1218 1031 1232 ,
1065 1192 1232 1225 avellendo
1258 1202 1338 1224 rcum

323 1238 495 1282 effluxisset
520 1240 603 1274 nihil
628 1239 835 1272 adnotatione
858 1238 992 1279 dignum
1008 1259 1020 1276 ,
1044 1238 1075 1268 δε
1099 1235 1166 1277 ipse
1190 1236 1336 1269 Audito-‘-

327 1288 416 1326 ribus
433 1312 442 1326 ,
466 1287 524 1327 qui
556 1280 781 1321 confertiffimi
814 1281 945 1319 aderant
967 1301 975 1315 ,
1007 1290 1079 1322 quae
1105 1279 1217 1312 solitus
1242 1279 1309 1312 sum
1325 1304 1334 1319 ,

333 1325 610 1366 iraenunciass‘em3
633 1326 739 1359 exitus
763 1325 1076 1368 praenunciationern
1098 1323 1310 1357 confirmavit
1325 1347 1332 1353 .

320 1343 424 1413 {stibii
448 1372 535 1407 enim
560 1370 696 1412 usquam
731 1381 784 1410 per
819 1367 993 1407 seffionem
1026 1365 1257 1409 deprehensum
1293 1366 1336 1400 est

323 1417 411 1460 quod
437 1419 522 1449 intra
546 1416 692 1448 cranium
718 1422 893 1454 peccaret,
915 1410 969 1444 nisi
994 1411 1118 1450 cerebri
1144 1409 1337 1452 hemisphae-

324 1464 412 1501 rium
436 1459 596 1494 sinistrum
612 1482 621 1491 .
644 1455 750 1499 Cujus
775 1458 891 1489 intima
916 1465 986 1498 pars
1012 1454 1223 1498 medullaris,
1244 1455 1340 1487 Late..

326 1505 385 1539 rali
412 1502 597 1538 ventriculo
620 1499 787 1543 adjacens,
812 1512 828 1532 a
853 1498 1004 1541 sanguine
1031 1497 1162 1541 disjetfta
1178 1522 1187 1537 ,
1209 1507 1339 1531 tanturn

282 1582 284 1584 .
327 1547 424 1592 hujus
448 1548 535 1590 nigri
555 1569 565 1584 ,
598 1546 629 1578 δε
664 1543 890 1577 semiconcreti
924 1542 1112 1577 continebat
1136 1565 1148 1580 ,
1180 1551 1339 1585 quantum

331 1593 493 1627 mediocre
516 1587 681 1625 cochleare
716 1589 773 1622 vix
803 1595 952 1625 caperet.
1083 1584 1195 1627 Hujus
1231 1594 1339 1618 autem

331 1635 479 1677 hominis
501 1634 598 1677 Spina
623 1631 663 1669 sic
687 1640 754 1666 erat
789 1628 942 1670 inflexa,
978 1639 1013 1663 ut
1045 1629 1080 1665 in
1113 1629 1204 1662 nullo
1238 1628 1340 1670 magis

327 1677 440 1713 vidisse
465 1676 689 1711 meminerim.
715 1673 772 1708 Ad
798 1672 944 1708 infimam
969 1674 1055 1706 enini
1078 1672 1220 1708 thoracis
1233 1680 1340 1705 verte-

327 1724 420 1759 bram
445 1721 522 1755 adeo
545 1718 697 1753 fleetebat
723 1720 751 1750 se
774 1715 1001 1756 dextrorsum,
1024 1724 1061 1750 ut
1085 1715 1237 1757 angulum
1254 1714 1341 1749 face-

328 1776 378 1806 ret
401 1765 551 1800 deorsum
574 1761 679 1797 versus
702 1758 789 1800 ῐεᾶο
815 1759 995 1799 minorem,
1019 1758 1174 1806 simulque
1198 1760 1229 1805 ὃς
1250 1757 1340 1791 illius

332 1810 509 1846 vertebrae‚
535 1810 567 1841 &
589 1815 750 1849 quatuor,
774 1815 812 1837 an
837 1804 979 1846 quinque
996 1825 1004 1840 ‚
1030 1803 1089 1844 ipsi
1114 1802 1340 1844 impositarutn

329 1864 464 1898 corpora
487 1849 702 1886 sinistrorsum
727 1849 964 1887 convertebat,
987 1855 1022 1882 ut
1038 1845 1104 1879 haec
1117 1856 1182 1878 non
1196 1846 1339 1879 anterio-

331 1910 400 1937 rem
422 1897 567 1935 thoracis
590 1895 747 1936 parietem
775 1916 784 1932 ,
812 1889 864 1923 sed
898 1889 1027 1934 prorsus
1063 1890 1145 1922 latus
1178 1887 1339 1925 sinistrum

329 1943 504 1985 speci-'tarent
522 1966 529 1972 .
554 1939 598 1971 Et
623 1935 783 1978 descripta
806 1931 939 1980 quidem
962 1933 1108 1966 flexione
1132 1932 1239 1965 multo
1272 1941 1339 1964 erat

287 1998 298 2003 ·
330 1988 439 2025 minor
463 1995 534 2026 quae
557 1983 592 2018 in
615 1980 771 2014 vertebris
796 1978 948 2014 universis
973 1976 1179 2013 lumborum,
1203 1978 1234 2010 ὃ(
1267 1987 1339 2017 quae

329 2031 366 2064 in
392 2026 608 2071 superioribus
629 2024 794 2065 thoracis,
826 2023 965 2062 imisque
999 2021 1135 2057 cervicis
1163 2019 1339 2060 conspicie-

333 2075 431 2108 batur
454 2094 464 2104 .
499 2071 557 2104 Sed
581 2078 689 2104 tamen
712 2076 779 2104 erat
813 2064 983 2111 manifesta
1017 2064 1194 2105 utrobique
1235 2064 1339 2103 Spinae

332 2117 508 2152 inclinatio
533 2124 643 2151 arcum,
667 2110 858 2151 referentiS,
879 2119 973 2150 cujus
999 2108 1185 2141 convexitas
1207 2107 1338 2141 inlum-

335 2164 385 2197 bis
408 2159 445 2198 ad
470 2161 657 2197 dexteram,
679 2155 865 2189 concavitas
889 2153 927 2188 ad
950 2151 1106 2187 sinistram
1134 2161 1144 2188 3
1176 2151 1211 2182 in
1249 2149 1340 2191 supe-

335 2209 420 2241 riore
446 2213 552 2236 autem
576 2199 698 2236 dorso,
724 2196 945 2241 proximisque
969 2194 1227 2243 cervicibus-illa
1252 2194 1290 2227 ad
1303 2192 1341 2226 si-

334 2243 486 2285 nistram,
509 2246 577 2281 haec
602 2243 639 2277 ad
664 2242 828 2277 dexteram
852 2240 1057 2283 pertinebat.
1082 2240 1233 2280 Denique
1258 2238 1339 2279 liga-

335 2288 484 2329 mentum«
505 2288 593 2332 quod
617 2289 701 2325 intra
725 2286 864 2329 primam
888 2285 965 2318 colli
989 2282 1172 2318 vertebram
1197 2281 1339 2316 secundae

337 2334 515 2381 processum
539 2342 635 2375 quem
671 2332 811 2365 Dentem
846 2337 961 2363 vocant
986 2350 996 2366 ,
1028 2326 1195 2360 dimidiati
1230 2325 1341 2359 annuli

338 2380 436 2415 instar
461 2391 477 2412 a
500 2387 595 2419 tergo
619 2374 849 2416 amplectitur,
873 2371 1086 2405 animadverti
1112 2380 1185 2402 cum
1212 2370 1340 2405 Dente,

338 2419 513 2469 praesertirn
539 2433 554 2453 a
578 2419 718 2457 dextris,
744 2426 942 2453 conflatum,
967 2412 1095 2448 fortasse
1119 2413 1162 2445 ob
1186 2411 1341 2445 affiduum

338 2478 394 2503 aut
417 2476 501 2501 certe
524 2463 758 2498 creberrimum
781 2460 859 2496 colli
884 2459 1044 2502 positum,
1079 2458 1123 2491 fic
1158 2453 1245 2488 ῐεξὶο
1282 2455 1343 2491 ᾖο-ἶ

340 2512 422 2551 rnini
446 2507 718 2545 commodiorem.
940 2544 947 2551 ι
1213 2540 1223 2547 ,

387 2564 435 2588 12.
463 2553 565 2587 Prava
589 2549 690 2587 adeo,
713 2558 808 2590 quam
847 2545 995 2585 descripsi
1016 2568 1024 2582 ‚
1061 2544 1168 2586 Spinae
1202 2543 1305 2584 sigura
1329 2564 1340 2582 ,

340 2607 502 2642 quantum
524 2592 712 2628 inflectebat
738 2591 951 2624 adhaerentetn
977 2588 1126 2620 arteriam
1149 2587 1312 2628 Magnam
1337 2607 1345 2622 ‚

341 2651 470 2678 tantum
493 2638 646 2681 expedito
669 2633 831 2675 sanguinis
855 2632 961 2666 cursui
986 2630 1140 2665 inferiora
1166 2630 1274 2662 versus
1287 2629 1347 2662 ob-

342 2677 442 2721 stabat
458 2711 465 2718 .
490 2685 605 2724 Itaque
629 2679 810 2718 efficiebat,
842 2686 877 2709 ut
903 2675 972 2717 plus
1004 2687 1044 2708 ex
1077 2673 1147 2715 ipso
1180 2673 1353 2707 cerebrum.

344 2723 466 2773 peteret
489 2749 498 2765 ,
530 2724 658 2767 hocque
682 2722 718 2757 ad
744 2721 952 2762 sanguineam
978 2717 1178 2761 apoplexiam
1204 2716 1350 2762 dispone-

344 2783 392 2809 ret
407 2797 414 2804 .
442 2772 525 2813 Qae
549 2778 655 2805 tamen
678 2777 717 2800 ne
742 2766 840 2803 citius
864 2763 1047 2802 occideret,
1071 2771 1141 2794 tum
1156 2760 1261 2795 illaelae
1277 2760 1347 2792 duae

345 2817 409 2850 illae
433 2817 466 2848 in
490 2812 744 2849 ventriculorum
777 2805 841 2841 basi
867 2806 1123 2840 Protuberantiae
1142 2813 1159 2843 ’,-
1186 2814 1255 2842 tum
1288 2814 1350 2844 op..

347 2869 494 2903 portunae
517 2867 604 2891 venae
629 2855 783 2889 seffiones
806 2849 1022 2892 praestiterunt
1046 2872 1058 2890 ,
1097 2848 1216 2890 quibus
1248 2847 1347 2878 nimi.

350 2914 422 2937 rum
447 2901 566 2934 factum
589 2898 655 2933 est,
678 2909 716 2930 ne
739 2894 825 2930 laesio
847 2895 880 2926 in
903 2894 974 2926 illas
998 2893 1096 2935 usque
1129 2889 1313 2935 procederet
1340 2913 1347 2926 ,

353 2957 410 2982 nec
434 2943 595 2986 sanguinis
617 2938 757 2979 effufio,
791 2936 849 2972 nisi
873 2938 977 2974 lente,
1011 2939 1042 2972 ἃ
1067 2947 1160 2981 parce
1184 2957 1196 2975 ,
1232 2937 1263 2970 δε
1296 2945 1351 2976 per

351 2988 522 3028 intervalla
546 2986 655 3019 fieret.

396 3033 507 3075 13.1n
531 3042 569 3064 eo
593 3038 697 3065 autem
730 3025 852 3061 cerebri
886 3023 1111 3066 hemisphaerio
1143 3021 1230 3065 quod
1264 3032 1356 3066 para-

351 3079 459 3114 ivtico
482 3073 662 3117 opponitur
685 3071 829 3113 corporis
853 3069 969 3106 lateri,
992 3080 1026 3102 in
1050 3067 1112 3104 hoc
1135 3066 1357 3108 quidemapo-

349 3117 463 3163 p'lexiae
486 3128 599 3160 genere
622 3116 726 3150 labem
748 3123 846 3155 quam
869 3110 1027 3155 saepiffirne
1050 3109 1270 3151 deprehendi,
1293 3119 1356 3142 non

349 3166 399 3200 hae
423 3162 527 3199 solum
548 3158 827 3193 Observationes,
850 3152 899 3189 sed
922 3158 953 3189 &
976 3154 1044 3188 aliae
1070 3154 1217 3195 plurimae
1239 3153 1358 3188 confir-

352 3202 441 3244 mant
466 3204 579 3240 nostrae
599 3229 608 3243 ‚
632 3212 768 3245 quarum
789 3198 846 3233 etsi
871 3198 1033 3241 plerasque
1067 3197 1146 3233 alibi
1179 3197 1241 3243 (e)
1273 3196 1359 3230 indi-

351 3251 495 3290 cavimus
519 3271 528 3288 ,
561 3257 615 3282 aut
638 3243 887 3287 proposuimuS,
911 3243 1026 3284 aliquae
1051 3241 1121 3274 sunt
1146 3250 1255 3273 tamen
1285 3251 1355 3282 quae

353 3290 507 3338 supersint
525 3316 534 3332 ,
560 3301 597 3323 ex
619 3287 721 3330 iisque
745 3298 807 3322 una
829 3296 926 3329 quam
951 3285 1110 3326 proximis
1133 3285 1270 3317 Litteris
1292 3281 1355 3325 (f)

352 3340 391 3377 ad
413 3346 444 3370 te
467 3334 654 3371 mittemus.
682 3331 752 3363 Nec
775 3340 903 3366 tantum
927 3328 1061 3366 nostrae,
1085 3327 1135 3364 sed
1158 3329 1258 3362 etiarn
1275 3327 1356 3362 alio-

354 3392 451 3419 rum,
475 3377 596 3421 pariter
627 3374 705 3408 alibi
739 3377 792 3416 (g
817 3376 827 3412 )
860 3370 1010 3405 indicatae
1031 3395 1044 3411 ,
1079 3371 1116 3404 ad
1149 3380 1226 3412 quas
1262 3370 1355 3403 addes

320 3444 325 3446 >
355 3422 521 3461 laudatam
543 3432 558 3453 a
581 3418 635 3451 (31.
661 3418 795 3451 Sulzero
817 3420 830 3456 (
852 3416 872 3448 h
896 3419 906 3454 )
931 3427 968 3448 ex
992 3413 1195 3449 Archibaldo
1211 3414 1331 3447 Adams
1346 3436 1355 3450 ,

355 3472 474 3512 &quas
496 3463 571 3500 olim
594 3462 628 3499 in
650 3460 818 3503 nofhcomio
840 3469 899 3493 non
915 3458 1010 3502 semel
1034 3459 1073 3493 ab
1096 3459 1126 3491 {e
1149 3457 1274 3495 habitas
1299 3457 1357 3494 esse

746 202 904 262 Liber
937 204 1022 255 V.
1042 200 1119 251 De
1153 199 1405 254 addendis
1439 199 1506 251 ad.
1541 199 1727 253 Libros
1762 199 2047 269 superiores

1378 278 1509 311 testatur
1533 278 1682 311 Meadius
1704 277 1767 316 (i)
1783 301 1791 315 ,
1817 280 1848 310 δε
1872 288 1942 311 eam
1967 278 2095 313 tandem
2118 289 2190 322 quae
2216 279 2384 316 simillima

1379 323 1562 355 nostrarum
1585 321 1871 362 Experientiffimo
1894 323 1984 356 Viro
2007 324 2149 359 occurrit
2175 322 2223 355 M.
2242 324 2391 360 Antonio

1380 365 1540 399 Caldanio
1565 365 1625 408 (it)
1642 389 1650 402 ‚
1677 375 1752 397 cum
1776 363 1845 407 post
1869 365 1988 399 fortem
2013 367 2233 408 apoplexiam,
2270 368 2301 401 δε
2334 377 2388 402 to-

1380 411 1446 442 tius
1471 410 1576 442 lateris
1599 409 1723 442 dexteri
1750 407 1921 449 paralme
1946 408 2105 444 sinistrum
2131 410 2215 443 vidit
2233 409 2393 444 Striatum

1380 463 1495 495 corpus
1530 463 1590 495 pro
1623 450 1763 485 dimidio
1799 451 1953 490 erosum‚
1991 452 2195 495 grumofique
2230 452 2392 494 sanguinis

1381 497 1531 539 plenum.
1667 496 1715 528 At
1733 495 1823 540 enim
1848 494 1921 529 sunt
1946 497 2044 529 etiam
2067 496 2321 530 Observationes
2345 509 2394 533 re·

1383 541 1482 573 soluti
1505 539 1614 572 lateris
1637 538 1869 583 non'oppositi
1885 562 1893 578 ,
1920 538 1969 572 sed
1990 539 2041 573 illi
2064 540 2184 574 cerebri
2199 539 2392 581 hemisphae-

1384 586 1434 617 rio
1459 582 1619 624 subjeffl,
1641 583 1764 627 quoin
1801 581 2028 626 hemisphaerio
2059 593 2127 616 erat
2167 585 2271 617 labes.
2308 584 2390 617 Sunt

1383 639 1479 661 vero:
1503 638 1560 659 nec
1584 625 1738 658 Vallalva
1763 625 1821 666 (l)
1846 626 1931 659 inter
1955 624 2026 659 suas
2058 626 2268 661 dissimulavit
2290 650 2301 666 ,
2337 638 2393 665 nec

1382 682 1444 712 ego
1468 673 1554 709 (m)
1576 668 1660 702 inter
1687 680 1772 702 meas
1796 669 1981 714 dissimulo.
2004 669 2098 712 Quin
2121 672 2188 707 imo
2211 672 2243 704 in
2261 671 2389 713 Episto-

1382 716 1421 748 lis
1446 714 1652 746 Anatomicis
1676 715 1745 751 (n)
1768 712 1906 753 produxi
1933 713 2052 754 septem
2077 725 2114 746 ex
2140 714 2278 751 aliorum
2304 714 2395 751 libris

1383 767 1545 800 acceptas.
1572 757 1702 794 Quibus
1727 757 1749 790 si
1774 753 1860 793 forte
1884 757 2044 789 accensere
2069 756 2146 790 velis
2169 756 2328 799 quandam
2355 769 2395 794 ex

1385 801 1494 835 Praecl.
1524 801 1682 842 Bergenio
1705 802 1771 838 (o)
1786 822 1795 838 ,
1820 801 1850 831 &
1874 811 1991 839 unam,
2014 808 2069 835 aut
2082 800 2213 834 alteram
2224 812 2294 843 quae
2309 802 2395 842 apud

1384 844 1547 879 laudatum
1559 844 1726 879 Sulzerum
1737 845 1781 884 (p
1795 847 1805 885 >
1819 843 1861 875 est
1875 855 1886 881 3
1900 850 1964 889 non
1978 844 2181 886 repugnabo:
2208 844 2330 885 rogabo
2344 855 2394 876 ta-

1385 901 1456 924 men
1470 910 1479 925 ,
1492 897 1527 920 ut
1538 898 1608 929 quae
1624 887 1661 920 ad
1673 894 1782 920 'earum
1797 886 1903 928 plures
1915 885 2042 927 possunt
2056 888 2174 928 regeri,
2188 888 2363 930 perpendas
2379 901 2389 920 :

1385 931 1472 976 quod
1496 934 1526 969 &
1550 941 1610 972 ego
1633 929 1700 974 (q)
1725 930 1763 963 ad
1786 928 2043 972 quasdam'feci,
2067 939 2103 966 ut
2128 932 2279 965 Sulzerus
2304 935 2386 970 (r),

1387 978 1445 1020 qui
1470 974 1628 1017 Epistulas
1650 984 1740 1007 meas>
1757 974 1971 1016 An‘atomicas
1994 985 2058 1008 non
2094 974 2254 1015 videta-e,
2290 974 2395 1016 postea

1389 1020 1428 1059 ad
1453 1020 1527 1052 alias
1550 1042 1560 1057 ,
1604 1019 1662 1050 etsi
1687 1017 1859 1050 nonnullas
1883 1015 1960 1057 effe,
1983 1019 2088 1051 credas
2111 1040 2121 1057 ‚
2146 1018 2276 1059 ‘quibus
2312 1018 2394 1052 nihil

1387 1064 1509 1105 opponi
1533 1063 1659 1098 liceat3
1693 1070 1764 1093 tum
1787 1064 1941 1103 exiguum
1973 1061 2088 1100 haruin
2120 1072 2289 1094 numerum
2324 1073 2397 1094 cum

1388 1110 1566 1140 innumeris
1590 1103 1825 1151 propemodum
1863 1104 2048 1144 Valsal'vae,
2084 1107 2114 1137 δε
2151 1106 2288 1138 aliorum
2322 1116 2398 1140 eo‘n-

1391 1150 1487 1184 seras.
1514 1149 1565 1184 Sic
1589 1150 1673 1181 enim
1697 1149 1857 1181 continuo
1879 1148 2064 1189 intelliges,
2097 1150 2179 1181 utris
2212 1162 2224 1181 a
2263 1148 2395 1185 Medico

1391 1206 1426 1227 ea
1450 1205 1522 1236 quae
1545 1202 1582 1226 ut
1607 1192 1784 1234 plurimum
1808 1191 1918 1230 fiunt,
1939 1191 2278 1232 utvdebetstpeetanze
2293 1214 2301 1229 ‚
2317 1193 2398 1224 utris

1392 1240 1547 1280 inquam,
1570 1237 1671 1277 magis
1695 1234 1859 1271 fidendum
1884 1234 1924 1268 sit
1940 1261 1947 1274 ‚
1973 1247 2030 1269 nec
2055 1236 2088 1267 in
2115 1235 2394 1274 theoria-tantum,

1387 1280 1438 1314 sed
1462 1284 1493 1314 &
1517 1281 1551 1314 in
1576 1280 1687 1322 praxi,
1711 1288 1746 1313 ut
1771 1277 1792 1311 si
1819 1280 1994 1321 praesertim
2010 1302 2021 1318 ‚
2043 1279 2132 1320 quod
2156 1279 2234 1322 saepe
2245 1281 2399 1312 nomina·-

1386 1335 1438 1361 tus
1463 1324 1611 1360 Sulzerus
1635 1327 1644 1363 (
1664 1322 1715 1366 s)
1739 1322 1860 1356 indicat
1875 1347 1883 1361 ‚
1907 1323 2031 1355 terebra
2055 1323 2200 1356 calvariae
2225 1322 2398 1365 percussae,

1388 1370 1431 1403 ob
1456 1367 1663 1410 sanguinem,
1689 1374 1743 1402 aut
1755 1377 1812 1409 pus
1824 1365 1951 1400 subhac
1964 1364 2121 1403 effusum,
2146 1365 2185 1400 sit
2198 1365 2398 1404 adhibenda,

1389 1415 1420 1445 δε
1447 1411 1485 1445 ad
1509 1411 1596 1453 signa
1619 1410 1748 1443 accedat
1772 1410 1958 1443 alterutrius
1981 1411 2088 1444 lateris
2112 1409 2291 1449 resolutio,
2306 1410 2398 1453 aqua

1391 1457 1547 1489 nimirum
1570 1453 1812 1495 compteffionis
1834 1453 1954 1487 cerebri
1971 1475 1980 1490 ,
2002 1457 2033 1487 ὃ(
2056 1453 2146 1497 quod
2170 1453 2400 1501 consequitur,

1392 1497 1554 1532 effusionis
1576 1499 1662 1531 circa
1686 1497 1749 1530 hoc
1774 1496 1856 1531 sedes
1880 1497 2064 1531 indicetur.

1440 1554 1488 1584 14.
1515 1543 1559 1575 Et
1583 1539 1670 1584 quod
1695 1542 1734 1575 ad
1768 1541 1935 1574 cerebrum
1968 1540 2100 1582 quidem
2138 1542 2288 1582 attinet,
2323 1540 2398 1574 satis

1391 1586 1516 1619 di&um
1540 1585 1582 1619 est
1597 1609 1604 1616 .
1630 1584 1722 1622 Quid
1746 1595 1846 1624 vero,
1868 1583 1890 1617 fi
1913 1595 1997 1618 noxa
2022 1584 2062 1616 ad
2094 1585 2288 1619 cerebellum
2321 1586 2400 1618 atti-

1392 1633 1493 1663 neat?
1517 1640 1594 1663 num
1620 1629 1641 1667 si
1665 1630 1701 1661 in
1723 1629 1880 1661 alterutro
1897 1651 1906 1666 ,
1932 1637 1986 1661 aut
2010 1626 2048 1660 ad
2072 1629 2264 1662 alterutrum
2300 1627 2398 1669 nujus

1391 1674 1504 1710 lobum
1527 1683 1561 1706 ea
1587 1671 1649 1709 fit,
1673 1671 1902 1712 hemiplexiam
1930 1670 2084 1708 inducet,
2108 1674 2137 1704 δι
2170 1671 2191 1703 si
2230 1672 2364 1707 inducet
2388 1692 2398 1708 ‚

1390 1720 1424 1750 in
1447 1714 1600 1760 opposito
1625 1726 1684 1751 ne,
1708 1726 1745 1750 an
1772 1717 1805 1747 in
1830 1716 1972 1756 subjeeto
1996 1716 2139 1755 corporis
2163 1715 2259 1749 iatere
2281 1720 2290 1751 ἓ
2318 1715 2402 1748 Hoc

1392 1771 1452 1802 ego
1478 1758 1643 1802 problema
1667 1757 1813 1799 Epistola
1835 1758 2030 1792 Anatomica
2054 1757 2152 1791 XIII.
2187 1759 2256 1802 (t),
2280 1769 2402 1802 propo-

1392 1804 1461 1840 sui.-
1484 1814 1540 1836 nec
1565 1809 1616 1835 me
1640 1803 1781 1843 poenitet
1807 1801 2047 1836 consuetudinis
2072 1812 2170 1840 meae,
2196 1812 2300 1844 quam>
2326 1810 2403 1834 tunc

1394 1848 1544 1885 servans,
1568 1845 1659 1881 nolui
1683 1851 1721 1882 ex
1745 1856 1807 1878 una
1840 1846 2080 1880 Observatione
2115 1846 2294 1888 quidquam
2325 1844 2403 1879 defi-

1393 1893 1489 1929 nire3
1511 1892 1583 1926 imo
1605 1900 1674 1925 eam
1698 1888 1784 1931 posse
1809 1889 2024 1923 multifariam
2059 1889 2211 1930 explicari
2235 1913 2244 1929 ,
2275 1887 2371 1922 fassus
2395 1913 2405 1927 ‚

1394 1935 1493 1973 alias,
1516 1935 1547 1967 δε
1572 1932 1695 1974 generis
1719 1933 1801 1966 alius
1824 1933 2035 1974 expestandas
2058 1931 2138 1970 esse,
2165 1931 2404 1966 monaahum

1391 1977 1494 2014 incidi
1518 1976 1622 2020 postea
1646 1978 1680 2009 in
1704 1987 1799 2012 unam
1824 1977 1930 2011 minus
1954 1986 2137 2012 recentem,
2163 1975 2292 2018 legique
2323 1977 2404 2009 alte-

1393 2034 1463 2058 ram
1488 2031 1608 2054 novam
1631 2018 1930 2059 Observationem,
1954 2021 1987 2052 in
2046 2030 2158 2052 uarum
2194 2028 2328 2062 utraque
2368 2020 2400 2051 ei

1393 2067 1471 2104 jobo
1495 2064 1642 2110 cerebelli
1667 2064 1699 2096 in
1724 2075 1789 2105 quo
1813 2062 1898 2097 laesio
1922 2071 1988 2096 erat
2002 2030 2231 2102 ‚ciret-niplexia
2268 2062 2403 2104 respon-2

1390 2110 1488 2146 debat
1511 2106 1908 2148 subjefitorumffartuum‚
1940 2117 2005 2139 non
2042 2104 2245 2139 adversorum
2269 2132 2277 2139 .
2316 2108 2405 2147 Quas

1391 2154 1456 2191 tibi
1481 2152 1552 2186 aliis
1576 2151 1710 2182 Litteris
1733 2153 1805 2193 (u)
1828 2149 2029 2192 significavi:
2054 2158 2236 2199 quanquam
2273 2150 2313 2182 iis
2349 2161 2405 2184 va-

1392 2196 1563 2231 rietatibus
1587 2193 1770 2227 admonitus
1794 2205 1865 2236 quae
1890 2204 2122 2235 nonnunquam
2147 2203 2259 2226 contra
2295 2192 2404 2231 ipsum

1392 2239 1552 2274 Valsalvae
1575 2237 1714 2280 dogma,
1739 2247 1789 2269 tot
1824 2238 1971 2279 alioquin
1995 2236 2213 2270 constantibus
2247 2238 2403 2279 exemplis

1392 2282 1643 2327 comprobatum
1667 2291 1879 2317 occurrerunt
1893 2304 1905 2321 ,
1928 2282 2031 2315 tutius
2056 2279 2298 2314 confiliumcsse
2313 2304 2321 2318 ,
2335 2292 2405 2314 cem

1394 2328 1473 2364 sui,
1515 2337 1553 2359 ne
1589 2337 1627 2358 ex
1662 2324 1791 2359 duobus
1822 2326 1955 2366 quidem
1989 2334 2189 2366 praepropere
2224 2324 2406 2367 quidquam

1393 2371 1609 2410 constituere,
1635 2367 1685 2404 sed
1710 2368 1770 2402 alia
1793 2393 1803 2410 ‚
1840 2377 1937 2410 atque
1968 2368 2029 2401 alia
2053 2381 2061 2404 3
2094 2366 2181 2409 quod
2216 2370 2405 2411 priusquam

1395 2417 1488 2449 suurn
1511 2414 1632 2454 dogma
1655 2413 1821 2454 vulgaret,
1844 2409 1999 2445 Valsalva
2025 2410 2101 2444 fecit
2120 2435 2128 2448 ,
2153 2411 2202 2444 his
2227 2420 2319 2444 antea
2345 2412 2404 2445 ad-

1395 2460 1469 2493 dere
1485 2483 1492 2497 ,
1513 2468 1584 2498 quae
1608 2456 1693 2490 idem
1716 2455 1938 2489 ostenderent.
1972 2454 2052 2488 Non
2088 2454 2158 2488 sum
2193 2454 2313 2488 nescius
2339 2482 2347 2495 ‚
2382 2455 2405 2486 si

1397 2502 1475 2534 velis
1499 2502 1608 2545 omnia
1624 2523 1632 2537 ,
1659 2509 1693 2533 ut
1717 2510 1771 2541 par
1796 2500 1859 2537 est,
1884 2498 2294 2542 perpendere,rarius'haec
2305 2510 2405 2540 quam

1397 2557 1469 2588 quae
1494 2543 1530 2576 ad
1554 2544 1722 2577 cerebrum
1748 2544 1888 2576 attinent
1910 2566 1918 2580 ,
1951 2543 2096 2584 exempla
2133 2552 2299 2575 occurrere
2326 2566 2335 2582 ,
2368 2540 2405 2575 ut

1398 2587 1591 2630 cognoscere
1624 2586 1759 2630 potuisti
1792 2598 1832 2620 ex
1867 2588 1905 2618 iis
1950 2597 2018 2627 quae
2053 2585 2092 2618 ad
2136 2585 2406 2618 Observationem

1402 2631 1564 2675 quandam
1590 2643 1693 2665 meam
1718 2630 1868 2665 adnotavi
1893 2632 1980 2669 (x),
2011 2629 2044 2660 in
2075 2640 2140 2671 qua
2174 2639 2238 2661 non
2271 2640 2404 2671 parvam

1404 2687 1531 2709 caveam
1554 2678 1639 2708 intra
1677 2675 1812 2713 alterum
1847 2673 1959 2708 sobam
2003 2671 2154 2705 cerebelli
2189 2671 2408 2714 deprehende-

1403 2731 1495 2756 ram,
1518 2731 1649 2762 eamque
1672 2718 1823 2759 sanguine
1847 2716 2080 2758 plenissimam:
2105 2714 2342 2757 &cognoscere
2367 2728 2407 2749 ex

1382 2764 1501 2796 ‘altera
1527 2764 1647 2800 poteris
1663 2784 1671 2798 ‚
1696 2762 1767 2800 ibi,
1791 2764 1822 2793 ὃ(
1847 2761 1911 2793 alio
1944 2771 2076 2802 quoque
2112 2759 2185 2794 loco
2218 2760 2272 2801 (y
2296 2762 2306 2798 )
2343 2760 2409 2795 tibi

1401 2805 1550 2850 promissa
1568 2829 1576 2844 ‚
1600 2818 1697 2849 quam
1721 2807 1870 2850 protinus
1893 2802 2145 2836 communicabo
2160 2827 2169 2835 .

1449 2859 1496 2892 15.
1522 2851 1608 2884 VIR
1632 2860 1730 2883 annos
1753 2858 1845 2881 natus
1869 2848 1997 2881 circiter
2033 2846 2375 2889 duodequinquaginta
2397 2872 2409 2887 ,

1402 2906 1475 2927 cum
1524 2895 1574 2926 vel
1620 2896 1720 2938 magis
1753 2902 1850 2935 quam
1883 2902 1931 2924 ars
1964 2890 2030 2931 ejus
2075 2892 2254 2930 requireret
2278 2913 2290 2930 ‚
2335 2903 2408 2933 quae

1404 2947 1473 2970 crat
1524 2938 1762 2980 coquinaria,
1807 2935 1942 2971 accensis
1996 2933 2191 2967 carbonibus
2237 2935 2329 2973 uti,
2375 2937 2408 2968 &

1406 2981 1538 3023 propius
1592 2981 1710 3016 adstare
1773 2981 1879 3022 capite
1936 2976 2108 3012 consuesset
2151 2989 2167 3017 ;-
2215 2976 2253 3010 de
2307 2976 2404 3019 hujus

1407 3024 1592 3058 acutiffirnis
1646 3023 1814 3058 doloribus
1860 3021 1925 3063 jam
1970 3030 2042 3053 ante
2103 3032 2221 3055 annum
2266 3032 2411 3063 conque-

1408 3070 1436 3100 ri
1480 3070 1622 3111 ‘coeperat
1647 3094 1654 3102 .
1702 3068 1765 3100 His
1810 3065 1931 3099 accessit
1964 3062 2133 3106 utriusque
2166 3065 2288 3105 pariter
2322 3064 2406 3097 infe-

1409 3113 1505 3145 rioris
1529 3122 1614 3146 artus
1636 3111 1784 3144 debilitas
1807 3118 1916 3144 tanta,
1942 3117 1977 3141 ut
2008 3117 2124 3141 neutro
2147 3108 2283 3150 amplius
2306 3108 2409 3150 posset

1410 3153 1553 3189 insistere
1579 3180 1585 3187 .
1633 3156 1705 3193 Qua
1736 3166 1768 3187 re
1793 3178 1806 3197 ,
1848 3152 1983 3193 illisque*
2006 3151 2172 3185 doloribus
2195 3176 2204 3190 ,
2237 3154 2267 3184 &
2310 3150 2413 3192 febri-

1410 3200 1480 3232 cula
1508 3225 1516 3238 ,
1561 3211 1632 3242 quae
1675 3198 1724 3231 his
1748 3198 1777 3233 se
1811 3195 1972 3230 addiderat
1992 3218 2007 3233 ,
2050 3194 2167 3228 cubare
2197 3196 2349 3235 eristius,
2382 3198 2413 3228 &

1408 3243 1545 3284 denique
1589 3242 1755 3276 Medicum
1799 3241 1952 3273 advocare
1978 3264 1987 3278 ‚
2022 3237 2176 3281 sanguine
2217 3240 2359 3281 primum
2394 3250 2411 3273 e

1407 3285 1541 3327 brachio
1566 3310 1575 3324 ‚
1611 3295 1681 3320 tum
1714 3297 1731 3319 e
1764 3283 1841 3324 pede
1872 3282 1984 3318 emisso
2018 3293 2051 3314 ea
2086 3293 2217 3324 quoque
2249 3281 2287 3315 de
2318 3281 2411 3320 causa

1406 3330 1494 3371 quod
1519 3329 1695 3363 subdelirio
1716 3327 1891 3361 identidem
1915 3327 2075 3360 laboraret
2101 3336 2112 3363 3
2146 3322 2301 3360 febricula
2332 3327 2411 3368 quia

1406 3373 1477 3406 dem
1503 3373 1623 3407 solutus
1646 3374 1689 3406 est
1710 3386 1720 3410 5
1754 3380 1786 3406 at
1805 3382 1917 3404 caetera
1941 3369 2051 3403 onmia
2078 3369 2304 3411 perstiterunt.
2330 3370 2408 3403 Me—

1406 3416 1483 3450 dico
1517 3416 1645 3450 dimisso
1669 3441 1676 3454 ‚
1720 3414 1890 3455 cephalicis
1931 3426 2002 3457 quae
2049 3411 2103 3446 hic
2147 3414 2362 3456 imperaverat
2400 3435 2410 3450 ‚

1405 3459 1556 3502 remediis
1579 3461 1627 3494 uti
1651 3459 1826 3505 perrexit;
1865 3457 1916 3495 sed
1948 3457 2068 3495 frustra
2101 3454 2180 3491 adeo
2203 3478 2212 3494 ‚
2248 3467 2282 3490 ut
2321 3456 2411 3498 poss:u

2267 3510 2365 3538 cumn

367 3593 2406 3617 Wffl—-WQ——Q———ss———oe———w-—w——mffl

477 3664 493 3692 )
508 3662 585 3691 Epist.
603 3660 636 3687 Π.
654 3669 679 3685 n.
699 3667 735 3684 io.
752 3664 773 3686 ἃ
791 3661 852 3692 seqq.
868 3659 921 3686 ⁷111.
937 3669 964 3688 n.
980 3669 1001 3684 ².
1022 3668 1100 3695 3514.
1115 3663 1141 3685 Bt
1158 3660 1221 3690 seqq.
1240 3662 1269 3685 V.
1287 3668 1311 3693 n.
1329 3669 1351 3690 7.
1370 3663 1413 3687 XI.
1432 3669 1453 3685 n.
1475 3670 1510 3686 ιο.
1529 3670 1565 3686 12.
1583 3663 1624 3686 Ll.
1643 3669 1669 3684 n.
1686 3668 1723 3689 43.

479 3694 492 3722 )
856 3692 870 3722 Ε
887 3693 901 3714 h
916 3692 931 3720 2
947 3694 982 3718 De
998 3692 1098 3716 Athone
1114 3692 1210 3715 Cerebri
1228 3691 1303 3716 decuti
1333 3692 1354 3720 §.
1372 3693 1393 3715 8,

417 3666 463 3724 gg
510 3694 564 3717 Vid.
580 3693 641 3718 easd.
662 3691 793 3721 epistolas.

418 3724 474 3754 (k)
490 3724 584 3755 Letrera
602 3723 654 3747 still'
672 3722 805 3747 insensitiv.
822 3722 866 3747 διε.
884 3722 907 3751 §.
926 3731 962 3750 5¹·

417 3760 427 3781 (
445 3763 461 3777 η
477 3753 572 3785 )lb1d.
589 3755 642 3777 eod.
659 3761 684 3776 n.
702 3761 739 3785 ²5.
785 3780 787 3782 ¹

417 3787 430 3814 (
446 3793 461 3812 q
475 3783 492 3845 ζ
510 3783 566 3805 vid.
585 3783 700 3810 Epistola
716 3782 832 3809 indicatas
844 3800 850 3804 .

913 3784 926 3812 ς
942 3790 954 3806 r
970 3782 982 3810 >
1000 3781 1027 3811 §a
1040 3785 1079 3815 ῃ.
1094 3783 1118 3806 ἃ
1135 3782 1198 3813 seflq.

505 3812 575 3843 Εξ-,Ϋυ
597 3821 637 3840 521
652 3820 676 3835 n.
696 3816 735 3839 26.

966 3750 971 3755 β
1027 3722 1040 3749 (
1056 3723 1066 3745 l
1082 3722 1095 3749 )
1110 3722 1184 3747 Tra&
1211 3723 1240 3745 de
1258 3725 1320 3746 Aure
1339 3724 1414 3746 Hum-
1432 3730 1454 3746 c.
1473 3732 1494 3753 5.
1512 3731 1536 3747 n.
1556 3732 1578 3752 ς.

802 3750 810 3780 s
829 3753 870 3781 ο)
889 3751 1050 3777 Ventriculor.
1069 3752 1175 3776 Later-al.
1194 3751 1289 3777 cerebri
1310 3760 1371 3776 nova
1387 3753 1450 3779 Tab.
1466 3759 1519 3779 not.
1538 3754 1585 3777 dd.

1259 3782 1415 3812 ss)§-zt.

1562 3689 1564 3694 .
1591 3692 1595 3695 ,
1621 3693 1623 3696 ,
1787 3661 1854 3694 (f)
1872 3663 1944 3692 Epist.
1961 3665 2002 3690 63.
2019 3668 2045 3685 n.
2065 3666 2096 3686 12.

1442 3693 1505 3722 ’(ἱ)
1524 3695 1617 3719 Monit.
1634 3692 1701 3715 Med.
1718 3700 1740 3715 c.
1757 3701 1778 3716 ι.
1800 3694 1822 3723 ς.
1841 3700 1861 3715 2.

1639 3723 1682 3750 (⁷'q
1695 3723 1712 3767 )x
1724 3724 1793 3751 Epist>
1813 3732 1847 3752 57·
1865 3731 1887 3747 n.
1908 3732 1942 3752 ¹4·
1960 3729 1994 3750 ις.
2012 3725 2033 3749 St
2050 3721 2124 3751 Epist.
2142 3722 2213 3745 Anat.
2232 3728 2266 3749 κς.
2280 3726 2301 3743 η.
2313 3725 2397 3747 καις,

2084 3783 2096 3811 ί
2113 3790 2127 3806 x
2146 3781 2153 3810 )
2171 3780 2241 3809 Epist.
2260 3784 2303 3805 60.
2320 3787 2343 3803 n.
2360 3786 2385 3806 7.

1477 3785 1492 3813 ζ
1507 3790 1517 3807 8
1536 3784 1545 3814 )
1562 3791 1586 3808 n.
1603 3791 1640 3812 ²3-
1706 3770 1751 3813 ¹(u'
1765 3762 1860 3814 )¹i:':pist‚
1879 3792 1923 3813 52.
1939 3790 1963 3806 n.
1982 3790 2019 3811 27.
