2498 4075
1211 63 1234 79 s

439 147 534 216 164

369 235 496 263 naturae
520 220 610 262 fuisse
631 219 792 258 calculum
807 243 819 261 ‚
842 217 1057 256 existimabis,
1079 226 1176 258 quem
1198 218 1232 249 in
1254 217 1378 260 Juvcne

370 265 671 312 Experientiffimus
694 266 765 298 Vir
782 264 945 298 Heisterus
967 263 981 302 ζ
1002 271 1022 293 u
1045 262 1060 301 >
1090 270 1165 293 cum
1198 269 1289 296 antea
1323 269 1377 301 per

370 314 565 350 catheterem
589 307 774 351 percepisset
798 333 808 351 ‚
841 317 917 340 mox
947 304 1028 338 datis
1060 305 1195 345 paucis,
1215 313 1289 346 quae
1321 302 1375 335 ad-

370 357 507 396 scribit,
530 351 779 393 vulgaribusque
801 350 949 384 remediis
971 357 1112 390 quorum
1134 357 1196 387 ope
1224 344 1375 379 calcifor-

368 402 432 435 mis
468 396 603 432 materia
638 395 777 435 plurima
798 393 915 428 amicta
938 390 984 427 est
1008 411 1018 428 ‚
1052 391 1138 422 intra
1161 388 1375 423 hebdomadas

369 454 435 480 tres
467 437 673 474 incommoda
708 437 835 474 sustulit
860 436 971 468 omnia
1014 445 1029 466 a
1065 433 1271 475 quatriennio
1307 443 1377 464 mo-

369 486 468 524 lesta,
491 481 579 525 quod
613 491 697 515 anno
720 479 789 522 post
812 478 939 516 felicem
962 478 1050 510 illam
1081 478 1285 510 curationem
1309 473 1376 516 jam

369 531 472 564 tertio
494 549 505 566 ,
540 525 659 559 litteris
692 522 856 556 mandavit
880 546 887 554 .
921 521 1030 562 Atque
1062 519 1188 551 utinam
1222 515 1378 559 ejusmodi

371 574 466 611 essent
501 568 621 604 calculi
653 577 764 599 omnes
801 566 858 608 qui
891 563 999 597 veficae
1033 560 1242 595 innascuntur
1265 585 1273 593 .
1310 562 1378 593 Ve-

371 626 444 653 gum
475 623 526 657 ex⁴
548 610 758 652 Sepulchreto
790 608 861 650 ipso
894 607 982 645 vides
1004 628 1013 643 ‚
1046 613 1128 646 quot
1161 603 1256 637 filicis
1289 603 1378 637 duri·

375 661 422 697 gie
446 655 538 696 fuisse
572 655 757 689 dicantur5
790 652 859 685 imo
896 662 934 683 ex
966 648 1101 685 Heersio
1135 647 1257 681 ibidem
1290 649 1380 687 (x)

372 699 512 748 proferri
536 698 688 739 grandem
712 694 872 738 quendam
907 693 991 727 omni
1015 692 1102 735 filice
1132 691 1306 729 duriorem,
1341 700 1380 722 ex

374 742 551 785 Brasavolo
574 742 626 782 (y
650 743 661 779 )
686 748 792 775 autern
814 739 947 777 decern,
969 737 1004 770 in
1026 735 1171 769 Alberto
1194 733 1380 776 VSavonaro-

372 791 404 826 la
435 790 584 828 inventos
607 806 616 821 ‚
660 783 718 825 qui
749 780 777 823 fi
800 781 832 814 in
854 789 970 815 terram
990 778 1218 821 projicerentur
1233 801 1242 815 ‚
1275 775 1379 810 veluti

372 828 537 874 trigonalis
558 827 626 868 pila
649 823 824 867 refiliebant
847 847 856 862 ,
894 823 1031 864 denique
1064 819 1148 865 apud
1182 819 1376 854 Lindenium

368 879 384 919 g
406 873 463 921 ιζ)
490 868 595 906 visum
618 881 634 901 a
658 867 806 914 pluribus
829 878 930 901 unum
946 886 956 903 ‚
988 876 1055 907 quo
1087 864 1180 906 pauci
1214 864 1377 905 graviores

370 914 531 958 comperti
557 913 630 948 sunt
657 937 666 952 ‚
711 919 823 951 nempe
858 911 1026 944 unciarum
1074 918 1125 950 32.
1162 904 1377 950 linostimum,

368 957 564 1001 gompaftum
589 978 599 994 ‚
629 954 731 997 filicis
753 951 872 991 colore,
897 950 1145 994 triangularem,
1169 960 1208 983 ex
1229 961 1286 992 quo
1308 958 1378 981 cum

365 1004 455 1050 ferro
479 1025 488 1042 ,
519 1009 555 1036 ut
574 1009 613 1036 ‚ex
628 998 719 1041 filice
742 1018 752 1036 ‚
783 995 964 1032 eliciebatur
1001 994 1105 1036 ignis.
1132 994 1225 1035 Qos
1259 993 1377 1035 pariter

363 1051 528 1084 'memorat
563 1040 734 1076 Panarolus
767 1039 859 1086 (a)
893 1047 959 1073 tam
1001 1039 1094 1070 duros
1119 1063 1128 1075 ,
1163 1044 1200 1072 ut
1239 1036 1378 1078 pyritem

368 1090 505 1137 ‘lapidem
541 1085 792 1121 aemularentur3
823 1080 952 1126 percuffi
984 1081 1066 1114 enim
1095 1079 1223 1121 chalybe
1246 1101 1255 1117 ‚
1282 1077 1376 1120 flam-

367 1144 452 1169 mam
477 1129 656 1165 evomebant
680 1150 689 1165 ‚
722 1125 869 1161 consulto
893 1134 1071 1168 praetereo,
1095 1135 1133 1157 ne
1157 1122 1241 1156 forte
1263 1122 1338 1164 quia
1360 1133 1376 1153 a

369 1178 501 1215 muliere
534 1174 616 1207 dicit
654 1180 832 1210 excretos,
867 1168 977 1205 fucum
1009 1167 1061 1201 illi
1095 1166 1216 1201 facium
1240 1164 1376 1205 suspice-

366 1224 412 1257 ris
437 1243 446 1259 ‚
483 1218 615 1261 quando
650 1214 860 1248 Bartholinus
886 1217 900 1253 ζ
922 1211 941 1245 b
962 1216 976 1251 )
998 1210 1047 1243 vel
1071 1211 1105 1243 in
1137 1209 1204 1251 ipsa
1238 1206 1375 1241 lithoto-

368 1268 431 1300 mia
456 1262 497 1296 fic
521 1259 707 1303 impositum
732 1255 825 1291 fuisse
850 1268 865 1289 a
890 1253 1064 1290 vaferrimo
1088 1252 1248 1287 nebulone
1272 1253 1374 1293 AEgro

368 1305 567 1344 nobilisfimo
591 1325 599 1340 ‚
638 1300 829 1342 Amicisque
863 1297 1070 1341 praescntibus
1093 1319 1103 1334 ‚
1142 1296 1262 1328 multos
1296 1294 1373 1329 hinc

365 1346 563 1393 conjecisse,
588 1345 722 1384 scribit,
747 1342 837 1385 quod
859 1354 876 1375 e
902 1340 1111 1385 suppofititio
1132 1338 1258 1373 calculo
1289 1339 1375 1372 scin-

367 1396 449 1429 tillae
474 1399 701 1426 excuterentur
721 1412 730 1428 ,
761 1385 939 1428 tmpoffibile
972 1392 1076 1420 autem
1103 1382 1147 1426 fit
1169 1406 1179 1422 ,
1212 1381 1307 1416 talem
1341 1381 1373 1415 in

367 1438 488 1472 homine
512 1435 648 1476 lapidem
666 1431 827 1474 generari:
851 1428 1064 1471 quamobrem
1088 1429 1143 1460 vix
1168 1424 1195 1458 se
1224 1424 1374 1458 contine-

367 1484 424 1517 bat
446 1503 460 1521 ,
491 1482 572 1526 quin
601 1476 717 1512 similis
753 1473 890 1508 duritiei
928 1472 1064 1505 alterum
1096 1472 1130 1503 in
1154 1468 1291 1502 dubium
1315 1478 1375 1500 vo-

364 1535 453 1563 caret
471 1549 480 1566 ‚
514 1532 636 1567 quem,
661 1528 697 1554 ut
721 1517 860 1553 humana
881 1527 921 1548 ex
946 1514 1044 1548 vesica
1068 1513 1186 1547 sectum
1201 1535 1210 1550 ,
1235 1510 1293 1544 fibi
1317 1511 1374 1543 do-

367 1579 481 1604 natum
516 1565 675 1603 habebat.
711 1561 839 1594 Verum
872 1560 944 1591 illos
978 1568 1060 1600 quos
1091 1569 1130 1590 ex
1162 1555 1373 1598 Sepulchreto

369 1611 546 1657 proposui,
571 1617 680 1642 omnes
702 1605 736 1637 in
759 1602 952 1638 cadaverum
975 1601 1075 1635 vesica
1108 1601 1232 1636 inventi
1255 1598 1370 1632 dicun-

367 1668 422 1693 tur
446 1669 454 1688 ε
490 1659 521 1690 &
545 1665 583 1686 ne
607 1648 725 1685 fraudis
759 1647 885 1681 causam
910 1644 1024 1684 fuisse,
1049 1644 1177 1679 dubites
1206 1664 1215 1680 ‚
1247 1642 1370 1684 primus

367 1710 451 1736 certe
474 1701 507 1732 in
532 1697 610 1730 Sene
633 1689 844 1735 deprehensus
877 1689 917 1721 est
948 1689 1004 1731 qui
1038 1697 1202 1729 nunquam
1234 1687 1273 1720 de
1305 1684 1372 1721 cal-

366 1746 442 1781 culo
466 1742 573 1775 vesicae
596 1734 783 1779 conquestus
806 1732 934 1772 fuerat,
959 1741 994 1764 ut
1018 1741 1183 1771 nunquam
1217 1727 1255 1764 de
1287 1729 1373 1763 reni-

366 1791 426 1823 bus
460 1788 560 1822 Senex
584 1781 688 1817 alter',
711 1779 769 1821 qui
802 1786 913 1812 tarnen
937 1776 971 1807 in
995 1774 1128 1809 dextero
1151 1772 1291 1811 lapidem
1314 1771 1374 1806 ᾖε,

367 1833 464 1867 bebat
487 1827 632 1864 insolitae
657 1821 909 1863 magnitudinis,
933 1820 964 1851 &
987 1817 1101 1860 figurae
1123 1838 1133 1854 ‚
1167 1816 1285 1851 duritie
1319 1826 1374 1848 au..

367 1888 432 1912 tem
465 1877 673 1916 moeniumque
689 1865 809 1909 filicem
831 1869 1001 1907 aequantem
1022 1883 1035 1901 ‚
1066 1869 1102 1893 ut
1126 1860 1191 1893 Vir
1214 1859 1266 1891 Cl.
1294 1857 1374 1891 scri-

368 1923 419 1955 bit
442 1943 452 1958 ,
486 1918 542 1960 qui
567 1911 704 1946 sectioni
728 1907 879 1946 interfuit
903 1929 912 1943 ,
946 1901 1135 1944 Christoph.
1174 1902 1267 1935 Guil.
1310 1901 1372 1932 Ba-

370 1966 452 2007 icrus
477 1966 487 2001 (
512 1972 528 1993 c
549 1962 584 1999 ).
612 1953 700 1990 Mihi
735 1950 867 1995 quidem
901 1948 1038 1983 necdum
1063 1945 1179 1981 accidit
1203 1954 1239 1978 ut
1263 1944 1372 1978 velicae

369 2007 510 2044 calculus
544 1998 762 2035 ostenderetur
795 2007 869 2031 cum
910 1993 977 2025 illis
1008 1987 1243 2032 comparandus
1265 2011 1278 2027 2
1310 1988 1372 2020 nifi

370 2052 581 2089 foeminarum
614 2041 725 2078 fraude
749 2061 758 2077 ‚
793 2042 822 2072 &
856 2035 983 2072 Medici
1017 2036 1111 2069 unius
1132 2057 1141 2073 ,
1176 2041 1270 2075 atque
1295 2031 1374 2063 alte-

370 2099 436 2131 rius
460 2090 592 2136 quibis
626 2084 735 2118 faciles
768 2093 857 2118 aures
892 2078 1113 2124 praebuerant,
1148 2075 1338 2112 credulitate
1364 2098 1371 2105 .

372 2141 439 2174 Hic
465 2137 553 2171 enim
578 2131 721 2173 primum
744 2137 845 2160 unum
871 2123 959 2163 vidi,
993 2122 1050 2164 qui
1083 2130 1148 2154 non
1183 2119 1303 2154 mod03
1337 2125 1373 2149 ut

370 2180 522 2219 ferrandi
545 2180 558 2216 (
583 2176 602 2211 d
625 2177 634 2214 )
660 2171 767 2206 verbis
781 2179 873 2206 utar3
891 2164 1176 2210 fluviatilispotius
1198 2162 1374 2200 diceretur,

373 2236 464 2260 auam
486 2218 649 2264 vesicali53
675 2216 724 2253 sed
749 2224 824 2247 curn
845 2221 953 2246 revera
968 2208 1136 2243 fluviatilis
1159 2204 1256 2243 esset,
1279 2215 1376 2237 cruo-

375 2260 406 2305 }e
441 2267 563 2301 oblitus
585 2260 724 2295 incautis
746 2268 805 2300 pro
839 2254 967 2290 vesicali
1006 2250 1244 2285 obtrudebatur
1267 2272 1275 2279 .
1309 2248 1377 2280 De-

374 2314 447 2348 inde
472 2324 487 2345 a
521 2306 652 2341 Medico
688 2301 833 2343 alioquin
873 2308 937 2337 non
973 2294 1107 2329 indoeto
1137 2294 1194 2337 qui
1227 2290 1377 2328 Venetiis

375 2359 414 2394 ad
445 2366 494 2391 me
529 2348 695 2392 scripserat
719 2368 727 2383 ‚
764 2344 804 2377 ab
837 2353 921 2385 aegra
952 2340 1089 2382 quadarn
1121 2348 1199 2380 pene
1231 2331 1378 2377 quotidie

371 2404 453 2437 bene
477 2395 621 2433 multos,
646 2401 702 2427 nec
726 2388 878 2430 parvulos
900 2383 1051 2421 excerni,
1074 2390 1110 2416 ut
1134 2379 1230 2415 fidem
1254 2388 1319 2411 non
1332 2375 1381 2426 sa-

376 2447 437 2480 cile
460 2437 604 2475 credenti
629 2433 747 2470 faceret
769 2453 780 2470 ‚
814 2426 921 2462 miffos
951 2426 1128 2470 plurimos,
1161 2434 1241 2469 quos
1274 2422 1380 2455 statim

376 2501 412 2523 ac
445 2484 513 2520 vidi
538 2506 548 2523 ,
583 2480 716 2512 miratus
740 2497 752 2514 ,
785 2473 845 2507 effe
881 2471 1036 2517 aliquem.
1058 2467 1196 2509 potuisse
1218 2465 1276 2507 qui
1311 2474 1376 2497 non

377 2530 536 2566 continuo
575 2522 670 2555 filicis
711 2517 793 2553 uncle
836 2515 920 2556 ignis
966 2512 1093 2545 elicitur
1116 2531 1126 2547 ‚
1160 2519 1275 2550 magna
1299 2530 1311 2547 ,
1343 2509 1374 2539 &

378 2575 471 2612 mdia
494 2570 675 2610 fragmenta
707 2559 889 2602 agnosceret
911 2579 921 2596 ‚
956 2554 1040 2591 nihil
1073 2552 1160 2587 aliud
1194 2551 1340 2593 rescripsi
1363 2571 1376 2589 ,

378 2618 437 2654 nisi
460 2625 497 2651 ut
529 2610 688 2655 chymicae
711 2602 922 2638 destillationi
956 2597 1206 2634 committeret,
1240 2598 1271 2628 ὅ(
1305 2604 1377 2635 quae

377 2661 618 2706 prolicerentur
640 2674 650 2690 ‚
687 2646 878 2692 significaret
902 2657 910 2680 3
945 2643 1055 2684 itaque
1079 2640 1119 2673 ab
1141 2651 1181 2673 co
1203 2637 1286 2672 nihil
1311 2648 1380 2669 am-

402 2706 462 2738 lius
493 2700 676 2734 litterarum
700 2691 806 2732 accepi
831 2713 839 2722 .
875 2687 947 2721 Nec
980 2694 1087 2718 tamen
1124 2681 1190 2716 haec
1214 2693 1251 2715 eo
1274 2680 1348 2715 dico
1370 2700 1380 2718 ‚

380 2747 469 2794 quafi
501 2743 557 2778 alii
587 2740 667 2774 alibi
700 2736 734 2770 id
766 2731 855 2776 quod
887 2741 947 2772 ego
981 2730 1168 2769 ubicunque
1191 2725 1239 2774 sui
1262 2747 1274 2764 ‚
1305 2722 1379 2773 nus3

378 2802 478 2836 quam
502 2783 677 2829 conspexi,
699 2778 808 2814 videre
840 2785 905 2809 non
930 2770 1103 2816 potuissent
1127 2794 1135 2805 .
1166 2769 1257 2810 Qu
1282 2768 1379 2801 alicui

381 2835 556 2870 nostratum
589 2827 648 2870 qui
682 2834 720 2857 ex
751 2833 789 2855 eo
818 2820 986 2855 dumtaxat
1016 2813 1105 2858 quod
1142 2813 1259 2847 malleo
1292 2812 1380 2845 reni-

381 2886 527 2913 teretur,
550 2872 727 2908 humanum
760 2863 918 2899 calculum
942 2857 1002 2894 esse
1035 2857 1141 2900 posse,
1165 2855 1320 2903 negabat,
1343 2862 1380 2887 ut

382 2931 499 2957 caetera
520 2924 652 2959 quoque
674 2909 870 2945 attenderet,
894 2917 928 2938 ac
958 2902 1149 2944 diligentius
1181 2901 1380 2942 inquireret,

386 2965 499 3001 3ῃᾶοῑ
531 2958 580 2995 fui
605 2980 614 2994 ‚
647 2952 777 2997 quando
812 2963 828 2983 a
849 2949 944 2982 Viris
980 2945 1099 2980 Doctis
1122 2945 1280 2979 Steinium
1303 2943 1379 2975 cita-

384 3010 414 3045 ri
446 3005 591 3039 videmus
620 3000 676 3042 qui
712 2996 868 3032 humanos
899 2989 1019 3031 lapides
1051 2987 1160 3022 mallei
1194 2985 1311 3020 ictibus
1334 2995 1384 3017 re-

385 3051 523 3088 sistentes
546 3047 579 3077 in
603 3037 840 3081 Lithographia
865 3033 1052 3078 proposuit.
1077 3033 1174 3065 Certe
1188 3039 1292 3068 autem
1307 3027 1383 3062 Mo-

629 3079 908 3129 Experientiffimo
939 3077 1131 3112 credendum
1155 3074 1197 3107 est
1231 3071 1385 3105 scribenti

387 3139 438 3182 (e
459 3139 503 3178 ),
535 3129 674 3169 calculos
710 3136 791 3170 quos
828 3133 923 3156 vocat
955 3119 1088 3155 murales
1125 3116 1256 3166 eandem
1288 3124 1387 3157 quam

388 3189 530 3216 marmor
553 3198 563 3213 ‚
595 3172 774 3216 polituram
799 3167 938 3209 accipere
963 3177 969 3197 :
1003 3165 1113 3206 itaque
1148 3160 1286 3194 invictos
1307 3169 1388 3207 ‘per—

390 3226 468 3259 flare
491 3217 635 3257 credidit,
657 3214 706 3248 vel
730 3213 769 3247 ab
792 3223 831 3245 eo
852 3210 887 3243 in
910 3220 976 3251 quo
999 3217 1050 3241 tot
1087 3205 1218 3241 solerter
1247 3201 1387 3245 pericula

390 3268 468 3303 fecit
491 3288 504 3305 ,
539 3258 786 3300 lithontriptico
831 3253 974 3288 remedio
1015 3249 1103 3293 quod
1148 3246 1231 3290 apud
1264 3245 1389 3286 Anglos

390 3323 456 3347 non
488 3310 534 3341 ita
565 3304 690 3348 pridem
723 3300 892 3341 vulgatum
924 3294 1027 3328 fuerat
1055 3316 1064 3330 ‚
1101 3290 1194 3334 cujus
1225 3300 1284 3330 ope
1311 3289 1390 3322 alios

391 3365 455 3392 non
479 3359 596 3398 paucos
618 3343 758 3380 calculos
781 3351 835 3377 aut
858 3340 1050 3374 imminutos
1069 3359 1078 3375 ,
1112 3344 1167 3371 aut
1200 3334 1297 3367 etiam
1335 3331 1390 3366 ab-

385 3093 487 3132 rando
513 3088 596 3124 Viro

1002 138 1159 193 Liber
1193 143 1285 191 111.
1319 136 1404 188 De
1437 133 1645 188 Morbis
1677 128 1888 199 Ventris

1428 212 1572 261 sumptos
1596 209 1687 244 fuiffe
1711 211 1782 252 ipso
1805 220 1933 253 quoque
1955 210 1989 243 in
2012 209 2134 252 septem
2166 208 2335 245 catheteris
2359 211 2422 247 7in-

1427 255 1516 304 dicio
1549 262 1735 303 perceptum
1758 253 1802 287 est
1817 279 1824 291 ,
1846 254 2030 292 miraturis,
2053 252 2074 286 fi
2111 255 2254 288 viverent
2275 275 2286 293 ,
2322 256 2425 289 Fran-

1426 300 1513 332 c1lco
1544 297 1657 338 Sylvio
1682 317 1693 333 ‚
1724 298 1754 328 &
1780 297 1980 331 Boerhaavio
2003 320 2012 334 ,
2048 296 2188 339 praestari
2223 307 2275 338 per
2306 298 2425 332 alkali-

1424 352 1479 375 cos
1511 339 1607 378 sales,
1631 343 1698 373 imo
1720 350 1784 373 non
1808 351 1861 382 per
1884 339 1964 372 alios
1986 338 2020 372 id
2045 340 2184 382 praestari
2208 337 2316 381 posse,
2336 341 2425 380 dici,

1425 382 1513 434 quod
1544 384 1624 416 alter
1647 384 1664 424 ζ
1676 380 1705 424 f
1719 385 1732 420 )
1754 395 1771 416 a
1797 383 1878 427 salis
1895 390 1991 426 petrae
2015 407 2024 421 ,
2056 391 2112 416 aut
2143 383 2223 417 nitri
2242 383 2329 416 acido
2353 383 2424 427 spi.

1425 436 1526 475 mu)
1559 429 1672 475 alterh(
1692 436 1713 467 g
1738 427 1749 462 )
1772 437 1789 458 a
1812 424 1894 459 nullo
1908 423 1979 470 fere
2009 425 2126 468 liquido
2144 433 2257 468 praeter
2269 425 2425 469 spiritum

1426 478 1504 505 nztrz
1527 492 1540 510 ,
1573 469 1654 505 effici
1680 490 1689 506 ‚
1721 469 1874 502 docuerat
1897 494 1904 502 .
1944 469 2084 504 Utinam
2109 480 2185 503 vero
2208 470 2293 504 idem
2314 473 2426 504 omni-

1426 514 1487 547 bus
1509 535 1519 551 ‚
1554 522 1610 546 aut
1653 512 1764 546 saltem
1809 511 1967 554 plerisque
2004 512 2124 553 anglici
2165 513 2254 547 illius
2292 514 2425 548 remedii

1428 557 1483 592 usu
1517 556 1697 599 praestitum
1728 554 1821 604 fuisse
1844 577 1854 592 ‚
1888 556 2000 589 mirari
2022 555 2146 597 possent
2170 567 2180 589 ε
2216 556 2341 591 utinam
2365 557 2425 591 sal-

1430 611 1496 650 tem
1519 624 1528 638 ‚
1560 610 1625 632 non
1658 596 1798 633 noctiiffe
1821 623 1830 631 .
1865 600 1911 632 At
1946 598 1969 632 si
2000 608 2052 633 tot
2089 599 2162 633 illas
2187 622 2197 637 ‚
2231 600 2335 642 postea
2369 601 2425 635 ad-

1429 646 1514 678 ditas
1537 643 1742 684 exceptiones
1766 640 1966 683 perpenderis
1991 668 1999 683 ‚
2033 643 2067 674 in
2090 643 2209 685 quibus
2232 645 2263 675 &
2286 656 2329 677 eae
2353 643 2425 680 sunt

1429 698 1507 730 quas
1530 698 1546 719 a
1570 687 1685 719 calculi
1714 693 1846 721 natura,
1869 685 1909 718 ab
1932 686 2010 728 aegri
2033 695 2128 719 aetate
2150 708 2160 725 ,
2192 686 2233 721 ab
2266 686 2425 729 ejusdem.

1428 743 1489 774 que
1513 737 1763 780 temperamento
1795 726 1942 770 petendas
1979 729 2032 761 Cl.
2056 730 2259 769 Hazonius(
2281 730 2301 763 h
2325 735 2339 772 )
2369 743 2425 765 ex-

1429 773 1538 818 posuit
1565 788 1573 811 ;
1606 784 1703 815 quam
1726 773 1808 813 saepe
1840 770 2016 805 remedium
2040 783 2094 807 aut
2123 773 2262 811 inutile,
2287 783 2341 808 aut
2364 786 2426 808 no.

1427 818 1518 865 xjum
1566 816 1624 849 effe
1670 816 1813 858 potuerit
1837 838 1847 852 ,
1881 824 1945 847 non
1983 813 2119 850 obscure
2160 817 2358 858 apparebit:
2393 823 2425 852 &

1428 862 1457 911 11·
1484 859 1632 896 historias
1655 881 1665 897 ,
1699 862 1729 891 ὅ(
1751 856 1951 892 diffeffiones
1975 858 2087 900 legeris
2109 883 2122 899 ,
2152 872 2230 901 quas
2252 863 2425 896 Commer-

1428 915 1516 938 ,cium
1542 903 1753 937 Litterarium
1775 905 1790 941 (
1813 902 1825 934 i
1846 904 1859 940 )
1884 904 2035 943 proponit
2056 914 2071 944 ;
2100 902 2194 938 facile
2225 905 2387 945 intelliges

1428 957 1547 990 quanta
1569 946 1643 980 inde
1666 945 1822 991 pernicies
1836 944 2044 978 interioribus
2055 947 2220 987 partibus,
2242 950 2273 981 o&
2295 930 2425 990 praefer:

1428 995 1489 1024 tim
1515 991 1664 1023 urinariis
1686 1011 1696 1026 ,
1728 991 1759 1021 &¹
1793 987 1887 1021 simul
1920 997 1955 1019 ut
1991 989 2076 1023 nulla
2109 990 2334 1031 calculorum,
2367 1002 2424 1026 aut

1427 1034 1541 1068 calculi
1564 1037 1578 1072 (
1601 1031 1634 1083 id
1663 1032 1751 1075 quod
1782 1031 1948 1064 urinarum
1981 1031 2152 1067 sedimenta
2187 1032 2423 1075 ostendissent)

1428 1077 1531 1112 erofio
1554 1076 1651 1111 fuerit
1676 1100 1683 1108 .
1718 1073 1820 1113 Quod
1851 1085 1926 1107 cum
1947 1071 2023 1109 dico
2047 1099 2055 1114 ,
2088 1077 2156 1109 noli
2178 1087 2311 1117 putare,
2334 1079 2425 1113 istam

1426 1122 1624 1155 calculorum
1660 1120 1723 1153 five
1755 1115 1933 1151 erosionem
1955 1139 1966 1155 ‚
1999 1118 2063 1152 five
2098 1119 2390 1164 desquamationem
2413 1145 2425 1161 ,

1427 1165 1449 1197 si
1481 1163 1692 1214 quoscunque
1724 1163 1862 1194 calculos
1886 1182 1895 1198 2
1928 1163 1960 1193 δί
1978 1172 2176 1206 quaecunque
2198 1164 2425 1208 lithontripti-

1425 1220 1461 1241 ca
1485 1219 1519 1242 in
1556 1205 1737 1240 universum
1771 1204 1947 1247 speetemus
1970 1229 1980 1243 ,
2014 1206 2135 1248 semper
2169 1207 2227 1243 effe
2263 1219 2421 1251 exoptan-

1424 1251 1498 1285 dam
1524 1274 1531 1282 .
1569 1252 1660 1283 Potes
1692 1249 1725 1282 id
1751 1273 1759 1287 ‚
1789 1257 1826 1281 ut
1858 1248 1937 1282 alios
1967 1259 2031 1282 non
2074 1250 2176 1285 verses
2216 1252 2348 1292 libros,
2381 1264 2420 1286 ex

1425 1294 1556 1328 laudato
1578 1292 1763 1327 commercio
1794 1290 1921 1324 noscere
1946 1315 1953 1323 .
1989 1293 2032 1325 Et
2067 1293 2125 1326 ubi
2156 1295 2245 1335 (k)
2277 1295 2426 1337 exempla

1424 1338 1649 1372 describuntur
1673 1361 1683 1375 ,
1713 1334 1927 1376 seetionesque
1971 1335 2207 1371 calculosorum
2250 1337 2391 1372 duorum
2416 1363 2426 1378 ‚

1425 1381 1635 1416 attendendus
1659 1378 1778 1421 prioris
1809 1379 1950 1412 calculus
1980 1378 2051 1412 hinc
2086 1380 2156 1414 inde
2188 1380 2252 1415 late
2283 1393 2319 1414 ac
2349 1392 2425 1425 pro-

1420 1423 1519 1471 funde
1540 1423 1676 1473 erosus;
1707 1424 1785 1457 dato
1817 1423 1902 1455 enim
1934 1422 2073 1465 quodam
2113 1423 2360 1468 lithontriptico
2384 1426 2426 1459 li-

1427 1479 1529 1512 quore
1563 1478 1617 1501 cui
1650 1465 1869 1501 verisimiliter
1892 1466 1926 1500 id
1962 1467 2190 1508 imputandum
2213 1490 2222 1506 ‚
2256 1469 2428 1504 exacerba-

1426 1522 1458 1545 ta
1501 1510 1629 1560 fuerant
1660 1512 1770 1558 omnia
1796 1531 1805 1547 ‚
1838 1512 1869 1542 &
1900 1507 1999 1543 vesica
2034 1510 2166 1551 quidem
2207 1521 2273 1544 non
2304 1511 2391 1546 erosa
2416 1537 2428 1553 ,

1425 1555 1475 1590 sed
1507 1565 1592 1589 circa
1624 1554 1790 1588 orificium
1822 1553 1885 1588 alte
1915 1551 2121 1588 inflammata
2142 1580 2153 1590 .
2194 1555 2291 1588 Alibi
2328 1560 2339 1595 (
2371 1555 2383 1588 l
2411 1559 2427 1596 )

1420 1606 1696 1643 commemoratur
1727 1609 1743 1630 a
1776 1596 1830 1630 Cl.
1863 1597 2008 1630 Goetzio
2052 1597 2139 1632 casus
2168 1597 2307 1632 Illustris
2349 1599 2427 1633 Viri

1421 1645 1477 1680 uui
1501 1640 1608 1675 nescio
1639 1651 1729 1682 quus
1754 1639 1885 1674 remedii
1910 1640 1966 1674 usu
1998 1640 2118 1681 largam
2149 1642 2280 1684 quidem
2315 1652 2426 1676 arenu-

1422 1686 1523 1723 larum
1547 1709 1570 1733 ‚·
1590 1684 1631 1716 &⁹
1649 1682 1940 1733 squarumularum,
1975 1684 2119 1717 corticem
2152 1684 2266 1718 calculi
2294 1685 2426 1719 contriti

1424 1727 1647 1771 referentzum,
1669 1736 1789 1769 coptam
1811 1737 1884 1760 cum
1909 1727 1993 1759 lotio
2025 1727 2157 1762 reddens
2171 1752 2179 1765 ,
2201 1729 2362 1763 cruciatus
2385 1728 2428 1762 fi-

1424 1773 1458 1806 bi
1482 1772 1560 1804 adeo
1584 1771 1673 1803 auxit
1689 1794 1698 1807 ‚
1724 1778 1760 1803 ut
1784 1770 1824 1803 ab
1847 1769 1933 1803 hisce
1966 1768 2131 1804 confeecus
2154 1770 2212 1804 fit.
2236 1772 2364 1805 Scilicet
2389 1772 2424 1804 in

1424 1824 1555 1851 mortuo
1579 1813 1717 1847 calculus
1740 1821 1882 1855 repertus
1905 1836 1915 1853 ,
1947 1813 2058 1845 cortice
2076 1812 2135 1854 suo
2161 1814 2275 1858 muscoso
2298 1817 2338 1849 &³-
2357 1815 2427 1857 gla-

1425 1859 1479 1892 bro
1502 1879 1512 1895 ,
1547 1859 1600 1899 qui
1622 1855 1725 1897 reficae
1747 1855 1899 1889 lateribus
1934 1855 2057 1897 impune
2094 1856 2273 1896 adjacuerat
2293 1882 2302 1896 ,
2337 1857 2428 1892 orba-

1426 1912 1512 1951 tus)
1545 1900 1661 1935 durior}
1686 1921 1695 1936 ‚
1727 1899 1871 1940 inaequali
1908 1899 1950 1931 &⁹
1971 1898 2078 1941 aspera
2094 1898 2153 1942 sua
2171 1899 2333 1943 supezficie
2359 1912 2425 1934 cer-

1422 1946 1486 1979 vict
1509 1942 1610 1991 vcfiqae
1633 1941 1787 1983 impastus
1811 1964 1822 1981 ,
1854 1942 1987 1975 lethales
2020 1941 2094 1974 illos
2127 1943 2251 1977 dolores
2298 1945 2427 1978 videtur

1423 1987 1595 2021 concivisse
1618 2008 1629 2025 ,
1663 1986 1719 2018 ubi
1752 1996 1863 2019 eorum
1897 1984 2074 2027 praesertim
2107 1997 2178 2028 quae
2203 1992 2294 2027 supra
2319 1988 2338 2030 (
2354 1999 2385 2021 m
2408 1989 2424 2026 )

1424 2032 1541 2073 scripta
1576 2028 1680 2068 sunt,
1719 2029 1825 2063 veniat
1860 2029 1893 2061 in
1925 2038 2095 2062 mentem.
2139 2031 2274 2064 Felicius
2319 2040 2427 2064 tamen

1424 2086 1521 2118 quam
1547 2084 1600 2114 per
1617 2071 1788 2121 „anglicum
1825 2070 1906 2105 illud
1943 2070 2226 2113 lithontripticum
2249 2095 2257 2109 ‚
2290 2074 2330 2107 ab
2361 2086 2429 2109 nou

1425 2129 1491 2153 uno
1524 2115 1716 2167 Dochffimo
1747 2117 1833 2148 inter
1864 2115 1990 2156 Anglos
2017 2116 2148 2149 Medico
2181 2117 2427 2158 improbatum,

1425 2164 1455 2195 ἃ
1480 2168 1673 2208 nominatim
1697 2172 1713 2192 a
1731 2158 1891 2208 'Mffiffdim
1914 2162 1928 2201 <
1952 2157 2006 2202 n)
2028 2159 2138 2193 cedere
2150 2159 2281 2202 hicipse
2293 2161 2429 2195 tradidit

1426 2216 1540 2246 aquam
1563 2209 1624 2236 rzte
1656 2202 1822 2237 calcznatzs
1854 2201 2014 2240 ostreorum
2047 2201 2219 2237 aliarumve
2244 2203 2428 2239 concharum

1426 2248 1512 2288 testis
1534 2246 1748 2283 medicatam,
1772 2256 1835 2288 qua
1859 2246 2057 2279 calculorum
2093 2257 2157 2279 non
2190 2246 2430 2282 duriffirnorum

1421 2289 1579 2338 frustula,
1601 2300 1681 2323 nunc
1703 2287 1900 2322 arenularum
1917 2315 1926 2329 ,
1948 2299 2027 2321 nunc
2050 2289 2230 2332 exiguarum
2252 2289 2429 2326 nucleorum

1431 2334 1524 2374 instar
1552 2331 1647 2384 fimul
1682 2342 1752 2367 cum
1784 2333 1875 2366 urina
1909 2330 2004 2373 ejecit'a
2031 2330 2109 2376 sunt
2131 2356 2139 2366 .
2172 2335 2223 2367 De
2258 2344 2337 2376 aqua
2371 2333 2431 2370 hac

1430 2378 1586 2411 Auctoris
1608 2375 1680 2410 Gel·
1708 2374 1849 2424 Roberti
1881 2375 2002 2416 Whytt
2034 2374 2306 2411 Dissertationem
2338 2388 2431 2417 com-

1431 2420 1560 2454 mendat
1584 2442 1592 2448 -
1626 2420 1857 2460 Experimenta
1879 2428 1985 2452 autern
2008 2418 2045 2453 ad
2069 2416 2135 2460 ejus
2159 2430 2304 2454 naturam
2337 2417 2433 2454 inda-

1431 2463 1567 2506 gandam
1590 2461 1783 2497 Helmstadii
1803 2462 1951 2497 instituta
1975 2484 1984 2499 ,
2020 2472 2076 2504 per
2098 2473 2170 2505 quae
2194 2463 2427 2497 alkalino-sul-

1428 2507 1581 2551 phuream
1614 2503 1673 2539 effe
1695 2528 1704 2542 ‚
1741 2507 1891 2548 apparuit
1917 2526 1925 2541 ,
1959 2506 1993 2538 in
2024 2506 2086 2538 alia
2118 2506 2351 2540 Differtatione
2384 2506 2432 2541 le-

1428 2562 1482 2593 ges
1504 2573 1514 2588 ,
1548 2559 1618 2592 quae
1641 2546 1775 2597 Praes‘ide
1795 2549 1847 2581 (31.
1873 2548 2022 2591 Krugero
2047 2550 2060 2587 <
2082 2559 2098 2580 o
2118 2549 2272 2587 >ibidem
2296 2550 2431 2592 vulgata

1430 2595 1497 2643 est..
1517 2595 1657 2628 Fuerunt
1681 2599 1780 2625 etiam
1791 2592 1848 2633 qui
1871 2602 1944 2624 cum
1969 2590 2113 2624 alkalicis
2125 2591 2213 2626 acida
2239 2592 2430 2633 miscerent,

1430 2640 1463 2672 &
1487 2648 1520 2669 in
1544 2636 1715 2671 humorem
1741 2632 1782 2667 fic
1804 2632 2060 2668 effervescentem
2099 2634 2262 2678 conjeetos
2294 2637 2433 2674 calculos

1431 2691 1485 2714 aut
1509 2681 1657 2722 penitus,
1681 2686 1736 2725 aut
1758 2677 1977 2719 quadantenus
2000 2676 2104 2714 solvi,
2126 2678 2398 2722 deprehenderent
2423 2705 2433 2722 ‚

1430 2723 1645 2768 quamobrem
1668 2720 1823 2763 ejusmodi
1856 2719 2031 2755 ferventem
2055 2720 2227 2756 humorem
2249 2724 2284 2755 in
2316 2716 2433 2760 canum

1430 2766 1564 2801 vesicam
1587 2767 1785 2806 injecerunt,
1808 2766 1840 2796 &
1863 2774 2018 2807 quatenus
2040 2763 2108 2798 haec
2136 2765 2218 2800 ferre
2241 2766 2334 2801 illum
2360 2768 2435 2811 pos.

1430 2810 1478 2844 set
1499 2833 1513 2851 ‚
1548 2809 1778 2852 explorarunt.
1804 2807 1863 2841 Sed
1887 2816 1923 2841 ut
1949 2807 2020 2843 sana
2042 2808 2197 2842 toleraret
2210 2808 2331 2848 vesica5
2354 2823 2434 2846 num

1430 2867 1448 2890 a
1470 2854 1598 2888 calculis
1617 2863 1746 2895 quoque
1769 2851 1923 2890 irritata,
1946 2854 1978 2886 δι’
2001 2851 2181 2886 exulcerata
2207 2857 2217 2885 ?
2252 2853 2332 2888 Non
2365 2866 2436 2889 cer-

1431 2907 1488 2936 te3
1511 2896 1639 2940 quando
1659 2896 1692 2927 in
1717 2895 1894 2930 exulcerata
1918 2895 2041 2928 malum
2065 2897 2173 2938 augeri
2198 2909 2214 2930 a
2238 2898 2345 2940 priore
2380 2910 2435 2932 an-

1433 2941 1520 2984 glico
1555 2940 1613 2974 illo
1647 2939 1788 2973 remedio
1812 2959 1822 2974 ,
1853 2940 2001 2980 quamvis
2025 2949 2091 2971 non
2122 2937 2266 2974 fervente
2287 2963 2298 2979 ‚
2330 2944 2363 2975 &
2395 2942 2435 2975 ab

1435 2986 1534 3020 urinae
1564 2994 1703 3026 quacum
1735 2981 1774 3014 ad
1807 2979 1940 3015 vesicam
1983 2980 2182 3021 descendit,
2218 2987 2311 3027 copia
2347 2984 2435 3020 dilu-

1433 3038 1490 3069 to,
1516 3025 1670 3060 Morandi
1715 3025 1940 3065 experimentis
1964 3027 1978 3064 (
2008 3036 2030 3066 p
2063 3030 2305 3068 >compertum
2352 3030 2398 3063 est
2423 3054 2433 3064 .

1566 3070 1624 3104 Sed
1656 3067 1694 3103 ad
1717 3068 1856 3104 calculos
1886 3090 1895 3105 ‚
1940 3069 2059 3104 acubus
2102 3068 2311 3107 increscentes
2337 3065 2357 3111 ‚'
2386 3077 2437 3107 re-

1437 3124 1602 3149 vertamur
1618 3138 1625 3146 .

1443 3202 1449 3208 ,
1483 3169 1532 3191 20.
1567 3155 1755 3207 EUEbLA
1787 3155 1933 3196 Agrestis
1966 3158 2078 3192 eadem
2111 3155 2212 3191 ferme
2247 3170 2309 3201 qua
2347 3160 2437 3201 prior

1440 3202 1495 3236 111a
1520 3214 1536 3235 a
1560 3200 1652 3234 nobis
1673 3210 1706 3234 m
1731 3196 1999 3249 {ephemeridibus
2023 3204 2037 3241 (
2059 3212 2078 3243 q
2101 3202 2111 3239 )
2143 3201 2300 3243 descripta
2322 3225 2331 3242 ,
2363 3212 2438 3236 aeta-

1441 3254 1507 3285 te;
1551 3253 1670 3277 annum
1702 3252 1790 3276 emm
1822 3253 1916 3283 agens
1948 3254 2101 3285 quartum
2145 3245 2305 3279 decimum
2350 3257 2437 3279 mor-

1440 3297 1496 3338 tu?
1538 3287 1615 3323 est;
1656 3297 1730 3335 cum
1775 3293 1846 3318 ante
1890 3287 2008 3321 menses
2032 3287 2194 3322 sexdecim
2228 3290 2314 3323 idem
2348 3288 2437 3330 quod

1439 3342 1528 3375 prior
1557 3356 1566 3371 ,
1600 3329 1760 3372 fae-ritaret
1784 3350 1795 3367 ,
1829 3328 1913 3364 idem
1946 3334 2064 3367 merito
2108 3330 2192 3373 passa
2249 3333 2294 3366 est
2335 3329 2438 3364 infor-

2249 3385 2395 3410 tunium.

541 3540 636 3566 Differt.
653 3539 682 3562 de
697 3535 796 3562 Medico
815 3533 888 3558 nimis
903 3533 958 3557 tim.
976 3539 1000 3555 n.
1018 3529 1055 3556 3⁶·

510 3542 525 3602 ζ
542 3572 603 3597 lbid.
620 3569 677 3598 Obs.
699 3575 722 3601 ¹1
736 3567 756 3596 §.
776 3573 797 3590 1.
813 3567 836 3594 δι
851 3564 910 3588 sest.
927 3571 963 3590 24·
981 3558 1039 3584 Obs.
1058 3567 1096 3585 ιο.
1115 3559 1137 3592 §.
1156 3565 1177 3588 3.

510 3603 520 3634 )
539 3605 677 3627 Commere.
695 3600 782 3623 Lmer.
800 3597 829 3619 A.
848 3602 914 3624 1745.
935 3593 1014 3619 Hebes.
1031 3598 1071 3618 40.
1088 3598 1111 3614 n.
1129 3598 1150 3614 ².

504 3635 518 3662 )
535 3635 612 3657 Mem.
631 3631 659 3658 ἃς
675 3628 692 3654 1⁷
708 3628 782 3653 Acad.
800 3629 830 3651 R.
846 3626 886 3651 des
904 3626 943 3650 Sc,
961 3625 993 3648 A.
1010 3628 1080 3656 ¹7⁴⁰·

519 3662 637 3722 3Quaest.
660 3661 688 3684 de
710 3659 747 3683 his
768 3656 833 3682 edita
857 3663 885 3681 n.
905 3663 928 3683 4.
990 3651 999 3683 (
1019 3659 1028 3674 ι
1051 3652 1064 3680 )

515 3724 528 3750 )

512 3753 524 3782 )

872 3685 905 3714 (l
922 3685 932 3714 )
948 3684 1063 3716 A-,17³¹·
1082 3680 1158 3706 Hebd.
1174 3690 1211 3711 ²3·

545 3694 574 3716 A.
592 3699 656 3721 ¹733·
674 3689 751 3715 Hebd.
769 3695 805 3713 21-

542 3752 597 3778 Vrd.
615 3752 681 3779 supra
697 3750 725 3773 ad
741 3748 839 3773 'mitium
854 3752 876 3770 n.
895 3753 931 3774 19.

1117 3528 1125 3556 (
1142 3536 1156 3551 x
1172 3527 1186 3556 )
1204 3525 1264 3553 Sest.
1282 3532 1319 3553 23.
1337 3523 1394 3548 Obs.
1412 3523 1477 3557 7.·§.
1493 3531 1514 3553 ς.

1239 3558 1254 3586 (
1267 3564 1282 3580 a
1298 3556 1311 3584 )
1327 3555 1489 3587 Jatrologusm.
1509 3555 1576 3578 Pent.
1594 3563 1617 3577 2.
1635 3553 1693 3578 Obs.
1711 3562 1747 3584 3⁴-

1213 3591 1221 3618 (
1237 3588 1253 3612 d
1270 3591 1280 3612 )
1298 3587 1447 3614 sepulchret.
1464 3584 1524 3611 Seft.
1541 3583 1582 3610 cit.
1600 3592 1636 3613 23·
1654 3584 1714 3608 Obs.
1732 3591 1755 3608 2.
1775 3583 1797 3613 §.

1141 3622 1155 3650 (
1168 3620 1209 3650 f)
1225 3621 1296 3646 Prax.
1315 3616 1383 3640 Med.
1399 3616 1416 3642 l.
1437 3623 1455 3640 ι.
1473 3623 1495 3639 ε,
1515 3624 1551 3644 55.
1572 3623 1587 3638 n
1617 3623 1654 3644 50.

1088 3652 1117 3674 Α.
1144 3659 1211 3680 ¹740·
1234 3647 1312 3673 Hebd.
1339 3655 1380 3675 4¹·
1413 3654 1439 3669 n.
1466 3654 1486 3669 ².
1512 3646 1534 3668 ἃ
1558 3648 1588 3670 Α.

1275 3682 1285 3703 (
1302 3686 1325 3702 m
1344 3699 1346 3701 .
1367 3685 1391 3700 n.
1408 3680 1446 3702 16.

554 3722 644 3745 Differ-t.
667 3728 715 3749 qua.
737 3717 880 3742 exhibentur
902 3717 1024 3744 Experim.
1046 3719 1103 3737 eum
1125 3720 1186 3743 aqua
1211 3709 1387 3737 ostracoderm.
1412 3706 1519 3732 instituta
1534 3723 1541 3730 .

1576 3523 1615 3554 (y
1631 3523 1645 3553 >
1662 3521 1721 3547 lbid.
1739 3521 1797 3547 Obs.
1814 3530 1834 3546 ².
1853 3523 1878 3552 §.
1895 3531 1920 3551 4.

1810 3554 1823 3582 (
1838 3553 1852 3577 b
1867 3554 1881 3582 )
1898 3555 1967 3578 cent.
1985 3562 2010 3584 4.
2026 3552 2099 3582 Epist.
2117 3552 2212 3578 Medic⁴
2231 3559 2296 3583 ισο.Χ

1717 3615 1731 3643 (
1744 3623 1761 3643 g
1780 3615 1793 3642 >
1810 3593 1914 3641 giaelest.
1931 3614 1959 3638 ad
1980 3613 2057 3639 lnstit.
2073 3614 2093 3644 §.
2111 3622 2165 3644 79}-

1624 3654 1685 3673 ¹745·
1715 3645 1795 3669 Hebd.
1823 3653 1843 3674 3.
1875 3654 1899 3669 n.
1931 3653 1951 3669 ιι.

1507 3677 1522 3705 (
1537 3684 1554 3701 η
1569 3676 1583 3707 )
1599 3676 1691 3701 Monit.
1711 3675 1801 3698 Medic.
1819 3683 1837 3697 c.
1857 3682 1895 3699 10.
1914 3674 1938 3698 in
1956 3674 1999 3699 fin.

1603 3707 1617 3735 (
1631 3713 1647 3736 p
1665 3706 1678 3734 )
1704 3706 1783 3729 Mem.
1807 3705 1852 3729 cit.
