2498 4075
429 158 494 215 34
1014 138 1173 190 Liber
1208 144 1242 189 Ι.
1280 135 1366 189 De

365 231 437 263 quae
460 220 660 263 caeteroquin
687 216 868 251 albicabant
881 241 893 258 ,
914 224 951 251 ut
973 213 1097 256 solent,
1120 215 1228 249 multo
1261 215 1363 258 magis

362 275 461 307 quam
485 265 628 304 soleant,
650 261 862 296 connivebant
876 286 883 292 .

409 320 460 351 27.
487 310 524 340 In
548 307 687 350 agricola
710 305 792 344 hoc,
815 315 878 337 11011
899 303 984 336 secus
1008 303 1146 346 atquein
1160 301 1365 335 Salsamenta-

360 352 412 384 rio
430 374 442 391 ,
466 350 604 384 fluidum
625 350 742 392 ubique
767 348 948 389 sanguinem
970 343 1082 384 fuisse,
1103 344 1192 379 vides
1211 368 1224 384 ,
1262 354 1297 379 ut
1329 346 1363 377 in

361 403 500 436 Utroque
524 396 644 436 pariter
665 403 738 427 cum
760 400 889 425 tumore
911 388 950 422 ad
971 388 1130 423 orislatus
1141 389 1258 422 oborto
1270 400 1365 431 quam

359 436 453 470 facile
476 436 505 471 se
526 436 730 481 conjunxerit
755 433 901 467 lentioris
926 431 983 465 seri
998 432 1194 465 colleffifioin
1206 431 1364 465 cellulosis

362 480 556 514 membranis
578 492 648 524 quae
671 479 810 513 exterius
834 477 1021 518 laryngem,
1045 476 1229 519 vicinasque
1259 485 1364 517 partes

358 523 559 558 convestiunt
571 549 578 556 .
605 523 662 557 Ob
674 533 743 556 eam
754 520 978 555 collectionem
991 521 1074 552 circa
1087 520 1251 562 laryngem
1264 517 1364 560 suspi-

358 569 413 601 cio
437 568 580 609 primum
602 576 675 600 nata
698 564 739 598 est
763 589 774 604 ,
806 562 994 605 Agricolam
1031 561 1218 596 suffocatum
1251 560 1363 595 obiisse

356 611 530 655 praesertim
553 612 636 643 inter
659 608 851 642 bibendum.
879 605 939 639 Sed
964 606 1046 640 nulli
1069 607 1103 638 in
1129 606 1286 639 moriente
1305 616 1374 637 co-'

354 664 447 688 natus
470 652 675 689 animadversi
702 651 739 685 ad
763 650 1026 693 respirationem,
1049 648 1070 681 fi
1094 661 1154 691 qua
1167 648 1356 691 posset‚ex-

355 696 566 741 pediendam,
588 698 746 730 continuo
770 694 982 736 suspicionem
1006 692 1085 725 hanc
1110 691 1274 726 sustulere.
1289 693 1355 725 Re-

305 745 307 747 ’
354 743 481 784 liquum
504 742 608 783 igitur
632 739 719 778 suit,
743 748 778 773 ut
802 737 962 769 crederem
987 736 1096 777 potius
1118 761 1127 775 ,
1161 745 1285 777 repente
1317 746 1355 767 ex

351 783 560 818 convulsione
583 783 818 826 apoplecticum
842 780 964 813 faCtum
987 776 1109 820 periisse
1133 803 1142 811 .
1177 777 1356 811 Convulsio

352 838 458 864 autem
480 838 554 861 cum
576 829 609 859 in
633 825 713 859 labri
739 824 932 866 superioris,
954 831 1026 855 tum
1049 823 1189 855 maxime
1221 823 1255 854 in
1290 833 1358 854 ma..

350 872 438 906 xillae
461 869 625 903 inferioris
649 868 800 902 musculis
823 865 1010 906 manifesta,
1034 865 1166 899 latentis
1188 864 1276 899 illius
1288 877 1357 909 quae

349 916 434 947 intra
456 914 602 947 cranium
625 911 748 952 fuerit,
772 909 929 943 indicium
952 908 994 942 est
1010 934 1017 941 .
1032 909 1103 941 Nec
1127 911 1246 943 mirum
1264 933 1277 950 ,
1291 918 1358 941 tarn

349 960 422 991 cito
445 956 587 990 occisum
612 956 777 990 hominem
802 952 1020 988 flaccidiffimo
1032 951 1150 994 corde,
1172 952 1291 986 cerebri
1303 964 1358 985 au-

348 1011 416 1034 tem
440 999 612 1035 substantia
636 1010 703 1033 tam
726 1000 795 1032 laxa
810 1023 819 1037 ,
842 1008 939 1040 quam
964 1006 1052 1029 antea
1075 995 1182 1040 stupor
1214 995 1358 1029 ostende-

344 1045 402 1079 bat
426 1054 488 1077 non
512 1044 677 1078 sentientis
700 1042 832 1076 vesicam
857 1041 942 1074 lotio
966 1040 1114 1081 plenam,
1140 1051 1239 1084 neque
1258 1041 1360 1073 Ileum

347 1089 587 1128 exulceratum,
611 1099 711 1131 neque
735 1086 927 1129 gingivam,
961 1086 994 1116 &
1028 1084 1170 1124 palatum
1200 1082 1356 1125 descripta

346 1130 515 1177 parulide,
539 1143 637 1174 neque
658 1131 783 1167 mulae,
811 1138 902 1171 atque
926 1126 1004 1161 adeo
1027 1127 1171 1170 laryngis
1183 1127 1354 1160 exteriores

347 1175 544 1208 membranas
567 1175 646 1208 lenti
672 1175 728 1207 seri
757 1171 960 1215 congestione
983 1180 1178 1213 occupatas,
1201 1171 1236 1202 in
1268 1181 1354 1203 mor·

343 1228 403 1252 tuo
426 1228 530 1252 autem
551 1220 668 1251 cerebri
694 1217 759 1260 ipsa
783 1215 1024 1255 contrectatio,
1048 1224 1141 1257 atque
1162 1212 1276 1246 incisio
1297 1213 1352 1246 de-

347 1261 584 1295 monstrarunt.
612 1264 713 1294 Porro
738 1260 775 1294 ad
797 1257 1033 1293 convulsionem
1057 1257 1255 1291 inferendam
1287 1267 1351 1290 non

344 1305 482 1339 multam
506 1304 575 1338 sane
599 1316 687 1349 aquae
711 1305 839 1347 copiam
863 1301 991 1336 valuisse
1007 1325 1020 1343 ,
1055 1308 1119 1335 non
1152 1301 1315 1335 miraberis
1338 1303 1351 1340 ‚⁴

341 1351 399 1392 qui
423 1350 469 1381 vel
496 1360 632 1391 paucas,
657 1348 757 1382 modo
781 1347 887 1386 acris3
909 1345 1057 1379 humoris
1079 1354 1187 1388 guttas
1210 1347 1243 1377 in
1253 1355 1351 1376 nervo

343 1394 455 1435 aliquo
477 1390 655 1425 restitantes
679 1402 806 1435 magnas
831 1390 908 1424 scias
939 1388 1147 1425 distentiones
1180 1398 1352 1422 nervorum

342 1435 487 1469 efficere:
514 1442 579 1469 non
603 1445 705 1468 acrem
728 1446 804 1467 vero
827 1434 919 1467 istam
941 1444 1058 1477 aquam
1081 1444 1145 1466 non
1169 1430 1260 1475 poffis
1283 1431 1352 1463 exi-

339 1479 466 1514 stimate
488 1489 558 1523 quae
582 1490 622 1513 ex
643 1477 835 1522 ejuscemodi
858 1476 944 1511 febre
964 1480 999 1511 in
1020 1477 1201 1515 cerebrum,
1226 1472 1353 1518 ejusque

345 1523 565 1563 membranas,
591 1524 711 1566 quippe
734 1523 769 1555 in
793 1530 919 1563 partes,
943 1530 979 1554 ut
1002 1521 1036 1553 in
1060 1518 1259 1556 eonomine,
1283 1529 1351 1551 ma-

341 1568 430 1601 xime
453 1565 617 1605 infirmas,
641 1575 766 1608 repente
789 1564 993 1598 incubuerit.
1018 1563 1119 1605 Qod
1141 1562 1164 1596 s1
1188 1561 1296 1601 mihi,
1312 1570 1349 1594 ut

341 1608 519 1653 aliquando
543 1609 700 1643 Valsalvae
717 1632 729 1649 ,
752 1608 864 1651 praesto
886 1606 994 1641 fuisset
1019 1609 1076 1650 qui
1099 1615 1227 1647 certos,
1251 1607 1284 1638 in
1296 1616 1349 1637 ca-

339 1654 507 1687 daveribus
532 1651 761 1696 deprehensos,
785 1651 937 1685 humores
959 1650 1051 1694 gustu
1074 1650 1272 1693 exploraret,
1297 1656 1351 1682 aut

338 1697 362 1731 si
385 1699 470 1729 inter
492 1695 711 1730 dissecandum
737 1694 877 1729 subiisset
902 1695 1044 1728 animum
1067 1695 1228 1736 cogitatio
1250 1693 1351 1725 ratio-

339 1753 379 1774 ne
404 1741 465 1773 alia
489 1741 619 1783 aliqua,
642 1742 674 1773 86
699 1737 829 1772 fortasse
853 1749 917 1771 non
942 1738 1068 1780 prorsus
1091 1738 1235 1777 incerta,
1267 1735 1352 1769 idem

336 1782 552 1828 inquirendi,
576 1782 656 1826 quid
679 1781 763 1816 mihi
786 1781 824 1816 de
848 1781 910 1815 hoc
932 1793 1059 1825 quoque
1080 1790 1281 1823 compertum
1305 1778 1352 1812 es-

337 1828 404 1867 set,
428 1837 534 1862 tecum
559 1827 751 1870 perlibenter
783 1826 1053 1859 communicarem
1077 1850 1083 1854 .
1119 1826 1220 1859 Nunc
1253 1823 1351 1857 hilari

342 1872 453 1904 animo
477 1882 547 1914 quae
572 1868 696 1914 possum
720 1871 850 1911 accipe.-
876 1878 929 1902 aut
952 1868 1083 1911 quando
1105 1879 1169 1902 non
1193 1867 1293 1902 modo
1317 1867 1351 1899 in

337 1915 388 1950 his
411 1915 563 1955 duobus,
589 1914 637 1947 scd
662 1915 695 1946 in
720 1912 865 1956 pluribus
889 1914 985 1947 etiam
1006 1912 1077 1945 aliis
1101 1923 1139 1944 ex
1162 1912 1203 1945 iis
1218 1910 1353 1953 apople-

334 1960 429 1993 &icis
455 1970 536 2001 quos
561 1957 706 2000 Epistola
730 1956 790 1990 hac
811 1955 958 1999 descripsi
983 1959 1021 1995 (o
1036 1959 1073 1996 ),
1097 1953 1214 1990 fluidus
1226 1954 1351 1996 sanguis

339 2005 489 2038 inventus
513 2001 577 2040 est3
601 2001 692 2038 vide,
719 2011 756 2033 an
773 2000 850 2033 hinc
863 2000 925 2033 tibi
940 1997 1174 2033 cumLancifio
1197 2002 1262 2040 (p)
1282 1997 1351 2040 pla-

337 2057 407 2081 ceat
433 2047 580 2085 acrium,
601 2048 635 2078 &
660 2045 861 2077 irritantium
886 2043 1023 2084 salium,
1045 2044 1079 2075 in
1090 2040 1281 2085 quibusdam
1292 2040 1349 2074 sal-

338 2102 403 2125 tem
428 2090 584 2128 illorum,
608 2089 697 2125 vim,
720 2090 753 2120 ἃ
778 2086 1023 2120 redundantiam
1044 2084 1234 2126 agnoscere.

383 2134 434 2166 28.
462 2132 653 2165 MULIER
675 2130 900 2173 sexagenaria,
924 2130 1043 2163 multos
1064 2125 1133 2171 jam
1157 2128 1352 2162 annoslesto

346 2177 437 2210 affixa
462 2175 505 2208 ob
528 2174 751 2208 musculorum
773 2173 1029 2207 contraffionem
1066 2181 1152 2205 artus
1182 2171 1350 2206 inferiores

346 2220 545 2254 moventium
560 2244 569 2258 ‚
594 2226 707 2252 caetera
732 2216 772 2250 fic
797 2216 871 2250 satis
896 2217 1028 2256 valens,
1051 2226 1088 2249 ut
1111 2223 1195 2248 certe
1206 2214 1349 2258 superio-

341 2265 430 2298 ribus
454 2262 627 2306 praesertim
652 2261 786 2300 diebus,
808 2271 882 2294 cum
906 2260 1072 2302 aliquanto
1094 2259 1289 2302 pluraquam
1302 2258 1350 2291 so-

341 2310 421 2342 leret
436 2331 448 2346 ,
472 2304 606 2342 edisset3
629 2303 667 2337 de
689 2303 871 2346 improviso
893 2303 1005 2337 oculos
1029 2311 1163 2345 torquet
1186 2326 1195 2341 ,
1225 2301 1349 2335 statim-

346 2363 408 2394 que
432 2349 591 2383 moritur.
723 2347 952 2386 VENTRE,
975 2345 1126 2379 Thorace
1144 2369 1157 2385 ,
1179 2346 1303 2378 Cranio
1332 2357 1349 2378 a

344 2404 396 2430 me
420 2391 614 2437 perlustratis
638 2392 670 2423 in
696 2387 893 2422 Bononiensi
927 2388 1163 2422 Incurabilrum
1193 2386 1348 2420 Nosoco-

345 2440 440 2477 mio,
463 2447 570 2476 anne,
592 2444 628 2468 ut
651 2435 791 2474 opinor,
818 2443 909 2475 1704.
936 2430 1022 2465 nihil
1047 2433 1081 2463 in
1104 2429 1284 2473 fingulisiis
1296 2442 1350 2463 ca-

346 2483 413 2514 veis
436 2478 525 2524 quod
551 2476 735 2512 morbidum
759 2474 863 2509 videri
888 2474 1011 2518 posset,
1035 2475 1267 2516 animadverti,
1290 2473 1348 2507 nisi

344 2535 482 2569 aquarn,
505 2533 639 2564 eamque
663 2532 727 2553 non
751 2519 907 2565 multam’.

390 2581 442 2608 29·
472 2567 671 2609 Qanquam
696 2565 730 2597 in
755 2561 958 2596 contorsione
981 2562 1036 2595 illa
1047 2562 1217 2606 oculorum
1229 2559 1354 2603 signum

346 2609 566 2645 convulsionis
590 2608 675 2642 haud
699 2605 826 2644 defuit3
850 2615 989 2638 attamen
1014 2604 1036 2638 fi
1068 2604 1122 2638 hic
1154 2605 1358 2647 compreslio-

349 2666 422 2688 nem
447 2653 562 2693 malis,
589 2661 643 2685 aut
667 2660 740 2684 cum
764 2647 970 2682 convulsione
994 2647 1358 2690 simulcompreffionem

347 2696 541 2740 agnoscere5
566 2706 621 2737 per
647 2706 698 2727 me
721 2692 854 2736 quidem
876 2692 971 2725 licet.
996 2691 1054 2725 Sed
1078 2691 1205 2726 fortasse
1229 2690 1304 2733 hic,
1326 2695 1359 2725 δε

349 2741 490 2784 superius
512 2750 643 2783 quoque
676 2736 898 2776 dubitaveris,
924 2747 1002 2769 num
1036 2735 1119 2769 reete
1151 2734 1268 2769 faciam
1301 2736 1358 2778 qui

350 2783 575 2826 compreffioni
600 2782 639 2815 ab
663 2792 742 2824 aqua
757 2804 768 2821 ,
792 2780 970 2822 praesertim
993 2790 1090 2822 pauca
1106 2801 1115 2816 ,
1138 2788 1264 2812 tantum
1297 2780 1359 2811 tri-

351 2829 470 2861 buam.
497 2827 586 2859 Nam
610 2826 754 2866 primum
778 2824 909 2856 minime
935 2824 1086 2865 ignoras,
1107 2822 1164 2857 effe
1174 2824 1275 2865 quiin
1286 2833 1360 2855 ven-

349 2871 479 2906 triculis
503 2867 619 2901 cerebri
645 2867 789 2909 semper,
814 2877 915 2908 eoque
941 2865 1361 2903 secundumnaturam‚sta-

352 2924 447 2948 tuant
471 2912 652 2956 pauxillum
677 2922 783 2953 aquae.
808 2909 921 2942 deinde
946 2908 1026 2943 hanc
1049 2909 1138 2944 vides
1159 2934 1168 2949 ‚
1204 2909 1363 2953 copiosio-

352 2969 420 2992 rem
441 2965 528 2990 certe
542 2978 554 2995 ,
578 2966 672 2998 quam
697 2956 729 2987 in
755 2950 1133 2995 hydrocephalointerno
1143 2952 1199 2987 esse
1211 2964 1274 2986 non
1289 2951 1364 2995 pos-

352 3003 405 3042 se,
429 3003 461 3034 &
486 3009 592 3032 tamen
618 2998 783 3032 Vesalium
808 3000 872 3039 (q)
893 2998 948 3038 qui
973 2998 1005 3029 in
1031 2997 1134 3040 puella
1158 2997 1265 3030 bienni
1288 3019 1299 3036 ,
1325 3008 1364 3029 eo

352 3044 467 3080 morbo
489 3041 603 3076 affee‘ta
617 3068 626 3082 ,
652 3051 759 3074 novem
777 3037 947 3083 fereaquae
958 3039 1057 3075 lily-ras
1071 3043 1194 3074 invenit
1217 3039 1364 3081 ,testar-i,

355 3090 447 3122 illam
457 3088 496 3120 ad
507 3093 639 3120 mortem
651 3082 888 3128 usquesenfibus
902 3083 1046 3117 omnibus
1060 3085 1177 3128 integre
1188 3084 1242 3129 effe
1255 3081 1341 3125 usam
1353 3108 1364 3123 ,

302 3161 303 3165 ,
354 3133 396 3166 &
419 3131 502 3164 laxis
524 3128 659 3173 quidem
675 3151 687 3168 ,
710 3126 925 3170 infirmisque,
942 3126 997 3169 sed
1019 3138 1078 3160 non
1101 3127 1246 3170 resolutis
1271 3125 1367 3173 fuiſje

355 3173 500 3209 articulis
514 3186 521 3206 :
547 3173 585 3205 ad
598 3171 665 3205 haec
675 3195 689 3212 ,
712 3180 854 3204 tumores
866 3172 950 3202 intra
962 3171 1108 3204 cranium
1121 3174 1266 3204 inventos
1279 3170 1334 3205 esse
1344 3193 1357 3210 ,

354 3228 437 3261 quos
460 3216 546 3248 nulla
570 3215 738 3249 consecuta
750 3223 815 3247 erat
827 3213 1067 3255 apoplexia,ex
1078 3215 1154 3248 bene
1164 3215 1294 3252 multis,
1309 3215 1358 3246 vel

357 3264 391 3296 in
405 3257 613 3302 Sepulchreto
635 3259 765 3298 obviis,
788 3256 1028 3290 diffeffionibus
1043 3280 1052 3295 ‚
1075 3259 1222 3301 praeclare
1254 3257 1334 3291 nosti
1350 3284 1357 3290 .

492 3304 641 3341 Verum3
664 3312 700 3335 ut
725 3301 764 3334 ab
787 3299 874 3334 hisce
897 3301 1022 3334 ultimis
1045 3303 1236 3345 incipiamus
1258 3313 1269 3340 5
1292 3300 1358 3344 ipse

355 3359 482 3391 quoque
508 3346 589 3379 olim
614 3348 648 3378 in
670 3344 870 3378 Adversariis
893 3347 957 3383 (r)
980 3344 1129 3378 adnotavi
1153 3345 1360 3387 conspertum

359 3391 441 3425 mihi
465 3393 499 3424 in
522 3390 628 3423 tribus
649 3390 749 3421 cranii
774 3388 888 3421 offibus
911 3399 1000 3420 novae
1020 3387 1108 3422 osseae
1122 3388 1299 3422 substantiae
1311 3399 1363 3420 ac-

358 3436 521 3468 ceffionem
535 3456 544 3471 ‚
567 3441 605 3466 ex
627 3442 689 3475 qua
702 3432 840 3465 multum
850 3431 904 3464 illa
918 3431 1088 3465 introrsum
1100 3431 1346 3476 protuberabant
1357 3456 1368 3472 ,

362 3479 584 3519 cerebrumque
605 3475 885 3518 comprimebant,
908 3484 1007 3516 neque
1030 3485 1135 3510 tamen
1158 3477 1196 3509 ab
1208 3475 1265 3509 hac
1279 3486 1369 3508 com-

366 3521 514 3562 preffione
525 3520 629 3552 ullum
643 3518 791 3552 morbum
804 3542 816 3558 ,
839 3518 955 3551 nedum
968 3520 1170 3561 apoplexiam
1185 3543 1193 3558 ‚
1218 3518 1366 3552 effectum

362 3561 471 3599 fuisse.
496 3563 542 3595 At
568 3561 660 3595 simul
685 3562 864 3603 admonui,
887 3561 1033 3603 idcirco,
1057 3575 1072 3595 a
1096 3575 1145 3597 me
1169 3562 1278 3603 credi,
1302 3572 1365 3595 non

1413 210 1471 245 esse
1494 210 1642 245 effeetum
1656 237 1665 252 ‚
1688 209 1854 254 quod'illa
1877 206 2062 253 compressio
2084 205 2240 249 paulatim
2253 204 2336 239 faeta
2347 226 2360 244 ,
2384 204 2417 237 ὃ(

1414 256 1505 289 arista
1528 254 1651 289 fuerat:
1679 256 1774 297 idque
1797 254 1900 288 adhuc
1922 252 2018 286 credo
2030 274 2043 292 ,
2065 252 2099 282 ἃ
2114 259 2152 283 -te
2172 248 2419 292 quoquecreu'i-

1416 308 1524 333 turum
1548 298 1722 340 existimo;
1744 299 1909 331 innumera
1931 297 2016 331 enim
2025 294 2271 335 exemplam-nt,
2295 305 2332 325 ex
2343 293 2418 335 qui-

1416 343 1475 377 bus
1497 342 1719 385 intelligatur,
1742 350 1779 375 ut
1800 342 1835 375 in
1857 341 2078 378 detractione,
2101 336 2143 370 fic
2166 338 2201 370 in
2224 335 2386 370 additione
2403 360 2417 377 ‚

1415 385 1439 420 fi
1462 387 1640 429 paulatim,
1662 388 1694 418 &
1716 395 1770 427 per
1793 395 1894 428 partes
1906 382 1979 422 fiat,
2005 381 2192 416 animalium
2203 390 2334 426 corpora
2345 380 2418 413 nnl-

1414 431 1469 470 lo,
1494 439 1547 462 aut
1571 430 1633 463 levi
1644 429 1894 462 detrimentovel
1907 437 2054 471 magnam
2064 424 2167 458 ferre:
2192 432 2223 456 at
2234 423 2256 455 11
2269 433 2417 466 repente,

1415 483 1449 506 ac
1473 471 1587 513 fimul,
1610 483 1647 505 ne
1672 471 1776 506 multo
1798 473 1954 504 minorem
1978 469 2109 514 quidem
2131 468 2200 501 ullo
2209 466 2415 509 paenorum.

1415 515 1517 557 Qod
1539 527 1615 549 vero
1638 514 1674 548 de
1698 516 1880 549 tumoribus
1902 510 2153 556 ejusdemmodi,
2178 512 2264 544 idern
2286 509 2323 556 de
2356 509 2418 552 hy-

1413 558 1611 602 droccplialo
1635 569 1765 602 quoque
1787 558 1911 592 dictum
1935 568 2035 600 puta:
2059 555 2170 590 sensim
2194 555 2278 588 enim
2289 554 2355 586 heri
2367 554 2418 586 so-

1415 605 1528 644 litvm,
1552 614 1615 636 non
1639 604 1789 645 ignoras,
1814 601 1918 644 ficque
1941 601 2032 634 istam
2057 625 2066 640 ‚
2098 598 2137 633 de
2170 610 2232 642 qua
2269 597 2416 630 Vesanus

1409 655 1539 687 narrat,
1562 658 1649 688 aquae
1673 646 1804 688 copiam
1827 646 1858 678 in
1882 644 2034 687 mensib-us
2054 642 2090 685 pl
2113 654 2129 674 s
2162 652 2268 675 minus
2294 643 2417 682 septem

1405 690 1573 724 collectam
1594 688 1670 727 ess'e5
1694 700 1731 721 ne
1754 687 1832 732 quid
1854 688 1960 721 dicam
1982 687 2019 721 de
2035 653 2241 725 cedsntibus,
2264 681 2418 717 cumhaec

1406 732 1644 777 hydrocephali
1669 732 1783 775 species
1805 732 1950 773 incipit,
1971 732 2073 763 cranii
2096 730 2233 763 offibus.
2250 727 2414 761 Postremo

1412 788 1444 812 ut
1468 776 1618 811 humidos
1642 774 1813 808 secundum
1838 784 1983 808 naturam
2005 773 2125 807 cerebri
2149 772 2346 805 ventriculos
2357 768 2418 803 effe

1409 822 1511 855 fateor
1528 833 1538 860 3
1562 821 1607 852 ita
1631 820 1664 851 in
1678 819 1851 856 omnibus,
1871 820 2074 860 semperque,
2097 825 2226 850 tantum
2239 823 2417 858 3011336011-

1409 868 1508 899 tinere
1520 888 1532 905 ,
1554 873 1711 906 quantum
1724 862 1808 895 iniis
1820 862 2027 904 apoplefflcis
2038 863 2156 903 reperi,
2179 862 2212 893 in
2222 860 2337 903 quibus
2351 868 2417 890 non

1409 908 1545 943 multam
1558 905 1647 940 fuisse
1659 930 1671 947 ,
1690 905 1784 945 dixi,
1808 904 1843 939 id
1854 916 1929 937 vero
1941 905 1974 938 in
1984 905 2054 938 aliis
2072 914 2167 947 atque
2179 902 2418 936 aliiseadaveri-

1408 953 1466 986 bus
1478 963 1542 985 non
1553 961 1625 983 raro
1637 963 1651 983 a
1662 961 1711 982 me
1724 946 1843 982 habitis
1857 948 2130 982 observationibus
2141 958 2299 992 repugnat
2309 977 2316 981 .

1411 998 1495 1035 Quae
1506 1005 1580 1028 cum
1592 994 1637 1026 ita
1650 992 1731 1032 sint,·
1741 1003 1804 1025 non
1816 991 1857 1025 est
1869 1003 1926 1025 cur
1941 991 2066 1034 dubites
2079 993 2291 1035 perniciosam
2302 1003 2415 1028 eorum

1410 1039 1527 1073 cerebri
1540 1035 1798 1082 compressionem
1813 1036 1998 1078 agnoscere,
2013 1038 2053 1070 ‘in
2077 1035 2195 1079 quibus
2218 1047 2292 1069 cum
2314 1037 2415 1072 ferme

1410 1082 1495 1116 nihil
1508 1092 1594 1122 aquae
1606 1090 1695 1113 antea
1705 1079 1834 1117 inesset,
1854 1076 2078 1157 jamrepenffiej,
2100 1089 2154 1113 aut
2167 1081 2250 1113 intra
2266 1082 2417 1124 perbreve

1405 1127 1561 1168 temporis
1586 1122 1726 1166 spatium
1749 1124 1842 1164 copia
1867 1124 1974 1166 aliqua
1996 1134 2011 1155 e
2063 1122 2198 1161 uelatur,
2216 1134 2269 1158 aut
2279 1125 2416 1169 colliga-

1405 1180 1482 1209 tur,
1505 1166 1682 1211 praesertim
1704 1166 1727 1199 fi
1751 1167 1814 1198 alia
1837 1168 1985 1200 accedant
2007 1179 2076 1208 quae
2099 1167 2364 1203 cerebrumfimul
2380 1172 2416 1203 in

1402 1214 1526 1246 1116111111
1549 1219 1686 1254 cogant:
1709 1220 1849 1252 quorum
1873 1211 1990 1251 partim
2014 1210 2105 1252 supra
2119 1212 2257 1245 indicavi
2272 1214 2415 1260 ,partim

1400 1268 1475 1292 cum
1487 1254 1653 1288 historiam
1666 1254 1848 1296 proximam
1859 1253 1921 1286 tibi
1932 1252 2135 1295 descripsero,
2146 1265 2223 1288 mox
2234 1255 2416 1298 subjiciam1

1412 1328 1414 1333 ,
1445 1311 1497 1343 30.
1522 1298 1760 1332 RUSTICUS
1784 1308 1823 1331 ex
1846 1307 1922 1338 agro
1945 1296 2162 1337 Bononiensi,
2190 1309 2289 1332 annos
2323 1299 2416 1344 supra

1401 1343 1563 1385 sexaginta
1587 1350 1704 1381 natus,
1727 1352 1743 1373 a
1766 1340 1867 1382 longo
1889 1339 1955 1382 jam
1978 1348 2124 1383 tempore
2146 1341 2250 1375 ulcera
2272 1344 2308 1376 in
2341 1355 2415 1379 cru-

1403 1387 1489 1421 ribus
1512 1385 1648 1419 habebat
1673 1382 1825 1424 sordida,
1849 1395 1920 1426 quae
1945 1383 2072 1425 sanari,
2095 1383 2416 1430 vehementercupie-

1402 1431 1478 1463 bat.
1505 1431 1618 1472 Itaque
1643 1426 1698 1461 etfi
1722 1428 1809 1460 malo
1833 1425 1931 1474 ferme
1956 1435 2023 1459 erat
2047 1430 2194 1470 corporis
2207 1429 2416 1471 habitu,nec

1404 1473 1462 1507 nisi
1485 1471 1574 1507 sexto
1596 1483 1727 1515 quoque
1749 1470 1821 1511 die,
1844 1471 1971 1513 injectis
1984 1482 2054 1514 quae
2066 1471 2173 1505 alvum
2185 1472 2414 1517 subducerent,

1403 1517 1485 1551 hanc
1507 1514 1720 1554 exonerabat,
1745 1524 1851 1547 tamen
1874 1516 1971 1547 nimis
1995 1514 2176 1549 officiosum
2208 1515 2413 1560 Chirurgum

1401 1561 1512 1594 11αᾶ115
1531 1585 1539 1600 ,
1564 1571 1602 1592 eo
1624 1569 1694 1605 rem·
1714 1558 1785 1600 post
1808 1559 1945 1591 tertium
1968 1557 2104 1591 mensem
2128 1558 2319 1602 perduxerat
2341 1586 2354 1603 ,
2376 1571 2416 1598 ut

1400 1614 1535 1647 purgata
1558 1602 1660 1636 ulcera
1682 1613 1747 1644 Jam
1772 1601 1963 1635 sanescerent
1979 1626 1986 1632 .
2012 1601 2169 1637 Nondum
2193 1605 2330 1638 ‘cicatrix
2364 1609 2417 1641 in-

1400 1647 1497 1682 1111613
1519 1655 1607 1686 erat,
1628 1647 1701 1678 c'um
1725 1654 1851 1686 repente
1873 1649 1963 1687 queri
1986 1649 2088 1688 coepit
2112 1646 2150 1680 de
2173 1646 2294 1682 summa
2325 1652 2418 1693 capi-

1400 1693 1443 1725 tis
1467 1690 1694 1724 imbecillitate
1711 1700 1721 1727 3
1746 1691 1778 1721 &
1803 1687 1871 1720 sane
1889 1691 2075 1723 arteriarum
2087 1701 2214 1733 quoque
2229 1692 2336 1734 pulsus
2347 1696 2416 1728 exie

1402 1736 1457 1778 gui
1469 1743 1577 1774 erant,
1601 1735 1633 1766 &
1656 1731 1883 1774 languidiffimi
1900 1756 1907 1763 .
1934 1731 2089 1765 Postridie
2110 1744 2202 1767 mane
2226 1735 2357 1777 pristina
2369 1750 2418 1772 ar-

1402 1779 1493 1812 teriis
1516 1778 1565 1810 vis
1588 1776 1742 1812 redierat,
1765 1786 1865 1817 neque
1890 1776 2051 1808 illibenter
2074 1776 2182 1810 cibum
2209 1776 2382 1822 sumpserat
2407 1806 2415 1813 .

1404 1821 1464 1856 Sed
1486 1820 1538 1855 die
1562 1821 1660 1853 tertio
1683 1819 1817 1853 delirare
1828 1820 1972 1861 primum
1986 1842 1994 1857 ‚
2020 1831 2097 1853 mox
2113 1821 2352 1861 ‚caetusscnmm
2366 1834 2418 1857 to-

1404 1876 1440 1899 to
1462 1876 1596 1907 corpore
1621 1865 1789 1896 amittere:
1812 1862 1941 1896 brachia
1964 1873 2069 1896 tamen
2093 1862 2187 1906 jussus
2212 1865 2323 1899 adhuc
2337 1879 2419 1910 prae-

1403 1910 1517 1948 bebat,
1541 1917 1575 1941 ut
1601 1908 1721 1940 arteriae
1747 1914 1975 1949 tangerentur:
2002 1907 2209 1950 postmodum
2233 1910 2266 1942 in
2279 1920 2418 1955 utroque

1402 1952 1536 1985 brachio
1557 1950 1644 1993 signa
1667 1950 1882 1983 animadversa
1906 1950 1977 1984 sunt
2001 1950 2203 1985 distentionis
2216 1964 2389 1988 nervorum
2406 1968 2416 1987 .·

1401 1996 1530 2029 demum
1554 1996 1644 2027 omni
1669 1993 1846 2031 sentiendi,
1874 1994 2086 2036 movendique
2110 1996 2140 2028 vi
2164 1997 2293 2031 orbatus
2314 2010 2420 2038 ,non

1401 2038 1464 2072 fine
1486 2039 1616 2071 stertore
1639 2039 1744 2070 vivere
1768 2036 1884 2077 desiit,
1908 2038 2044 2072 humore
2066 2038 2150 2072 flavo
2172 2048 2237 2073 non
2260 2043 2366 2076 multo
2379 2054 2420 2076 ex

1404 2092 1537 2125 utraque
1561 2082 1681 2114 mortui
1706 2091 1779 2112 nare
1803 2091 1935 2115 exeunte
1951 2107 1957 2113 .
2092 2083 2111 2114 S
2124 2084 2267 2117 ECUI
2281 2107 2291 2123 ‚
2316 2085 2421 2129 inspe-

1404 2127 1511 2160 dante
1524 2125 1689 2162 Valsalva,
1702 2124 1831 2157 ineunte
1847 2126 1890 2157 A.
1908 2135 2001 2167 1705.
2124 2126 2323 2162 Abdominis
2348 2138 2420 2163 11111..

1402 2169 1482 2203 sculi
1504 2169 1637 2211 optimo
1658 2167 1789 2207 colore,
1810 2177 1847 2201 ut
1870 2170 1903 2200 &
1927 2167 2089 2210 pinguedo
2101 2168 2175 2203 satis
2195 2172 2325 2214 copiose
2345 2172 2422 2216 ipfis

1403 2211 1579 2255 imposita,
1602 2220 1696 2254 atque
1719 2210 1910 2254 inter-jesrah-
1937 2211 1988 2244 sed
2013 2211 2052 2245 ad
2066 2214 2172 2256 Spinae
2185 2214 2279 2248 latera
2291 2217 2324 2249 in
2337 2217 2424 2251 lum-

1403 2255 1472 2296 bis,
1495 2266 1553 2298 pro
1576 2252 1770 2298 pinguedine
1804 2256 1838 2287 in
1873 2254 2011 2288 cellullis
2044 2257 2233 2292 membranae
2267 2259 2421 2303 Adiposze

1402 2311 1482 2342 aqua
1504 2307 1590 2331 erat.
1615 2297 1725 2330 Colon
1749 2298 1937 2331 intestinum
1961 2297 1999 2330 ab
2021 2297 2154 2333 dextero
2166 2301 2423 2344 hypochondrio

1399 2342 1483 2377 infra
1506 2342 1698 2376 umbilicum
1722 2340 1751 2374 se
1775 2340 1965 2374 demittebat
1981 2366 1988 2380 ‚
2016 2343 2354 2381 Tenuibusintestinis
2366 2359 2420 2381 an-

1398 2384 1596 2428 tepofitum5
1619 2384 1755 2427 indeque
1778 2383 1807 2417 se
1830 2394 2015 2423 recurvans,
2039 2384 2327 2427 hypochondrium
2345 2390 2423 2424 sini-

1397 2431 1495 2464 strum
1519 2429 1667 2473 petebat.
1692 2430 1793 2460 Porro
1815 2427 1980 2466 intestina,
2004 2427 2148 2471 illudque
2171 2432 2321 2473 inprimis
2345 2457 2356 2474 ,
2388 2437 2421 2468 ὃς

1403 2471 1511 2507 Crassa
1534 2473 1679 2516 reliqua,
1705 2470 1793 2504 duris
1815 2469 1869 2504 hic
1892 2472 1961 2504 illic
1985 2474 2185 2506 recrementis
2201 2474 2423 2511 distendeban-

1404 2527 1478 2551 tur.
1503 2517 1615 2559 Hepar
1637 2515 1782 2548 minimis
1805 2515 1870 2547 ravi
1883 2515 2003 2548 coloris
2018 2516 2174 2558 maculis,
2197 2521 2353 2563 variegati
2368 2522 2420 2554 in-

1404 2561 1464 2594 star
1488 2559 1684 2597 marmoris,
1706 2557 1983 2601 distinguebatur,
2005 2561 2038 2592 &
2060 2570 2155 2601 grave
2177 2562 2333 2604 quiddam
2346 2564 2422 2599 sub-

1408 2605 1516 2638 olebat
1532 2626 1542 2642 ‚
1565 2601 1817 2649 veficulamque,
1838 2613 1912 2636 cum
1936 2613 2034 2645 pauca
2057 2602 2143 2641 bile,
2168 2606 2254 2647 quasi
2286 2619 2422 2642 contra-

1409 2649 1495 2682 (913111
1519 2646 1676 2681 habebat:
1700 2647 1805 2689 ipsum
1822 2655 1932 2692 ‘tamen
1956 2655 2021 2679 non
2045 2656 2113 2680 erat
2135 2646 2244 2683 durius
2264 2652 2422 2694 quamso-

1411 2693 1495 2730 leat,
1520 2690 1570 2724 sed
1590 2690 1754 2731 aliquanto
1765 2700 1866 2732 majus
1878 2713 1885 2721 .
1912 2688 1960 2721 At
1977 2688 2040 2721 lien
2055 2693 2274 2735 praegrandis,
2290 2697 2422 2738 visuque

1411 2734 1541 2775 foedus,
1565 2745 1620 2766 nec
1644 2731 1707 2766 fine
1730 2734 1853 2775 magnis
1877 2731 2067 2775 quibusdam
2090 2735 2240 2779 oblongis
2261 2740 2423 2780 maculis,

1411 2779 1513 2822 iisque
1525 2779 1628 2820 nigris
1639 2801 1652 2817 ,
1675 2775 1762 2819 quasi
1774 2776 1814 2809 ab
1828 2776 2084 2810 inflammatione
2098 2788 2106 2809 :
2120 2777 2169 2811 sed
2182 2779 2251 2814 haec
2262 2784 2423 2824 exterius;

1411 2825 1582 2856 namintus
1604 2820 1737 2863 quidem
1760 2825 1822 2853 non
1833 2819 1913 2853 male
1926 2820 2080 2853 habebat.
2108 2822 2278 2859 Seminales
2293 2837 2423 2870 quoque

1411 2865 1554 2899 vesiculae
1575 2864 1715 2898 exterius
1745 2863 1947 2906 nigricabant
1962 2889 1971 2898 .
1996 2863 2168 2900 Testiculis
2191 2879 2265 2902 vero
2286 2868 2422 2904 finpulis

1413 2912 1497 2943 intra
1521 2908 1622 2951 ipsam
1645 2907 1838 2951 Vaginalem
1861 2908 2002 2951 tunicam
2025 2906 2155 2950 fingulae
2178 2922 2265 2946 erant
2289 2902 2423 2955 hydati-

1413 2953 1467 2987 des
1490 2950 1716 2995 superpofitae,
1739 2960 1882 2993 magnares
1907 2950 1956 2984 sed
1981 2951 2083 2993 major
2104 2954 2331 2995 quaefinistros
2357 2969 2423 2990 me-

1413 2997 1505 3031 dium
1529 3004 1688 3035 tenentes,
1711 2997 1744 3027 δε
1767 2994 1806 3027 ab
1828 2994 1917 3026 omni
1942 2992 2040 3028 ferme
2062 3006 2150 3038 parte
2172 2998 2283 3033 solurae
2296 3001 2423 3034 aclibe-

1415 3052 1476 3073 rae:
1500 3051 1634 3082 quarum
1658 3038 1776 3072 humor
1797 3038 1830 3070 in
1854 3037 2010 3070 cochleari
2036 3051 2073 3073 ex
2095 3042 2257 3077 orichalco
2274 3046 2423 3083 121111111-

1416 3082 1559 3127 positus,
1582 3094 1644 3125 non
1667 3082 1831 3115 concrevit
1844 3092 1854 3119 3
1879 3080 1929 3114 sed
1953 3083 2062 3118 relicta
2086 3085 2219 3128 quadam
2230 3082 2314 3130 quali
2328 3089 2422 3131 pelli-

1416 3128 1511 3168 cula,
1533 3127 1679 3160 evanuit.
1703 3127 1871 3158 Caeterum
1892 3126 1926 3158 in
1950 3130 2095 3169 ventris,
2120 3132 2149 3162 ἃ
2175 3129 2318 3165 thoracis
2340 3143 2423 3165 cavo

1418 3183 1497 3214 aqua
1521 3182 1637 3214 pauca.
1771 3168 1964 3202 Pulmonum
1988 3169 2098 3205 dexter
2121 3171 2278 3216 inferius,
2300 3174 2422 3210 sinister

1413 3215 1579 3258 superius,
1603 3213 1657 3246 ille
1681 3211 1852 3254 posteriore
1867 3234 1876 3249 ‚
1899 3213 1950 3246 hic
1974 3214 2097 3249 laterali
2109 3215 2211 3254 facie,
2233 3230 2367 3262 magnos
2382 3219 2423 3252 ad

1410 3258 1530 3292 11361115
1554 3268 1608 3300 per
1628 3256 1705 3289 telas
1730 3255 1941 3290 membr-aneas
1964 3259 2082 3299 pleurae
2105 3259 2306 3296 adhaerebant
2327 3289 2336 3304 ‚
2371 3263 2421 3296 vel

1408 3303 1477 3335 illic
1501 3311 1606 3334 tamen
1629 3301 1764 3333 omnino
1786 3299 1873 3337 sani,
1899 3310 1932 3333 ut
1955 3311 2067 3336 caetera
2088 3314 2158 3346 quae
2172 3304 2209 3338 de
2221 3318 2311 3340 more
2322 3306 2422 3340 sciens

1411 3347 1549 3378 omitto.
1681 3346 1771 3378 Dum
1792 3345 1958 3378 cervicales
1982 3345 2138 3380 vertebras
2155 3360 2170 3380 a
2183 3349 2358 3383 thoracicis
2370 3350 2422 3382 di-

1416 3388 1563 3422 videbam
1578 3411 1587 3425 ,
1612 3399 1690 3436 aqua
1714 3399 1752 3437 ex
1774 3386 1887 3421 harum
1911 3389 1990 3435 tubo
2001 3389 2192 3425 destillavit.
2217 3393 2422 3438 Aquaetiam

1419 3441 1528 3478 aperto
1550 3433 1697 3470 Cranro,
1721 3440 1804 3463 mter
1826 3432 1993 3474 Crassam,
2018 3436 2050 3467 &
2074 3435 2220 3469 Tenuem
2242 3460 2255 3477 ,
2279 3439 2421 3480 itemque

1419 3475 1476 3509 sub
1499 3476 1604 3523 Termi
1628 3474 1749 3506 cerebri
1773 3477 1918 3519 meninge
1939 3476 2108 3520 conspecta
2133 3478 2195 3512 est.

1462 3529 1513 3562 31.
1540 3518 1617 3554 Alia
1655 3516 1726 3564 sunt
1757 3518 1791 3550 in
1834 3518 1892 3553 hac
1937 3519 2069 3555 historia
2111 3523 2177 3556 alio
2216 3524 2385 3557 attinentia
2408 3548 2422 3565 ,

1417 3575 1490 3606 quae
1522 3561 1642 3605 singula
1677 3562 1734 3595 suo
1758 3561 1908 3606 quodque
1932 3564 2005 3597 loco
2027 3565 2273 3609 explicabuntur
2295 3581 2302 3600 :
2338 3579 2423 3602 nunc

2269 3620 2305 3644 ut
2328 3610 2379 3644 so-

360 3667 2421 3684 &mmm—„w

421 3715 434 3742 (
451 3722 463 3736 ο
483 3713 491 3742 )
506 3720 531 3736 11.
548 3719 570 3734 2.
587 3712 609 3735 8.
628 3719 649 3741 9.
669 3719 705 3736 11.
766 3715 781 3743 ζ
794 3721 811 3746 p
829 3716 838 3746 )
854 3715 890 3737 De
905 3712 983 3738 Subit.
1000 3716 1077 3738 Mort.
1096 3714 1153 3739 obs.
1174 3713 1244 3744 Phys.
1262 3716 1335 3739 Anat.
1355 3723 1368 3742 4

422 3746 437 3773 ζ
454 3752 468 3773 q
488 3748 496 3774 )
513 3745 548 3768 De
563 3750 626 3773 corp.
647 3743 713 3770 hum.
731 3740 792 3770 fabr.
811 3748 826 3770 1.
847 3753 866 3770 1.
883 3751 906 3769 c.
925 3753 947 3773 5·
966 3744 1018 3769 vid.
1036 3745 1059 3769 δ(
1074 3745 1197 3775 Sepulchr.
1214 3748 1232 3770 1.
1250 3752 1274 3770 1.
1289 3748 1313 3771 S.
1333 3750 1368 3771 16.

1372 3731 1377 3736 .
1396 3714 1420 3737 in
1438 3714 1518 3739 Schol.
1534 3723 1557 3739 n.
1570 3723 1594 3743 4.

1387 3745 1448 3770 Obs.
1464 3749 1488 3771 6.
1555 3747 1569 3775 <
1585 3755 1595 3770 r
1613 3747 1622 3777 )
1639 3745 1684 3771 v1.
1702 3746 1816 3773 Animad.
1838 3749 1876 3776 8⁴.
