2498 4075
370 266 522 334 Epist.
563 263 720 319 Anat.
759 246 975 318 Medica
1011 257 1297 316 xxxvii.
1320 259 1437 315 Art.
1457 272 1534 329 23.
1553 260 1607 314 a<
1626 272 1705 325 24⁶¹

49 348 120 392 ’ξῆθέ
152 349 322 393 praegreffie
357 350 438 384 febri
476 347 679 389 imputandos
705 370 713 383 ‚
746 358 817 389 quae
852 346 942 380 omni
976 344 1050 378 bilis

49 401 140 438 parte
164 406 259 434 aquea
283 393 471 434 absumpta,
494 391 651 432 reliquum
677 390 709 422 in
734 390 850 432 lapides
872 389 1051 423 convertis-

49 437 114 467 iet.
141 436 199 470 Sed
223 448 278 470 nec
303 437 376 469 satis
398 436 442 468 est
465 434 607 475 excipere
622 433 679 466 hos
703 435 811 474 nigros
825 433 989 471 calculos,
1012 440 1047 464 ut

47 487 162 511 caetera
184 492 254 521 quae
279 481 502 513 Kentinannus
524 478 657 513 docuit,
682 487 753 509 vera
779 476 839 509 sint
863 499 872 515 ,
898 474 1047 508 videlicet

47 520 158 554 saltem
181 523 321 564 reliquos
341 522 445 564 plenos
468 520 525 553 effe
549 529 601 552 aut
627 519 773 555 circulis,
800 529 853 552 aut
877 517 1047 551 aliusmodi

48 563 152 597 stratis
176 577 193 597 a
215 574 318 599 centro
340 561 668 607 adusquefirperfi'ciem
682 585 689 599 ,
716 562 766 595 seu
781 584 793 601 ‚
816 562 904 604 quod
928 563 979 593 alii
992 571 1047 602 ge-

47 608 183 640 neratirn
207 608 319 642 dicunt
332 608 369 641 de
393 608 542 640 omnibus
554 605 706 638 haetenus
728 606 888 647 cognitis,
913 617 951 638 ex
973 604 1048 636 stra-

49 651 91 682 tis
115 652 325 685 concentricis
348 650 415 683 fieri
441 676 449 689 ‚
482 649 520 683 ad
545 649 716 681 minimum
740 649 889 681 nucleum
915 648 1048 690 applici-

46 694 111 726 tis.
137 695 193 728 Tu
216 696 303 727 enim
324 705 394 735 quae
418 695 451 725 in
477 691 674 725 Adversariis
697 691 800 733 (s),
823 703 894 733 quae
919 692 952 722 in
967 691 1048 731 Epi-

48 735 125 769 stola
166 738 192 770 Ι.
218 738 411 770 Anatomica
437 737 486 779 (t
508 739 522 774 )
547 756 556 771 ‚
590 737 620 766 ἃ
652 746 723 776 quae
759 737 791 766 in
826 734 970 775 Epistola
1007 732 1045 766 ad

50 780 262 813 §chrockium
289 780 372 813 missa
397 783 485 818 (u),
513 791 528 811 a
553 777 650 810 niede'
674 778 777 811 nuclei
803 787 937 814 natura,
964 777 1047 809 rnol-

47 821 141 860 iitie,
167 822 388 865 magnitudine
411 821 586 863 praesertim
602 847 610 859 ‚
634 822 666 852 in
690 829 740 853 tot
764 843 772 857 ,
806 823 836 852 δι’
861 831 924 853 tam
948 820 1045 852 variis

45 867 179 899 calculis
201 866 368 900 observata
395 865 477 902 sint,
501 865 595 900 vide3
620 865 696 896 nolo
720 866 807 896 enirn
832 863 883 896 hic
909 865 1042 895 iterare.

48 908 214 950 intelliges
236 918 319 942 certe
338 934 345 946 ,
369 920 432 941 non
458 918 591 950 parvum
616 917 673 949 pro
697 905 813 939 horum
839 907 922 939 mole
947 906 1047 938 medi-

46 953 202 991 tullium,
226 955 258 985 &
281 964 317 985 eo
343 949 467 993 majus,
491 962 557 993 quo
581 950 664 983 ευᾶὶ
688 959 777 982 erant
803 951 903 992 magis
919 975 926 987 ‚
949 949 1045 990 idque

48 995 141 1027 molli
166 1018 175 1032 ‚
208 993 404 1037 humidaque
429 995 492 1027 bile
518 994 667 1036 plenum,
691 991 854 1026 offendisse
874 1019 881 1032 ,
905 995 934 1025 ὃ(
958 991 1046 1034 quod

42 1038 258 1080 consequitur
282 1062 289 1076 ,
314 1050 378 1071 non
403 1037 563 1071 modicam
587 1037 722 1069 interius
745 1034 944 1078 singulorum
970 1045 1048 1076 par-

42 1089 113 1114 tem
138 1093 175 1114 ex
198 1081 300 1115 stratis
323 1082 388 1114 illis
411 1081 489 1115 adeo
513 1091 577 1113 non
601 1079 765 1116 constare,
791 1087 827 1112 ut
839 1077 1047 1122 quaerendum

49 1123 111 1164 fit,
134 1125 300 1166 quomodo
324 1136 378 1167 per
401 1126 454 1158 illa
479 1123 543 1165 jam
568 1123 658 1156 firma
681 1122 774 1155 strata
788 1133 948 1165 permeare
971 1122 1047 1154 bilis

47 1167 222 1203 introrsum
246 1177 342 1210 queat
366 1193 373 1200 .
413 1168 487 1200 Alia
510 1177 639 1209 quoque
674 1165 835 1207 intelliges
859 1188 867 1203 ,
903 1165 973 1207 quie
998 1163 1048 1198 hic

48 1210 198 1244 consulto
222 1212 517 1254 praetermittuntur
537 1234 546 1249 ‚
579 1218 615 1242 ut
639 1219 715 1251 puta
751 1209 935 1243 cuboidaeos
969 1219 1049 1250 quos

48 1265 106 1287 nos
129 1254 262 1296 quidem
286 1254 441 1288 secuimus
460 1276 469 1290 ,
502 1252 641 1287 calculos
664 1263 728 1285 non
752 1264 790 1285 ex
813 1252 955 1284 minimis
979 1251 1050 1284 aliis

48 1296 122 1331 fieri
146 1296 285 1339 ejusdem
309 1297 438 1340 sigum,
463 1296 536 1336 sed,
561 1306 596 1331 ut
618 1299 725 1329 caeteri
749 1296 787 1329 de
799 1296 917 1338 quibus
942 1296 1051 1337 loqui-

49 1351 143 1380 mur,
168 1352 205 1374 ex
228 1341 294 1374 bile
317 1341 420 1376 stratis
443 1339 703 1373 circumvestita:
728 1338 794 1372 haec
806 1339 883 1380 saepe
899 1339 990 1371 vario
1003 1338 1050 1370 es-

48 1383 79 1416 se
102 1385 185 1417 inter
209 1383 237 1418 se
259 1385 390 1425 colore,
413 1387 444 1417 &
468 1384 631 1417 interdum
655 1383 774 1416 alterne
800 1383 913 1415 vario.-
936 1393 991 1414 nec
1005 1393 1050 1414 ra-

49 1438 88 1460 ro
110 1427 249 1470 denique
271 1426 356 1461 faeta
379 1426 523 1470 conspici
554 1438 593 1460 ex
615 1424 856 1460 confertissimis
889 1424 1016 1458 lineolis
1037 1447 1050 1464 ,

49 1480 200 1504 centrum
224 1470 329 1505 versus
352 1470 619 1505 contendentibus
635 1494 642 1500 .

96 1524 146 1556 23.
171 1515 239 1556 Qi
264 1516 457 1548 lineolarum
479 1514 592 1547 duetus
616 1511 776 1554 quandam
802 1511 919 1545 horum
943 1511 1051 1545 calcu-

50 1558 158 1591 lorum
183 1556 374 1591 structuram
398 1568 481 1590 nunc
506 1556 587 1590 mihi
611 1555 647 1589 ad
672 1556 860 1589 memoriam
885 1564 1012 1588 revocat
1041 1579 1050 1594 ,

51 1601 92 1633 ab
123 1612 156 1634 ea
180 1612 276 1643 quam
301 1601 524 1644 Kentmannus
547 1599 717 1643 proposuit
742 1625 751 1639 ,
784 1597 1017 1640 discrepantem
1041 1622 1049 1630 .

49 1644 170 1687 Neque
193 1647 279 1677 enini
304 1644 406 1677 solum
429 1641 664 1676 confertiffimae
688 1642 752 1676 istae
774 1653 852 1684 quas
876 1641 975 1675 modo
997 1641 1049 1674 di-

48 1687 162 1721 cebam
178 1709 187 1725 ‚
212 1689 244 1719 in
257 1686 387 1729 singulis
399 1686 501 1720 stratis
514 1687 637 1732 lineolae
651 1707 660 1722 ‚
687 1686 726 1719 ab
739 1686 808 1718 aliis
831 1696 961 1728 quoque
977 1693 1050 1717 ante

49 1742 122 1767 me,
146 1741 180 1763 ut
203 1740 279 1771 puta
304 1743 320 1763 a
345 1730 509 1764 Mauricio
532 1729 734 1763 Hostmanno
758 1732 826 1769 (x)
849 1740 922 1762 cum
947 1738 985 1762 ex
1002 1728 1050 1761 lct-

49 1774 145 1808 minis
160 1773 284 1812 striatis
306 1772 389 1816 quasi
412 1782 568 1807 concretos
590 1773 728 1806 calculos
751 1770 916 1814 descripsit
937 1794 947 1809 ,
971 1771 1050 1805 faci-

49 1817 80 1850 le
104 1816 349 1856 animadversae,
372 1828 483 1851 verum
506 1817 608 1851 etiam
632 1817 736 1849 multo
771 1815 986 1849 evidentiores
1011 1815 1052 1846 li-

49 1871 139 1901 neae,
164 1868 218 1893 aut
243 1872 258 1893 a
283 1870 395 1894 centro
416 1860 489 1902 ipso
525 1859 562 1893 ad
589 1860 749 1894 ambitum
773 1868 930 1901 perpetuo
952 1858 1052 1891 dustu

47 1906 265 1947 pertinentes,
289 1904 453 1937 interdum
475 1902 651 1945 conspeffle
676 1901 748 1935 sunt
764 1927 772 1941 ,
799 1912 834 1935 ut
861 1901 1053 1934 aBaeumli-

32 1957 96 1990 ino
118 1949 188 1987 (y)
209 1969 218 1983 ‚
240 1950 296 1990 qui
321 1948 352 1979 in
378 1946 509 1980 calculis
529 1970 542 1987 ‚
564 1947 652 1988 quod
676 1946 712 1979 ad
736 1945 882 1979 colorum
906 1944 1053 1978 ordinem

49 1990 194 2031 specht,
216 2002 289 2025 cum
314 1989 506 2032 quibusdam
531 2002 547 2022 a
571 2001 621 2022 me
643 1989 811 2030 descriptis
846 1989 1019 2021 maximam
1041 2010 1055 2027 ,

50 2042 91 2066 ut
116 2034 182 2072 ait,
206 2044 327 2076 partem
349 2033 635 2070 convenientibus,
653 2031 792 2075 spiculus
805 2031 888 2074 quafi
906 2030 1055 2073 salinasa

52 2086 166 2110 centro
190 2078 226 2110 acl
252 2076 466 2119 peripheriam
483 2075 624 2116 sirtarim
647 2078 845 2109 decurrentes
869 2074 1028 2117 perspexit
1044 2097 1054 2113 ‚

51 2127 92 2152 ut
114 2120 216 2153 minus
238 2131 276 2154 ex
299 2120 458 2160 lamellis,
480 2131 577 2163 quam
591 2130 628 2152 ex
650 2118 731 2152 striis
749 2118 826 2152 faeti
851 2118 1054 2151 viderentur.

52 2162 108 2197 Sic
132 2164 230 2196 etiam
254 2164 404 2208 Trewius
426 2165 497 2206 (z)
521 2165 554 2195 in
579 2162 643 2195 alio
666 2162 791 2196 calculo
813 2160 931 2194 nullam
954 2161 1059 2201 depre-

54 2205 147 2240 hendi
170 2205 323 2249 potuisj'e,
347 2205 502 2242 testatur,
518 2204 708 2245 flrufsurcim
731 2203 921 2237 lamellatam
940 2225 949 2240 ‚
983 2215 1058 2236 cum

53 2250 137 2282 radii
157 2251 264 2290 potius
286 2261 304 2281 a
327 2257 430 2283 centro
455 2247 538 2291 quafi
561 2249 599 2280 ad
618 2246 826 2289 peripheriam
849 2269 860 2285 ,
877 2246 931 2289 sed
953 2244 1059 2289 confu-

50 2290 87 2334 se
107 2315 118 2331 ,
152 2300 349 2326 excurrentes
371 2299 567 2325 cernerentur
588 2314 596 2327 ,
630 2289 720 2330 quod
744 2290 850 2322 addita
883 2290 1059 2323 delineatio

53 2339 118 2373 (a)
142 2333 330 2368 confirmat.
356 2335 413 2368 Sed
439 2334 615 2367 Mauritius
635 2332 880 2367 Reverhorstius
902 2332 968 2372 (b)
988 2346 997 2369 ς
1022 2344 1059 2366 ne

54 2379 132 2412 illos
156 2379 212 2420 qui
237 2380 329 2412 antea
348 2377 562 2420 scripserunt,
585 2378 760 2414 omittam5
784 2376 886 2408 ubiex
911 2376 1058 2417 plurimis

54 2423 191 2455 calculis
215 2434 295 2464 quos
318 2434 333 2455 e
358 2422 447 2454 Senis
471 2419 605 2453 vesicula
616 2428 814 2456 extraxerat,
840 2418 993 2452 sectiones
1019 2431 1056 2452 u-

53 2467 145 2502 nius,
172 2477 208 2498 an
232 2466 372 2499 duorum
394 2463 557 2503 delineat,
578 2465 612 2496 in
624 2465 720 2496 altera
744 2462 874 2504 quidem
899 2463 1055 2495 corticem

49 2511 89 2544 ad
113 2509 226 2543 circuli
249 2508 381 2542 modum
406 2507 577 2541 adumbrat
597 2528 609 2546 ‚
644 2508 677 2539 in
702 2515 836 2548 utraque
858 2515 966 2539 autem
991 2517 1055 2539 non

47 2563 157 2587 tenues
190 2552 286 2585 lineas
311 2563 327 2584 a
350 2559 462 2585 centro
499 2550 537 2584 ad
562 2549 779 2591 peripheriam
802 2548 952 2582 radiatim
976 2560 1055 2582 con-

49 2596 234 2630 tendentes.
256 2595 399 2639 Joannes
426 2603 532 2628 autem
557 2593 699 2635 Baptista
715 2593 875 2625 Contulus
898 2595 958 2632 (c)
981 2604 1055 2626 cum

50 2642 185 2676 leones,
209 2638 442 2681 qualescunque
467 2646 503 2671 ut
525 2647 658 2673 caetera‚
681 2635 832 2669 exhibeat
857 2637 999 2677 lapidum
1023 2637 1056 2668 in

53 2682 163 2718 eadem
189 2682 268 2724 cysti
283 2691 505 2725 repertorum,
527 2679 676 2723 iniisque
700 2681 813 2717 unius,
838 2680 878 2713 ab
890 2678 918 2712 se
945 2681 1058 2712 inven-

56 2730 109 2767 ti,
133 2727 165 2760 in
188 2724 443 2759 extremitatibus
466 2722 634 2766 diaphanz',
658 2723 830 2756 seffionem
845 2734 997 2765 quoque,
1021 2731 1058 2755 ut

58 2770 190 2804 videtur
214 2792 227 2809 ,
260 2770 389 2803 alterius
413 2767 543 2801 exhibet
569 2766 678 2799 nescio
702 2765 784 2799 unde
811 2762 970 2807 sumptam
992 2790 999 2804 ‚
1025 2767 1060 2797 in

58 2825 124 2857 qua
146 2813 236 2855 plura
258 2812 388 2854 quidem
412 2811 581 2845 circularia
605 2809 698 2843 strata
718 2833 730 2848 ,
754 2808 804 2842 sed
828 2809 933 2842 multo
956 2810 1061 2852 plures

60 2858 154 2891 lineae
179 2855 419 2895 conspiciuntur
444 2864 586 2888 acentro
612 2853 649 2886 ad
662 2853 821 2885 ambitum
847 2854 1061 2893 pertinentes.

61 2902 168 2934 Porro
191 2911 206 2931 a
231 2898 413 2941 Malpighio
436 2901 450 2938 (
470 2898 489 2930 d
511 2901 520 2936 )
546 2896 739 2938 descriptam
763 2897 897 2929 memini
922 2897 1063 2937 peculia-

61 2956 133 2979 rem
157 2941 291 2982 speciem
314 2942 532 2977 calculorum,
556 2950 637 2983 quos
650 2939 798 2972 credebat
822 2950 836 2972 e
859 2939 977 2981 mucosa
988 2950 1065 2981 qua-

61 2989 134 3021 dam
157 2983 349 3019 concreviffe
367 2983 536 3028 substantia
559 3007 571 3024 ,
615 2993 677 3024 quae
706 2982 850 3025 saponem
874 2982 1033 3015 aemuletur
1057 3006 1066 3020 ,

60 3031 113 3065 'vel
135 3029 235 3072 magis
258 3026 455 3070 camphoram
477 3050 483 3057 .
516 3028 581 3060 Eos
606 3027 709 3068 igitur
732 3025 878 3059 mira1ait
901 3025 955 3068 effe
978 3036 1063 3058 com-

60 3084 164 3117 page3
189 3072 321 3114 lapidem
354 3080 482 3112 namque
502 3070 663 3112 judaicum
681 3066 785 3111 figura
819 3067 958 3101 temulari
977 3091 986 3104 ,
1022 3069 1063 3101 εἴ]

62 3117 195 3152 interius
219 3112 408 3157 elegantibus
440 3112 573 3146 lamellis
597 3124 614 3145 a
642 3110 818 3152 peripheria
852 3112 891 3144 ad
924 3119 1063 3143 centrum

64 3158 204 3195 deducfffis
227 3156 434 3199 compaginari
455 3179 464 3193 ,
498 3166 560 3197 quae
581 3158 615 3188 de
641 3153 738 3197 facili
759 3153 798 3187 ab
821 3155 953 3187 invicem
971 3155 1063 3196 sepa-

63 3211 193 3237 rantur.
219 3202 415 3241 Quanquam
440 3208 546 3233 autem
579 3199 794 3232 arbitrabatur
819 3198 851 3229 in
881 3197 990 3239 hepate
1013 3200 1063 3240 gi-

64 3249 141 3291 gni,
167 3245 210 3278 (9⁹
231 3245 263 3278 in
289 3244 356 3285 ejus
374 3252 470 3284 poro,
492 3242 587 3275 credo
608 3243 684 3284 quia
708 3240 866 3283 ejusmodi
891 3241 1029 3282 lapidem
1054 3264 1064 3279 ,

64 3302 162 3334 quem
185 3289 321 3321 Amicus
347 3284 537 3320 Bonfilioli'is
561 3285 722 3328 servabat,
746 3294 906 3325 repertum
939 3284 1066 3317 audive-

66 3345 115 3372 ωε
135 3331 233 3374 'apud
257 3331 435 3363 Germanos
469 3329 499 3361 in
517 3327 618 3370 jecore
652 3329 728 3360 Viri
763 3327 926 3363 Nobilis;
959 3337 1065 3361 tamen

64 3373 262 3421 ejuscemodi
286 3375 439 3408 alterum,
464 3383 558 3413 quem
583 3371 691 3405 vidisse
717 3371 766 3407 se,
790 3372 902 3403 scribit
918 3396 926 3408 ‚
951 3384 965 3404 a
992 3372 1067 3403 Ma-

63 3425 160 3456 trona
184 3419 244 3452 fibi
266 3428 344 3451 nota
363 3413 427 3457 post
450 3415 586 3456 ingentes
607 3414 723 3447 dolores
737 3437 749 3454 ‚
782 3414 823 3447 Θ
846 3413 965 3456 longam
990 3413 1066 3447 ieie-

64 3466 178 3499 rictam
197 3472 253 3504 per
277 3459 385 3493 alvum
409 3465 565 3491 excretum
585 3480 594 3494 ,
625 3457 746 3490 ibidem
770 3458 917 3499 genitum
942 3457 1031 3490 suiffe
1057 3482 1065 3496 ,

68 3520 129 3551 pro
153 3514 242 3539 certo
267 3504 342 3536 scire
368 3512 431 3534 non
456 3509 599 3542 poterat.
624 3501 779 3542 Namque
802 3502 832 3533 δέ
856 3512 891 3533 ex
906 3499 988 3534 fellis
1012 3511 1066 3533 ve-

67 3552 167 3587 sicula
201 3546 436 3590 proculdubio
470 3543 559 3576 suisle
582 3544 737 3584 quosdam
769 3544 908 3577 calculos
933 3556 988 3586 per
1020 3544 1065 3577 se-

155 3589 319 3633 Morgagni
330 3590 363 3622 de
378 3587 444 3621 Sed,
459 3588 500 3619 (9·
511 3587 597 3629 Caus.
611 3585 712 3619 Morb.
731 3587 830 3619 Tom.
844 3589 889 3618 Π.

1083 2505 1086 2507 v
1110 2466 1198 2509 quod
1224 2465 1375 2497 malueris
1398 2491 1406 2503 ,

1964 262 2019 311 81:

1099 345 1170 379 dem
1193 342 1329 386 enetos,
1355 342 1440 377 infra
1463 347 1473 383 (
1498 353 1512 376 e
1536 345 1546 381 )
1571 341 1754 374 ostendetur
1774 360 1783 376 ‚
1815 339 1846 372 &
1867 339 1899 371 in
1923 338 1988 380 ipsa
2013 343 2094 379 quo:

1099 400 1163 430 que
1186 386 1385 420 concrescere
1419 395 1649 427 nonnunquam
1675 383 1797 425 aliquos
1832 382 1984 415 struc‘hra
2008 380 2094 414 haud

1099 430 1255 467 absimili,
1280 440 1352 463 cum
1378 441 1415 462 ex
1435 429 1528 462 dietis
1552 438 1615 460 non
1639 426 1811 458 obscurum
1833 425 1896 463 est,
1923 434 1993 458 tum
2016 431 2095 456 con-

1098 476 1192 508 tinuo
1215 473 1284 506 aliis
1309 471 1603 504 Observationibus
1627 468 1913 509 comprobabitur.
1938 468 1997 501 Ille
2009 466 2096 499 enim

1100 518 1217 552 Vateri
1243 515 1418 558 pellucidus
1441 516 1582 547 calculus
1606 513 1661 554 qui
1686 512 1776 552 supra
1801 509 1880 551 (f)
1905 523 1919 544 a
1946 507 2097 543 nobisest

1100 570 1310 596 memoratus,
1336 569 1398 590 non
1425 557 1522 590 modo
1546 558 1579 588 in
1604 554 1768 598 superficie
1793 555 1880 587 strias
1916 552 2029 587 salinas
2051 560 2097 584 te-

1098 603 1260 638 nuiffirnas
1283 602 1436 635 micantes
1459 598 1596 633 habebat
1618 620 1627 635 ‚
1660 598 1708 632 sed
1733 599 1764 629 &
1779 596 1917 636 striatim
1940 603 2097 630 concretus

1099 657 1186 681 erat:
1211 655 1263 678 aut
1286 645 1307 677 si
1332 644 1410 686 quid
1433 645 1466 676 in
1491 642 1551 676 hoc
1577 640 1661 675 forte
1684 640 1778 673 dubii
1801 639 1872 679 est;
1906 638 1987 672 nihil
2012 646 2098 673 certe

1100 692 1159 724 erit
1184 691 1215 721 in
1239 687 1453 729 descriptione
1474 713 1481 725 ,
1517 688 1548 718 &
1573 684 1769 726 imaginibus
1806 682 1937 715 illorum
1959 682 2099 716 duorum

1096 744 1176 776 quos
1199 743 1237 764 ex
1261 730 1422 764 Morando
1456 728 1668 762 indicavimus
1700 728 1754 767 (g
1777 728 1786 763 )
1811 749 1819 757 .
1852 726 1979 758 Eorum
2013 726 2099 758 enim

1097 787 1231 817 uterque
1257 773 1452 816 splendidas,
1477 770 1688 814 pellucidasve
1713 769 1854 803 lamellas
1877 767 1972 800 habet
1989 790 1997 804 ‚
2021 768 2101 800 alter

1097 819 1229 862 quidem
1253 830 1327 851 curn
1353 818 1456 850 stratis
1479 813 1718 856 circumjectis,
1747 813 1824 845 alter
1838 823 1911 844 vero
1935 812 1999 844 fine
2023 810 2102 849 his,

1097 862 1248 895 radiatim
1273 874 1287 894 a
1311 871 1423 893 centro
1447 859 1484 891 ad
1510 859 1669 891 ambitum
1694 855 1945 888 contendentes.
1972 855 2015 887 Et
2041 864 2103 886 nu-

1098 919 1151 949 per
1177 905 1227 936 Ill.
1253 904 1403 937 Hallerus
1427 902 1481 945 (h
1503 905 1518 941 )
1549 903 1629 934 alios
1653 899 1821 942 proposuit
1856 896 1991 939 crystalli
2014 896 2102 930 modo

1098 949 1247 983 micantes
1270 950 1311 981 Θ
1327 944 1595 988 semz'pellucidos‚
1620 954 1759 985 quorum
1785 943 1897 978 unius,
1923 940 2034 979 sponte
2046 950 2101 972 ru-

1099 993 1169 1035 pti,
1194 991 1369 1023 substantia
1401 990 1527 1021 interna
1553 986 1714 1030 selenitica
1740 984 1821 1027 quasi
1847 1006 1856 1021 ,
1888 984 2007 1016 micans
2030 1005 2038 1019 ,
2065 990 2104 1016 ex

1099 1043 1202 1068 centro
1218 1032 1305 1075 flavo
1328 1032 1476 1065 radiatim
1501 1028 1672 1070 extrorsum
1691 1027 1832 1070 porrecta
1855 1027 1894 1059 ad
1918 1028 2064 1059 corticem
2092 1050 2104 1065 ‚

1097 1079 1130 1112 in
1163 1077 1275 1116 crustas
1309 1076 1350 1108 Θ
1372 1073 1540 1107 laminulas
1555 1071 1645 1114 fucta
1678 1079 1746 1105 erat
1770 1096 1777 1103 .
1821 1071 1956 1109 Reliqui
1998 1071 2107 1102 mino«

1100 1133 1147 1155 res
1182 1119 1331 1162 fimilz'ter
1369 1118 1455 1151 intus
1481 1115 1620 1159 selenitce,
1661 1114 1748 1148 modo
1783 1112 1922 1154 laminofi
1950 1135 1960 1150 ‚
1998 1111 2106 1153 splen-

1104 1164 1171 1198 dicii
1186 1187 1193 1194 .
1374 1166 1376 1169 ’
1800 1169 1802 1172 ’
1911 1168 1915 1172 ·

1110 1242 1115 1245 ,
1146 1218 1197 1250 24.
1223 1206 1285 1239 Hae
1299 1204 1552 1239 Observationes
1574 1212 1770 1236 omnescum
1787 1200 1854 1233 aliis
1867 1196 2006 1242 juntfiiah
2030 1205 2108 1240 quas

1102 1251 1139 1286 de
1165 1249 1354 1293 splendidis,
1379 1247 1609 1291 pellucidiique
1633 1245 1730 1288 cyllis
1757 1243 1873 1287 lapilliIs
1908 1252 2001 1276 antea
2026 1245 2035 1280 (
2060 1242 2070 1274 ι’
2093 1241 2109 1281 )

1102 1294 1451 1329 commemoravimus,
1476 1300 1506 1324 te
1531 1291 1567 1323 ad
1581 1288 1801 1332 suspicandum
1827 1286 1920 1319 facile
1934 1286 2108 1324 inducent,

1102 1338 1241 1372 calculos
1265 1337 1371 1378 plures
1395 1346 1432 1368 ex
1454 1335 1494 1367 iis
1516 1334 1573 1376 qui
1599 1334 1671 1366 alvo
1694 1330 1809 1373 dejecii
1834 1330 1907 1363 sunt
1930 1352 1938 1366 ‚
1962 1341 2025 1362 non
2050 1338 2111 1370 cy-

1102 1382 1176 1418 stis,
1199 1380 1247 1413 sed
1271 1378 1469 1415 ventriculi,
1493 1380 1523 1410 δι
1547 1376 1773 1410 intestinorum
1794 1373 1888 1407 fuisse
1910 1382 2111 1415 praepropere

1102 1425 1296 1459 existimatos
1322 1431 1490 1465 propterea
1504 1421 1580 1462 quia
1603 1432 1619 1453 a
1645 1421 1746 1460 magis
1758 1418 1888 1459 vulgata
1913 1418 2111 1458 cysticorum

1102 1478 1240 1507 natura,
1265 1466 1485 1507 strrffiuraque
1509 1465 1608 1497 nimis
1632 1461 1731 1496 abesse
1746 1461 1955 1494 viderentur.
1981 1461 2112 1493 Occur-

1103 1513 1146 1545 rit
1178 1512 1212 1543 in
1236 1510 1348 1553 primis
1380 1520 1476 1551 quem
1502 1519 1540 1540 ex
1571 1506 1730 1539 Cornelio
1764 1505 1905 1537 Gemma
1946 1502 2112 1543 descripsit

1102 1557 1252 1589 Donatus
1276 1552 1362 1595 (k)
1386 1553 1472 1585 intus
1489 1549 1693 1591 substantiam
1714 1547 1931 1581 ostendentem
1957 1545 2112 1585 instarvi-

1103 1600 1148 1632 tri
1168 1597 1328 1639 purioris,
1352 1604 1408 1628 aut
1432 1592 1766 1636 crystallipellucidam
1790 1589 1994 1628 multisslriis
2020 1597 2114 1630 atque

1104 1643 1202 1675 radiis
1223 1641 1254 1673 in
1279 1649 1372 1671 unum
1394 1644 1533 1670 centrum
1557 1633 1799 1676 confluentibus.
1826 1633 1911 1666 Illud
1939 1632 2116 1674 suspicioni

1104 1686 1231 1719 videtur
1253 1681 1374 1715 obstare
1398 1681 1484 1723 quod
1509 1676 1582 1712 esset
1593 1678 1800 1721 praegrandis.
1829 1676 1885 1710 Sed
1899 1686 2115 1719 proeterquam

1101 1729 1191 1771 quod
1214 1726 1297 1759 infra
1323 1726 1339 1768 (
1359 1723 1370 1757 l
1391 1728 1405 1764 )
1427 1723 1628 1756 indicabitur
1645 1744 1653 1757 ,
1677 1730 1837 1762 quantum
1862 1719 1978 1763 poffint
2003 1719 2126 1760 bilarii-

1101 1772 1216 1806 dustus
1239 1769 1392 1808 dilatari,
1417 1769 1485 1800 imo
1496 1774 1654 1809 quantum
1678 1764 1878 1797 inventisint
1902 1763 2052 1801 dilatati3
2079 1757 2116 1796 tii

1103 1827 1177 1850 cum
1200 1814 1341 1846 Gemma
1373 1811 1499 1845 credito
1521 1820 1560 1841 ex
1583 1808 1729 1841 diuturni
1763 1808 1886 1841 doloris
1908 1808 1939 1839 δι
1965 1807 2118 1840 tensionis

1105 1859 1172 1893 sede
1195 1858 1228 1891 in
1252 1856 1386 1890 dextero
1409 1854 1468 1887 ilio
1492 1852 1548 1886 sub
1572 1850 1665 1885 costis
1689 1850 1826 1892 spuriis,
1850 1852 1883 1884 in
1909 1851 2010 1884 Caeco
2033 1852 2119 1883 inte-

1105 1903 1209 1939 stino,
1235 1911 1300 1933 non
1311 1907 1497 1932 concretum
1511 1895 1662 1938 quidem,
1687 1904 1722 1927 ut
1749 1894 1815 1938 ipse
1837 1894 2015 1928 arbitratur
2030 1917 2040 1933 ‚
2065 1892 2118 1928 sed

1088 1957 1197 1980 *mora
1221 1945 1352 1977 aucium
1377 1941 1547 1975 substantia
1571 1939 1625 1971 illa
1651 1939 1709 1971 alia
1735 1939 1891 1972 eXteriore
1916 1939 2034 1979 partim
2067 1936 2120 1970 su-

1107 1990 1154 2024 {ca
1177 2012 1186 2026 ,
1219 1989 1339 2029 partim
1363 1995 1428 2019 atra
1453 2008 1464 2025 ,
1496 1986 1529 2017 in
1554 1994 1621 2016 eam
1650 1982 1766 2015 molem
1790 1980 1961 2015 excrevisse
1983 2007 1990 2015 .
2015 1984 2065 2015 Ita
2088 1984 2120 2014 &

1109 2034 1263 2075 magnum
1286 2031 1417 2063 alterum
1440 2039 1537 2070 quem
1559 2026 1711 2060 describit
1726 2048 1734 2062 ‚
1760 2026 1931 2068 pingitque
1958 2025 2121 2059 Bezoldus

1111 2081 1123 2116 (
1147 2088 1178 2110 m
1203 2079 1213 2114 )
1239 2075 1345 2107 stratis
1370 2073 1497 2106 austum
1519 2073 1551 2103 in
1576 2071 1627 2103 via
1654 2078 1790 2112 putato,
1814 2081 1886 2113 quae
1912 2070 2015 2103 multo
2040 2081 2121 2112 pau-

1110 2121 1199 2153 ciora
1224 2116 1320 2151 essent
1343 2117 1399 2150 ubi
1421 2124 1626 2148 concreverat
1650 2112 1775 2146 nucleus
1798 2112 1883 2155 quast
1897 2112 2094 2155 crystallinus
2109 2121 2126 2152 ,l

1109 2173 1208 2206 quem
1232 2160 1384 2195 videntur
1408 2162 1520 2193 Icones
1545 2168 1608 2192 non
1633 2156 1695 2189 fine
1718 2157 1911 2198 quibusdam
1937 2157 2017 2191 striis
2039 2181 2046 2195 ,
2080 2158 2122 2192 ad

1111 2206 1180 2249 ejus
1203 2205 1362 2238 ambitum
1387 2212 1525 2237 acenti-o
1548 2199 1703 2236 dutotissic
1727 2200 1800 2233 satis
1816 2200 2021 2234 adumbrare.
2048 2202 2128 2236 Hu.⁷

1111 2250 1160 2291 jus
1184 2257 1290 2281 autem
1314 2248 1430 2281 calculi
1454 2246 1668 2288 dejeetionem
1694 2244 1800 2278 multo
1823 2245 1983 2287 longiores
1994 2245 2122 2280 dexteri

1112 2290 1355 2335 hypochondrii
1379 2290 1508 2323 dolores
1533 2286 1774 2331 praecesserant:
1800 2299 1855 2321 nec
1868 2289 2027 2323 Bezoldus
2053 2294 2120 2331 (n)

1113 2337 1184 2370 fieri
1208 2332 1294 2376 posse
1317 2345 1382 2367 non
1406 2333 1533 2369 censet,
1557 2333 1634 2374 quin
1661 2343 1675 2364 a
1701 2330 1835 2366 vesicula
1858 2330 1942 2366 fellis
1967 2345 2122 2375 provene-

1112 2382 1177 2412 rit.
1202 2380 1253 2411 De
1275 2378 1419 2417 duabus,
1443 2388 1519 2419 quas
1544 2374 1696 2417 subjicit,
1720 2375 2012 2410 Observationibus
2034 2377 2119 2419 deje-

1110 2424 1239 2456 c'torum
1263 2420 1408 2463 lapidum
1433 2421 1563 2454 alterius
1575 2421 1704 2459 magni,
1731 2421 1859 2453 alterius
1871 2421 2029 2461 minoris,
2054 2420 2122 2462 ipse

1444 2463 1556 2497 statues
1579 2478 1586 2494 ·.
1613 2462 1719 2495 Prima
1742 2463 1828 2496 enim
1851 2474 1970 2496 certam
1996 2465 2119 2497 nullam

1111 2509 1239 2550 antiqui
1262 2509 1297 2539 in
1322 2516 1431 2540 ventre
1455 2506 1578 2539 doloris
1600 2505 1704 2539 sedem
1723 2532 1732 2546 ,
1755 2506 1887 2540 secunda
1912 2508 2037 2541 nullum
2059 2508 2122 2541 do—

1110 2553 1210 2585 lorem
1233 2550 1357 2584 indicat
1380 2576 1386 2583 .
1417 2549 1506 2584 Cum
1530 2558 1635 2582 tamen
1661 2552 1799 2591 proponi
1824 2551 1856 2581 in
1880 2551 1934 2583 illa
1959 2551 2121 2586 calculum

1110 2596 1244 2637 legem,
1269 2594 1361 2637 cujus
1385 2592 1522 2627 rutilans
1546 2592 1666 2625 interna
1684 2592 1856 2635 substantia
1868 2604 1967 2626 meros
1989 2594 2120 2634 ostende-

1110 2637 1166 2671 bat
1189 2636 1320 2673 circulos
1336 2636 1428 2676 striis
1452 2634 1651 2677 intersec‘los,
1676 2640 1706 2668 δε
1731 2635 1982 2676 Observatoris,
2006 2640 2119 2672 Scroe-

1108 2681 1177 2715 ckii
1201 2681 1300 2725 patris
1316 2704 1324 2719 ,
1350 2679 1580 2713 delineationes
1601 2681 1615 2717 (
1638 2690 1655 2711 o
1679 2683 1689 2717 )
1713 2702 1722 2716 ,
1761 2680 1800 2712 ab
1822 2680 2035 2722 descriptione
2059 2682 2122 2717 hac

1112 2736 1176 2759 non
1202 2724 1427 2760 abhorrentes,
1452 2722 1647 2764 inspexeri53
1672 2722 1801 2757 fortaffe
1824 2734 1860 2756 ne
1879 2723 1962 2757 hunc
1987 2725 2120 2767 quidem

1112 2768 1273 2802 calculum
1299 2780 1314 2801 a
1339 2767 1517 2809 suspicione
1540 2764 1663 2807 rejicies
1687 2776 1760 2798 tua.
1788 2767 1950 2800 Minorem
1975 2777 2081 2801 autem
2105 2793 2120 2810 ,

1113 2814 1152 2845 de
1175 2824 1241 2854 quo
1265 2812 1347 2852 apud
1371 2810 1548 2843 Austorem
1572 2807 1828 2842 Brechtfeldium
1853 2813 1916 2851 (p)
1940 2822 2003 2843 non
2027 2813 2121 2853 plura.

1114 2867 1212 2897 quam
1227 2855 1310 2897 apud
1324 2853 1501 2887 Bezoldum
1514 2852 1657 2884 invenies
1671 2873 1679 2887 ,
1702 2863 1845 2893 quaerens
1858 2852 1988 2886 forfitan
2003 2877 2012 2890 ,
2040 2867 2118 2890 num

1115 2898 1246 2941 qnando
1270 2900 1296 2931 is
1313 2922 1324 2938 ,
1346 2906 1382 2929 ut
1405 2905 1468 2928 tres
1493 2896 1614 2936 priores
1635 2915 1644 2930 ‚
1668 2895 1775 2940 &stne
1800 2895 1928 2936 insuper
1951 2909 1966 2930 a
1992 2898 2119 2940 Malpi-

1116 2940 1196 2983 ghio
1218 2945 1232 2981 (
1254 2952 1272 2983 q
1294 2945 1307 2980 )
1329 2939 1435 2978 visus,
1457 2950 1472 2971 a
1497 2936 1633 2971 foemina
1656 2937 1799 2979 dejectus
1823 2937 1915 2979 fuit,
1939 2940 2014 2974 effet
2038 2943 2121 2982 illa,

1117 2996 1150 3018 ut
1175 2985 1212 3019 de
1238 2985 1341 3016 tribus
1364 2982 1428 3014 istis
1452 2982 1601 3014 novimus
1617 3006 1624 3018 ,
1649 2982 1777 3020 vetula,·
1801 2982 1884 3015 hunc
1909 3005 1918 3018 ‚
1941 2985 2075 3026 inquam
2105 3011 2120 3028 ‚

1114 3030 1278 3062 minorem
1302 3024 1413 3059 satisne
1435 3025 1494 3057 erit
1517 3024 1575 3057 tibi
1600 3023 1689 3057 fuisse
1712 3025 1845 3057 interius
1868 3026 1961 3065 instar
1983 3029 2124 3070 crystalli

1113 3071 1323 3109 albicantem,
1347 3071 1388 3102 (φ
1412 3068 1593 3100 rutilantem
1614 3089 1622 3104 ‚
1647 3068 1816 3100 arbitranti
1841 3069 1874 3101 in
1899 3072 1997 3104 nimis
2020 3072 2121 3114 pressa

1113 3114 1350 3156 descriptione,
1376 3109 1512 3154 potuisse
1536 3108 1628 3144 facile
1652 3110 1841 3144 strunuram
1865 3114 1975 3146 omitti
1999 3137 2008 3152 ,
2044 3128 2119 3158 (μη,-

1114 3166 1151 3191 ut
1174 3159 1207 3189 in
1232 3154 1399 3198 pellucidis
1423 3155 1518 3187 etiam
1540 3154 1630 3190 aliis,
1653 3154 1746 3195 supra
1767 3157 1783 3193 (
1805 3164 1820 3186 r
1842 3157 1852 3192 J
1872 3157 1890 3188 ‘a
1916 3166 1964 3189 me
1975 3169 2122 3192 comme-

1118 3202 1272 3238 moratis,
1296 3199 1315 3231 fi
1341 3196 1479 3230 diffraHti
1503 3195 1652 3233 fuissent,
1677 3195 1872 3240 apparuisset
1893 3198 2020 3233 fortasse
2035 3213 2118 3243 qua..

1117 3244 1156 3276 lis
1172 3245 1204 3275 iri
1218 3242 1381 3285 postremis
1392 3240 1548 3283 descripta
1560 3241 1601 3273 est
1613 3266 1620 3274 .
1646 3242 1770 3274 Verum
1784 3250 1820 3272 ne
1833 3239 1916 3273 forte
1926 3242 2119 3285 suspicioni-

1117 3288 1177 3320 bus
1191 3287 1322 3319 liberius
1332 3283 1508 3327 indulgeas,
1518 3282 1567 3317 fac
1582 3284 1643 3317 tibi
1654 3282 1787 3317 viciffim
1799 3284 1851 3314 Cl.
1864 3284 2029 3319 Chomelii
2042 3289 2120 3322 Ob:-

1120 3329 1308 3363 servationis
1332 3327 1390 3369 (s)
1405 3329 1512 3360 veniat
1524 3330 1557 3360 in
1572 3337 1731 3361 mentem:
1755 3327 1810 3368 qui
1823 3327 1856 3359 in
1868 3330 2030 3372 decrepita
2045 3332 2119 3365 Ma.

1119 3383 1212 3406 trona
1226 3372 1384 3405 sacculum
1398 3370 1606 3412 deprehendit
1620 3396 1628 3408 ,
1651 3373 1683 3402 in
1695 3380 1790 3411 quem
1802 3369 1830 3401 se
1841 3373 1960 3405 tunicae
1971 3374 2120 3411 intestini

1116 3417 1268 3450 Duodeni
1285 3417 1465 3448 laxaverant
1480 3435 1489 3451 ‚
1511 3415 1588 3447 bene
1601 3414 1720 3446 multos
1732 3413 1870 3447 cal-culos
1883 3417 2119 3460 continentem,

1116 3470 1256 3500 quorum
1278 3458 1299 3491 fi
1325 3458 1466 3490 exterius
1488 3458 1706 3499 inspetffiorum
1728 3455 1978 3497 descriptionem
2009 3461 2119 3503 legas,

1118 3502 1271 3544 simulque
1291 3500 1386 3537 scias,
1411 3502 1546 3533 interius
1569 3511 1607 3532 ex
1626 3498 1841 3540 circumjectis
1863 3500 1967 3534 stratis
1987 3497 2118 3548 compa.

1119 3547 1188 3578 ctos
1199 3568 1207 3583 ‚
1231 3547 1261 3576 &
1273 3545 1404 3588 propius
1416 3553 1562 3577 centrum
1575 3554 1613 3576 ex
1627 3541 1710 3575 striis
1723 3541 1872 3576 radiatim
1886 3547 2095 3587 pergentibus
2107 3572 2120 3592 ,

1679 3587 1705 3618 L
1994 3601 2075 3632 quas

67 3647 2119 3669 ffl———ffl-——ssmm

500 3703 658 3736 (tin-47-

183 3715 190 3743 )
207 3713 254 3736 111.
272 3707 439 3742 Animam-28.
722 3707 736 3736 ζ
751 3714 767 3730 n

213 3744 350 3766 Commerc.
368 3742 453 3763 Litter.
475 3739 503 3761 A.
523 3744 586 3766 i743.
605 3736 683 3761 Hebd.
701 3739 739 3761 28.
758 3745 781 3760 n.

726 3795 736 3822 (
759 3770 773 3796 (

728 3835 750 3849 2.

185 3748 272 3801 {Diffi
288 3772 316 3795 de
333 3771 400 3794 Mot.
420 3769 464 3792 ΒΗ.
485 3768 546 3791 Tab.
564 3776 584 3791 2.
602 3768 653 3797 Fig,
672 3775 694 3797 3.

186 3804 199 3831 )
216 3803 301 3830 opusc.
321 3801 413 3824 Pathol.
431 3798 490 3822 Obs.
511 3806 546 3827 33.
565 3798 622 3821 Hist.
641 3807 662 3826 7.

188 3864 201 3892 )

753 3806 761 3821 1
805 3806 819 3821 Π

202 3834 208 3860 Ji
225 3835 289 3860 Disp.
307 3832 334 3854 de
353 3829 491 3854 Choieiiiho
509 3829 561 3852 Cas.
581 3837 593 3850 π.
621 3829 643 3851 8<
661 3827 710 3855 Fla.
770 3798 791 3852 ΒΞ

782 3706 796 3735 )
812 3706 868 3731 Vid.
885 3707 952 3736 supra
968 3706 997 3730 ad
1014 3714 1038 3730 n.
1055 3713 1092 3730 20.

798 3744 822 3759 2.
885 3738 898 3765 (
915 3738 956 3771 z)
973 3736 1036 3771 ibid.
1055 3735 1133 3760 Hebd.
1151 3742 1186 3766 36.
1207 3745 1230 3761 n.
1248 3746 1269 3763 4-

786 3775 797 3791 ε
811 3767 1207 3830 3.133.Lapx(d¹Z-fl&galps.3lolscit.
1226 3798 1293 3826 supra
1310 3798 1337 3820 ad
1353 3804 1380 3819 n.
1399 3804 1434 3826 13.

214 3862 242 3887 ‘in
259 3862 311 3888 ACt.
330 3862 397 3886 Med.
417 3856 493 3885 Hafa.
512 3859 568 3884 Vol.
586 3867 605 3884 i.
622 3854 754 3884 Obsfioo'.
808 3836 830 3888 3(-
846 3866 860 3888 q
876 3827 1037 3889 )(siipia¹,b¹tti.⁴
1053 3835 1122 3888 ils-⁷

1154 3707 1168 3736 (
1183 3715 1197 3730 x
1213 3707 1226 3736 )
1241 3706 1304 3735 Eph.
1322 3707 1357 3729 N.
1374 3707 1402 3730 C.
1421 3707 1492 3729 cent.
1510 3713 1532 3735 9.
1551 3707 1573 3729 8ο
1591 3713 1626 3729 ιο,
1645 3705 1753 3733 Append.
1771 3706 1792 3730 1.
1810 3705 1876 3730 obs.
1889 3715 1926 3737 35.

1331 3737 1374 3765 (a
1395 3735 1480 3763 )Tab.
1502 3744 1522 3760 1.
1543 3736 1593 3762 Fit.
1611 3738 1648 3758 26.

1741 3764 1808 3795 (f)
1825 3775 1849 3790 n.
1869 3769 1905 3792 18.

1220 3769 1234 3796 (
1249 3768 1265 3791 d
1280 3767 1293 3795 )
1308 3768 1357 3795 Op.
1377 3765 1453 3790 Posth.
1516 3767 1530 3795 (
1545 3775 1556 3790 e
1573 3766 1585 3793 3
1601 3773 1625 3789 n.
1643 3768 1680 3801 46.
1967 3771 2035 3799 (g)
2054 3770 2118 3794 Ibid,

1155 3859 1163 3888 (
1182 3829 1252 3888 55¹¹)
1269 3827 1331 3883 ligii.
1349 3829 1382 3851 N.
1400 3829 1425 3850 C.
1444 3797 1539 3850 Decfil.
1554 3801 1697 3853 Quaedbs
1720 3833 1758 3853 φο.
1776 3826 1826 3854 Flu.
1848 3836 1866 3856 3-
1884 3830 1906 3852 ες
1924 3836 1939 3857 4

1377 3857 1387 3888 (
1401 3856 1440 3887 s)
1457 3856 1518 3883 nist.
1529 3857 1558 3882 de
1575 3857 1590 3882 ι’
1600 3856 1674 3883 acad.
1684 3857 1761 3883 indes
1777 3849 2116 3890 sc.a.1710,obs.anat,3,
