2498 4075
433 132 499 184 44

365 202 520 237 riolarum
544 198 697 242 angustias
718 200 927 242 obsidebant,
950 201 1248 243 earumquetunicas
1258 200 1372 234 disten-

364 245 472 280 dendo
482 244 670 278 enervabant
688 264 698 280 9
719 244 871 287 simulque
885 246 979 278 initia
992 255 1159 278 nervorum
1171 243 1371 287 premebant,

362 289 591 331 apoplexiam,
614 286 815 331 subitamque
837 289 928 323 illam
940 297 1077 321 mortem
1097 290 1276 331 repetiero.
1299 288 1371 321 Nec

358 331 474 366 desunt
499 331 569 363 aliae
593 331 869 373 apopleeticorum
891 331 1093 365 diss'effiones
1114 355 1127 372 ,
1161 333 1194 364 in
1230 342 1370 374 quorum

359 375 482 411 cerebri
504 371 581 406 vasis
605 384 655 406 aer
677 372 716 408 fit
740 374 992 409 animadversus.
1017 375 1112 408 Binas
1135 374 1219 408 infra
1242 377 1308 414 (r)
1329 385 1367 406 ex

366 420 536 452 Brunnero
559 415 754 459 producam.
777 417 842 461 Ipsi
875 429 1003 461 quoque
1033 418 1153 463 Joanni
1186 415 1366 450 Wilhelmo

361 459 545 500 Albrechto
564 482 575 498 ,
609 461 785 494 Anatomes
831 461 1001 495 Professori
1043 460 1250 504 Gottingenfi
1283 460 1338 503 (s
1350 463 1364 500 )

356 517 433 539 curn
453 504 586 548 quidam
609 513 738 547 repente
760 506 909 546 ingruens
940 504 1035 547 sopor
1065 503 1172 538 statim
1207 502 1327 537 sensum
1353 529 1362 544 ‚

355 553 388 582 δι
414 559 543 586 vocem,
567 550 651 581 intra
673 547 808 582 biduum
832 557 937 585 autem
959 549 1061 581 vitam
1093 545 1261 581 abstulisset
1284 571 1293 586 ‚
1325 557 1362 582 ut

357 592 484 626 Medici
506 590 601 625 essent
632 593 688 633 qui
720 592 899 634 apoplexiae
931 593 1059 625 nomine
1092 590 1362 632 comprehendena

353 636 432 669 dum
453 635 635 673 censerent,
657 636 691 668 in
713 635 830 668 cerebri
854 633 932 669 vasis
953 633 1180 667 evidentiffime
1205 644 1254 667 aer
1276 634 1359 672 suit.

353 680 509 716 Attamen
532 679 565 711 in
598 678 649 710 his
682 677 785 712 tribus
817 678 886 712 aliae
917 688 1004 711 erant
1036 678 1069 709 in
1102 676 1232 710 cerebro
1262 677 1361 711 causae

352 723 435 759 unde
458 722 507 754 vel
531 721 595 754 fine
617 720 677 754 illo
699 733 765 754 aere
788 720 845 757 esse
867 719 969 763 posset
993 719 1159 767 apoplexia
1183 743 1196 760 ,
1228 732 1361 764 quarum

351 767 421 799 vim
442 763 605 799 causarum
628 765 753 797 aufftam
775 763 905 807 quidem
927 776 965 798 eo
987 763 1141 805 adjuntsto
1163 786 1177 803 ,
1210 763 1260 797 sed
1293 776 1358 798 non

350 819 496 842 exortam
519 817 610 851 putes
633 831 641 838 .
675 809 714 840 In
739 806 911 849 propofitis
933 818 1008 840 vero
1053 818 1069 838 a
1113 817 1163 839 me
1206 805 1359 850 AEthiope

348 855 364 891 (
387 861 402 886 t
423 856 436 891 )
448 875 461 892 ,
484 853 516 884 &
541 850 699 883 Piscatore
723 860 787 882 non
810 859 898 883 erant
921 851 955 884 in
978 848 1111 885 cerebro
1133 871 1143 886 ‚
1168 860 1284 892 praeter
1307 863 1356 884 ae-

347 906 435 934 rem,
456 892 555 927 causae
577 893 740 937 cumillis
763 893 1004 936 comparandae.
1030 892 1090 926 Sed
1112 895 1219 927 multo
1251 895 1356 929 minus

347 937 435 971 fuere
456 938 490 970 in
513 935 671 977 foemina,
695 948 787 980 quae,
810 947 847 970 ut
871 935 1025 979 AEthiops
1044 961 1052 975 ,
1087 935 1124 970 ad
1155 936 1276 971 sensum
1308 939 1355 971 sa-

344 993 385 1019 na
399 1005 413 1022 ,
436 980 544 1015 subito
567 988 695 1014 mortua
717 979 900 1014 conciderat
914 1006 921 1013 .
945 980 1025 1023 Ejus
1048 982 1134 1013 enim
1154 980 1285 1015 cadaver
1306 994 1355 1016 ac-

344 1034 478 1063 curate,
510 1032 547 1058 ut
581 1023 661 1058 solet
683 1047 695 1064 ,
726 1023 884 1065 persecans
916 1024 1129 1058 Anatomicus
1157 1023 1353 1060 Cla1-iffirnus

347 1069 520 1112 Philippus
542 1066 710 1101 Conradus
724 1067 886 1102 Fabritius
908 1071 976 1109 (u)
999 1079 1072 1102 cum
1086 1066 1353 1110 istiusmodiapo-

344 1112 460 1155 plexiae
482 1110 606 1145 causam
626 1121 805 1154 quaereret,
827 1123 891 1144 non
913 1109 1012 1144 modo
1033 1111 1180 1151 firmam,
1203 1120 1239 1144 ut
1251 1122 1309 1145 nos
1320 1114 1353 1146 in

343 1155 411 1190 illis
434 1154 558 1190 duobus
575 1178 588 1195 ,
609 1154 729 1187 cerebri
754 1153 956 1188 substantiam
978 1153 1114 1188 offendit
1128 1165 1142 1194 ,-
1164 1153 1215 1188 sed
1229 1165 1267 1187 ne
1277 1165 1353 1198 gut-

342 1208 412 1234 tam
435 1197 568 1241 quidem
590 1197 668 1237 seri,
693 1197 809 1231 nedum
823 1197 1007 1240 sanguinis,
1028 1196 1157 1231 effusam
1167 1198 1355 1239 invenit‚·ut

341 1241 458 1275 diserte
479 1240 712 1274 confirmaverit
723 1265 737 1281 ,
760 1252 824 1274 non
848 1252 975 1275 ornnem
999 1241 1202 1285 apoplexiam
1226 1253 1354 1283 veram,

340 1289 373 1319 ἃ
397 1285 490 1319 celeri
512 1293 628 1317 eventu
650 1283 806 1317 funestam
830 1284 868 1317 ab
888 1283 988 1319 effuso
1018 1285 1169 1327 sanguine
1188 1308 1201 1325 ,
1233 1294 1287 1319 aut
1308 1286 1354 1319 se·-

339 1341 403 1375 r0,
425 1337 480 1362 aut
504 1328 543 1361 ab
564 1328 651 1363 illius
676 1329 710 1360 in
733 1326 811 1361 vafis
834 1329 952 1362 cerebri
976 1326 1177 1371 congestione
1200 1327 1258 1361 esse
1268 1339 1357 1371 repe-

341 1373 494 1411 tendam3
515 1373 632 1414 quippe
657 1372 690 1403 in
714 1381 747 1406 ca
771 1370 904 1405 foernina
928 1373 1077 1412 arteriis,
1099 1370 1247 1414 venisque
1271 1383 1356 1406 cere-

338 1416 412 1456 bri,
436 1418 468 1448 δε
490 1414 607 1450 Crass‘ce
631 1415 790 1458 meni-ngis
814 1416 942 1449 Sinibus
965 1417 1098 1459 repertis
1121 1413 1271 1458 sanguine
1281 1418 1354 1459 qui-

339 1461 413 1494 dem
438 1460 643 1498 carentibus,
660 1456 718 1499 sed
739 1469 807 1492 aere
831 1458 988 1498 distentis.

383 1514 435 1546 25.
460 1503 559 1536 Nunc
582 1502 663 1538 illud
688 1512 785 1534 unum
808 1501 967 1544 reliquum
989 1502 1054 1543 est,
1076 1512 1112 1537 ut
1123 1504 1353 1545 interrogatio-

340 1547 375 1580 ni
399 1555 463 1581 tuae
485 1549 556 1586 (x)
579 1544 757 1579 satisfacere
791 1556 964 1587 conemur,
996 1545 1019 1579 si
1043 1545 1129 1580 forte
1159 1545 1351 1588 conjecturis

338 1588 457 1633 assequi
482 1590 599 1626 liceat,
621 1600 684 1665 qua
708 1588 832 1622 ratione
856 1600 906 1622 aer
928 1601 945 1622 e
967 1589 1128 1632 sanguinis
1150 1591 1316 1634 particulis
1337 1614 1350 1631 ,

334 1634 451 1679 quibus
475 1633 583 1666 exacte
605 1632 631 1665 es
669 1631 892 1673 intermistus,
925 1632 954 1666 se
988 1635 1124 1667 extricet
1145 1659 1155 1673 ,
1185 1642 1281 1676 atque
1314 1635 1348 1666 in

335 1687 388 1710 tot
411 1677 513 1711 bullas
536 1685 663 1718 repente
684 1684 797 1709 coeat.
826 1676 871 1708 Et
894 1677 1034 1710 Littrius
1067 1676 1199 1720 quidem
1238 1675 1348 1719 posuit

332 1724 405 1764 (y)
426 1744 435 1760 ‚
462 1730 562 1753 aerem
583 1730 657 1753 cum
678 1718 830 1753 omnibus
854 1719 950 1754 nostri
980 1723 1128 1763 corporis
1159 1720 1348 1755 humoribus

334 1766 452 1798 intime
473 1762 679 1797 commistum
704 1762 863 1805 perstare,
897 1765 1039 1807 quandiu
1063 1765 1152 1799 suum
1186 1764 1222 1798 hi
1256 1773 1349 1798 natu-

335 1808 435 1842 ralem
459 1817 610 1849 motum,
633 1809 666 1840 δε
690 1805 888 1841 fluiditatem
909 1807 1118 1841 conservant:
1143 1807 1167 1841 fi
1190 1807 1258 1841 haec
1281 1807 1348 1842 duo

337 1853 596 1891 imminuantur,
620 1851 776 1887 continuo
793 1861 901 1890 ¹aerem
923 1850 953 1883 se
978 1850 1006 1884 se
1030 1851 1068 1884 ab
1090 1852 1155 1885 illis
1180 1851 1345 1894 expedire.

334 1898 450 1938 Itaque
471 1907 548 1930 cum
570 1895 603 1927 in
627 1905 737 1927 eorum
759 1893 964 1928 cadaveribus
987 1896 1044 1937 qui
1069 1896 1166 1938 paulo
1189 1894 1258 1938 post
1279 1905 1347 1928 ma-

338 1952 415 1983 gnas
450 1938 609 1982 sanguinis
641 1936 807 1972 effusiones
838 1937 1028 1971 decesserant
1052 1960 1061 1976 ,
1094 1938 1347 1981 quamplurimos

337 1994 487 2016 venarum
510 1980 708 2016 ramusculos
731 1980 896 2015 invenisset
921 1992 988 2015 aere
1011 1981 1122 2023 plenos
1153 1984 1169 2020 (
1192 1993 1216 2024 z
1237 1985 1251 2021 )
1273 2008 1282 2022 ‚
1315 1985 1348 2015 &

338 2027 416 2061 duas
439 2025 534 2069 hujus
557 2027 603 2059 rei
626 2025 731 2058 causas
754 2023 934 2068 proferret3
957 2024 1040 2058 hanc
1063 2027 1197 2067 primam
1211 2025 1347 2065 attulit,

334 2071 379 2105 ob
401 2071 596 2110 lentiorem,
619 2067 731 2102 fraffis
753 2068 903 2102 videlicet
923 2068 1069 2107 viribus,
1094 2068 1255 2111 sanguinis
1280 2080 1349 2101 mo-

334 2125 430 2154 tum,
453 2116 484 2146 &
506 2112 649 2157 ejusdem
672 2122 771 2155 quam
794 2112 900 2154 reapse
921 2110 1074 2153 videbat,
1098 2111 1348 2147 crassitudinem,

336 2162 368 2193 Bc
393 2155 601 2193 denfitatem,
627 2166 727 2189 aerem
752 2153 781 2188 se
804 2155 838 2188 in
862 2154 1043 2190 libertatem
1066 2155 1231 2190 restituisse
1245 2179 1258 2196 ,
1294 2154 1349 2188 ad-

336 2201 523 2246 juvantibus
547 2200 714 2242 sanguinis
737 2198 929 2240 particulis,
951 2210 1023 2241 quae
1045 2208 1083 2232 ut
1107 2200 1192 2232 inter
1215 2198 1243 2231 se
1275 2209 1351 2244 pro-

337 2246 410 2290 pius
434 2243 639 2283 accederent,
662 2245 695 2275 &
717 2240 947 2282 densarentur,
969 2240 1173 2284 interjectum
1185 2253 1285 2275 aerem
1296 2253 1352 2274 ex-

338 2290 475 2331 primere
497 2284 690 2320 debuissent.
716 2285 838 2318 Verum
861 2284 899 2318 ad
922 2285 978 2317 illa
1010 2296 1080 2328 quae
1115 2286 1253 2329 ponebat
1286 2286 1351 2318 Vir

337 2329 657 2373 Experientiffimus,
680 2325 738 2360 nisi
765 2328 827 2360 alia
850 2327 1056 2369 adderemus,
1078 2339 1149 2371 quae
1184 2327 1250 2373 ejus
1283 2328 1352 2361 sen-

337 2375 499 2413 tentiam,
523 2382 559 2407 ut
585 2381 685 2415 puto,
709 2370 924 2410 illustrarent,
948 2371 1131 2414 sequeretur
1153 2371 1248 2405 facile
1267 2394 1280 2411 ,
1312 2379 1350 2405 ut

338 2418 445 2453 multo
470 2416 582 2459 saepius
605 2418 638 2448 in
661 2413 849 2448 cadaverum
872 2412 949 2447 vasis
972 2413 1138 2448 evolutum
1162 2426 1261 2449 aerem
1273 2425 1350 2447 con-

340 2463 547 2505 spiceremus.
573 2461 641 2493 Hic
665 2467 770 2492 autem
794 2468 857 2490 non
883 2456 966 2491 addo
988 2480 998 2495 ,
1032 2458 1106 2500 quia
1140 2460 1174 2490 in
1196 2456 1350 2500 AEthiope

339 2505 489 2544 nullam,
512 2505 546 2536 in
571 2502 733 2536 Piscatore
758 2509 864 2535 autem
898 2502 954 2536 vix
990 2501 1175 2543 portionem
1206 2502 1348 2544 aliquam

343 2551 490 2583 exiguam
514 2547 695 2579 invenimus
717 2545 863 2577 concreti
887 2543 1068 2586 sanguinis;
1090 2553 1126 2578 ut
1159 2545 1219 2578 alia
1252 2544 1346 2577 nobis

342 2587 511 2636 quaerenda
535 2589 574 2622 fit
598 2589 777 2631 explicatio
793 2614 800 2619 .
826 2587 926 2621 Haud
949 2587 1068 2621 inutile
1105 2597 1211 2621 tamen
1247 2587 1346 2621 fuerit

346 2636 464 2670 Littrii
488 2634 740 2676 explicationem
764 2629 946 2674 produxisse
961 2655 969 2662 .
994 2632 1080 2665 Cum
1104 2634 1190 2666 enim
1206 2630 1352 2665 idemes-

349 2679 453 2713 fectus
477 2679 552 2711 alias
586 2678 620 2709 in
657 2675 728 2710 aliis
762 2673 954 2717 corporibus
992 2674 1030 2707 ab
1063 2675 1134 2708 aliis
1163 2674 1261 2709 causis
1292 2672 1349 2708 esse

344 2732 440 2766 queat
454 2746 466 2762 ,
485 2721 541 2757 hic
565 2729 672 2754 autem
709 2719 827 2760 aepius,
855 2726 890 2751 ut
915 2716 1098 2764 Ruyschius
1119 2722 1133 2758 (
1154 2731 1172 2752 a
1194 2723 1207 2759 )
1231 2718 1350 2758 docet,

343 2768 375 2803 in
395 2766 505 2809 subito
527 2762 676 2799 morienti
696 2773 734 2798 us
757 2770 925 2799 occurrat3
948 2761 1073 2804 juvabit
1096 2761 1246 2805 p1⁴ofe6to
1279 2761 1352 2803 plu-

346 2821 397 2843 res
419 2808 525 2842 causas
547 2804 687 2843 novisse,
713 2814 750 2838 ut
775 2805 853 2837 alias
876 2805 972 2837 aliam
994 2804 1129 2848 seligas,
1152 2817 1221 2853 quae
1237 2804 1353 2839 videli-

345 2861 414 2891 cet,
438 2850 586 2893 spectatis
608 2847 760 2883 omnibus
776 2871 785 2886 ‚
809 2849 912 2891 magis
927 2848 960 2882 in
973 2859 1038 2882 rem
1053 2850 1249 2892 propositam
1273 2859 1352 2882 con-

341 2896 448 2930 venire
472 2893 634 2927 videatur.

391 2944 444 2973 26.
470 2937 545 2976 Qua
567 2943 674 2969 mente
697 2934 829 2969 alteram
851 2946 979 2977 quoque
1001 2935 1268 2969 considerabimus
1281 2946 1354 2969 cau-

345 2982 410 3017 sam
435 2986 526 3024 (quae
549 2977 674 3012 tametsi
697 2978 736 3011 ad
760 2980 842 3011 aeris
865 2979 1081 3012 evolutionem
1104 2990 1167 3012 non
1191 2981 1352 3019 attineat3

346 3027 387 3062 ad
412 3025 479 3068 ejus
501 3033 603 3057 tar-nen
627 3023 784 3062 nimiam,
806 3033 903 3065 quam
927 3021 1055 3056 demum
1079 3023 1262 3064 Ruyschius
1285 3047 1296 3063 ,
1320 3025 1353 3056 δε

346 3081 406 3103 nos
429 3068 629 3112 spectamus,
653 3067 688 3098 in
713 3064 861 3108 sanguine
885 3067 1012 3106 copiam
1035 3069 1152 3100 attinet
1172 3071 1186 3107 )
1208 3066 1353 3106 causam,

347 3114 502 3156 inquam,
524 3110 658 3144 alteram
681 3108 946 3143 considerabimus
969 3109 1007 3142 de
1031 3109 1150 3144 duabus
1174 3122 1250 3153 quas
1284 3111 1355 3143 Lit-

347 3158 428 3189 trius
451 3155 685 3196 excogitaverat
699 3174 709 3190 ‚
732 3153 780 3185 vel
806 3153 934 3194 potius,
957 3151 979 3185 fi
1001 3153 1038 3187 de
1063 3153 1120 3187 hac
1146 3154 1241 3187 altera
1263 3152 1355 3187 durn-

346 3207 437 3233 tsxat
459 3199 647 3240 loquamur,
671 3208 687 3230 a
711 3196 830 3238 Meryo
853 3195 1069 3238 quadantenus
1092 3206 1271 3241 acceperat.
1285 3198 1353 3230 Hic

349 3244 435 3275 enim
459 3241 524 3282 (b)
547 3251 742 3274 cumvenam
752 3241 874 3273 Cavam
885 3240 1021 3273 viventis
1037 3242 1123 3274 canis
1138 3241 1228 3284 supra
1238 3241 1351 3275 Emul-

348 3295 456 3328 gentes
468 3282 627 3326 punxiffet
639 3307 651 3324 ,
673 3295 828 3326 eamque,
852 3291 888 3330 ut
899 3282 1084 3325 sanguinem
1096 3285 1286 3322 emittebat,
1305 3285 1351 3317 ita

349 3331 445 3362 aereis
468 3327 565 3361 bullis
586 3326 839 3369 ingredientibus
862 3326 954 3361 slmul
978 3338 1052 3361 cum
1077 3328 1223 3371 sanguine
1247 3327 1286 3360 ab
1301 3338 1352 3360 ve-

351 3383 398 3405 nae
412 3370 592 3409 radicibus,
617 3370 768 3412 impleri,
790 3370 1082 3412 animadvertisset,
1106 3370 1350 3412 eomajoribus,

350 3426 417 3456 quo
439 3416 543 3448 minus
565 3413 727 3456 sanguinis
750 3413 928 3457 supererat,
951 3424 1014 3447 non
1038 3415 1197 3449 dubitavit
1211 3415 1289 3457 quin
1302 3413 1351 3447 hae

351 3457 446 3492 bul-lae
469 3457 507 3490 ab
528 3468 596 3492 aere
618 3456 713 3491 essent
736 3459 793 3500 qui
815 3468 875 3500 ope
899 3456 1118 3500 respirationis
1153 3460 1186 3491 in
1220 3458 1350 3491 Pulmo-

497 3608 520 3624 n-
538 3609 577 3633 3⁰·
642 3603 709 3633 (s)
724 3605 862 3630 Commerc.
878 3603 965 3628 Litter.
982 3605 1015 3629 A.
1032 3608 1099 3633 1736.
1115 3604 1193 3629 Hebd.
1210 3612 1248 3629 ιι.
1267 3611 1291 3628 n.
1302 3611 1323 3627 1.

501 3633 592 3659 supra,
608 3639 631 3656 n.
650 3636 683 3656 18.
699 3633 725 3657 in
741 3634 783 3658 fin.

439 3608 451 3625 ν
466 3600 481 3630 )

443 3639 458 3655 Α·
475 3635 485 3658 >

439 3669 455 3685 a
475 3662 482 3690 )
499 3661 568 3695 Resp·
585 3663 616 3685 ad
632 3662 706 3691 Epist.
723 3664 803 3688 Probi.
821 3669 859 3688 16.
922 3665 937 3694 ζ
950 3665 964 3688 b

434 3691 467 3720 e)
484 3692 542 3716 ναά-
560 3689 597 3716 bu
613 3693 699 3718 Hamel
717 3696 746 3718 R.
764 3696 801 3718 Se.
818 3695 892 3718 Aead.
909 3695 970 3719 Hrst.
985 3697 1035 3722 l·4-
1052 3698 1076 3719 S.
1087 3704 1108 3720 2.
1124 3703 1175 3725 c.3.
1193 3704 1208 3719 n
1228 3703 1263 3721 12-
1280 3697 1347 3724 &¹3-

437 3721 455 3752 f
467 3721 481 3750 )
497 3723 591 3753 supra,
606 3729 628 3748 n.
647 3723 683 3747 18.
744 3724 814 3754 (g)
833 3724 967 3755 Phyfiolog.
984 3726 1053 3751 Med.
1072 3727 1087 3752 l,
1106 3733 1124 3751 1.
1142 3735 1163 3751 c.
1182 3734 1205 3755 4·

411 3600 429 3753 ors-*tv*

840 3635 884 3664 (Ι
899 3634 913 3663 )
929 3634 987 3658 Hist.
1004 3634 1034 3657 de
1050 3635 1149 3660 l'Aead.
1168 3637 1199 3659 R.
1217 3634 1258 3659 des
1275 3636 1312 3658 Sc.
1329 3634 1359 3658 Α.
1377 3641 1441 3663 ¹71⁴·

979 3670 989 3694 )
1004 3665 1085 3690 Mem.
1101 3666 1131 3690 de
1147 3665 1243 3690 l'Aead.
1262 3667 1293 3688 R.
1309 3663 1350 3688 des
1367 3667 1402 3689 Sc.
1421 3667 1451 3689 A.
1470 3672 1538 3694 1707.

956 116 1114 171 Liber
1146 117 1184 170 1,
1218 117 1303 170 De
1337 116 1545 170 Morbis
1578 115 1784 181 Capitis

1422 210 1528 232 narem
1550 209 1661 232 venam
1683 198 1855 242 trajectus,
1871 198 1961 232 illinc
1983 207 2037 240 per
2061 195 2332 231 finistrumcordis
2342 206 2416 231 ven*

1422 242 1599 282 triculum,
1622 242 1834 284 Magnamque
1857 243 2005 276 arteriam
2026 240 2154 275 tandem
2176 241 2414 276 invenaeCavae

1423 285 1542 319 radices
1565 296 1627 318 una
1649 295 1722 318 cum
1746 285 1892 327 sanguine
1915 284 2164 319 conveheretur.
2189 284 2270 317 Haec
2308 283 2415 316 autern

1420 330 1537 371 Meryo
1559 337 1653 361 tanto
1675 327 1805 362 facilior
1819 354 1829 369 ,
1853 338 1946 373 atque
1968 327 2047 362 adeo
2068 326 2271 360 commodior
2284 336 2349 359 erat
2359 338 2413 359 ex—

1419 373 1573 414 plicatio,
1596 371 1683 415 quod
1706 383 1806 405 aerem
1828 373 1876 405 vel
1899 372 2069 407 secundum
2079 380 2225 406 naturam
2236 381 2292 413 per·
2303 381 2413 403 venam

1418 417 1641 450 Pulmonarem
1662 416 1695 448 in
1720 414 1903 458 sanguinem
1926 414 2091 450 admissum
2106 437 2116 452 ‚
2138 415 2253 447 intime
2262 425 2334 447 cum
2347 413 2412 447 hoc

1412 459 1563 498 -misceri,
1587 458 1800 501 pernegabat,
1821 460 1940 502 quippe
1962 458 2027 502 jam
2051 459 2128 492 aeris
2149 457 2224 490 satis
2238 458 2354 500 pleno,
2376 465 2414 491 ut

1413 513 1488 536 cum
1511 501 1696 545 potionibus
1711 526 1724 542 ,
1746 505 1778 536 &
1800 504 1904 543 cibis,
1925 503 1973 536 ita
1992 514 2067 537 cum
2091 502 2264 544 sanguine,
2284 501 2342 544 qui
2373 512 2413 534 ex

1413 546 1454 578 iis
1477 545 1664 583 conficitur,
1688 546 1801 579 intime
1814 545 1980 588 permisti:
2002 548 2110 589 itaque
2121 545 2206 579 hunc
2219 544 2351 588 quidem
2360 545 2412 577 in-

1413 590 1491 622 time
1515 588 1701 631 permistum
1723 600 1824 622 aerem
1846 589 2011 630 censebat,
2035 600 2100 623 non
2124 588 2209 622 secus
2232 599 2266 621 ac
2278 587 2319 620 sal
2331 598 2411 630 aqua

1412 631 1619 670 dissolutum,
1640 643 1714 666 curn
1737 633 1861 666 secretis
1884 645 1900 666 a
1924 632 2072 676 sanguine
2104 631 2293 667 humoribus
2325 632 2411 664 exire

1413 687 1468 718 per
1491 677 1687 710 emunctoria
1710 675 1882 719 quaelibet:
1906 676 2002 710 illum
2024 684 2129 711 autem
2150 677 2284 709 alterurn
2306 685 2410 708 aerem

1413 730 1467 761 per
1491 720 1711 753 Pulmonarem
1733 731 1843 753 venam
1865 719 2039 754 immissum
2050 743 2063 760 ,
2083 730 2171 763 aeque
2193 730 2230 753 ac
2253 718 2295 752 sal
2343 717 2411 752 uod

1412 762 1507 796 addas
1530 774 1618 805 aquae
1642 772 1730 795 antea
1754 762 1814 796 sale
1837 763 1983 796 saturatae
1994 787 2007 804 ,
2030 763 2150 805 semper
2180 763 2327 806 impermi
2357 772 2411 796 um

1408 805 1539 848 perstare
1553 825 1565 843 ,⁴
1586 815 1814 849 proptereaque
1837 817 1853 838 e
1876 805 2035 850 sanguinis
2059 807 2156 840 alveis
2179 817 2244 839 non
2268 805 2325 839 nisi
2337 816 2411 839 curn

1409 848 1447 882 ad
1469 851 1619 882 arteriam
1642 850 1864 883 Pulmonarem
1887 861 1948 883 una
1971 861 2044 884 cum
2056 849 2202 893 sanguine
2211 850 2389 892 pervenerit
2403 875 2413 890 ,

1406 892 1512 935 egredi
1536 891 1643 935 posse,
1665 892 1773 926 eadem
1796 891 1947 927 videlicet
1959 893 2048 927 usum
2062 905 2123 936 qua
2133 893 2322 933 advenerat,
2344 893 2411 927 As-

1405 948 1485 979 perae
1508 938 1628 970 arteriae
1650 937 1720 969 via.
1744 938 1905 971 Caeterum
1931 938 2063 978 Meryus
2086 935 2151 979 ipse
2172 938 2252 977 (c)
2282 938 2316 970 in
2348 937 2410 970 alia

1404 980 1487 1012 olim
1511 979 1661 1014 sententia
1687 979 1812 1020 fuerat,
1835 979 1981 1018 censens,
2003 979 2179 1014 immissum
2201 991 2256 1023 per
2279 979 2411 1022 pulmo-

1404 1032 1457 1056 nes
1480 1034 1581 1056 aerem
1603 1025 1636 1057 in
1659 1022 1779 1057 horum
1803 1025 1890 1057 venis
1912 1035 1986 1057 cum
2009 1023 2157 1066 sanguine
2180 1023 2327 1067 exquzfite
2348 1025 2411 1056 mi-

1404 1066 1501 1105 sceri,
1527 1069 1559 1100 &
1581 1067 1749 1110 nequando
1771 1069 1869 1101 nimis
1891 1067 2000 1101 auctus
2022 1067 2279 1100 contraffionem
2301 1066 2410 1101 cordis

1404 1109 1558 1152 impediat
1568 1133 1581 1150 ,
1600 1120 1656 1152 per
1677 1110 1880 1153 insensibilem
1900 1109 2155 1153 perspirationem
2170 1108 2312 1153 difflari:
2334 1122 2408 1153 quae

1404 1154 1557 1196 quoniam
1582 1154 1704 1186 tardius
1721 1152 1765 1195 fit
1786 1155 1818 1187 in
1841 1154 2009 1194 testudine3
2031 1153 2107 1187 ideo
2130 1164 2230 1187 aerem
2253 1155 2287 1187 in
2310 1153 2407 1197 hujus

1407 1195 1484 1230 vasis
1508 1196 1689 1230 abundare.
1716 1197 1798 1238 Qae
1821 1208 1895 1231 cum
1919 1199 1964 1229 ita
1986 1195 2103 1235 ess'ent3
2137 1198 2280 1231 Littrius
2310 1196 2408 1231 'sicuti

1406 1242 1623 1283 antiquiorem
1644 1239 1724 1274 hanc
1750 1240 1858 1283 Meryi
1880 1240 2066 1273 sententiam
2089 1241 2124 1273 in
2146 1252 2185 1273 eo
2207 1251 2312 1274 rerum
2325 1239 2407 1286 statu

1404 1286 1462 1326 qui
1485 1283 1654 1318 secundum
1676 1293 1823 1316 naturam
1844 1283 1909 1324 est,
1935 1282 2142 1326 sequebatur,
2166 1284 2213 1317 ita
2228 1285 2409 1318 imminuto

1404 1338 1460 1369 per
1483 1328 1583 1370 largas
1607 1325 1858 1371 haemorrhagias
1882 1326 2055 1369 sanguine,
2077 1330 2109 1361 δε
2132 1325 2273 1360 denfiore
2295 1327 2407 1368 facto,

1404 1370 1555 1405 hactenus
1579 1373 1787 1405 recentiorem
1809 1371 1896 1404 illius
1919 1369 2110 1404 sententiam
2139 1371 2295 1412 probabat
2315 1394 2329 1412 ,
2369 1379 2408 1405 ut

1403 1423 1480 1448 tunc
1503 1415 1628 1448 misceri
1652 1416 1767 1448 intime
1793 1425 1893 1447 aerem
1927 1425 2003 1448 cum
2035 1412 2192 1456 ejusmodi
2223 1414 2377 1457 sanguine
2394 1438 2408 1455 ,

1402 1458 1468 1500 ipse
1490 1470 1619 1502 quoque
1639 1467 1789 1502 negaret,
1813 1457 1960 1500 illiusque
1983 1457 2087 1492 bullas
2109 1456 2224 1491 eodem
2245 1470 2312 1501 quo
2334 1455 2409 1492 Me-

1401 1513 1476 1544 ryus
1497 1503 1611 1535 itinere
1632 1503 1665 1535 in
1687 1501 1806 1535 radices
1829 1512 1980 1535 venarum
2006 1500 2209 1543 perduceret.

1444 1557 1495 1588 27.
1522 1546 1636 1588 Neque
1660 1545 1703 1579 est
1724 1556 1828 1588 opus,
1852 1556 1908 1578 nec
1931 1545 2007 1578 licet
2031 1545 2140 1580 omnia
2162 1556 2234 1588 quae
2257 1544 2295 1579 ad
2327 1547 2409 1581 aeris

1400 1591 1435 1622 in
1459 1590 1666 1632 sanguinem,
1691 1597 1745 1622 aut
1768 1601 1785 1621 e
1809 1588 1860 1622 san
1885 1590 1958 1622 uine
1980 1589 2046 1622 vias
2070 1589 2230 1629 attinent,
2254 1588 2308 1622 hic
2330 1589 2409 1624 dili-

1398 1642 1508 1675 genter
1532 1632 1743 1675 perpendere,
1765 1643 1836 1665 cum
1866 1644 1942 1671 nee,
1964 1631 2052 1674 quod
2075 1632 2137 1665 alia
2160 1631 2200 1665 de
2234 1643 2266 1665 re
2297 1633 2409 1668 Celsus

1398 1677 1462 1716 (d)
1485 1677 1552 1714 ait,
1571 1686 1627 1718 per
1649 1676 1751 1708 multa
1773 1675 1957 1714 volumina,
1976 1685 2091 1717 perque
2113 1687 2229 1719 magnae
2238 1678 2406 1712 contentio-

1398 1720 1448 1752 nis
1470 1718 1698 1762 disputationes
1719 1730 1738 1751 a
1760 1719 1892 1751 Medicis
1908 1717 1988 1760 saepe
2012 1717 2151 1751 traslata
2177 1719 2244 1762 fint
2265 1744 2274 1756 ‚
2310 1728 2406 1763 atque

1398 1763 1594 1796 traffentur.
1619 1763 1664 1795 Et
1687 1762 1770 1795 olim
1794 1761 1949 1801 fuerunt,
1973 1763 2004 1794 «Sc
2024 1772 2107 1794 nunc
2120 1761 2212 1803 sunt,
2235 1764 2291 1805 qui
2305 1774 2409 1798 aerem

1398 1806 1446 1838 vel
1467 1817 1522 1848 per
1545 1807 1630 1839 cutis
1652 1816 1747 1847 poros
1773 1814 1807 1838 ut
1831 1804 1989 1845 admitti,
2015 1803 2057 1838 fic
2070 1806 2169 1839 etiarn
2180 1807 2408 1847 emitti,con-

1399 1850 1557 1889 tendant,
1579 1848 1674 1892 idque
1697 1846 1841 1891 spectasse
1863 1848 2108 1890 Asclepiadem,
2132 1848 2242 1892 aiant,
2264 1861 2338 1884 cum
2350 1850 2409 1885 fri-

1399 1893 1562 1928 &ionibus
1584 1902 1714 1925 tantum
1739 1892 1917 1932 tribueret,
1941 1891 2063 1925 scilicet
2086 1901 2123 1927 ut
2145 1893 2272 1928 diutius
2296 1903 2403 1928 reten-

1399 1946 1455 1975 to,
1480 1947 1580 1980 eoque
1602 1945 1781 1978 corrupto,
1806 1938 1867 1968 aeri
1890 1933 2066 1978 egressum,
2089 1947 2177 1970 novo
2199 1947 2305 1971 autem
2328 1962 2342 1979 ,
2375 1942 2410 1972 &

1398 1979 1514 2013 salubri
1537 1980 1661 2014 aditum
1685 1981 1838 2022 aperiret.
1873 1980 1926 2012 Ex
1949 1977 2125 2023 iisdemque
2157 1980 2230 2014 sunt
2262 1982 2319 2024 qui
2352 1993 2411 2024 per

1398 2022 1527 2064 Asperae
1552 2026 1675 2057 arteriae
1694 2025 1780 2056 viam
1804 2022 1959 2062 educant,
1984 2032 2076 2066 atque
2099 2023 2252 2058 inducant
2276 2026 2407 2067 praeser-

1399 2066 1461 2099 tirn
1482 2077 1516 2099 ea
1539 2069 1662 2100 ratione
1685 2077 1782 2109 quam
1805 2066 2320 2112 praemonstravitJo.Alphonsus
2343 2069 2411 2102 Bo-

1399 2109 1495 2142 rellus
1518 2112 1581 2151 (e)
1593 2134 1605 2152 ,
1632 2109 1761 2143 humori
1784 2108 1934 2142 videlicet
1946 2110 2066 2152 aquoso
2078 2111 2247 2148 admistum
2259 2115 2410 2155 ,ἅρμο-

1399 2152 1573 2187 dammodo
1596 2152 1807 2189 dissolutum,
1830 2164 1891 2195 qua
1914 2155 2037 2186 ratione
2063 2152 2158 2188 facile
2179 2156 2215 2188 in
2237 2166 2352 2194 venas,
2376 2159 2411 2190 δε

1401 2195 1661 2239 lymphaeduffitus
1684 2196 1811 2239 ingredi
1822 2194 1930 2239 posse,
1954 2196 2137 2230 existimant
2154 2223 2161 2230 .
2187 2199 2339 2234 Quorum
2352 2200 2411 2232 ali-

1400 2251 1482 2282 quos
1504 2241 1614 2273 mirari
1639 2240 1745 2277 subit,
1767 2241 1824 2282 qui
1848 2251 1921 2274 curn
1944 2241 1990 2272 ita
2012 2244 2044 2275 δε
2068 2253 2125 2284 per
2149 2242 2316 2284 pulmones
2344 2266 2355 2281 ,
2378 2245 2411 2277 δε

1402 2294 1457 2325 per
1480 2290 1586 2317 cutem
1609 2282 1782 2318 admittant
1797 2308 1806 2322 ,
1830 2294 1895 2316 non
1919 2285 2039 2327 pariter
2062 2296 2136 2318 cum
2147 2284 2269 2329 chylo,
2293 2288 2410 2330 inquo

1400 2325 1520 2361 ostendi
1544 2327 1645 2370 potest
1669 2326 1779 2360 eodem
1803 2326 1925 2367 modo,
1948 2328 2027 2360 acin
2051 2329 2203 2370 sanguine
2229 2327 2300 2363 dixi
2327 2329 2412 2374 (f),

1401 2368 1529 2404 mistum
1552 2371 1689 2407 intime,
1712 2368 1815 2404 subire
1839 2368 2031 2411 agnoscant,
2056 2369 2108 2404 sed
2130 2373 2215 2404 viam
2239 2371 2320 2405 hanc
2355 2382 2410 2407 aut

1401 2412 1535 2454 sileant,
1559 2423 1612 2447 aut
1634 2413 1751 2447 diserte
1772 2413 1872 2446 etiam
1895 2421 2027 2455 negent.
2052 2413 2124 2447 Nec
2148 2425 2197 2447 me
2221 2414 2309 2456 fugit
2325 2438 2335 2454 ,
2359 2418 2413 2450 vi-

1399 2455 1498 2489 ciffim
1520 2454 1578 2490 esse
1623 2459 1656 2490 ui
1680 2456 1719 2489 ab
1741 2454 1793 2489 his
1815 2467 1894 2499 pene
1917 2456 2066 2490 omnibus
2091 2465 2196 2500 aperte
2206 2457 2409 2493 dissentiant.

1400 2500 1445 2533 Et
1468 2499 1556 2542 quod
1579 2469 1621 2534 acci
1642 2499 1726 2542 ipsos
1751 2499 1918 2542 pulmones
1930 2500 2068 2540 attinet,
2091 2500 2190 2542 probe
2203 2504 2336 2536 memini
2347 2505 2412 2537 Ce-

1399 2542 1605 2578 leberrimum
1626 2543 1808 2578 Do&orem
1832 2543 1963 2584 audire,
1986 2554 2060 2577 cum
2081 2543 2121 2577 de
2132 2543 2208 2577 loco
2217 2544 2382 2590 superiore
2397 2571 2411 2588 ‚

1399 2596 1551 2629 negaret,
1573 2587 1595 2620 si
1619 2587 1787 2629 pulmones
1810 2586 1858 2619 vel
1881 2586 2127 2626 recentissimos,
2150 2587 2240 2623 scetis
2255 2589 2293 2624 ad
2311 2590 2411 2625 basim

1398 2629 1505 2664 cordis
1527 2641 1636 2664 eorum
1659 2629 1737 2663 vasis
1762 2653 1775 2670 ,
1797 2630 1831 2662 in
1863 2641 1977 2673 aquam
2011 2629 2217 2665 mediocriter
2251 2634 2411 2668 calentem

1399 2672 1570 2714 demissos,
1592 2673 1698 2707 multo
1720 2674 1817 2706 etiam
1839 2674 1966 2716 magis,
1988 2685 2085 2716 quarn
2097 2673 2413 2721 frequentiorinspi-

1401 2718 1488 2749 ratio
1513 2716 1633 2758 soleat,
1657 2717 1829 2756 inflemus,
1853 2718 1903 2750 vel
1925 2718 2097 2751 minimam
2121 2720 2200 2752 aeris
2224 2720 2351 2755 bullam
2374 2723 2410 2756 in

1402 2771 1480 2803 aqua
1503 2771 1669 2802 apparere,
1693 2759 1819 2794 indicio
1842 2759 2113 2801 manifestiffimo,
2135 2762 2339 2805 nullaipsum
2357 2776 2410 2797 ae-

1403 2815 1471 2836 rem
1494 2805 1616 2838 ratione
1638 2805 1673 2836 in
1698 2804 1920 2838 Pulmonarem
1942 2815 2052 2838 venam
2075 2804 2250 2840 transmitti
2267 2810 2412 2842 .Verun-

1405 2856 1510 2880 tamen
1532 2859 1570 2880 ex
1593 2860 1660 2891 quo
1682 2847 1765 2881 olim
1786 2858 1859 2881 cum
1882 2848 2008 2880 Amicis
2032 2849 2279 2884 Venetismulta
2291 2854 2412 2892 ,δινη-

1406 2892 1453 2923 ria
1475 2891 1508 2923 in
1531 2890 1725 2932 bestiarum,
1748 2900 1842 2934 atque
1865 2891 2034 2925 hominurn
2058 2892 2202 2934 partibus
2218 2903 2342 2928 tentans
2357 2906 2412 2928 ex-

1405 2935 1582 2977 perimenta
1596 2959 1608 2975 ,
1631 2935 1745 2968 inflato
1767 2934 1941 2977 pulmone,
1964 2936 2109 2977 repetitis
2132 2936 2312 2978 praesertim
2333 2961 2343 2976 ‚
2377 2940 2409 2972 &

1404 2977 1527 3011 diutius
1551 2978 1585 3011 in
1607 2989 1679 3012 eum
1703 2978 1891 3020 productis,
1914 2989 1970 3010 nec
1995 2987 2098 3012 tamen
2113 2980 2286 3022 violentis,
2308 2980 2412 3024 inspi-

1404 3020 1608 3062 rationibus,
1633 3021 1832 3055 Pulmonaris
1856 3032 1943 3054 venae
1975 3030 2128 3056 truncum
2161 3023 2227 3057 vidi
2262 3024 2411 3067 spumoso

1404 3063 1535 3098 humore
1558 3065 1741 3108 compleri,
1765 3067 1798 3097 &
1821 3063 1891 3106 post
1915 3065 1992 3098 alios
2008 3088 2019 3104 ,
2042 3066 2210 3108 Bergerum
2235 3067 2299 3110 (g)
2322 3069 2410 3110 legi,

1404 3109 1462 3150 qui
1485 3107 1637 3150 injectam
1659 3119 1712 3150 per
1734 3108 1887 3142 bronchia
1912 3120 2048 3152 aquam,
2071 3111 2160 3146 nulla
2185 3111 2217 3142 vi
2242 3110 2411 3151 adhibita,

1407 3154 1441 3184 in
1465 3152 1594 3185 eandem
1618 3162 1728 3184 venam
1749 3161 1821 3185 cum
1845 3150 1954 3194 spuma
1978 3150 2135 3194 transire,
2158 3152 2311 3195 injectam
2332 3166 2410 3188 vero

1404 3206 1460 3238 per
1492 3197 1615 3229 arteriae
1649 3195 1851 3228 Pulmonaris
1886 3207 2031 3235 ramum,
2056 3207 2111 3239 per
2133 3196 2291 3231 bronchia
2325 3210 2411 3242 quo-

1402 3250 1462 3281 que
1488 3237 1610 3277 redire,
1634 3237 1782 3276 testatur3
1807 3249 1869 3270 non
1894 3240 1938 3271 ita
1961 3240 2101 3282 amplius
2124 3240 2244 3274 alienus
2283 3242 2322 3275 ab
2353 3253 2411 3275 eo-

1403 3293 1472 3315 rum
1495 3281 1646 3315 sententia
1669 3280 1741 3321 fui,
1763 3283 1820 3325 qui
1852 3283 1925 3316 illac
1957 3294 2059 3316 aerem
2091 3294 2128 3316 eo
2162 3282 2273 3318 saltem
2307 3284 2415 3319 modo-

1401 3337 1496 3368 quem
1532 3326 1677 3358 Borellus
1713 3326 1825 3360 docuit
1853 3352 1860 3365 ‚
1895 3338 1959 3359 non
1995 3326 2096 3360 modo
2127 3325 2310 3368 sanguinem
2354 3339 2411 3372 per

1405 3370 1568 3402 innumera
1584 3392 1593 3407 ,
1618 3372 1649 3401 &
1671 3367 1802 3412 disjefflr
1824 3368 2015 3404 foraminula
2051 3382 2116 3412 quo
2160 3372 2271 3405 melius
2303 3371 2410 3406 admi-

1407 3410 1551 3451 sceatur,
1575 3412 1700 3450 subire,
1724 3424 1835 3446 verum
1857 3415 1954 3446 etiam
1976 3425 2014 3447 ex
2036 3424 2075 3446 eo
2109 3412 2238 3455 prodire
2261 3441 2271 3456 ‚
2303 3415 2411 3449 existi-

1403 3465 1551 3494 marunt,
1577 3467 1641 3488 non
1664 3456 1709 3489 ita
1719 3456 1860 3494 alienus,
1880 3458 2030 3501 inquam,
2056 3456 2126 3495 fui5
2149 3459 2362 3501 nequeenim,
2373 3467 2410 3493 ut

2252 3502 2291 3536 ad
2304 3503 2365 3535 ali-

1386 3601 1396 3632 (
1413 3610 1423 3626 ι
1440 3603 1453 3632 )
1468 3605 1556 3633 Supra,
1573 3611 1596 3627 n.
1607 3609 1642 3633 17.
1688 3605 1717 3639 ,ζ
1732 3612 1746 3627 u
1765 3605 1772 3634 )
1790 3606 1948 3635 Propemptic.
1960 3606 1988 3630 ad
1999 3606 2094 3631 Differt.
2105 3608 2143 3636 Jo.
2156 3607 2240 3632 Barth.
2251 3606 2411 3633 Hoffmanni.

1504 3636 1518 3664 (
1533 3643 1552 3663 ζ
1567 3634 1580 3663 )
1599 3636 1717 3659 Mernoxr.
1735 3635 1765 3659 de
1781 3638 1804 3659 la
1820 3633 1903 3662 ιτιὲιτιε
1919 3637 2000 3662 Αηιιέε
2012 3652 2021 3661 ·

1411 3696 1467 3724 sd)
1483 3698 1519 3721 De
1533 3695 1656 3721 Medicina
1673 3696 1697 3720 in
1716 3695 1783 3721 Praef.
1845 3695 1894 3729 (ε)
1911 3700 1946 3722 De
1961 3698 2026 3722 Mor.
2045 3697 2154 3723 Animal.
2173 3699 2199 3722 P.
2212 3706 2235 3722 2.
2245 3698 2345 3729 Propos.
2358 3704 2410 3727 113.
