2498 4075
368 261 474 295 multo
498 261 661 307 graviores
684 260 764 293 alios
787 257 902 292 incidit
926 259 984 301 qui
1005 259 1093 302 abigi
1105 271 1169 294 non
1183 269 1379 303 potuerunt,

369 303 430 338 nili
453 305 696 348 quamplurima
720 314 759 336 ex
782 304 856 335 alvo
878 302 978 343 egesta
1003 305 1135 337 materia
1161 326 1171 341 ,
1204 315 1276 346 quae
1299 325 1323 340 ‚.
1342 312 1378 337 ut

368 348 579 393 podagricam
603 345 718 385 fuisse,
740 346 832 379 facile
856 346 1031 387 agnoscas,
1053 345 1137 390 quasi
1160 357 1198 381 ex
1218 347 1300 380 calce
1312 356 1379 380 erat

367 399 426 424 aut
440 391 536 435 gypso
559 401 661 425 recens
682 397 915 432 coagmentato.
942 389 988 423 Ea
1001 390 1105 431 igitur
1127 401 1143 423 a
1162 391 1383 424 corroboratis

367 436 511 468 articulis
534 433 682 474 exclusa,
705 434 739 465 in
765 441 869 475 partes
891 432 976 466 haud
1008 445 1080 467 raro
1113 433 1275 468 incumbit
1310 444 1381 476 quae

368 486 425 510 aut
447 478 621 511 abdomine
646 498 656 514 ,
680 485 747 509 ‘aut
772 474 925 513 thorace,
951 485 1007 510 aut
1038 477 1149 511 cranio
1180 477 1381 510 concludun-

367 527 447 560 tur,
470 519 605 562 praesens
629 518 835 562 periculum,
856 522 887 554 ὅτ
912 518 992 561 saepe
1015 521 1185 555 interitum
1209 519 1340 554 afferens
1367 544 1377 554 .

365 561 552 607 Eademque
575 563 726 597 accidunt
750 563 807 597 ubi
830 562 922 596 causa
948 564 1055 605 aliqua
1078 566 1203 597 interna
1229 587 1238 601 ,
1269 565 1302 595 δι’
1318 575 1378 604 po-

364 604 520 640 tiffimum
546 605 683 641 infirmae
707 608 791 640 vires
812 606 963 644 obstant,
988 617 1026 640 ne
1050 608 1088 642 ad
1114 606 1270 641 articulos
1293 605 1378 640 fera-

362 656 441 682 tur.
466 650 567 692 Qod
593 661 668 684 cum
692 651 838 692 potueris
861 661 899 683 ex
922 649 1067 688 duabus,
1093 651 1170 684 alias
1194 649 1254 690 (lt)
1279 650 1316 684 ad
1342 660 1376 683 te

363 692 484 731 miffis,
509 693 807 728 Observationibus
830 704 961 736 arguere
984 715 995 731 ‚
1028 703 1098 729 tum
1122 693 1305 728 evidentius
1337 705 1378 727 ex

363 734 423 770 hac
444 737 618 779 cognosces
633 763 642 771 .

410 789 461 814 10.
483 780 736 814 GEORGIUS
760 779 1037 814 CORNELIUS
1063 782 1092 815 S.
1117 781 1158 816 R.
1184 781 1223 814 E.
1258 779 1378 813 Cardi-

362 822 464 864 nalis,
489 821 669 864 Episcopus
694 823 871 856 Patavinus
892 845 904 862 ,
937 823 1002 865 jam
1034 826 1115 858 olim
1149 835 1213 857 non
1250 833 1378 857 artuum

360 867 462 900 modo
487 887 500 906 ‚
535 865 585 900 sed
611 869 641 900 δι
666 876 776 900 renum
801 866 971 901 doloribus
994 868 1086 902 valde
1097 869 1281 904 obnoxius,
1298 879 1375 901 cum

361 910 402 944 ab
439 909 489 944 his
512 931 525 949 ,
565 909 660 943 nullis
694 909 833 951 amplius
865 908 896 943 se
928 910 1170 946 ostendentibus
1207 911 1341 945 calculis
1364 933 1374 949 ‚

366 952 429 987 'arn
455 961 581 987 vacaret
598 975 607 990 ‚
631 953 809 987 imminuta
834 953 1013 995 plurimum
1037 958 1139 989 urinae
1163 956 1371 992 excretione,

384 997 557 1039 ydropicus
578 994 647 1030 fieri
672 996 759 1030 visus
794 995 838 1030 est
864 1020 877 1037 ‚
910 997 1075 1040 fiebatque
1111 999 1240 1033 sortasse
1266 1021 1282 1041 ‚V
1313 997 1371 1031 nifi

359 1039 575 1075 valentiffimo
608 1039 784 1084 diureticol
807 1039 951 1075 remedio
985 1040 1063 1075 dato
1088 1064 1097 1079 ‚
1139 1053 1255 1085 magna
1298 1042 1372 1074 lotii

358 1085 407 1117 vis
431 1082 620 1126 prodiisset.
644 1083 700 1117 Ne
723 1084 783 1117 illo
805 1083 937 1126 quidem
960 1094 1108 1128 tempore
1132 1087 1273 1120 calculus
1295 1097 1373 1119 con-

357 1127 482 1171 [peetus
506 1126 551 1160 est
585 1127 670 1161 ullus
693 1150 703 1166 ‚
739 1138 841 1171 neque
876 1130 982 1170 postea
1018 1129 1098 1163 bene
1134 1130 1249 1164 multis
1285 1130 1374 1162 annis

380 1170 546 1213 uodquam
569 1181 683 1204 renum
707 1171 928 1205 laborantium
945 1173 1110 1220 (indicium
1134 1173 1198 1207 fuit
1220 1195 1230 1210 ,
1256 1181 1373 1206 tamet-

353 1183 378 1249 si
402 1214 537 1249 mutatis
560 1213 598 1247 ad
622 1214 826 1249 celeritatem
850 1216 940 1257 equis
964 1215 1063 1250 rheda
1100 1217 1269 1250 veheretur
1303 1216 1374 1249 lon-

358 1269 399 1335 ᾔει
423 1259 546 1297 etiam,
567 1259 600 1290 &
625 1257 731 1299 aspera
755 1258 831 1297 via,
854 1258 944 1291 velut
976 1261 1019 1292 A.
1062 1270 1151 1301 1721.
1187 1271 1263 1294 cum
1294 1258 1373 1293 hinc

372 1310 504 1334 tomam
529 1302 592 1334 iret
617 1323 628 1340 ‚
661 1301 801 1344 indeque
825 1301 996 1335 Patavium
1020 1312 1177 1346 repeteret
1203 1328 1211 1336 .
1243 1303 1372 1337 Verum

355 1355 422 1386 non
448 1353 484 1378 ut
508 1343 683 1386 nephritici
710 1369 720 1384 ,
753 1342 796 1378 fic
819 1342 983 1378 arthritici
1006 1357 1136 1390 quoque
1146 1347 1273 1381 dolores
1290 1347 1372 1380 sem-

353 1399 410 1432 per
436 1387 503 1423 illis
526 1388 616 1421 annis
638 1388 814 1430 quievere;
848 1389 918 1420 imo
951 1388 1085 1423 subinde
1115 1390 1279 1425 redeuntes
1298 1415 1307 1429 ‚
1332 1402 1370 1423 eo

355 1431 502 1467 crebrius
525 1452 535 1470 ‚
568 1431 761 1475 graviusque
785 1431 996 1471 cruciabant,
1020 1433 1109 1475 quod
1133 1443 1269 1477 propter
1289 1434 1370 1467 obe-

355 1474 426 1511 sum
448 1476 596 1519 corporis
620 1474 988 1513 habiturn,inferiorum
1013 1486 1143 1511 artuum
1165 1477 1372 1511 roburinfir-

353 1529 446 1554 mum
471 1543 481 1559 ‚
517 1522 548 1552 δι
572 1518 791 1561 augescentem
812 1527 962 1556 aetatem,
987 1520 1094 1554 minus
1114 1522 1181 1563 jam
1207 1546 1218 1562 ‚
1249 1520 1372 1555 minus-

354 1574 418 1606 que
442 1564 476 1596 in
500 1562 568 1597 dies
590 1563 639 1596 uti
662 1570 792 1605 poterat
826 1563 1054 1596 exercitatione
1078 1589 1086 1598 .
1130 1565 1207 1598 Huc
1242 1564 1367 1599 accede-

353 1606 411 1641 bat
434 1605 551 1640 affidua
573 1604 641 1648 jam
665 1617 682 1639 a
706 1606 807 1648 longo
831 1614 976 1648 tempore
991 1606 1063 1640 ‘alvi
1087 1606 1253 1643 adstrifflo
1274 1631 1285 1647 ‚
1316 1619 1369 1642 ca-

355 1651 438 1695 pitis
460 1648 577 1683 deinde
599 1671 611 1689 ‚
646 1650 679 1683 &
702 1649 835 1683 auditus
853 1650 996 1690 gravitas
1016 1671 1027 1686 ,
1071 1653 1104 1685 δε
1147 1651 1186 1686 ad
1220 1651 1370 1685 somnum

381 1693 551 1728 roclivitas
573 1714 585 1732 ,
607 1702 667 1726 nec
691 1703 759 1726 rara
791 1692 933 1734 denique
965 1693 1066 1726 animi
1102 1694 1246 1738 deliquia
1267 1718 1277 1727 .
1313 1697 1372 1729 Per

353 1704 422 1772 ἕως
448 1747 524 1771 curn
547 1746 668 1769 annum
692 1736 748 1769 vix
770 1734 924 1777 exegisset
948 1734 1178 1778 sexagesimum
1200 1747 1370 1782 quartum,

351 1781 439 1815 nulla
465 1782 609 1822 primum
631 1779 784 1812 ciborum
816 1779 1000 1822 appetentia
1027 1802 1038 1817 ,
1071 1789 1141 1814 turn
1176 1780 1370 1815 arthriticus

351 1825 478 1867 ingruit
504 1821 717 1866 paroxysmus
732 1834 742 1853 .·
766 1822 896 1865 jamque
918 1833 1034 1857 manus
1052 1823 1183 1858 dextera
1206 1850 1216 1866 ,
1250 1828 1281 1858 &
1314 1836 1369 1868 ge-

351 1879 395 1902 nu
420 1868 584 1902 sinistrum
606 1876 730 1900 tumere
754 1875 919 1908 coeperant
940 1889 954 1906 ,
977 1878 1052 1901 cum
1074 1867 1286 1904 tristissimum
1319 1880 1368 1903 ac-

352 1914 440 1953 cepit
474 1913 631 1945 nuncium
655 1910 694 1943 de
718 1908 830 1943 lethali
857 1910 974 1943 morbo
999 1911 1189 1945 Sereniffirni
1216 1913 1331 1946 Fratris
1357 1938 1367 1953 ,

351 1967 453 1999 quem
477 1958 572 1989 unice
595 1954 728 1990 ambat‚
752 1954 891 1997 Joannis
915 1954 1121 1988 Venetorum
1148 1958 1270 1989 Ducisc
1295 1956 1368 1988 Un-

349 2002 389 2034 de
414 2010 534 2042 magno
558 1999 681 2040 alioqui
706 2001 816 2030 animo
841 1999 959 2031 Virum
983 1998 1184 2032 incredibilis
1212 1999 1365 2034 moestitia

350 2044 437 2086 cepit
463 2068 472 2081 ,
508 2053 648 2084 moxque
673 2040 842 2075 arthritica
869 2042 1003 2075 materia
1027 2052 1092 2075 non
1117 2043 1216 2076 modo
1238 2044 1277 2076 ad
1313 2054 1367 2076 ar-

351 2088 473 2123 ticulos
499 2086 613 2128 expelli
638 2085 752 2124 desiit,
778 2096 891 2119 verum
915 2087 1015 2118 etiam
1036 2096 1107 2126 quae
1123 2085 1254 2128 expulsa
1277 2097 1366 2126 erat,

350 2133 383 2166 in
411 2142 507 2164 venas
529 2130 630 2164 rediit
654 2151 666 2167 ‚.
698 2131 728 2161 8(
753 2129 1006 2171 praecordiorum
1030 2129 1362 2172 angustiam,spiran-

351 2175 383 2209 di
408 2174 634 2208 difficultatem
657 2198 669 2212 „
705 2175 737 2205 &a
760 2173 855 2214 super
875 2171 940 2206 haec
965 2183 1172 2215 repentinum
1200 2174 1365 2215 quendam

352 2217 514 2254 insultum
540 2216 655 2250 attulit·
680 2241 687 2254 ,
720 2216 754 2248 in
777 2227 848 2258 quo.
867 2217 988 2249 cerebri
1024 2216 1117 2250 fimul
1145 2244 1152 2256 ,
1190 2219 1221 2250 δι
1257 2218 1366 2250 cordis

348 2263 466 2298 officiis
489 2259 723 2304 propemodum
747 2258 976 2293 deficientibus
1003 2282 1012 2297 ‚
1049 2270 1135 2293 mors
1148 2259 1264 2294 instare
1289 2272 1359 2294 cre-

349 2307 416 2340 dita
442 2305 485 2339 est
511 2333 516 2338 .
554 2305 652 2338 Tunc
676 2302 782 2336 senior
817 2302 883 2344 ejus
918 2303 1069 2336 Medicus
1089 2327 1101 2343 ,
1133 2306 1164 2337 &
1196 2306 1253 2347 qui
1289 2306 1356 2338 ade.

348 2361 421 2385 rant
446 2358 502 2384 aut
526 2348 683 2390 sanguine
703 2370 714 2386 ,
750 2356 803 2379 aut
829 2348 947 2380 intima
970 2346 1194 2381 familiaritate
1223 2346 1362 2390 conjun-

349 2396 393 2429 &i
420 2416 430 2431 ‚
465 2404 517 2426 me
549 2394 584 2424 in
617 2390 790 2424 confilium
821 2402 955 2432 propere
990 2391 1154 2424 accersunt
1180 2416 1186 2423 .
1222 2392 1362 2425 Invenio

349 2449 474 2476 aegrum
497 2434 649 2469 nonnihil
671 2437 795 2467 interea·
818 2444 995 2468 recreatum
1018 2445 1032 2471 ς
1063 2433 1113 2466 sed
1138 2435 1270 2471 animo,
1304 2446 1359 2468 ne-

349 2479 428 2517 dum
452 2490 613 2522 corpore,
635 2478 714 2512 adeo
750 2476 936 2511 diffimilern
972 2477 1043 2514 sui,
1066 2485 1104 2510 ut
1135 2476 1168 2510 id
1199 2478 1363 2511 continuo-

350 2538 402 2561 me
427 2523 598 2568 perculerit
621 2544 634 2561 ,
666 2520 886 2554 recordantem
912 2521 1158 2563 Hippocraticae
1180 2524 1361 2563 praenotio-

352 2571 402 2604 nis
426 2569 443 2612 (
463 2567 475 2600 l
497 2571 528 2605 );
549 2572 664 2608 praeter
684 2563 932 2606 consuetudinem
957 2565 1032 2605 quid
1047 2561 1154 2605 facere
1179 2588 1207 2596 ..
1223 2587 1233 2595 .
1249 2589 1256 2598 .
1289 2575 1359 2597 ma-

349 2613 415 2649 lum
440 2611 497 2651 est.
523 2611 588 2647 Qui
615 2608 702 2641 enim
724 2617 816 2640 antea
838 2617 873 2639 in
907 2606 1118 2640 difficillimis
1149 2607 1243 2640 rebus
1275 2617 1362 2641 nun-

349 2667 447 2700 quam
471 2653 531 2687 fibi
558 2676 565 2686 ,
598 2650 737 2692 aliisque
757 2649 905 2685 defuerat
926 2673 938 2688 ,f
969 2661 1099 2683 omnem
1124 2651 1262 2683 omnino
1274 2650 1361 2690 spem

350 2701 427 2735 vitae
453 2695 595 2740 abjecisse
620 2717 629 2731 ‚
662 2706 702 2727 ex
723 2692 790 2735 ejus
815 2694 924 2727 verbis
944 2693 1168 2736 intelligebam
1190 2716 1200 2731 ‚
1238 2693 1360 2735 quibus

349 2755 389 2779 ne
411 2741 525 2777 frustra
546 2750 643 2783 opem
665 2738 725 2771 sibi
749 2736 829 2771 ferre
850 2737 1254 2776 conaremur‚monebat,
1272 2747 1357 2779 prae-

349 2785 493 2830 cipieba't
514 2808 528 2826 ‚
561 2782 721 2826 rogabat,
754 2781 850 2824 idque
883 2793 899 2814 a
935 2792 987 2814 me
1018 2779 1194 2822 praefertim
1216 2804 1225 2817 ‚
1258 2791 1354 2821 quern

350 2830 526 2873 singulari,
548 2831 581 2862 &
611 2825 729 2860 affidua
752 2823 856 2858 fuerat
892 2824 1096 2866 benignitate
1128 2823 1316 2865 complexus
1338 2846 1354 2863 ,

350 2875 470 2908 interea
494 2871 573 2907 dum
596 2868 769 2911 tangebam
792 2866 900 2910 pulsus
920 2890 932 2906 ,
965 2867 1122 2909 majorem
1153 2868 1187 2899 in
1221 2867 1355 2901 modum

351 2919 453 2951 etiam
476 2925 574 2958 atque
594 2914 723 2956 petebat
748 2935 758 2943 .
794 2913 894 2945 Erant
929 2911 988 2950 ii,
1022 2921 1060 2944 ut
1094 2920 1164 2944 tum
1188 2931 1199 2947 ,
1231 2912 1262 2942 &
1295 2922 1352 2951 po.

350 2961 414 2995 stea
436 2957 599 3002 tangendo
620 2956 763 2998 cognovi
788 2978 801 2995 ,
833 2955 906 2988 sane
926 2953 1067 3000 pcffimi,
1099 2955 1221 2997 quippe
1251 2954 1355 2987 imbe-

349 3003 443 3042 cilli,
467 3005 499 3036 δε
534 3000 605 3043 post
624 3001 709 3033 ierus
733 2998 814 3042 saepe
843 2998 926 3032 duos
947 3021 956 3034 ‚
992 2999 1112 3040 semper
1144 3006 1253 3031 autem
1283 3008 1352 3039 per-

349 3044 485 3091 paucos,
509 3044 765 3079 intermittentes
785 3066 794 3075 .
829 3039 1042 3076 Manifestum
1067 3050 1134 3074 erat
1159 3067 1167 3080 ‚
1204 3038 1260 3073 nifi
1284 3051 1356 3082 pec-

348 3101 425 3126 cans
447 3089 581 3124 materia
603 3086 643 3121 ad
674 3085 833 3119 articulos
863 3095 1072 3119 revocaretur
1095 3110 1104 3123 ,
1137 3084 1253 3118 servari
1288 3095 1353 3117 non

349 3133 457 3179 posse.
482 3133 555 3167 Nec
579 3132 685 3165 minus
705 3138 813 3162 tamen
837 3129 963 3162 evidens
986 3137 1051 3161 erat
1074 3127 1250 3162 difficultas
1271 3125 1357 3160 sum-

350 3190 404 3213 ma
428 3174 600 3212 revocandi
623 3175 658 3207 in
681 3183 717 3206 ea
742 3172 863 3206 virium
888 3171 1101 3211 infirmitate,
1136 3173 1168 3204 &
1190 3172 1224 3204 in
1248 3182 1284 3204 eo
1295 3174 1353 3213 qui

349 3222 460 3256 omnia
481 3218 635 3254 incassum
659 3215 754 3254 fieri,
778 3226 838 3258 pro
868 3224 957 3249 certo
988 3215 1137 3249 haberet.
1170 3215 1287 3257 Itaque
1319 3215 1354 3247 in

349 3274 499 3299 extremo
532 3261 721 3297 discrimine
755 3258 908 3296 versari,
941 3259 982 3291 iis
1014 3259 1133 3301 quibus
1164 3258 1318 3292 debebam
1345 3282 1356 3298 ,

349 3308 489 3342 seorsum
513 3306 582 3340 dixi
607 3317 615 3337 :
648 3303 745 3344 idque
769 3312 825 3344 per
856 3301 1020 3335 cursorem
1042 3326 1056 3342 ,
1087 3302 1219 3335 diGiaxis
1254 3312 1270 3333 a
1304 3311 1355 3334 me

348 3353 509 3386 continuo
532 3347 673 3384 litteris,
697 3345 943 3389 significandum
979 3344 1196 3393 Ampliffimis
1230 3345 1353 3394 Viris)

350 3395 473 3432 Fratris
495 3392 563 3435 ejus
585 3391 700 3427 Filiis,
723 3390 834 3423 curavi
858 3413 865 3421 .
890 3391 1046 3422 Attamen
1071 3399 1109 3422 ex
1132 3390 1174 3421 iis
1195 3399 1267 3430 quae
1288 3391 1353 3419 ini-

347 3449 385 3474 to
407 3436 543 3473 confilio
565 3433 712 3469 facienda
736 3431 815 3472 esse,
837 3432 1046 3466 statueramus
1062 3456 1070 3472 ‚
1103 3430 1185 3464 nihil
1209 3433 1352 3470 interea,

350 3492 406 3518 aut
432 3480 537 3525 postea
559 3476 711 3513 omissum
733 3475 776 3509 est
799 3500 809 3516 ,
844 3484 1003 3518 quantum
1028 3475 1160 3517 quidem
1184 3486 1238 3517 per
1273 3476 1351 3516 aegri

346 3528 428 3559 vires
450 3524 545 3559 licuit
567 3546 577 3560 ‚
608 3521 648 3555 ab
671 3530 775 3561 eoque
799 3519 948 3561 precibus
969 3519 1118 3552 obtinere
1150 3519 1317 3561 potuimus
1340 3541 1349 3550 .

342 3568 484 3614 Jamque
509 3578 591 3611 genu
614 3574 739 3598 tumere
762 3563 882 3596 iterum
905 3562 1101 3603 incipiebat,
1125 3572 1191 3604 quo
1213 3559 1266 3593 die
1279 3560 1352 3602 pul-

348 3611 397 3645 sus
420 3623 550 3655 quoque
572 3609 740 3651 aliquanto
763 3606 908 3640 meliores
931 3604 1034 3638 saeros
1046 3605 1348 3639 animadvertimus.

662 181 821 235 Liber
854 183 944 235 tv.
978 182 1064 234 De
1101 183 1307 236 Morbis
1342 181 1696 249 Chirurgicis‚
1728 181 1784 233 &
1822 180 2220 237 Universalibus

1432 257 1492 292 Sed
1516 269 1593 291 mox
1616 266 1731 292 natura
1754 257 1942 298 fatiscente,
1965 259 2071 295 rursus
2092 261 2202 295 omnia
2225 261 2258 295 in
2272 262 2362 306 pejus
2374 272 2447 298 rue-

1432 313 1490 342 re,
1513 304 1543 334 &
1567 303 1784 343 nequicquam
1807 303 1903 337 nobis
1925 311 2039 337 contra
2064 304 2243 339 nitentibus
2267 330 2277 346 ‚
2310 308 2446 350 respira-

1429 346 1533 379 tionis
1555 344 1728 379 difficultas
1751 347 1859 386 augeri
1884 367 1894 382 ‚
1926 344 2042 387 sopore
2066 357 2165 390 caput
2180 349 2332 390 gravari,
2364 361 2446 384 con-

1434 387 1635 422 vulsionibus
1657 399 1722 420 non
1746 388 1901 423 interiora
1925 386 2049 429 mode,
2073 389 2125 423 sed
2149 393 2181 424 &
2205 400 2293 425 artus
2304 396 2442 436 corripi.

1434 433 1494 465 Per
1516 443 1587 472 quae
1613 431 1723 465 sensim
1747 431 1830 463 intra
1853 442 2029 474 perpaucos
2053 433 2122 467 dies
2144 435 2329 469 Cardinalis
2356 436 2445 471 Prae-

1431 474 1634 508 stantiflimus
1658 499 1667 513 ‚
1707 473 1859 508 Pontifex
1880 476 2025 518 optimus
2046 498 2056 513 ,
2094 477 2293 511 Litterarum
2321 480 2440 514 Fautor

1430 519 1574 553 summus
1597 515 1708 551 eodem
1733 516 1800 551 fere
1824 526 1972 561 tempore
2007 530 2075 560 quo
2110 520 2323 555 Sereniffirnus
2358 523 2442 558 Fra-

1429 572 1480 595 ter
1504 585 1516 601 ,
1544 563 1690 604 optimus
1713 560 1783 603 ipse
1814 572 1947 604 quoque
1984 561 2139 604 Princeps
2156 588 2166 602 ,
2200 568 2231 598 δι
2260 563 2441 601 'arthritidi

1429 606 1552 648 pariter
1574 605 1765 644 obnoxius,
1787 603 1883 638 bonis
1904 604 2058 640 omnibus
2083 608 2297 642 moerentibus
2318 627 2328 647 5
2374 621 2444 644 ere·

1430 658 1503 691 ptus
1525 648 1569 682 est
1592 649 1656 682 IV.
1695 647 1772 681 Idus
1803 648 1940 689 Augusti
1975 650 2018 681 A.
2060 658 2152 691 1722.
2287 652 2442 687 CADA-

1432 692 1551 729 VER,
1577 700 1613 725 ut
1636 690 1714 733 justa
1738 701 1826 724 more
1850 702 2012 732 majorum
2035 692 2105 726 ficri
2122 692 2269 735 possent,
2291 706 2367 729 cum
2391 696 2441 730 es-

1429 736 1475 769 set
1500 734 1640 769 balsamo
1663 734 1846 777 insequenti
1870 735 1964 767 norfie
1996 735 2215 770 condiendum
2238 749 2249 776 3
2285 739 2442 781 Discipu-

1430 781 1498 813 lum
1522 778 1591 811 misi
1606 804 1615 818 ,
1638 790 1655 812 a
1680 789 1729 812 me
1752 777 1967 811 exercitatum
1982 801 1995 818 ‚
2017 780 2075 822 qui
2101 780 2222 814 viscera
2246 782 2404 815 eximeret
2426 805 2439 822 ‚

1431 826 1463 856 &
1486 822 1608 864 singula
1632 831 1754 856 attente
1778 820 1982 862 perlustraret
2007 835 2017 859 ς
2052 833 2155 865 neque
2190 825 2277 857 enirn
2313 826 2440 859 animus

1427 867 1530 903 tulit,
1554 875 1589 899 ut
1614 865 1680 907 ipse
1713 864 1867 899 adessem.
1891 865 1947 897 Ab
1970 876 2009 898 eo
2024 890 2033 904 ‚
2057 868 2088 899 δέ
2111 878 2128 900 a
2153 867 2288 901 Medico
2310 869 2349 903 de
2372 880 2440 911 quo

1425 920 1517 944 antea
1548 909 1672 943 difium
1705 908 1769 946 est,
1803 918 1881 941 mox
1912 907 2087 950 diligenter
2123 910 2255 953 quaefivi
2294 914 2407 945 omnia
2429 938 2439 948 .

1423 955 1505 992 Quae
1530 961 1635 987 autem
1659 953 1757 985 ambo
1789 953 1968 985 retulerunt
1993 973 2002 989 ‚
2037 951 2100 986 huc
2133 954 2269 987 redeunt
2293 977 2302 986 .

1424 998 1550 1030 Venter
1573 997 1771 1038 praepinguis
1793 1003 1963 1028 omentum
1988 1017 1999 1033 ,
2036 995 2261 1031 mesenterium
2276 1020 2284 1034 ‚
2307 997 2434 1032 intesti-

1425 1051 1464 1073 na
1488 1041 1588 1073 etiarn
1598 1041 1725 1073 Tenuia
1748 1038 1865 1072 habuit
1891 1039 1991 1071 multa
2005 1040 2200 1080 pinguedine
2211 1041 2321 1075 onusta
2336 1053 2347 1073 .·
2371 1054 2440 1076 arn-

1425 1084 1517 1125 plum
1541 1083 1784 1121 ventriculum,·
1808 1081 1858 1115 sed
1891 1082 2015 1115 tunicis
2049 1085 2191 1117 maxime
2223 1088 2403 1119 extenuatis
2428 1097 2437 1119 :

1425 1127 1516 1169 jecur
1537 1126 1643 1169 ipsum
1666 1126 1799 1168 quidem
1823 1125 1909 1158 reste
1940 1124 2155 1159 coustitutum
2179 1140 2188 1163 ;
2223 1127 2292 1170 ejus
2326 1138 2439 1163 autem

1425 1168 1596 1205 vesiculam
1619 1169 1809 1213 parvulam,
1833 1167 2014 1211 tunicisque
2038 1170 2115 1202 adeo
2132 1170 2440 1209 tenuibus,&flac-

1423 1213 1528 1254 cidis‚
1552 1222 1590 1248 ut
1634 1213 1757 1247 attatffii
1792 1221 2020 1253 rumperentur
2044 1237 2053 1251 ‚
2085 1215 2253 1249 excidente
2291 1217 2437 1251 rotundo

1423 1257 1571 1293 calculo,
1598 1267 1658 1299 pro
1682 1255 1826 1290 vesiculae
1863 1256 2021 1298 parvitate
2056 1266 2120 1289 non
2165 1268 2267 1299 parvo
2288 1279 2302 1297 ‚
2336 1270 2436 1301 quem

1423 1311 1526 1335 unum
1548 1300 1616 1335 haec
1641 1297 1707 1333 fine
1730 1299 1794 1332 ulla
1807 1297 1870 1332 bile
1891 1298 2101 1332 continebat.
2119 1301 2221 1335 Renes
2233 1310 2327 1335 erant
2341 1313 2438 1345 aequo

1423 1342 1583 1387 majores,
1608 1342 1661 1377 sed
1682 1343 1794 1377 dexter
1817 1343 1999 1380 maximus,
2023 1352 2061 1375 ut
2088 1341 2179 1377 simul
2202 1356 2277 1379 cum
2300 1348 2438 1388 pingue-

1421 1387 1498 1422 dine
1522 1399 1586 1431 qua
1608 1387 1848 1430 obtegebatur,-
1880 1386 1999 1429 capitis
2034 1387 2295 1428 magnitudinem
2332 1388 2438 1424 ferme

1420 1441 1560 1474 aequaret
1583 1455 1592 1463 .
1635 1432 1673 1463 In
1704 1442 1744 1463 eo
1780 1429 1900 1470 lapides
1923 1430 1965 1463 ad
1986 1431 2136 1464 undecim
2161 1456 2172 1472 ,
2204 1431 2314 1474 magni
2338 1432 2438 1474 pleri.

1420 1486 1484 1517 que
1503 1498 1516 1516 ,
1557 1476 1590 1508 δι
1634 1473 1749 1508 ramosi
1770 1498 1779 1506 .
1812 1473 1852 1506 In
1875 1472 1999 1507 finistro
2029 1484 2112 1508 unus
2131 1497 2144 1515 ,
2175 1478 2206 1509 &
2237 1476 2265 1509 is
2298 1486 2431 1520 quoque

1423 1518 1588 1559 ramosuS,
1612 1528 1671 1551 nec
1694 1527 1833 1560 parvus.
1857 1515 1923 1550 Suo
1947 1517 2078 1554 colore,
2102 1521 2135 1552 δε
2157 1520 2255 1553 ramis
2267 1517 2350 1552 nihil
2364 1530 2435 1554 ma..

1422 1565 1473 1605 gis
1496 1562 1531 1596 hi
1554 1561 1671 1596 calculi
1694 1582 1705 1599 ,
1737 1571 1834 1603 quarn
1857 1563 1989 1602 nigrum
2024 1562 2182 1596 coralium
2219 1561 2399 1598 referebant
2422 1577 2434 1602 ς

1423 1607 1463 1641 ad
1484 1617 1534 1640 me
1556 1607 1645 1639 enim
1668 1605 1849 1638 attulerunt
1872 1602 2083 1646 spectando„
2108 1605 2148 1638 ab
2171 1607 2212 1640 iis
2235 1616 2342 1640 autem
2365 1617 2431 1642 non

1421 1649 1483 1684 esse
1496 1649 1602 1688 visos,
1624 1649 1837 1690 oportet,qui
1853 1646 2096 1680 eorumsimiles
2108 1646 2224 1689 fuisse,
2245 1650 2435 1684 indicarunt

1421 1703 1505 1736 quos
1527 1692 1659 1725 ‘rabula
1685 1692 1752 1725 ΙΙΙ.
1778 1691 1954 1725 delineavit
1969 1691 2230 1732 Alghisius(m)
2245 1718 2251 1725 .
2265 1694 2432 1728 Caeterum

1422 1737 1479 1769 illa
1502 1747 1575 1778 quat
1597 1736 1745 1776 proxime
1760 1758 1768 1772 .
1791 1734 1940 1776 areteque
1963 1733 2047 1776 ipsos
2070 1736 2433 1777 compleCoebatunre.

1421 1791 1499 1813 num
1522 1777 1695 1812 substantia
1717 1779 1796 1811 dura
1820 1786 1911 1816 erat,
1944 1779 1976 1809 δι
2008 1777 2125 1811 callosa
2140 1803 2150 1813 .
2280 1779 2434 1816 Thorace

1419 1822 1545 1858 recluso
1562 1846 1572 1861 ,
1591 1820 1674 1855 nihil
1697 1822 1732 1854 in
1755 1819 1964 1863 pulmonibus
1989 1830 2152 1862 repertum
2175 1821 2219 1855 est
2239 1823 2328 1866 quod
2352 1823 2431 1858 esset

1421 1877 1536 1910 praeter
1558 1874 1706 1899 naturam
1728 1878 1740 1902 3
1775 1863 1827 1897 sed
1849 1864 1981 1905 Asperae
2005 1866 2130 1897 arteriae
2154 1873 2289 1900 truncus
2300 1868 2436 1901 cartila-

1418 1911 1511 1953 gines
1533 1909 1649 1944 habuit
1674 1908 1858 1952 praeduram,
1885 1919 1943 1941 nec
1967 1904 2061 1940 facile
2093 1908 2332 1952 constringenti
2364 1922 2434 1946 ma-

1417 1955 1476 1988 nui
1498 1953 1645 1987 cedentes
1659 1978 1668 1986 .
1689 1951 1788 1992 Quod
1814 1951 1889 1983 vitii
1913 1952 2056 1993 genusin
2071 1954 2197 1985 arteriis
2207 1965 2338 1996 quoquc
2351 1955 2430 1988 Ilia-

1416 1999 1481 2036 cis,
1504 2000 1534 2030 &
1559 1998 1735 2038 proximo,
1758 1994 1841 2028 unde
1864 1996 2040 2033 oriuntur,
2065 1996 2179 2028 Aortae
2205 2005 2322 2031 trunco
2360 2001 2432 2033 ani-

1417 2040 1619 2074 madversum
1643 2038 1748 2073 fuerat
1772 2061 1781 2071 .
1815 2037 1936 2079 Neque
1960 2039 2048 2071 intra
2083 2038 2250 2073 thoracem
2284 2040 2393 2074 deerat
2418 2056 2430 2080 ;

1416 2084 1466 2118 sed
1491 2083 1538 2117 ibi
1562 2093 1629 2125 quo
1653 2083 1756 2124 magis
1779 2092 1797 2114 a
1819 2081 1916 2114 corde
1940 2080 2105 2114 recedebat
2138 2084 2243 2115 Aorta
2263 2104 2273 2120 ,
2304 2096 2342 2117 eo
2374 2084 2431 2119 fie-

1415 2128 1472 2162 bat
1498 2125 1713 2161 manifestius.
1739 2125 1883 2167 Eratque
1905 2123 1976 2158 haec
1999 2126 2084 2157 intra
2108 2124 2273 2160 thoracem
2316 2129 2426 2163 multo

1416 2173 1537 2211 latior,
1559 2180 1657 2213 quam
1681 2169 1800 2212 justum
1824 2167 1922 2201 esset.
1957 2170 1995 2201 In
2018 2167 2116 2202 corde
2140 2170 2230 2203 nulla
2266 2171 2426 2214 polyposa

1417 2216 1608 2251 concretio,
1635 2216 1666 2247 &
1698 2213 1754 2245 vix
1787 2222 1888 2255 pauca
1920 2210 2085 2254 sanguinis
2116 2214 2228 2254 portio
2247 2236 2258 2253 ,
2292 2213 2423 2258 ejusque

1419 2257 1581 2301 spumosi.
1605 2256 1665 2290 Sed
1688 2266 1791 2297 neque
1813 2264 1885 2288 toto
1918 2265 2055 2298 corpore
2089 2256 2230 2290 multum
2264 2255 2430 2299 sanguinis

1417 2303 1505 2342 suit,·
1528 2299 1551 2335 fi
1576 2300 1695 2342 capitis
1719 2300 1938 2341 integumenta
1961 2298 2121 2345 excipias„
2146 2311 2220 2343 quae
2244 2300 2323 2335 dum
2345 2303 2430 2336 inci-

1414 2347 1592 2384 derentur,
1617 2343 1743 2385 sanguis
1767 2353 1830 2376 non
1853 2343 1898 2375 ita
1921 2353 2041 2386 paucus
2062 2342 2191 2376 eflluxit
2205 2365 2216 2376 .
2345 2347 2429 2379 Cra-

1413 2393 1470 2423 nio
1492 2396 1625 2431 aperto,
1651 2396 1768 2428 praeter
1791 2385 1896 2420 serum
1938 2384 2029 2432 quod
2074 2388 2176 2420 inerat
2209 2388 2428 2424 animadversa

1411 2432 1457 2468 est
1479 2431 1604 2466 cerebri
1625 2429 1797 2464 substantia
1820 2437 1893 2464 tota
1937 2439 2095 2471 malorem
2130 2430 2165 2463 in
2197 2432 2333 2465 modum
2379 2434 2425 2466 la.

1411 2487 1452 2510 xa
1467 2499 1476 2507 .

1459 2528 1507 2551 11.
1531 2518 1647 2553 Nimis
1670 2518 1703 2550 δε
1726 2517 1831 2551 multa
1849 2540 1860 2557 ,
1881 2517 1914 2549 &
1936 2516 2049 2558 gravia
2073 2525 2192 2558 praeter
2205 2529 2239 2551 ea
2262 2528 2335 2560 quae
2356 2529 2427 2553 ma-

1410 2560 1521 2596 nifesta
1544 2571 1655 2598 erant,
1677 2561 1819 2595 latebant
1843 2562 1877 2593 in
1899 2559 1961 2592 hoc
1986 2570 2145 2601 corpore,
2169 2572 2241 2602 quae
2264 2571 2388 2595 naturae
2411 2586 2425 2604 ,

1411 2608 1442 2639 &
1468 2606 1531 2638 arti
1555 2605 1716 2639 obstarent
1749 2606 1785 2637 in
1821 2602 1990 2636 arthritica
2023 2605 2162 2636 materia
2194 2602 2233 2637 ad
2265 2606 2422 2639 articulos

1410 2648 1609 2683 revocanda.
1635 2648 1757 2681 Laxius
1777 2647 1863 2680 enirn
1896 2646 2063 2678 cerebrum
2099 2646 2315 2688 praecedentes
2348 2649 2420 2691 qui.

1410 2691 1483 2725 dem
1505 2693 1641 2734 capitis,
1665 2692 1697 2723 &
1721 2688 1849 2724 auditus
1871 2690 2033 2730 gravitas,
2057 2691 2087 2722 &
2111 2689 2150 2722 ad
2176 2688 2326 2724 somnum
2346 2703 2426 2732 pro-

1407 2736 1537 2769 clivitas
1558 2733 1765 2769 indicabant.
1789 2732 1848 2766 Sed
1871 2733 2020 2765 laxumne
2044 2733 2123 2765 adeo
2146 2731 2269 2766 fabium
2295 2745 2423 2776 putares

1408 2788 1445 2812 ut
1470 2779 1528 2812 suo
1550 2780 1715 2821 praecipuo
1738 2776 1862 2809 muneri
1886 2779 2036 2819 ineptum
2058 2773 2126 2808 fere
2147 2774 2212 2816 jam
2234 2777 2313 2810 esset
2334 2800 2345 2815 ,
2385 2789 2421 2811 a-

1407 2822 1586 2864 ptisiimum
1610 2832 1688 2855 vero
1710 2817 1906 2861 excipiendae
1930 2818 2092 2852 arthritici
2115 2816 2315 2861 sericopiae,
2337 2822 2424 2855 unde

1405 2875 1564 2905 externae,
1586 2865 1787 2907 internaeque
1809 2863 1873 2896 illae
1896 2861 2119 2895 convulfiones
2141 2885 2151 2901 ,
2186 2864 2306 2905 quibus
2342 2875 2425 2907 prae-
2453 2875 2456 2877 ’

1404 2908 1592 2943 cordiorum
1614 2907 1757 2950 angustia
1771 2931 1779 2945 ‚
1801 2908 1832 2939 &
1854 2905 1975 2938 summa
1993 2927 2002 2941 ‚
2027 2903 2135 2938 illaesis
2158 2905 2308 2949 alioquin
2347 2908 2420 2949 pul-

1405 2953 1560 2986 monibus
1579 2955 1593 2991 (
1615 2953 1699 2985 intra
1723 2959 1806 2993 quos
1827 2959 1883 2982 nec
1893 2947 2223 2992 Joerdenfius(n)in
2235 2950 2309 2984 casu
2334 2948 2421 2985 haud

1405 2996 1545 3030 absimili
1569 2994 1749 3038 quidquam
1771 2992 1937 3026 adnotavit
1963 2992 2180 3031 morbosum)
2206 2993 2347 3035 spirandi
2361 3005 2420 3027 an-

1406 3040 1507 3083 gustia
1531 3038 1729 3073 debebatur.
1755 3036 1873 3077 Magna
1896 3045 2006 3069 autern
2031 3039 2146 3069 arteria
2170 3046 2239 3070 tum
2263 3037 2417 3079 aequola..

1405 3085 1494 3119 tior,
1519 3093 1588 3116 tum
1611 3080 1767 3124 praeduris
1790 3078 1931 3116 tunicis,
1956 3087 1992 3112 ut
2017 3078 2110 3113 Iliaci
2133 3090 2265 3122 quoque
2300 3081 2381 3113 rami
2405 3101 2417 3117 ,

1406 3124 1584 3165 instructa,
1607 3137 1672 3168 qua
1690 3125 1722 3156 vi
1747 3130 1876 3163 poterat
1902 3123 1936 3154 in
1960 3122 2156 3164 superiores,
2180 3122 2416 3166 inferioresque

1406 3180 1494 3203 artus
1525 3177 1711 3212 peccantem
1744 3166 1913 3199 materiam
1947 3165 2148 3208 impellere?
2182 3166 2262 3199 Sane
2305 3168 2416 3201 multo

1405 3216 1514 3256 aptior
1535 3221 1603 3246 erat
1627 3211 1665 3245 ad
1691 3210 1854 3251 sanguinis
1877 3217 2004 3242 motum
2022 3208 2156 3243 subinde
2169 3210 2413 3247 remorandum,

1404 3256 1487 3290 unde
1511 3259 1543 3289 δι
1562 3255 1727 3297 deliquia,
1750 3256 1780 3285 δι
1803 3252 1990 3285 noviffimus
2013 3252 2067 3285 ille
2089 3252 2249 3293 insultus,
2275 3255 2308 3286 δε
2343 3254 2421 3296 pul-

1405 3300 1497 3333 suum
1521 3296 1710 3332 intermiffio
1733 3295 1927 3337 repetenda,
1950 3294 2126 3338 praesertim
2164 3307 2239 3329 cum
2273 3297 2414 3330 infirmae

1403 3343 1500 3376 essent
1523 3341 1629 3376 cordis
1653 3341 1760 3378 vires,
1785 3348 1820 3373 ut
1833 3338 2201 3383 pulsuumimbecillitas
2212 3337 2411 3375 ostendebat,

1403 3397 1461 3419 nec
1480 3383 1787 3425 sinecausa,quippe
1801 3393 1876 3415 cum
1888 3383 1953 3415 illae
1964 3382 2004 3414 ab
2014 3381 2175 3423 ejusmodi
2187 3382 2321 3416 cerebro
2333 3393 2410 3417 con-

1402 3428 1517 3462 servari
1542 3439 1605 3461 non
1629 3427 1771 3469 possent.
1797 3425 1873 3459 Huc
1897 3425 1979 3459 illud
2003 3424 2201 3463 accedebat,
2223 3425 2313 3468 quod
2336 3434 2411 3459 cum

1401 3472 1605 3506 imbecillum
1627 3482 1682 3503 cor
1696 3492 1706 3509 ‚
1729 3469 1880 3511 duraeque
1903 3468 2026 3502 arteriae
2051 3469 2101 3501 vel
2124 3471 2280 3512 optimo,
2305 3472 2336 3502 δε
2359 3468 2410 3500 vi-

1402 3515 1480 3548 vido
1493 3516 1635 3556 sanguini
1649 3513 1900 3553 circumagendo
1914 3512 2047 3546 minime
2059 3522 2114 3553 par
2126 3513 2230 3547 robur
2240 3513 2406 3546 haberent5

1402 3568 1467 3591 erat
1491 3559 1554 3592 illis
1577 3556 1845 3598 circumagendus
1878 3555 2007 3591 effeetus
2044 3555 2171 3597 sanguis
2196 3578 2206 3593 ,
2239 3560 2270 3589 &
2301 3557 2426 3595 impu-—

1400 3613 1472 3641 rus,
1494 3601 1624 3645 qualem
1646 3600 1733 3635 hunc
1756 3597 1849 3633 fuisse
1871 3595 2125 3640 commonstrant
2148 3607 2265 3642 praeter
2280 3599 2407 3637 vitam,

2306 3651 2365 3672 no-

360 3706 2378 3735 *Md—*ff

406 3751 422 3779 (
436 3748 453 3774 k
469 3749 482 3778 )
498 3750 569 3780 Epist.
587 3759 623 3781 ις.
643 3759 666 3774 n.
685 3758 722 3775 10.
739 3751 761 3775 δι
779 3749 851 3778 Epist.
869 3756 909 3776 eo.
927 3755 949 3772 n.
966 3754 988 3772 a.
1000 3776 1006 3782 ⁵

413 3784 421 3810 ι
437 3787 454 3804 n
473 3782 481 3811 )
499 3781 552 3807 Ast.
570 3782 602 3806 N.
620 3782 648 3806 C.
665 3782 738 3805 Tom.
756 3789 779 3809 4-
795 3778 902 3809 append.
919 3786 941 3803 n.
959 3786 983 3809 ς.
1000 3785 1026 3803 in
1041 3777 1090 3803 fine
1108 3778 1130 3808 §.
1147 3787 1171 3809 ς.

1050 3750 1061 3772 (
1077 3748 1087 3772 1
1107 3750 1116 3776 J
1131 3747 1157 3771 in
1175 3748 1248 3772 eoae.
1266 3753 1291 3771 n.
1310 3753 1330 3772 ι.
1350 3745 1412 3775 npud
1428 3742 1559 3771 Menneu.

1617 3741 1629 3773 s
1645 3750 1669 3767 m
1687 3743 1702 3773 )
1717 3740 1851 3767 Lirotomia
1864 3758 1873 3768 .

2449 3079 2486 3086 s-
