2498 4075
356 236 656 279 'num'immittin
681 241 761 274 Sane
785 248 856 274 tum
882 239 1032 274 animalia
1055 249 1127 281 quae
1150 237 1226 275 hinc
1259 246 1388 271 mortua

368 287 627 322 memoravimus
650 281 757 328 (f),
780 292 852 317 tum
875 294 946 325 quae
969 282 1095 320 Redius
1117 285 1172 325 (g
1195 286 1206 324 >
1231 293 1285 325 per
1296 280 1389 315 Afri-

363 341 491 366 ‘canum
515 328 717 370 scorpionem
739 326 881 364 occidit,
896 325 1045 361 convulsa
1059 327 1197 366 periere,
1222 336 1295 360 tum
1308 335 1388 358 con-

377 371 468 407 tulsa
490 381 620 415 quoque
645 382 678 403 ea
703 370 820 403 mulier
840 369 879 408 de
901 381 964 412 qua
988 368 1079 410 supra
1103 369 1229 403 dictum
1253 369 1295 403 est
1318 367 1387 411 (h),

368 427 453 450 »cum
476 423 679 457 quaecunque
702 414 764 445 alia
787 412 1007 455 symptomata
1031 414 1065 445 in
1089 411 1176 454 ipsa,
1199 414 1231 445 δε
1261 414 1386 446 caeteris

375 461 475 493 etiam
499 459 557 500 qui
583 457 705 491 mortui
729 466 795 488 non
819 455 911 498 sunt,
935 454 1125 490 horninibus
1149 464 1388 497 apparuerunt,

373 502 474 540 facile
496 511 553 542 per
575 499 797 535 convulsiones
821 498 899 533 licet
922 499 1082 541 explicare
1098 512 1107 530 :
1129 501 1291 533 &venena
1303 510 1387 541 quo-

377 556 443 588 que
468 545 529 577 alia
547 565 556 580 ‚
581 542 670 583 iistu,
693 551 749 577 aut
772 542 879 576 morsu
913 541 1149 576 venenosorum
1193 542 1384 575 animalium

378 588 625 623 communicata
642 608 651 623 ‚
676 597 731 627 per
756 596 877 619 nervos
899 585 1099 628 potiffimum
1115 596 1252 626 nocere,
1275 585 1384 620 lauda-

375 631 454 666 bilis
478 631 532 666 Cl.
557 629 682 663 Meadii
705 629 753 672 (i
777 635 788 671 )
814 628 967 663 sententia
992 629 1059 662 est.

422 685 476 717 27.
503 674 554 709 De
578 670 721 708 immisso
744 680 851 711 autem
874 673 968 707 simul
1013 683 1088 707 cum
1133 672 1243 707 aculeo
1287 672 1384 707 etiam

375 728 526 757 veneno,
549 717 637 751 nulla
661 716 798 758 amplius
822 715 915 750 restat
938 716 1104 749 dubitatio
1137 741 1147 750 .
1191 715 1281 749 Nam
1326 713 1383 749 etsi

377 761 583 806 posteaquam
608 761 731 795 Plinius
752 763 766 800 (
789 761 807 801 l<
829 763 839 799 )
866 760 954 792 tenui
970 758 1072 803 fistula
1093 757 1272 804 perforatos
1297 757 1354 792 effe
1374 780 1384 795 ‚

378 803 578 841 tradiderat,
598 803 795 847 scorpionum
818 801 959 840 aculeos,
983 812 1134 836 venenum
1158 801 1353 845 infundentes
1372 824 1385 841 ‚

376 851 409 880 δε
432 852 446 887 (
467 845 479 879 l
500 845 603 886 >hoc
627 843 665 879 ab
687 846 731 880 iis
755 846 918 880 candidum
932 842 1048 889 effundi
1062 871 1070 886 ‚
1092 845 1320 888 Apollodorum
1331 856 1386 878 an-

375 890 490 926 &orem
510 889 594 934 effe,·
619 888 763 924 Galenus
788 894 799 931 (
823 900 855 923 m
876 893 890 929 )
913 890 1043 927 extitit,
1068 890 1124 932 qui
1148 888 1270 923 nullum
1291 900 1385 931 appa-

381 944 449 968 rere
463 931 633 980 foramen,
654 932 826 969 scriberet,
849 933 882 966 in
906 944 1016 968 eorum
1061 931 1166 967 aculeo
1190 955 1198 971 ,
1243 932 1381 972 ideoque

374 984 432 1012 aut
453 986 602 1019 perquam
622 976 768 1018 exiguum
791 975 845 1021 effe
867 976 900 1009 id
922 976 1001 1018 quod
1020 976 1184 1018 injiceret,
1207 984 1273 1022 -anr
1303 974 1383 1010 nihil

374 1021 521 1060 omnino,
543 1020 624 1063 quin
648 1020 745 1053 etiam
768 1019 894 1053 Redius
918 1024 928 1059 (
951 1030 970 1052 n
992 1023 1006 1061 )
1031 1031 1067 1053 ne
1091 1021 1124 1052 in
1149 1022 1265 1061 majori
1308 1020 1383 1060 qui-

371 1063 447 1100 dem
471 1062 622 1105 scorpio,
646 1073 761 1105 nempe
785 1061 970 1102 Africano,
1005 1063 1107 1097 ullum
1151 1064 1259 1097 videre
1293 1061 1381 1097 fora-

374 1118 448 1141 men
471 1108 603 1149 potuit,
626 1108 837 1150 quantumvis
859 1107 956 1140 oculo
987 1105 1237 1149 exquifitiffimis
1282 1107 1378 1139 vitris

373 1150 561 1188 instrusto3
586 1149 640 1185 hic
662 1160 770 1185 tamen
794 1161 860 1184 non
883 1149 982 1183 modo
1005 1162 1043 1184 ex
1067 1151 1208 1183 Aretino
1241 1151 1380 1192 antiquo

372 1194 538 1236 Scriptore
562 1197 573 1233 (
598 1195 656 1236 qui
679 1207 695 1228 e
720 1195 827 1227 Plinio
850 1193 1028 1229 exscribere
1051 1201 1200 1235 potuerat
1222 1195 1234 1233 )
1267 1192 1320 1227 sed
1343 1204 1382 1226 ex

374 1237 519 1280 propriis
542 1238 657 1272 multis
680 1239 713 1271 in
738 1239 851 1271 eodem
876 1236 935 1272 illo
981 1236 1110 1277 scorpio
1141 1236 1379 1270 observationi-

373 1281 456 1319 bus,
482 1280 593 1313 album
616 1292 655 1314 ex
678 1282 788 1314 aculeo
813 1280 941 1322 prodire
963 1279 1157 1317 humorem,
1203 1279 1379 1315 confirma-

370 1326 444 1357 vit.-
468 1323 524 1358 alii
549 1332 657 1358 autem
680 1323 859 1363 foramina,
883 1324 1001 1357 nedum
1026 1322 1194 1363 foramen,
1229 1323 1380 1366 pervide-

371 1375 470 1405 runt,
493 1378 575 1409 quos
597 1369 683 1401 inter
705 1367 919 1403 Vallisnerius
941 1371 955 1408 <
977 1379 993 1400 o
1017 1370 1027 1405 )
1051 1367 1083 1399 in
1117 1367 1233 1408 primis
1276 1366 1341 1402 fuit
1367 1390 1379 1407 ,

369 1411 429 1453 qui
451 1410 588 1451 deinde,
611 1422 669 1445 nec
692 1412 805 1449 semel,
831 1410 954 1450 edidit,
977 1409 1182 1453 ostenditque
1205 1420 1275 1444 tum
1298 1422 1378 1454 qua-

370 1464 406 1488 re
429 1453 468 1488 ab
491 1454 601 1488 Redio
625 1454 688 1489 visa
714 1466 779 1488 non
803 1454 944 1494 fuerint,
969 1456 1090 1497 quippe
1113 1455 1146 1487 in
1169 1453 1239 1496 ipso
1272 1465 1376 1489 extre-

369 1508 428 1531 mo
450 1499 595 1533 acumine
617 1506 800 1543 quaerente,
825 1508 895 1531 tum
919 1509 1017 1540 quare
1048 1499 1082 1530 in
1128 1508 1273 1531 extremo
1318 1498 1377 1534 effe

369 1551 437 1574 non
460 1540 654 1579 debuerint,
678 1541 831 1579 videlicet
853 1552 892 1574 ne
915 1540 937 1574 fi
959 1544 1072 1575 veneni
1096 1541 1291 1575 canaliculus
1337 1543 1376 1576 ad

370 1593 551 1619 extremum
576 1584 676 1626 usque
699 1586 801 1619 aculei
826 1583 1074 1626 perduceretur,
1097 1584 1195 1628 hujus
1238 1584 1376 1619 necessa-

368 1629 427 1663 riis
449 1636 521 1662 tum
545 1628 721 1663 subtilitati
744 1627 906 1665 officeret,
930 1638 1000 1663 turn
1023 1627 1245 1668 firmitudini,
1278 1629 1375 1662 obtu-

368 1673 490 1706 rationi
515 1680 621 1705 autem
644 1683 661 1705 a
685 1673 820 1705 minima
854 1674 969 1714 quavis
1011 1673 1044 1704 in
1090 1683 1189 1714 quam
1233 1674 1377 1706 incurre-

367 1724 438 1754 ret,
463 1716 607 1748 materiae
631 1715 791 1756 particula
814 1714 977 1748 obnoxius
1000 1713 1113 1747 fieret.
1139 1716 1193 1748 Ne
1218 1727 1294 1749 vero
1316 1716 1376 1749 du-

367 1757 472 1795 bites,
496 1769 573 1791 num
596 1755 783 1799 foramina,
807 1769 907 1800 eaque
929 1769 994 1791 non
1017 1759 1051 1790 in
1075 1766 1220 1791 extremo
1245 1758 1374 1796 aculeo,

367 1804 403 1834 in
426 1800 621 1836 nostratibus
646 1813 776 1844 quoque
800 1801 862 1834 fint
877 1800 1107 1843 scorpii53qua
1130 1803 1255 1835 ratione
1276 1802 1308 1834 in
1327 1801 1376 1837 his

368 1844 466 1878 etiam
490 1845 684 1894 perspexerit
695 1843 929 1888 elegantiffimo
941 1844 1004 1878 Vir
1015 1847 1147 1888 ingenio
1160 1846 1375 1880 Ferdinandus

367 1890 537 1922 Antonius
560 1888 752 1929 Ghedinus,
776 1891 808 1922 &
831 1888 899 1933 ipse
923 1887 961 1922 ad
987 1900 1036 1922 me
1060 1887 1184 1931 scripsit
1210 1892 1251 1923 A.
1280 1898 1373 1932 1707.

367 1934 400 1965 δε
425 1931 635 1966 Vallisnerius
658 1933 914 1969 communicatas
949 1944 964 1965 a
989 1944 1039 1965 me
1071 1931 1217 1967 Ghedini
1250 1933 1374 1966 litteras

367 1975 537 2017 vulgavit.
565 1977 741 2011 Peculiaria
766 1975 835 2009 haec
858 1974 955 2011 habet
968 1975 1203 2012 Vallisnerius,
1227 1975 1374 2011 aculeum

367 2019 578 2062 triangularis
601 2020 701 2055 instar
723 2020 904 2061 pyramidis
927 2029 991 2052 tres
1015 2019 1110 2055 facies
1145 2020 1261 2053 habere
1285 2033 1293 2051 ε
1339 2022 1374 2052 in

366 2061 482 2097 harum
507 2062 640 2106 fingulis
663 2063 785 2105 fingula
808 2063 868 2097 effe
892 2062 1075 2097 foramina:
1100 2063 1271 2097 humorem
1318 2074 1375 2106 per

367 2105 437 2140 haec
461 2107 547 2140 exire
573 2118 670 2148 quarn
697 2109 836 2142 maxime
861 2107 1059 2147 limpidum:
1085 2106 1171 2140 hunc
1207 2116 1314 2140 autem
1360 2119 1376 2140 a

366 2150 549 2183 canaliculo
575 2162 627 2193 per
652 2150 836 2183 internodia
859 2150 966 2183 caudae
989 2150 1193 2190 traductum,
1217 2152 1251 2183 in
1299 2150 1378 2183 ulti—

368 2204 460 2227 mum
485 2193 583 2231 ferri,
608 2205 645 2227 ex
668 2205 734 2236 quo
758 2202 846 2226 extat
872 2194 1017 2227 aculeus.
1040 2194 1096 2226 Tu
1129 2195 1163 2227 in
1198 2195 1374 2236 peregrinis

366 2237 435 2270 illis
470 2236 719 2279 grandioribus,
743 2249 783 2272 ex
805 2237 923 2282 quibus
947 2237 1015 2279 ipse
1051 2236 1181 2271 videtur
1218 2236 1286 2271 liaec
1320 2239 1372 2272 de-

366 2280 540 2324 scripfiffe,
566 2292 707 2324 quaerere
733 2283 876 2324 poteris,
899 2292 937 2314 an
962 2290 1116 2323 perpetua
1148 2280 1209 2314 sint
1236 2303 1245 2318 ‚
1275 2281 1372 2316 illud-

365 2335 427 2367 que
451 2334 623 2366 praetcrea‚
647 2336 718 2367 quae
742 2326 858 2359 intima
882 2325 1039 2359 structura
1062 2322 1100 2357 fit
1125 2324 1235 2359 ultimi
1269 2326 1371 2358 inter-

365 2366 455 2402 nodii
470 2393 477 2398 .
505 2367 593 2401 Nam
617 2378 733 2409 praeter
757 2368 927 2402 vesiculam
942 2389 954 2407 ,
976 2379 1074 2410 quam
1098 2368 1178 2401 olim
1212 2369 1371 2403 indicavit

365 2412 521 2445 Coiterus
545 2414 555 2451 (
577 2422 599 2453 p
621 2415 635 2453 )
659 2411 817 2452 scribens,
836 2410 896 2453 snb
921 2412 1022 2445 cauda
1042 2411 1172 2452 aculeo,
1196 2422 1254 2454 quo
1285 2411 1373 2445 scor-

366 2457 438 2497 pius
454 2453 538 2497 ferit
553 2480 561 2493 ,
582 2453 715 2497 veficam
737 2465 854 2490 veneno
873 2454 999 2496 plenam
1020 2453 1147 2488 latitare
1167 2478 1179 2495 ,
1222 2455 1375 2489 credibile

365 2497 410 2532 est
437 2497 606 2532 musculosi
632 2498 755 2540 aliquid
780 2496 898 2534 inesse,
922 2509 991 2541 quo
1021 2508 1179 2532 venenum
1214 2500 1375 2542 exprima-

366 2551 441 2575 tur.
466 2542 600 2575 Extima
626 2543 713 2575 enim
737 2541 915 2575 internodii
940 2551 1011 2582 pars
1034 2541 1066 2574 id
1090 2541 1237 2584 praestare
1261 2554 1314 2582 per
1347 2542 1375 2576 se

365 2595 431 2618 non
455 2585 576 2626 potest,
602 2593 636 2618 ut
663 2594 739 2627 pote
761 2596 833 2628 quae
858 2584 1006 2617 corneola
1029 2583 1072 2618 est
1088 2606 1098 2622 ,
1122 2588 1152 2617 ἂν
1175 2585 1375 2620 inAfricano

365 2629 562 2671 scorpione,
586 2637 746 2667 externae,
770 2638 806 2662 ut
834 2628 957 2661 Redius
990 2630 1000 2666 (
1024 2637 1042 2668 q
1065 2630 1076 2668 )
1111 2637 1258 2669 expertus
1303 2629 1345 2662 est
1369 2653 1377 2668 ‚

364 2672 592 2713 compreffioni
617 2672 751 2705 minime
774 2671 906 2705 cedens.
932 2670 997 2704 Sub
1020 2670 1122 2704 crusta
1147 2682 1252 2705 autem
1287 2673 1341 2705 illa
1367 2695 1376 2710 ‚

365 2714 638 2758 quemadmodum
663 2718 696 2749 in
723 2726 914 2750 cancrorum
939 2713 1086 2748 videmus
1110 2715 1252 2751 brachiis
1270 2739 1282 2756 ‚
1328 2719 1373 2750 in-

364 2759 538 2793 cludantur
566 2759 724 2798 musculi,
750 2757 868 2793 necesse
891 2758 956 2796 est,
981 2757 1122 2800 quibus,
1158 2761 1376 2798 ut,interno-

365 2803 419 2836 dia
441 2813 553 2837 caetera
568 2828 577 2844 ‚
599 2802 640 2836 sic
663 2804 763 2837 etiam
788 2804 939 2837 ultimum
964 2811 1158 2839 moveatur·,
1183 2804 1293 2845 itaque
1306 2814 1373 2836 car-

351 2858 422 2888 ,nea
438 2869 446 2883 ‚
474 2856 528 2879 aut
553 2847 702 2880 tendinea
728 2848 835 2890 aliqua
859 2845 1009 2888 expansio
1030 2856 1042 2884 3
1088 2846 1172 2880 intra
1218 2847 1371 2880 ultimum

365 2889 588 2925 internodium
614 2893 824 2932 perveniens,
847 2889 1006 2925 validiore
1028 2891 1253 2926 contrae'tione
1274 2902 1370 2932 quam

364 2945 428 3013 {qua
453 2933 533 2968 illud
558 2944 691 2979 movet,
713 2934 925 2977 comprimere
959 2935 1059 2970 etiam
1106 2932 1208 2976 posset
1253 2933 1371 2971 veficu-

383 2988 450 3009 am.
966 2991 971 2993 -

411 3020 461 3053 28.
486 3020 544 3054 Sed
570 3020 631 3055 hoc
656 3032 811 3055 venenum
836 3022 871 3053 in
897 3019 1094 3055 nostratibus
1119 3019 1250 3063 quidem
1283 3021 1371 3055 scor-

365 3065 427 3106 piis
452 3085 462 3100 ,
507 3064 639 3107 aliisque
684 3076 748 3097 non
772 3063 975 3099 aestuosarum
996 3067 1186 3107 regionum,
1212 3073 1248 3099 ut
1272 3065 1372 3098 Mon-

364 3107 594 3150 i'pelienfibus,
619 3109 716 3150 longe
740 3110 846 3142 minus
878 3108 1021 3143 validum
1068 3108 1145 3146 est,
1191 3119 1290 3152 quam
1335 3112 1369 3141 iu

366 3149 550 3185 Africanis.
578 3152 696 3195 Itaque
719 3162 783 3184 non
810 3151 888 3185 ficut
911 3153 944 3184 in
969 3150 1105 3192 Africa,
1129 3154 1174 3185 ita
1199 3152 1279 3195 apud
1313 3163 1372 3185 nos

366 3194 481 3236 saepius
497 3216 506 3231 ,
542 3196 609 3227 imo
633 3206 705 3230 raro
728 3195 806 3229 adeo
829 3197 939 3237 gravia
964 3207 1003 3228 ex
1026 3208 1063 3228 eo
1086 3206 1264 3231 occurrunt
1287 3195 1373 3237 sym-

365 3246 514 3282 ptomata
554 3263 562 3276 ‚
605 3238 878 3281 quemadmodum
924 3237 1014 3280 supra
1058 3240 1072 3278 (
1104 3250 1120 3272 r
1145 3240 1164 3281 )
1210 3238 1366 3275 ostensum

365 3281 428 3317 est,
453 3290 488 3313 ut
526 3280 582 3314 nisi
630 3283 733 3323 plures
780 3281 878 3317 causae
903 3305 915 3322 ,
958 3285 989 3315 &
1030 3283 1063 3315 in
1110 3282 1162 3317 his
1207 3285 1367 3325 praecipua

350 3322 517 3362 vfortasse,
542 3336 655 3367 nempe
678 3326 870 3361 craffiusculi
907 3326 995 3359 nervi
1041 3328 1253 3369 compunfflo
1280 3350 1288 3364 ‚
1333 3328 1365 3359 in

348 3379 466 3402 <unum
490 3370 685 3404 conveniant
712 3395 720 3405 .
765 3370 943 3406 innocuum
967 3366 1026 3402 esse
1050 3370 1197 3405 videatur
1222 3395 1229 3403 .
1267 3371 1366 3412 Qod

364 3411 421 3447 uhi
468 3414 618 3455 ponimus
647 3424 658 3451 3
704 3412 798 3446 facile
843 3424 918 3446 cum
938 3428 940 3432 ⁴
962 3413 1036 3446 Cel.
1083 3414 1169 3447 Viro
1213 3414 1368 3456 Mauper-

365 3457 465 3490 tuisio
506 3458 520 3495 (
547 3455 574 3499 s
595 3459 610 3496 )
652 3457 685 3489 in
731 3467 801 3491 eam
847 3455 1060 3499 suspicionem
1105 3456 1326 3492 descendimus
1358 3479 1368 3495 2

742 3628 750 3660 (
765 3636 786 3660 g
802 3629 815 3658 )
831 3630 909 3659 Esper.
928 3630 995 3659 supra
1011 3629 1040 3664 ad
1057 3639 1079 3655 n.
1098 3639 1135 3662 ²3·
1156 3630 1198 3655 cit.

911 3663 949 3691 (l
968 3666 978 3695 J·
994 3661 1054 3685 lbid.
1072 3669 1094 3686 c.
1113 3670 1149 3692 ²5·

512 3693 566 3716 Vid.
586 3692 638 3715 loca
656 3692 723 3721 supra
738 3694 767 3717 ad
784 3699 806 3715 n.
825 3700 861 3721 23·
879 3693 901 3716 8:
918 3700 954 3720 ²4·
972 3693 1092 3716 indicata.

490 3629 580 3689 {supra
596 3638 620 3654 n.
638 3638 675 3662 ²5·

485 3694 501 3777 ὲ)
516 3732 520 3744 ι
557 3731 592 3747 2³.
611 3723 632 3746 ὅ(
650 3723 713 3752 seqq.
776 3722 783 3751 (
801 3721 844 3751 s)
862 3724 1001 3748 Comment.
1018 3722 1086 3753 supra
1103 3722 1131 3746 ad
1150 3731 1175 3747 n.
1193 3731 1227 3752 ²5·
1243 3722 1285 3746 cit.

490 3780 498 3810 l

520 3664 578 3686 Nat.
597 3661 657 3685 Hist.
679 3661 696 3685 l.
715 3670 751 3689 ιι.
768 3668 790 3685 c.
809 3668 847 3689 37.

425 3634 444 3798 &flant-w·

518 3732 614 3775 bilsen.
633 3761 660 3777 tit·
678 3756 781 3778 Tarant.
798 3760 819 3776 c.
833 3760 859 3781 9.
877 3753 899 3776 8(
914 3752 975 3776 Hist.
996 3761 1015 3777 1.

456 3629 474 3659 s

457 3660 473 3684 l:

455 3699 467 3713 Π

458 3729 469 3743 Γ

454 3758 471 3779 1⁰

459 3780 475 3808 d
515 3783 613 3815 Lettera
629 3783 694 3814 sopra
711 3787 798 3811 ascune
812 3783 961 3813 opposizioni
978 3783 1023 3809 διε.

434 3799 445 3811 t

1259 3631 1304 3661 (rh
1320 3629 1327 3655 l
1347 3639 1373 3654 n.
1390 3639 1427 3660 ²4·

1211 3660 1263 3690 (m
1285 3664 1289 3687 )
1305 3663 1339 3685 De
1357 3663 1417 3688 Loc.
1435 3660 1507 3696 aff).
1522 3665 1548 3686 6.
1564 3669 1585 3686 c.
1604 3670 1638 3695 5.»,

1160 3692 1174 3721 (
1187 3699 1204 3722 p
1226 3694 1229 3718 ἒ
1247 3691 1307 3716 Obs.
1324 3694 1396 3716 Anat.
1416 3700 1446 3716 ex
1462 3692 1558 3727 diversis
1575 3693 1666 3716 brutis.

1169 3753 1232 3777 lbid.
1249 3761 1272 3777 c.
1290 3760 1312 3780 7-
1330 3725 1355 3776 &⁴
1368 3724 1469 3783 {usp}
1485 3724 1576 3747 med*
1592 3724 1612 3747 ¹⁸
1629 3731 1651 3751 ς’
1668 3730 1689 3748 ε’
1705 3730 1742 3752 ²⁷'
1758 3731 1781 3747 ‘¹'
1801 3732 1820 3753 ς’

1077 3752 1155 3815 ((ῖέ
1172 3785 1269 3810 Lettera
1285 3783 1323 3809 del
1341 3782 1409 3811 Plan
1428 3780 1464 3811 sta
1480 3783 1502 3809 le
1518 3783 1651 3813 opere'dol
1665 3783 1725 3810 Redi
1741 3786 1816 3812 Tom.
1834 3791 1858 3807 ²·
1874 3782 2006 3808 dell'Ediz.
2024 3786 2114 3810 Veneta
2125 3801 2132 3809 .

670 161 828 218 Liber
859 161 951 216 IV.
985 160 1070 214 De
1088 160 1312 219 ›Morbis
1343 158 1669 230 Chirurgicis
1686 198 1701 221 ,
1733 161 1799 231 &K
1824 157 2217 214 Universalibus

1439 246 1477 270 ne
1500 234 1587 270 forte
1610 236 1796 279 pluraquae
1819 236 1967 272 adversus
1997 235 2203 278 scorpionum
2247 237 2331 272 irstus
2374 238 2442 273 lau-

1439 278 1582 320 dantur,
1606 278 1744 313 remedia
1768 279 1843 314 ideo
1860 276 2021 323 rprosuiffe
2043 280 2109 314 visa
2133 279 2193 314 sint
2215 281 2303 323 quod
2327 280 2442 325 saepius

1439 321 1562 358 fuerint
1586 323 1626 356 iis
1649 322 1839 357 hominibus
1863 322 2008 358 adhibita
2031 323 2150 367 quibus
2171 324 2289 359 vulnus
2308 326 2442 368 quidem

1437 365 1613 402 infllifium
1636 366 1758 406 fuerit,
1782 364 1842 401 fed:
1856 368 2034 400 innocuum
2057 377 2215 402 venenum
2238 368 2415 403 immissum
2430 392 2439 400 .

1438 411 1527 456 Inter
1551 422 1586 444 ea
1608 408 1749 444 remedia
1767 421 1790 443 a
1814 411 1926 453 priscis
1949 409 2048 452 usque
2071 411 2273 453 temporibus
2296 409 2380 446 illud
2402 412 2442 446 de

1437 458 1528 495 cujus
1549 455 1584 487 vi
1607 452 1804 487 nominatim
1829 454 1892 488 Vir
1916 453 1970 487 ille
1996 454 2050 486 Cl.
2063 453 2216 493 dubitat,
2232 455 2442 496 potiffimum

1435 494 1625 533 recensitum
1648 495 1727 536 esse,
1751 495 1856 534 nosti,
1882 497 1969 539 quod
1993 508 2032 530 ex
2057 495 2223 539 scorpione
2257 496 2327 539 ipso
2358 501 2443 541 peti-

1435 550 1509 574 tur.
1534 539 1680 582 scorpio,
1701 540 1810 583 inquit
1834 540 1946 574 Celsus
1968 540 1987 583 (
2003 548 2018 574 t
2041 542 2075 578 )‚
2098 539 2162 583 ipse
2176 540 2240 583 fibi
2267 540 2443 582 pulcherri-

1435 593 1521 617 mam
1544 583 1802 628 medicamentum
1822 582 1885 624 esti,
1908 581 1972 616 five
2006 584 2163 617 contritus
2189 583 2282 627 super
2328 584 2445 619 vulnus

1435 625 1618 668 impofitus‚
1641 624 1704 659 sive
1719 625 1815 669 super
1835 636 1980 670 prunas,
2002 635 2038 660 ut
2060 625 2176 660 vulnus
2193 625 2413 671 suffiaemt'getur
2435 652 2446 662 .

1436 671 1563 704 Verum
1587 668 1711 703 laudati
1735 669 1814 703 Viri
1837 669 2079 704 dubitationem
2103 669 2235 705 videtur
2268 669 2446 704 confirma-

1435 724 1468 747 re
1490 722 1560 746 tum
1586 711 1811 754 suffumigium
1834 713 1896 747 hoc
1920 713 2032 747 frustra
2057 712 2241 748 adhibitum
2258 714 2292 749 ,ci
2317 714 2447 748 mulieri

1435 768 1506 799 quae
1529 756 1620 799 supra
1645 756 1710 799 (u)
1736 766 1915 790 memorata
1937 755 2001 795 est,
2026 767 2066 791 ex
2091 756 2271 799 scorpionis
2291 757 2361 790 ictu
2396 759 2447 791 ni..

1437 800 1618 837 hilominus
1642 808 1779 834 mortuae
1794 823 1804 839 ‚
1828 809 1900 834 tum
1922 799 2077 834 contusus
2100 799 2167 840 ipse
2191 800 2333 843 scorpius
2356 823 2369 841 ,
2412 804 2446 835 &

1439 844 1565 878 vulneri
1590 842 1783 890 impositus,
1803 844 1861 885 qui
1879 852 1993 885 parum
2012 840 2137 887 profuit
2167 843 2267 877 Petro
2315 856 2331 877 a
2377 846 2448 878 Ca-

1437 888 1523 929 stro,
1545 898 1637 930 cujus
1658 898 1788 928 quoque
1809 885 1918 920 casum
1942 888 2113 921 retulimus
2135 889 2224 926 (x),
2251 889 2284 921 in
2309 900 2348 921 eo
2371 888 2444 921 istis

1438 944 1455 965 a
1477 931 1640 966 tarantula
1664 930 1884 968 simillimum,
1907 929 1997 972 quod
2021 928 2207 973 insequenti·
2226 941 2310 964 anno
2344 931 2444 967 dolor

1439 975 1536 1010 rediit
1559 975 1672 1009 eodem
1693 975 1861 1016 tempore.
1886 974 1963 1007 Hoc
1984 976 2074 1007 enim
2096 974 2135 1007 de
2158 974 2310 1009 sauciatis
2354 988 2370 1009 a
2395 985 2445 1011 ta-

1437 1019 1564 1053 rantula
1590 1018 1756 1052 adnotavit
1780 1017 1932 1060 Baglivus
1956 1020 2011 1059 (y
2032 1020 2066 1059 ).·
2089 1017 2147 1059 qui
2170 1019 2202 1050 δε
2224 1018 2309 1052 illud
2340 1018 2445 1062 obser-

1431 1064 1558 1097 ·aatione
1580 1061 1730 1103 constare,
1754 1059 1878 1103 scripsit
1900 1064 1910 1100 (
1937 1072 1962 1103 z
1981 1063 2016 1102 >‚
2041 1072 2059 1093 a
2075 1059 2240 1103 scorpione
2263 1064 2297 1096 in
2322 1063 2444 1105 Apulia

1424 1105 1558 1148 pannos
1579 1106 1682 1139 eadem
1698 1102 1767 1148 fere
1786 1105 1859 1146 pati
1875 1103 2112 1147 symptomata,
2135 1115 2170 1137 ac
2185 1103 2214 1146 fi
2236 1116 2255 1138 a
2296 1113 2445 1141 tarantu-

1430 1149 1460 1182 la
1482 1147 1571 1191 morfi
1595 1147 1706 1194 effant-
1732 1148 1792 1182 Sed
1814 1158 1871 1181 nos
1894 1159 1929 1181 ea
1952 1141 2192 1191 symptomata,
2239 1150 2269 1182 &
2315 1159 2435 1183 mortes

1432 1193 1523 1235 supra
1547 1203 1611 1225 non
1634 1193 1847 1226 recensuimus
1862 1212 1870 1227 ‚
1893 1199 1929 1225 ut
1953 1191 2010 1233 qui
2034 1189 2312 1226 aestuosas-Italiae
2337 1202 2443 1235 partes

1431 1237 1633 1279 excepimus.
1657 1234 1784 1269 Profert
1808 1234 1937 1277 insuper
1959 1234 2126 1272 cuniculi,
2156 1245 2171 1266 a
2192 1236 2358 1270 tarantula
2383 1249 2444 1270 oc-

1431 1280 1485 1314 cisi
1501 1303 1513 1320 ,
1535 1279 1758 1314 disseetionern
1779 1281 1793 1318 (
1816 1290 1833 1311 a
1858 1281 1868 1317 )
1887 1291 1895 1309 ι
1921 1289 1978 1312 nec
2002 1278 2115 1311 reticet
2138 1275 2193 1320 (b
2215 1281 2229 1318 )
2251 1301 2263 1319 ‚
2299 1279 2338 1313 ab
2386 1280 2444 1314 illa

1431 1325 1572 1358 ictorum
1595 1321 1695 1356 multa
1710 1322 1925 1367 symptomata
1957 1332 1976 1354 a
1998 1322 2170 1363 depravata
2215 1323 2441 1366 imaginatione

1426 1369 1555 1410 pendere
1575 1367 1696 1400 videri.
1722 1366 1817 1403 Hoc,
1841 1376 1935 1407 atque
1954 1365 2022 1398 alia
2047 1375 2119 1406 quae
2154 1363 2203 1399 ad,
2234 1367 2441 1401 *tar-antulam

1432 1412 1596 1450 attinent,
1623 1411 1726 1452 magis
1751 1410 1917 1451 explorata
1938 1419 1999 1441 nos
2033 1407 2205 1442 habituros
2243 1408 2406 1453 speramus
2429 1434 2443 1453 ,

1429 1454 1584 1497 fiquando
1608 1454 1671 1487 Vir
1694 1451 1901 1488 Dofflffimus
1924 1451 2109 1486 franciscus
2133 1451 2243 1486 Seraus
2268 1465 2302 1486 ea
2347 1463 2441 1497 pote-

1431 1501 1509 1534 terit
1535 1510 1607 1541 quae
1631 1498 1669 1530 de
1693 1496 1815 1530 infesto
1839 1496 1899 1530 illo
1923 1494 2073 1529 inchoata
2097 1493 2216 1535 habet,
2252 1497 2407 1538 perficere
2432 1521 2443 1531 .

1558 1545 1683 1576 Interea
1705 1549 1812 1573 tamen
1826 1564 1835 1581 ,
1857 1539 1946 1581 quod
1971 1539 2009 1573 ad
2032 1538 2184 1573 nostrates
2197 1542 2339 1582 pertinet
2352 1542 2443 1575 scor-

1428 1587 1523 1630 pios,
1546 1597 1612 1619 non
1636 1586 1699 1619 sine
1722 1585 1813 1618 omni
1838 1583 2043 1617 dubitatione
2068 1581 2198 1620 sumus,
2218 1586 2303 1626 quin
2326 1585 2438 1628 plures

1427 1642 1465 1663 ex
1488 1632 1527 1663 iis
1551 1630 1607 1672 qui
1631 1629 1669 1662 ab
1692 1627 1742 1662 his
1765 1627 1955 1668 compuneti
1979 1627 2094 1668 gravia
2117 1626 2265 1668 quaedam
2287 1631 2357 1670 pati
2383 1630 2437 1662 vi-

1427 1673 1450 1707 si
1474 1673 1567 1710 sunt,
1591 1674 1710 1707 timore
1734 1672 2004 1713 imaginationem
2028 1669 2202 1707 turbante,
2243 1682 2316 1705 non
2363 1682 2432 1706 tam

1426 1728 1468 1750 ex
1490 1727 1613 1750 veneno
1637 1714 1727 1757 quod
1751 1713 1878 1756 prorsus
1909 1714 2087 1747 innocuum
2121 1712 2251 1747 fortaffe
2297 1714 2401 1749 fuerit
2426 1738 2438 1755 ‚

1427 1771 1524 1802 quarn
1548 1771 1587 1793 ex
1611 1759 1710 1792 animi
1732 1758 1940 1799 agitatione,
1963 1767 2080 1798 corpus
2105 1757 2317 1798 percellente‚
2353 1760 2437 1794 male

1427 1802 1620 1838 habuerint.
1645 1802 1740 1835 Hanc
1765 1809 1871 1833 autem
1895 1800 2134 1836 dubitationem
2150 1823 2158 1838 ‚
2182 1801 2215 1832 in
2238 1811 2302 1842 qua
2327 1803 2432 1845 ipsum

1426 1859 1554 1890 quoque
1577 1843 1851 1887 Maupertuisium
1876 1846 1885 1882 (
1910 1855 1925 1876 c
1947 1846 1958 1881 )
1986 1842 2067 1879 eise,
2090 1842 2208 1879 video,
2240 1848 2437 1888 comproba-

1425 1902 1461 1925 re.
1481 1903 1519 1924 ex
1544 1900 1632 1932 parte
1656 1888 1737 1922 illud
1759 1889 1857 1921 etiam
1881 1886 2005 1928 potest,
2029 1886 2120 1929 quod
2143 1888 2292 1922 nonnulli
2316 1900 2431 1925 eorum

1425 1937 1480 1969 vix
1503 1935 1557 1967 ieti
1573 1955 1582 1970 ,
1604 1934 1763 1966 continuo
1787 1931 1826 1963 de
1850 1931 1888 1962 iis
1912 1939 2091 1972 queruntur
2115 1941 2187 1972 quae
2212 1941 2278 1964 tam
2302 1935 2371 1967 cito
2393 1946 2433 1969 ne

1425 1981 1459 2012 in
1482 1979 1548 2012 illis
1569 1976 1699 2018 quidem
1722 1976 1932 2016 contigerunt
1956 1975 2012 2016 qui
2036 1983 2074 2006 ex
2100 1984 2223 2007 veneno
2246 1976 2356 2010 eodem
2380 1990 2439 2013 oc-

1429 2020 1484 2056 cisi
1508 2022 1579 2054 sunt
1595 2045 1603 2059 ,
1625 2019 1786 2060 iidemque
1813 2016 1964 2050 antidoto
1989 2017 2098 2060 aliquo
2146 2016 2297 2052 adhibito
2321 2042 2331 2058 ,
2380 2033 2437 2056 aut

1426 2066 1503 2100 dato
1528 2075 1566 2098 ex
1588 2063 1638 2098 his
1662 2074 1734 2105 quae
1759 2061 1896 2103 vulgus,
1921 2059 2045 2102 ipsique
2070 2062 2180 2102 magni
2204 2060 2353 2106 faciunt,
2377 2075 2433 2100 aut

1428 2109 1518 2152 quod
1543 2106 1694 2140 Medicus
1717 2105 1879 2147 quispiam
1902 2104 1954 2138 cui
1980 2104 2158 2145 plurimum
2181 2104 2284 2139 fidant
2310 2130 2319 2145 ‚
2364 2117 2439 2143 tan-

1430 2163 1530 2195 quam
1553 2148 1785 2188 certiffimum‚
1809 2145 2110 2185 commendaverit,
2134 2147 2226 2181 illico
2250 2150 2334 2185 nihil
2367 2164 2436 2187 am-

1429 2197 1512 2238 plius
1537 2195 1565 2228 se
1588 2194 1663 2228 mali
1687 2192 1804 2228 sentire
1820 2214 1828 2228 ‚
1853 2194 1883 2224 δε
1907 2191 2000 2233 plane
2023 2189 2151 2224 sanatos
2162 2191 2242 2229 effe,
2267 2194 2433 2230 clamarit.

1425 2241 1556 2280 Nempe
1581 2238 1704 2276 animi,
1728 2247 1793 2270 non
1817 2235 1983 2277 corporis,
2007 2233 2075 2267 haec
2099 2233 2157 2268 effe
2180 2236 2309 2270 videtur
2343 2251 2436 2274 cura-

1424 2285 1499 2317 tio:
1524 2293 1595 2324 quae
1619 2280 1697 2314 ficui
1722 2278 1805 2313 forte
1830 2278 1980 2312 antidoto
2004 2275 2124 2311 famam
2149 2281 2363 2324 conciliavit,
2397 2294 2435 2317 ut

1423 2327 1591 2359 immerito
1614 2323 1864 2364 conciliaverit,
1887 2320 2044 2364 simulque
2068 2331 2104 2356 ut
2127 2325 2265 2359 certiora
2289 2330 2440 2368 quaerendi

1424 2370 1463 2404 da
1488 2370 1568 2404 siut,
1595 2368 1705 2401 vides.

1471 2423 1522 2455 29.
1550 2411 1608 2445 Sed
1632 2422 1696 2445 non
1722 2419 1757 2445 ut
1781 2409 2012 2452 scorpionum,
2036 2409 2081 2442 ita
2105 2411 2302 2453 Viperarum
2348 2425 2432 2456 quo-

1426 2468 1489 2500 que
1535 2455 1617 2498 apud
1661 2466 1718 2488 nos
1765 2453 1877 2496 saepius
1920 2453 2101 2486 innocuum
2148 2466 2305 2490 venenum
2352 2456 2395 2491 est
2419 2471 2427 2492 ς

1427 2513 1443 2533 a
1486 2510 1627 2542 quarum
1672 2497 1779 2532 morsu
1826 2496 1960 2539 plurimi
2005 2497 2176 2531 interirent
2199 2522 2210 2536 ‚
2256 2510 2311 2533 aut
2364 2512 2435 2535 cer-

1426 2554 1457 2578 te
1502 2541 1685 2585 graviffime
1728 2542 1911 2577 laborarent
1934 2561 1944 2577 ,
1991 2539 2050 2573 nisi
2097 2543 2204 2575 multo
2226 2554 2324 2585 quam
2348 2545 2435 2577 scor-

1429 2588 1474 2629 pii
1501 2610 1509 2626 ‚
1554 2585 1650 2620 essent
1696 2585 1760 2619 illae
1809 2584 1942 2618 rariores
1964 2606 1974 2622 ,
2018 2585 2048 2617 δι
2094 2594 2228 2627 propter
2264 2589 2433 2629 magnitu-

1428 2632 1537 2663 dinem
1584 2629 1711 2665 facilius
1752 2626 1964 2662 animadverti
1987 2648 1996 2664 ‚
2042 2628 2075 2659 δε
2120 2630 2224 2662 caveri
2273 2629 2397 2678 possent
2422 2655 2432 2663 ,

1428 2674 1620 2707 Graviffime
1646 2698 1655 2712 ,
1688 2673 1820 2714 inquam
1843 2692 1855 2711 ‚
1887 2670 2071 2704 laborarent
2092 2693 2102 2709 ‚
2139 2682 2214 2705 cum
2248 2675 2431 2709 remedium

1427 2717 1562 2750 necdum
1577 2718 1745 2749 inventum
1758 2714 1854 2748 sciam
1877 2714 1928 2747 cui
1960 2713 2092 2755 quidem
2115 2715 2257 2759 possint,
2280 2718 2433 2753 audeant-

1427 2772 1465 2792 ve
1500 2760 1647 2795 homines
1671 2759 1791 2799 sidere,
1815 2768 1851 2791 ut
1876 2757 1916 2791 ab
1939 2755 1969 2789 se
1993 2767 2121 2792 arceant
2156 2757 2431 2796 vehementiffima

1426 2804 1642 2848 symptomata
1666 2825 1674 2839 ‚
1722 2802 1884 2844 viperinos
1928 2800 2051 2835 morsus
2097 2804 2316 2845 excipientia.
2341 2805 2431 2840 Lau-

1423 2850 1498 2881 data
1523 2858 1559 2883 ut
1585 2848 1735 2884 maxime
1751 2846 1789 2879 ad
1834 2844 1868 2878 id
1911 2842 2040 2879 fuerant
2087 2846 2241 2882 devorata
2287 2850 2393 2892 capita
2415 2874 2430 2892 ‚

1423 2893 1533 2925 aliaeve
1570 2901 1673 2933 partes
1718 2892 1899 2932 viperarum
1925 2912 1932 2919 .
1981 2887 2039 2922 Sed
2084 2890 2182 2923 Redii
2226 2893 2241 2930 <
2263 2892 2317 2934 d)
2340 2915 2351 2931 ,
2396 2896 2430 2926 &

1420 2936 1586 2970 Francinii
1630 2939 1642 2975 (
1663 2932 1712 2976 e)
1760 2932 1984 2975 experimentis
2029 2943 2075 2966 res
2120 2934 2253 2969 minime
2298 2937 2429 2976 respon-

1420 2978 1471 3012 dit
1504 3004 1511 3012 .
1559 2977 1668 3014 Postea
1714 2978 1837 3019 magnis
1881 2974 2027 3009 laudibus
2082 2973 2188 3011 efferri
2241 2979 2427 3014 audivimus

1422 3022 1606 3064 viperarum
1652 3021 1882 3064 pinguedinem
1905 3039 1915 3055 ,
1960 3019 2132 3062 multoque
2176 3022 2276 3056 etiam
2322 3024 2426 3066 magis

1422 3066 1552 3107 vulgare
1598 3066 1706 3101 oleum
1741 3086 1750 3103 ,
1795 3063 1817 3098 fi
1860 3061 2008 3096 demorso
2052 3063 2126 3097 loco
2174 3064 2380 3101 adhiberetur
2416 3092 2424 3099 .

1420 3108 1490 3143 Etsi
1536 3110 1591 3144 vix
1635 3108 1788 3143 credibile
1832 3105 2001 3140 videbatur
2024 3129 2034 3144 ,
2078 3117 2136 3149 per
2168 3110 2295 3152 angusta
2320 3110 2424 3150 adeo,

1422 3164 1480 3188 nec
1504 3164 1616 3195 parum
1641 3150 1801 3194 profunda
1825 3147 1983 3185 foramina
2007 3161 2060 3193 per
2083 3161 2154 3191 quae
2179 3153 2326 3189 mordens
2374 3156 2425 3188 vi-

1425 3208 1497 3238 pera
1541 3206 1699 3230 venenum
1743 3195 1898 3228 immittit
1922 3218 1932 3233 ‚
1975 3192 2050 3228 satis
2075 3195 2181 3229 aditus
2204 3205 2311 3239 patere
2335 3197 2426 3231 oleo-

1418 3240 1456 3272 sis
1479 3240 1654 3280 praesertim
1677 3237 1875 3276 linimentis3
1901 3237 2073 3272 maluimus
2108 3247 2215 3273 tamen
2260 3240 2422 3283 judicium

1417 3285 1559 3325 tempori
1585 3283 1790 3326 permittere,
1816 3281 1907 3323 quod
1931 3291 1965 3315 ut
1989 3283 2160 3316 certiorem
2184 3308 2192 3321 ,
2229 3286 2260 3318 &
2307 3285 2422 3319 utilem

1419 3329 1486 3359 vim
1509 3337 1673 3360 novorum
1697 3324 1913 3358 remediorum
1929 3348 1941 3364 ‚
1965 3324 2239 3368 quemadmodum
2287 3330 2421 3363 corticis

1417 3371 1610 3408 Peruviani‚
1634 3370 1680 3402 ita
1706 3368 1915 3410 ambiguam,
1941 3370 1971 3401 &
2017 3368 2230 3411 periculosam
2254 3395 2267 3411 ‚
2310 3383 2421 3414 quem-

1420 3413 1595 3448 admodum
1638 3409 1861 3445 transfufionis
1906 3410 2068 3453 sanguinis
2102 3412 2332 3449 demonstravit
2355 3436 2364 3451 ‚
2387 3417 2417 3449 δέ

1420 3469 1458 3491 ne
1483 3470 1499 3491 a
1522 3455 1685 3503 proposita
1709 3456 1843 3491 materia
1866 3455 1994 3499 longius
2016 3456 2187 3497 abeamus,
2210 3458 2419 3500 quemadmo-

2306 3502 2380 3537 dum

1492 3632 1506 3662 ί
1520 3632 1531 3658 ι·
1545 3630 1560 3661 )
1576 3630 1669 3655 Introd.
1686 3631 1716 3656 ad
1732 3631 1819 3660 Expos.
1839 3630 1923 3655 Mech.
1941 3633 2032 3658 venen.

1687 3663 1695 3689 s
1714 3670 1730 3685 n
1747 3666 1754 3694 )
1773 3662 1849 3691 Esper.
1868 3663 1910 3686 cit.
1929 3692 1935 3696 -

1728 3693 1742 3722 (
1759 3701 1773 3722 q
1793 3692 1801 3722 )
1819 3692 1898 3721 Esper.
1915 3697 1958 3717 cit.

1883 3726 1927 3749 (M
1946 3724 1953 3750 )
1969 3729 1994 3746 n.
2013 3730 2049 3752 24.

1840 3751 1880 3782 (b
1898 3755 1903 3781 )
1923 3753 1981 3777 ibid.
2000 3760 2013 3777 c
2038 3757 2060 3778 ε.
2111 3726 2125 3754 (
2140 3733 2155 3749 κ
2173 3725 2187 3754 )
2203 3723 2263 3748 ’Μ’

1529 3755 1543 3782 (
1557 3761 1572 3777 a
1588 3753 1601 3781 2
1618 3751 1681 3778 Ibid,
1698 3761 1719 3777 c.
1737 3762 1776 3778 10.
2123 3758 2135 3781 (
2152 3763 2163 3781 c
2177 3756 2189 3787 )
2203 3756 2342 3780 Commeat.
2357 3753 2400 3780 cit.
