2498 4075
256 230 415 296 ,Epist
453 230 613 282 Anat.
649 229 866 284 Medica
902 229 1095 284 XLIV.
1134 231 1352 300 Art,23.
1374 246 1451 297 24.
1474 247 1550 292 κς.
1572 231 1825 294 ὶὸεόωγ.

64 316 171 343 autem
196 310 350 354 ellyptica
372 335 379 343 .
416 312 530 344 Unum
554 322 632 344 vero
666 312 813 356 ipsorum
838 311 935 354 paulo
965 322 1063 354 quam

64 352 225 394 alterurn,
247 354 349 398 majus
370 363 460 388 erat.

106 407 157 440 23;
182 397 281 431 Nunc
314 401 470 440 quoniam
493 397 532 431 de
567 398 746 432 carunculae
769 396 865 440 ipsius
887 398 978 431 vitiis
1001 397 1064 431 ser-

65 450 119 477 rno
142 439 213 473 fieri
235 451 365 480 coeptus
387 441 430 475 es't
451 463 459 478 ‚
483 440 624 482 possem,
648 440 706 475 nisi
732 442 824 483 supra
846 445 857 481 (
876 451 900 481 y
922 445 937 480 )
962 464 973 480 ‚
1007 451 1062 474 aut

63 483 140 517 alias
163 483 224 528 (z
246 487 258 523 )
280 484 418 518 faciendi
442 483 641 517 occasionem
666 483 728 526 jam
753 484 953 521 habuissem,
979 485 1061 516 vitia

63 527 125 560 alia
149 526 199 560 his
221 539 293 571 quae
317 527 415 560 modo
437 526 521 559 dieta
536 526 607 560 sunt
623 550 631 565 ,
653 529 818 562 contraria
829 527 971 561 duorum
993 538 1064 568 quae

61 572 94 603 in
120 582 154 604 ea
167 570 236 603 sunt
250 595 260 610 ,
281 570 466 604 osculorum
481 581 659 613 proponere
673 593 682 607 ‚
705 571 854 605 videlicet
875 581 909 610 ut
928 571 1065 605 alterum

60 613 169 648 multo
193 613 306 655 majori
329 625 427 657 quarn
440 612 556 650 soleat,
583 615 725 656 angustia
746 614 903 651 viderim,
928 615 1063 648 alterurn

60 656 188 700 prorsus
211 656 376 691 occlusum
398 680 407 694 ,
442 658 510 693 imo
535 667 570 690 ut
595 668 746 696 neutrum
767 681 780 698 ‚
803 667 900 701 atque
924 658 1003 691 adeo
1026 668 1062 690 ne

60 699 164 735 ma‘us
186 700 314 742 quidem
328 723 340 740 ‚
365 698 440 742 ipsis
461 700 666 741 interjecftum
683 724 691 738 ‚
718 703 810 734 Sinus
832 699 994 735 orificium
1017 701 1060 733 ob

60 712 274 778 deflormatam
300 756 316 777 a
340 744 442 776 veteri
467 744 518 777 lue
540 745 771 785 carunculam,
793 743 978 784 dignoscere
1003 755 1061 785 po-

60 788 202 826 tuerim,
225 798 259 820 ac
281 785 516 821 demonstrare.
649 789 757 821 Habes
773 788 875 828 igitur
898 799 977 830 quas
991 787 1062 829 pol-

61 832 171 864 licitus
193 831 293 863 initio
316 829 381 863 sum
402 851 412 866 ‚
441 831 551 873 quales
571 843 616 869 eae
647 842 773 873 cunque
797 828 918 865 fuerint
941 856 948 869 ,
980 841 1063 863 meas

62 875 102 909 ab
125 884 191 907 uno
213 873 251 907 ad
276 873 414 906 alterum
439 873 577 907 urethrae
609 884 790 909 extremum
815 873 1065 907 Observationes

61 924 96 952 in
119 918 158 950 iis
178 918 237 958 qui
260 916 456 959 gonorrhoea
480 927 535 953 aut
559 927 637 951 tunc
660 917 841 952 laborarent
861 939 874 956 ‚
908 928 960 950 aut
984 918 1066 950 olim

63 959 278 1000 laborassent,
301 970 355 993 aut
378 961 476 993 etiam
499 961 651 994 laborasse
674 961 777 994 videri
802 959 924 1004 possent
945 984 953 991 .
981 964 992 999 (
1015 961 1031 977 ³*
1054 962 1066 998 )

109 1016 161 1046 24.
183 1004 264 1037 Non
289 1015 339 1037 me
363 1002 475 1045 fugit,
500 1004 549 1037 vel
573 1014 663 1038 extra
676 1003 863 1043 methrani,
886 1007 979 1045 eique
993 1014 1069 1045 pro-

64 1051 170 1092 piores
194 1047 377 1089 glandulas,
402 1047 478 1080 alias
501 1046 576 1081 huic
602 1048 718 1082 morbo
741 1047 825 1081 sedes
848 1049 880 1079 in
906 1046 1068 1079 seminali-

64 1095 124 1127 bus
147 1090 305 1125 Veficulis
325 1115 335 1129 ‚
369 1092 403 1123 in
426 1091 580 1124 Testibus
603 1116 612 1131 ‚
644 1093 712 1125 imo
733 1092 767 1123 in
792 1091 948 1124 Urinaria
968 1091 1068 1123 etiam

64 1135 178 1169 Vesica
203 1157 212 1172 ‚
247 1136 279 1167 &
301 1134 444 1169 Renibus
467 1132 557 1168 fuiffe
581 1134 745 1177 affignatas
766 1159 775 1167 .
800 1135 849 1169 De
871 1133 987 1176 quibus
1011 1134 1070 1166 sin-

66 1181 149 1222 gulis
170 1189 244 1211 cum
270 1189 367 1219 pauca
392 1176 508 1211 cursim
538 1179 680 1223 attigero
703 1191 713 1215 ς
745 1177 797 1212 his
819 1178 951 1213 Litteris
973 1175 1069 1211 finem

66 1225 234 1265 imponam
248 1246 256 1254 .

110 1276 160 1305 25.
186 1266 236 1298 De
269 1263 483 1298 Seminalibus
508 1263 670 1299 Vesiculis
690 1287 698 1302 ‚
731 1274 849 1306 praeter
873 1264 1038 1307 Majorum
1061 1289 1071 1304 ,

66 1313 98 1344 &
121 1311 154 1342 in
178 1307 230 1342 his
254 1307 389 1340 Riolani
413 1331 425 1347 ,
456 1309 513 1349 qui
538 1309 572 1340 in
608 1307 817 1351 Sepulchreto
839 1313 853 1349 (
875 1320 893 1341 a
915 1312 929 1349 )
961 1308 1071 1342 lauda-

67 1365 142 1392 tur,
167 1351 383 1391 sententiam,
406 1349 661 1385 Observationes
686 1351 871 1386 haberemus
888 1353 1001 1385 Littrii
1016 1377 1023 1390 ,
1047 1351 1069 1384 si

41 1396 156 1441 ,quod
191 1395 381 1436 promiserat
418 1393 508 1436 (b)
536 1407 610 1430 cum
646 1395 686 1428 de
718 1395 928 1433 Gonorrhoea
966 1405 1074 1437 ageret

69 1439 295 1484 glandularum
329 1438 485 1479 Cowperi
509 1460 519 1476 ‚
558 1436 772 1481 praestitisset.
803 1440 805 1442 ’
863 1479 864 1482 ¹
907 1440 1074 1472 Caeterum

69 1484 213 1526 proclive
237 1480 278 1516 est
290 1481 472 1523 intelligere
488 1503 497 1519 ‚
523 1482 747 1519 acaruncula,
771 1484 802 1515 &
828 1481 968 1516 Prostata
982 1482 1075 1524 glan-

69 1527 168 1564 dula,
192 1537 266 1559 cum
291 1524 420 1558 seminis
443 1525 588 1562 canales,
611 1536 667 1568 per
691 1525 771 1559 hanc
793 1526 933 1561 tradnffl
956 1551 963 1559 .
988 1528 1019 1558 &
1042 1527 1075 1558 in

68 1572 124 1604 illa
158 1571 283 1603 hiantes
307 1592 316 1606 ‚
349 1568 434 1602 erofi
467 1567 539 1602 sunt
563 1590 572 1605 ‚
596 1568 691 1602 facile
715 1568 867 1603 morbum
892 1568 978 1610 posse
1001 1580 1076 1602 curn

68 1614 230 1648 Veficulis
252 1611 507 1647 communicari.
531 1610 637 1653 Cujus
660 1613 704 1645 rei
728 1613 821 1646 nobis
845 1623 923 1647 tunc
949 1611 1077 1645 fortasse

38 1656 41 1661 ’
69 1657 230 1692 indicium
254 1657 368 1689 extitit
387 1678 396 1693 ,
429 1665 503 1687 cum
535 1655 569 1687 in
600 1655 727 1698 Juvene
760 1655 809 1698 (c
832 1659 842 1695 )
869 1666 968 1689 annos
1001 1665 1079 1687 nato

71 1702 192 1743 viginti
215 1701 359 1741 quinque
381 1722 389 1736 ‚
422 1697 571 1740 strigosas
595 1698 677 1731 adeo
709 1707 804 1741 atque
828 1699 976 1732 exsuctas
999 1710 1080 1731 con-

69 1756 117 1778 tra
143 1753 238 1786 atque
262 1752 338 1776 aetas
369 1741 423 1774 illa
448 1738 511 1775 fert
534 1766 543 1781 ‚
574 1741 741 1775 Veficuias
774 1741 1045 1785 deprehendimus
1067 1753 1080 1781 ;

69 1787 179 1822 cadem
201 1787 288 1820 enirn
323 1785 486 1819 virulenta
509 1783 729 1819 inflammatio
759 1798 830 1829 qnae
856 1796 1077 1820 extremorum

68 1831 200 1865 seminis
225 1830 380 1863 dost-num
404 1828 544 1861 alterum
566 1829 647 1863 olim
670 1837 878 1863 contraxerat
899 1852 912 1869 ,
936 1830 1075 1863 alterum

69 1878 287 1908 obcaecaverat
303 1895 311 1908 ‚
335 1873 368 1905 in
394 1870 564 1905 Vesiculas
596 1875 768 1914 propagari
792 1873 903 1913 potuit
921 1895 934 1913 ‚
965 1871 1077 1915 easque

71 1919 205 1951 vitiare.
233 1917 319 1949 Noli
345 1925 451 1947 tamen
483 1915 741 1958 quotiescunque
764 1916 860 1950 alicui
882 1938 894 1955 ,
928 1916 1025 1958 longa
1048 1918 1079 1948 δε

69 1963 142 1996 dira
179 1958 376 2003 gomorrhaea
411 1957 571 1991 laboranti
598 1980 608 1995 ‚
641 1958 758 1993 accidit
781 1982 793 1998 ,
816 1969 852 1992 ut
877 1960 910 1992 in
935 1960 1077 1993 venereis

70 2005 205 2039 somniis
228 2001 372 2037 effundat
395 2001 498 2035 semen
513 2001 817 2043 sanguinolentum,
841 2001 996 2036 foetidum
1013 2028 1022 2041 ,
1048 2005 1078 2035 δε

69 2048 218 2083 sordibus
234 2069 243 2084 ,
267 2057 302 2079 ac
326 2056 404 2088 pure
427 2046 634 2086 inquinatum
655 2070 663 2084 ,
696 2045 764 2079 noli
788 2068 797 2082 ,
821 2047 977 2086 inquam,
1002 2057 1079 2088 prof

69 2102 193 2136 pterea?
215 2090 376 2124 continuo
406 2088 532 2122 credere
557 2113 567 2128 ,
598 2090 719 2121 vitium
753 2088 791 2123 ad
815 2089 982 2123 Vesieulas
1014 2089 1078 2130 jam

71 2133 248 2178 pervenisse
269 2147 278 2170 ς
302 2133 470 2174 potuerint
494 2132 579 2164 enim
603 2132 780 2174 aliquando
805 2134 985 2174 purulenta:
1006 2155 1014 2169 ‚
1048 2134 1081 2164 δε

71 2179 197 2217 stetidae
222 2175 350 2213 sordes,
369 2179 400 2209 &
423 2176 546 2208 cruoris
570 2174 694 2217 aliquid
718 2188 733 2208 a
756 2174 940 2208 transeunte
965 2201 973 2214 ‚
1004 2175 1079 2208 sano

71 2222 221 2266 alioquin
241 2242 250 2257 ‚
283 2218 405 2254 semine
430 2218 536 2259 abripi
561 2243 570 2258 ‚
604 2227 703 2260 atque
726 2219 830 2252 averri
853 2231 894 2252 ex
917 2218 1077 2252 ulceribus

70 2278 142 2308 quae
166 2263 331 2298 urethram
348 2289 357 2302 ,
379 2265 410 2296 δε
437 2261 614 2294 Prostatam
637 2262 823 2302 glandulam
845 2284 853 2298 ,
877 2264 908 2295 &
932 2263 1078 2296 Semina-

71 2311 136 2344 lem
158 2307 365 2341 carunculam
388 2314 583 2345 occuparent
604 2329 613 2338 .
638 2305 696 2339 Ab
717 2305 770 2339 his
793 2306 878 2339 enim
902 2307 1027 2339 ultimis
1050 2306 1080 2336 i-

72 2353 133 2391 niis
156 2350 318 2384 ulceribus
341 2360 406 2382 non
418 2348 538 2391 semper
564 2347 679 2382 necesse
693 2346 758 2386 est,
785 2349 902 2382 vitium
926 2360 999 2382 cum
1014 2349 1080 2381 Ve-

72 2396 176 2430 ficulis
199 2393 436 2428 communicari
460 2403 472 2428 ς
504 2391 629 2426 tametsi
654 2402 718 2425 non
741 2391 874 2426 difficile
897 2393 1079 2427 communi-

72 2440 139 2473 cari
164 2436 250 2480 posse
264 2459 273 2474 ,
295 2436 441 2470 diximus
455 2457 462 2464 .

115 2484 168 2515 26.
192 2480 252 2514 Sed
277 2490 355 2512 num
381 2479 498 2521 pariter
524 2477 628 2511 facilis
651 2477 694 2510 est
718 2490 734 2511 a
759 2478 921 2513 Vesiculis
942 2479 974 2511 in
1010 2478 1079 2510 Te-

71 2527 130 2560 stes
153 2524 259 2557 morbi
284 2521 459 2555 trans-itus?
483 2521 538 2554 Ab
560 2522 624 2554 illis
647 2523 681 2554 in
695 2519 752 2555 hos
767 2546 775 2560 ,
799 2534 873 2555 cum
899 2523 930 2555 vi
944 2521 1079 2555 adstrin-

71 2570 216 2613 gentium
240 2566 460 2601 remediorum
483 2566 588 2598 exitus
612 2565 823 2606 intercipitur
846 2590 856 2605 ,
881 2566 1077 2598 virulentam

71 2612 271 2655 regurgitare
296 2610 487 2648 materiam,
510 2620 611 2651 eoque
635 2617 758 2641 tumere
773 2608 878 2650 ipsos,
902 2612 932 2642 &
954 2620 994 2642 ex
1006 2617 1077 2649 par-

73 2666 105 2689 te
129 2654 233 2689 sedem
257 2652 315 2687 esse
338 2651 543 2695 gonorrhoeae
559 2673 568 2689 ‚
592 2651 706 2685 docuit
734 2652 941 2686 What-tonus
965 2652 1020 2694 (d
1041 2656 1074 2690 );

73 2698 169 2739 hujus
200 2698 285 2731 enim
310 2697 407 2729 verba
432 2695 505 2730 sunt
527 2717 537 2732 ι
561 2706 747 2737 quanquam
770 2694 805 2729 id
830 2696 934 2729 minus
957 2694 1075 2737 perspi-

73 2754 132 2775 cue
157 2742 190 2773 in
215 2740 426 2783 Sepulchreto
450 2743 461 2779 (
484 2750 500 2773 e
523 2741 534 2777 )
558 2737 755 2781 significatur
770 2763 780 2777 ‚
803 2750 875 2781 quae
899 2737 999 2771 ferme
1020 2738 1077 2771 de-

75 2782 224 2827 scripsit,
249 2795 314 2816 non
339 2781 439 2815 modo
461 2781 585 2815 secutus
607 2781 814 2817 estGraafius
836 2779 921 2825 (f)
942 2790 1019 2814 tunc
1030 2790 1076 2814 et·

73 2830 139 2862 iam
163 2838 239 2860 curn
262 2825 342 2858 adid
367 2823 649 2863 confirmandum,
673 2825 905 2866 gonorrlioeam
927 2822 1080 2858 seemina-

75 2878 147 2905 rum
171 2869 280 2912 procul
299 2867 412 2909 dubio,
436 2871 501 2906 ait,
524 2880 597 2902 cum
623 2867 770 2910 prostatis
793 2877 920 2901 careant
935 2888 944 2904 ,
968 2868 1079 2907 atesti-

74 2915 130 2948 hzrs
151 2912 332 2955 provenire.
358 2912 453 2945 Hanc
476 2922 583 2946 tamen
617 2909 903 2945 confirmationem
927 2910 1077 2945 Graafius

74 2957 180 3002 postea
202 2960 216 2996 (
236 2966 257 2998 g
279 2958 292 2994 )
316 2953 469 2996 abjecerit
489 2979 500 2995 ,
532 2952 649 2988 necesse
673 2953 717 2987 est
736 2977 745 2991 ‚
779 2966 852 2988 cum
877 2954 1023 2987 mulieres
1048 2957 1078 2986 δι

76 2999 231 3043 prostatas
255 2998 370 3032 habere
392 3020 401 3035 ,
432 3001 461 3032 δε
487 2998 590 3032 fluido
627 2999 661 3030 in
686 2997 829 3041 testibus,
841 2997 958 3030 semine
981 2997 1079 3030 desti-

75 3045 147 3083 tui,
172 3042 327 3081 tradidit.
353 3040 452 3078 Quod
475 3041 496 3074 fi
523 3041 708 3075 Whartono
729 3063 741 3081 ‚
764 3051 818 3075 aut
841 3039 977 3076 Graafio
1001 3050 1077 3075 tunc

75 3098 148 3121 cum
172 3085 392 3119 Wbartonum
416 3083 625 3126 sequebatur,
648 3086 682 3116 in
707 3093 848 3118 mentem
862 3082 994 3117 venisset
1007 3085 1078 3117 Ob-

76 3131 268 3164 servationis
295 3127 443 3161 Panarol'i
467 3131 481 3167 (
504 3127 523 3160 h
545 3131 559 3168 )
586 3153 596 3168 ,
629 3129 686 3171 qui
709 3129 741 3160 in
766 3138 894 3161 mortua
919 3127 988 3168 post
1012 3128 1078 3160 affi-

75 3173 173 3208 duam
198 3172 450 3214 gonorxhoeam,
471 3172 637 3204 inventam
660 3171 772 3205 scribit
796 3173 951 3204 vomicam
973 3170 1076 3204 inuno

76 3226 194 3260 quoque
218 3216 288 3255 teste
311 3226 323 3254 ;
358 3214 436 3249 hinc
459 3213 556 3247 etiarn
592 3212 723 3248 fortasse
746 3226 807 3257 pro
839 3216 995 3255 opinione
1021 3215 1076 3247 ista

77 3261 130 3294 sua
155 3265 381 3301 argumentum
394 3257 551 3293 duxissent
563 3269 579 3297 ;
599 3257 765 3292 infirmum
777 3267 904 3295 tamen5
928 3258 1078 3300 quando,

77 3314 143 3337 non
167 3312 203 3336 ut
229 3303 373 3334 Bonetus
396 3300 468 3340 isti,
492 3300 574 3334 haud
600 3313 742 3336 accurate
766 3299 935 3342 descriptae
959 3325 966 3339 ,
1004 3301 1077 3334 Ob-

78 3346 252 3380 servationi
277 3348 290 3384 (
314 3341 360 3384 ἴ)
385 3345 518 3379 titulum
544 3343 644 3383 fecit,
669 3344 853 3378 Gonorrhoea
876 3341 1037 3378 muliebris
1059 3356 1077 3377 a

76 3390 200 3423 vomica
225 3388 256 3421 in
279 3399 339 3421 uno
363 3387 445 3425 Tesi‘e
464 3387 592 3429 genita;
614 3388 666 3421 sed
690 3389 787 3431 longe
811 3388 910 3421 alium
935 3386 1079 3428 praeseri-

79 3433 142 3474 pfit
168 3432 341 3465 Panarolns
355 3453 366 3470 ,
392 3432 513 3465 Vomica
535 3430 567 3463 in
590 3430 716 3468 testibus
739 3431 881 3465 mulieris
902 3441 940 3464 ex
952 3431 1080 3472 antiqua

74 3475 251 3517 gonorrhoea
275 3501 281 3506 .
320 3474 445 3507 Scilicet
470 3482 506 3506 ut
543 3474 618 3507 alias
640 3475 673 3506 in
697 3484 800 3516 partes
820 3497 830 3512 ‚
854 3473 895 3508 sic
918 3476 950 3506 in
975 3475 1083 3506 ovaria

76 3529 206 3562 quoque
239 3517 362 3553 traduci
386 3515 487 3560 potest
521 3528 559 3548 ex
582 3516 744 3551 diuturnae
780 3516 982 3560 gonorrlioeae
1016 3517 1084 3551 &de

165 3561 330 3604 Morgagni
342 3561 376 3593 de
389 3561 455 3593 sed.
471 3560 512 3594 &¹
522 3559 607 3601 Caus.
619 3559 720 3594 Morb.
734 3562 831 3594 Tom.
848 3563 891 3593 II.

1956 249 2045 287 201

1115 321 1283 344 venereum
1308 313 1393 344 virus
1417 311 1622 352 posteaquam
1650 308 1712 343 sive
1735 323 1789 352 per
1812 308 1954 352 lymphae
1977 309 2114 347 ducffun

1113 352 1176 387 five
1199 365 1254 397 per
1280 354 1348 387 vasa
1373 353 1551 397 sanguifera
1575 353 1762 396 absorptum
1785 376 1794 390 ,
1820 355 2006 396 sanguinem
2031 351 2112 385 infe-

1113 398 1160 430 cit
1183 396 1392 435 universum3
1416 407 1517 440 neque
1540 397 1627 430 enim
1651 399 1752 438 magis
1774 408 1870 439 quam
1882 397 1941 430 alia
1964 396 2112 435 complu-

1112 452 1146 473 ra
1169 451 1240 483 quae
1263 442 1346 483 apud
1370 443 1600 476 Vercellonum
1627 440 1797 481 leguntur,
1823 439 1994 482 placetilla
2015 449 2110 480 quam

1115 486 1320 526 excogitavit
1344 488 1354 524 (
1379 483 1397 524 l<
1420 488 1455 524 )‚
1479 486 1537 523 via,
1553 496 1569 517 a
1595 485 1708 525 vagina
1732 495 1786 526 per
1799 482 2036 526 hypogastricas
2063 490 2113 512 ar-

1116 528 1211 559 terias
1234 527 1271 561 ad
1296 529 1427 565 ovaria-,
1451 528 1541 570 quasi
1565 528 1691 560 arteriae
1714 539 1730 560 e
1752 527 1895 570 partibus
1918 525 2011 568 juxta
2035 534 2114 565 quas

1115 569 1281 604 transeunt
1304 597 1313 611 ‚
1347 571 1470 613 aliquid
1493 571 1675 612 acciperent
1698 572 1732 603 in
1757 570 1907 604 ulteriora
1931 571 2114 610 importan-

1113 614 1190 645 dum
1212 637 1219 645 .
1256 614 1338 648 Non
1361 614 1405 648 est
1429 615 1531 655 igitur
1555 624 1593 645 ex
1616 612 1765 646 Panaroli
1790 612 2024 646 Observatione
2055 621 2116 652 go-

1114 656 1274 689 norrhceae
1288 657 1371 691 sedes
1393 659 1426 690 in
1441 656 1652 690 muliebribus
1666 655 1817 691 testiculis
1830 655 1974 697 ponenda
1987 679 1994 688 .
2020 654 2116 686 Num

1112 711 1189 732 vero
1213 699 1323 734 saltem
1350 703 1384 734 in
1407 700 1556 734 virilibus
1576 699 1591 731 ἕ
1625 699 1737 733 Minus
1760 698 1893 732 difficile
1917 698 2083 739 aliquanto
2105 705 2119 734 ;

1114 741 1134 775 si
1161 743 1193 776 id
1220 753 1328 776 tamen
1352 745 1412 777 alia
1437 755 1534 786 quam
1558 754 1671 776 eorum
1695 743 1833 776 tumoris
1856 740 2081 774 observatione
2105 760 2114 775 ‚

1115 785 1245 827 quando
1281 785 1548 830 adstringendum
1573 787 1604 818 vi
1630 785 1785 828 suppressa
1818 784 1859 818 est
1882 780 2080 826 gonorrhoea
2108 806 2119 822 ,

1116 832 1365 871 comprobetur.
1394 832 1533 864 Minime
1556 830 1645 863 enim
1670 828 1786 863 necesse
1810 829 1851 862 est
1874 850 1883 864 ‚
1915 837 1950 860 ut
1974 825 1995 859 fi
2020 835 2120 858 mate·

1117 874 1172 904 rie
1205 872 1376 914 cujuslibet
1401 875 1601 916 repentinam
1625 894 1634 910 ,
1668 873 1908 914 violentamque
1932 868 2120 912 suppreffio-

1118 926 1190 948 nem
1216 926 1327 950 tumor
1352 918 1452 960 partis
1476 915 1609 958 alicujus
1632 916 1844 960 consequatur
1867 935 1876 951 ‚
1899 926 1938 947 eo
1961 914 2120 946 continuo

1118 960 1324 994 decurramus
1347 983 1354 997 ,
1391 971 1427 994 ut
1451 972 1488 994 ex
1523 970 1669 993 tumente
1696 971 1782 994 nunc
1808 967 1897 1001 parte
1928 968 1996 990 eam
2022 965 2124 988 mate-

1120 1004 1203 1035 riam
1227 1014 1317 1036 antea
1342 1003 1525 1045 profiuxisse
1544 1027 1553 1042 ‚
1577 1013 1632 1036 aut
1657 1004 1688 1036 in
1714 1003 1801 1036 illam
1817 1012 1902 1034 nunc
1927 996 2125 1042 regurgitas-

1119 1046 1168 1083 se,
1193 1045 1404 1081 affirmemus.
1433 1046 1521 1080 Posse
1545 1055 1651 1079 tamen
1675 1045 1897 1087 intempestiva
1923 1044 2126 1084 adstringen-

1121 1091 1205 1123 tium
1241 1091 1272 1122 vi
1295 1090 1419 1122 auctam
1449 1091 1688 1128 irritationem,
1713 1097 1767 1122 aut
1791 1087 2084 1121 inflammationem
2108 1097 2125 1117 a

1123 1133 1266 1174 suprema
1290 1132 1440 1172 methra,
1463 1131 1683 1174 adjunffisque
1698 1130 1857 1165 Vesiculis
1881 1142 1934 1171 per
1959 1128 2028 1162 vasa
2045 1150 2054 1166 ,
2078 1128 2128 1160 se-

1124 1188 1196 1210 men
1220 1174 1412 1210 Deferentia
1433 1197 1442 1212 ,
1475 1177 1511 1208 ad
1548 1175 1709 1209 testiculos
1746 1175 1945 1217 propagari:
1979 1175 2008 1205 δι
2045 1171 2129 1212 posse

1085 1224 1091 1230 ⁴
1123 1218 1253 1263 quoque
1270 1242 1279 1257 ,
1302 1220 1399 1262 idque
1423 1218 1550 1252 facilius
1565 1240 1574 1255 ‚
1597 1221 1628 1251 ἃς
1650 1220 1769 1255 citius,
1794 1230 1833 1251 eo
1857 1216 1956 1266 usque
1970 1214 2129 1256 produci,

1125 1274 1161 1298 ut
1185 1265 1267 1296 inter
1290 1275 1325 1296 ea
1351 1261 1445 1302 vasa,
1469 1265 1499 1295 δι
1522 1261 1687 1295 Vesiculas
1700 1262 1786 1294 viam
1812 1260 1941 1293 seminis
1966 1258 2129 1291 sermein-

1121 1308 1276 1349 tercipiat
1301 1332 1310 1345 ,
1342 1318 1357 1338 a
1381 1318 1445 1348 quo
1470 1315 1639 1348 propterea
1663 1303 1826 1338 retardato
1852 1302 1991 1337 testiculi
2017 1301 2134 1335 disten-

1122 1350 1261 1385 dantur.-
1285 1353 1317 1384 &
1340 1347 1425 1391 posse
1447 1349 1586 1391 denique
1612 1349 1779 1382 materiam
1803 1357 1875 1390 quae
1890 1358 1946 1389 per
1969 1345 2134 1379 urethram

1125 1394 1354 1428 excernebatur
1375 1417 1383 1431 ‚
1417 1391 1578 1434 sanguinis
1601 1393 1728 1425 alveum
1764 1390 1890 1429 subire,
1915 1393 1945 1423 δι
1968 1400 2043 1423 cum
2068 1387 2139 1421 san-

1127 1440 1223 1480 guine
1246 1438 1279 1469 in
1304 1435 1468 1470 testiculos
1491 1435 1626 1474 inferri,
1649 1447 1714 1468 non
1739 1445 1913 1477 negamus.
1939 1432 2000 1466 Sed
2024 1431 2139 1465 modo-

1127 1493 1201 1514 rum
1215 1480 1331 1514 horum
1355 1481 1456 1513 trium
1468 1478 1526 1512 esse
1553 1489 1653 1513 unum
1678 1478 1789 1517 vides,
1814 1487 1927 1519 nempe
1940 1475 2139 1512 secundum,

1129 1536 1185 1567 per
1208 1535 1306 1566 quem
1331 1532 1455 1556 tumere
1479 1520 1709 1564 quidemtestes
1724 1546 1733 1561 ,
1756 1520 1944 1562 intelligas,
1966 1530 2069 1561 neque
2091 1528 2141 1552 ta-

1134 1579 1205 1601 men
1228 1577 1364 1600 venereo
1394 1566 1549 1607 contagio
1585 1565 1698 1601 infici,
1722 1566 1753 1596 &
1777 1563 1868 1606 quod
1889 1562 2104 1605 consequitur
2127 1586 2137 1602 ,

1133 1622 1197 1644 non
1226 1611 1294 1644 fieri
1322 1609 1426 1643 sedem
1448 1606 1657 1650 gonorrhoeae
1681 1607 1850 1642 virulentae
1865 1630 1872 1638 .

1178 1665 1228 1696 27.
1257 1653 1336 1686 Non
1372 1652 1471 1694 paulo
1495 1661 1603 1685 autern
1637 1651 1767 1693 longior
1789 1649 1834 1683 est
1869 1649 1919 1682 via
1945 1649 1984 1684 ab
2007 1648 2140 1683 urethra

1132 1697 1171 1732 ad
1196 1707 1283 1730 renes
1303 1719 1315 1737 ,
1350 1707 1449 1738 quam
1473 1695 1513 1729 ad
1545 1694 1707 1729 testiculos
1731 1706 1738 1727 :
1764 1696 1794 1727 δι
1818 1693 1938 1727 malum
1963 1703 2068 1727 tamen
2088 1719 2098 1733 ,
2120 1692 2144 1726 si

1132 1742 1258 1774 diutius
1282 1739 1478 1782 perstiterit,
1503 1739 1544 1772 ab
1570 1739 1698 1772 urethra
1722 1737 1859 1771 ulterius
1884 1738 2027 1779 serpere,
2049 1739 2148 1770 &ve-

1125 1784 1246 1827 ficam,
1270 1790 1409 1816 ureteras
1427 1808 1435 1823 ‚
1456 1784 1499 1816 &¹
1525 1782 1650 1815 tandem
1673 1779 1756 1822 ipsbs
1767 1780 1863 1813 eciam
1887 1790 1973 1813 renes
1996 1780 2123 1822 inficere
2136 1803 2148 1819 ,

1131 1829 1322 1861 Dodonaeus
1344 1824 1389 1864 (l
1419 1825 1588 1866 >affirmat
1615 1849 1624 1858 .
1655 1824 1764 1865 Hujus
1799 1824 1887 1856 enim
1922 1824 2017 1856 verba
2050 1824 2110 1857 effe
2138 1848 2147 1863 ‚

1132 1870 1349 1905 animadverti
1368 1892 1375 1907 ,
1401 1880 1472 1912 ηυξ
1497 1871 1529 1901 in
1556 1869 1661 1911 prima
1684 1866 1816 1901 Scholiir
1834 1868 1991 1909 particula
2018 1866 2054 1900 ad
2073 1867 2146 1900 Ob-

1132 1914 1347 1947 servationem
1384 1913 1448 1945 IV.
1483 1913 1565 1954 leges
1609 1910 1703 1952 hujus
1738 1910 1940 1952 Sepulchreti
1988 1910 2151 1944 Seffionis

1132 1958 1258 1990 XXXI.
1286 1958 1324 1989 ab
1347 1955 1419 1998 ipso
1443 1956 1615 1989 Dodonaeo
1640 1954 1803 1996 sumptam
1828 1967 1837 1990 3
1862 1952 1911 1987 sed
1937 1964 2042 1997 neque
2066 1955 2114 1987 ibi
2139 1979 2150 1995 ,

1131 2012 1234 2042 neque
1258 2000 1357 2032 titulo
1382 2000 1419 2032 ad
1443 2011 1538 2041 quem
1565 1998 1796 2037 amandamur,
1822 1996 1856 2030 de
1869 1996 2149 2039 Hypogastriz'Do-

1132 2043 1274 2080 loribus,
1298 2043 1330 2077 id
1354 2043 1398 2076 est
1423 2044 1568 2076 Seffionc
1593 2042 1721 2075 XXIII.
1746 2041 1803 2075 ubi
1827 2039 1885 2074 sub
1909 2039 2149 2075 Observatione

1132 2087 1270 2120 habetur
1295 2087 1359 2120 VI.
1383 2092 1409 2122 §.
1433 2098 1464 2129 4.
1490 2097 1528 2120 ex
1551 2094 1624 2119 toto
1646 2084 1841 2127 descriptam
1861 2106 1870 2122 ‚
1905 2096 1978 2117 curn
2002 2084 2040 2118 de
2077 2096 2150 2118 ure-

1132 2130 1205 2163 thra
1229 2130 1373 2163 universa
1396 2130 1574 2164 exulcerata
1597 2151 1606 2166 ,
1641 2132 1672 2162 ἃ
1696 2127 1849 2170 sanguine
1872 2138 2028 2161 concreto
2054 2128 2147 2170 plena

1133 2174 1285 2207 neutrubi
1312 2175 1375 2208 ulla
1401 2176 1523 2207 mentio
1546 2172 1624 2206 fiat.
1650 2174 1776 2206 Verum
1800 2181 1836 2206 ut
1861 2170 1899 2205 ad
1935 2182 2023 2204 renes
2048 2171 2146 2214 usque

1131 2217 1235 2258 serpat
1262 2217 1404 2257 malum,
1427 2217 1705 2256 diuturnitas‚,ut
1725 2214 1815 2248 vides
1831 2239 1840 2255 ‚
1865 2227 1880 2248 a
1910 2214 2083 2249 Dodonaeo
2097 2227 2149 2249 re·

1130 2262 1294 2303 quiritur:
1322 2264 1351 2294 &
1375 2260 1571 2304 gonorrhoea
1597 2271 1667 2301 quae
1680 2258 1917 2293 Observatione
1941 2259 1997 2292 illa
2025 2271 2148 2301 propo-

1133 2306 1223 2338 nitur
1243 2329 1252 2344 ,
1284 2316 1382 2338 annos
1416 2303 1594 2347 perstiterat
1626 2302 1887 2347 duodeviginti.
1921 2302 1999 2338 Quo
2036 2312 2145 2338 tamen

1132 2348 1256 2385 modo,
1282 2348 1336 2381 ubi
1361 2348 1462 2381 vesica
1486 2347 1666 2380 exulcerata
1689 2347 1730 2381 est
1751 2370 1763 2387 ,
1787 2348 1908 2381 vitium
1933 2358 1989 2388 per
2015 2350 2146 2381 urinam

1132 2392 1183 2424 vel
1218 2390 1323 2425 multo
1346 2393 1444 2425 citius
1468 2390 1558 2433 possit
1593 2402 1668 2424 cum
1692 2392 1874 2425 ureteribus
1903 2414 1911 2428 ‚
1947 2390 2144 2434 renibusque

1131 2436 1370 2468 communicari
1396 2459 1404 2474 ‚
1431 2436 1493 2468 alia
1517 2446 1532 2467 a
1558 2433 1650 2467 nobis
1664 2434 1812 2475 Epistola
1837 2435 1902 2477 (m
1926 2436 1936 2472 )
1963 2434 2145 2470 indicatum

1131 2476 1194 2512 est:
1219 2490 1288 2521 quo
1310 2491 1349 2512 ex
1371 2479 1447 2512 loco
1467 2478 1615 2518 q-uaedam
1641 2476 1740 2520 posses
1764 2487 1920 2520 tanquam
1944 2478 2110 2520 concausas
2130 2503 2144 2520 ‚

1129 2521 1151 2554 {i
1177 2532 1261 2564 opus
1283 2522 1356 2556 esset
1372 2548 1379 2560 ,
1404 2522 1580 2564 prudenter
1603 2523 1769 2562 accipere,
1794 2524 1825 2554 δι
1851 2521 1889 2554 ad
1915 2521 1998 2554 hanc
2026 2521 2144 2556 Dodo-

1129 2566 1190 2598 naei
1218 2566 1496 2599 Observationem
1520 2577 1529 2601 3
1553 2574 1591 2597 ut
1613 2575 1675 2597 tres
1700 2565 1822 2598 nostras
1847 2576 1911 2598 non
1936 2567 1984 2597 ita
2008 2565 2142 2600 dissimi-

1128 2607 1228 2647 les(n
1242 2611 1250 2645 )
1264 2610 1478 2648 omittamus;
1500 2607 1869 2641 accommodare.Nam
1886 2609 1919 2641 in
1940 2608 2139 2650 gonorrhoea

1129 2660 1196 2685 tam
1219 2651 1394 2690 dluturna,
1419 2662 1548 2693 tamque
1573 2652 1677 2684 atroci
1700 2675 1708 2691 ‚
1743 2663 1814 2694 quae
1836 2651 1993 2694 dysuria‚
2016 2655 2046 2685 ἃ
2070 2665 2140 2694 quae

1128 2694 1293 2728 interdurn
1317 2695 1494 2738 stranguria
1518 2693 1576 2727 esse
1598 2693 1767 2734 debuerit,
1794 2695 1865 2728 satis
1890 2706 2021 2736 apparet
2042 2707 2051 2732 ;
2087 2708 2143 2729 ve-

1128 2739 1188 2772 sica
1212 2749 1319 2772 autem
1351 2739 1453 2780 plane·
1467 2738 1568 2780 rigida
1597 2740 1610 2775 (
1634 2748 1697 2770 non
1719 2737 1810 2779 plane
1826 2736 1970 2781 frigida,
2007 2748 2041 2771 nt
2069 2741 2139 2772 ine-

1130 2780 1276 2824 ptiffimae
1300 2781 1537 2824 descripserunt
1560 2791 1664 2822 operae
1688 2782 1722 2812 in
1747 2781 1986 2823 Sepulchreto)
2010 2792 2062 2815 nec
2086 2793 2140 2816 ex-

1130 2825 1236 2865 tendi,
1258 2837 1312 2859 nec
1335 2823 1477 2858 contrahi
1496 2831 1643 2866 poterat.
1671 2823 1729 2856 Sed
1743 2826 1773 2856 δε
1796 2825 1877 2858 salva
1892 2823 1989 2858 vefica
2005 2850 2013 2863 ‚
2038 2837 2139 2868 agra-

1129 2868 1223 2902 vibus
1249 2893 1258 2908 ‚
1287 2871 1318 2901 &
1342 2867 1486 2909 repetitis
1519 2864 1726 2909 gonorrlioeis
1744 2878 1843 2901 «renes
1874 2865 1958 2909 posse
1983 2869 2097 2902 vitiari
2123 2893 2132 2908 ,

1127 2911 1178 2944 vel
1201 2924 1239 2945 ex
1273 2923 1307 2944 ea
1331 2910 1497 2944 evidenter
1528 2909 1629 2942 elucet
1653 2909 1812 2944 Valsalvae
1836 2912 1969 2944 historia
1998 2935 2007 2951 ,
2037 2923 2135 2955 quam

1127 2955 1211 2988 inter
1234 2956 1326 2988 initia
1350 2951 1665 2996 ejusdemszpisltolae
1688 2955 1702 2991 <
1724 2964 1740 2986 o
1761 2957 1775 2993 )
1799 2953 2045 2997 proposuimus,
2070 2968 2134 2990 non

1129 2999 1272 3040 serpente
1296 3000 1399 3040 igitur
1422 3008 1461 3029 ex
1486 2995 1614 3030 urethra
1640 2997 1725 3029 malo
1751 3023 1759 3036 ,
1799 2997 1852 3032 sed
1877 2999 1942 3031 vias
1966 2997 2134 3040 sanguinis

1129 3042 1303 3077 subeunte,
1330 3052 1383 3084 per
1406 3040 1519 3082 easque
1542 3038 1580 3072 ad
1605 3050 1695 3072 renes
1718 3040 1870 3075 traduer0
1886 3065 1895 3072 .
2027 3044 2135 3076 Caete-

1130 3097 1202 3119 rum
1228 3094 1389 3126 utcunque
1413 3082 1441 3116 se
1466 3094 1514 3116 res
1534 3082 1672 3119 babeat3
1695 3095 1760 3116 non
1783 3096 1952 3127 propterea
1977 3085 2133 3126 vesicam,

1130 3139 1266 3162 ureteres
1288 3154 1295 3167 ‚
1321 3138 1409 3160 renes
1434 3125 1638 3166 gomorrhoeae
1662 3125 1767 3160 sedem
1792 3128 1850 3161 esse
1878 3152 1886 3166 ,
1910 3129 2095 3170 putabimus
2120 3153 2132 3169 ‚

1127 3181 1198 3206 turn
1222 3175 1297 3213 quia
1323 3170 1403 3203 nihil
1429 3170 1555 3202 seminis
1579 3194 1586 3207 ‚
1611 3178 1666 3202 aut
1690 3169 1835 3204 humoris
1859 3172 1896 3205 ad
1922 3172 2026 3204 semen
2051 3175 2132 3206 atti-

1128 3217 1233 3249 nentis
1257 3227 1295 3247 ex
1318 3216 1358 3246 iis
1382 3213 1516 3254 profluit
1541 3213 1709 3259 partibus,
1734 3224 1803 3247 tum
1817 3218 1913 3247 etiam
1938 3216 2015 3257 quia
2041 3218 2131 3249 exiis

1127 3259 1287 3292 distillans
1310 3258 1403 3291 ichor
1426 3257 1560 3299 nequit,
1584 3254 1643 3288 nisi
1668 3260 1752 3290 rorte
1777 3258 1884 3291 veiicae
1910 3257 2068 3298 sphineter
2092 3258 2130 3292 fit

1129 3303 1218 3335 iaefus
1244 3322 1253 3338 ‚
1287 3298 1462 3343 aliquando
1486 3298 1585 3333 ferme
1610 3300 1671 3332 sine
1697 3300 1782 3333 lotio
1815 3302 1972 3343 guttatim
1998 3304 2031 3334 in
2058 3314 2131 3335 ure-

1129 3345 1442 3423 tihramlleenireirsslc
1468 3345 1595 3377 mentiri
1620 3343 1848 3384 gonorrhoearn
1872 3368 1881 3377 .
1901 3345 1977 3379 .Sed
2001 3356 2133 3380 manum

1154 3397 1168 3423 e
1192 3397 1220 3420 ta
1285 3400 1300 3420 a
1317 3412 1323 3419 .
1410 3398 1426 3419 a
1441 3398 1456 3419 e
1469 3411 1479 3419 .

1646 3562 1678 3594 C
1700 3573 1717 3596 c
1996 3563 2089 3596 EPI-

163 3716 182 3740 y
198 3709 212 3737 )
227 3717 252 3734 n.
268 3718 291 3739 7.
352 3709 368 3737 ζ
382 3716 399 3736 z
417 3706 513 3738 >Emit
533 3716 571 3736 40·
588 3717 614 3732 n.
630 3717 670 3735 ιο.

166 3740 180 3764 b
197 3741 206 3770 )
222 3742 302 3764 Mem.
319 3739 347 3763 de
363 3739 464 3763 l'Acad.
482 3741 513 3762 R.
529 3738 570 3762 des
587 3741 622 3763 Sc.
643 3742 671 3764 A.
692 3747 757 3767 1711.

162 3771 199 3800 fl
218 3771 278 3795 lbid.
296 3769 395 3793 Sel-tolio
409 3769 498 3793 ultimo
513 3769 541 3792 ad
558 3769 615 3793 Obsi
635 3777 655 3793 i.

166 3801 203 3828 ι’)
221 3801 285 3824 sain
302 3799 366 3825 Sest.
384 3800 427 3823 hac
440 3817 445 3823 .
488 3799 522 3833 ,ζ
540 3799 557 3823 k
574 3800 588 3828 )
603 3803 638 3825 De
657 3799 760 3824 Pudet-id.
778 3800 862 3824 Morb.
878 3808 899 3825 c.
918 3808 941 3830 3.
959 3800 981 3831 §-
1000 3809 1024 3830 3,

162 3839 178 3855 κ
195 3832 205 3860 )
221 3831 303 3861 supra,
320 3839 344 3855 n.
362 3838 396 3860 ¹5·
412 3832 434 3855 ἃ
451 3829 525 3857 Epist.
543 3831 588 3855 IV.
605 3838 628 3856 n.
649 3839 686 3860 19.
702 3830 724 3855 δι
743 3832 823 3855 xL11.
842 3839 868 3855 n.
885 3839 923 3860 40.
986 3832 999 3861 ί

818 3741 834 3769 (
849 3748 860 3763 e
875 3740 888 3768 )
905 3740 987 3769 supra,
1005 3749 1027 3763 n.
1044 3749 1069 3769 7.

122 3712 151 3859 »ntor-{rs

731 3710 745 3738 ζ
761 3710 773 3724 ”
788 3710 802 3739 )
819 3708 874 3734 νὶδ.
892 3709 966 3734 etiam
983 3709 1058 3738 Epist.
1076 3713 1114 3736 6ο.
1132 3719 1157 3737 n.
1178 3720 1215 3737 υ..

718 3771 732 3799 (
743 3778 762 3799 g
777 3770 791 3798 )
807 3772 843 3795 De
861 3770 959 3795 Mulier.
976 3773 1066 3800 Organ.
1085 3772 1198 3797 Generat.
1217 3781 1238 3797 c.-
1256 3778 1278 3798 6.
1296 3780 1320 3796 in
1337 3774 1400 3797 fine.

1017 3840 1028 3855 o
1045 3832 1058 3860 )
1074 3803 1101 3855 n(
1118 3803 1127 3825 ἰ
1143 3804 1156 3831 )
1173 3804 1265 3830 Medic.
1284 3803 1412 3829 obici-vat.
1428 3810 1449 3827 e.
1465 3812 1504 3832 41.

1092 3851 1097 3855 .
1116 3842 1137 3856 2.

1280 3713 1296 3741 ζ
1311 3721 1326 3736 a
1342 3711 1356 3740 )
1372 3712 1431 3736 Sest.
1450 3713 1494 3737 hae
1513 3712 1537 3736 in
1555 3713 1635 3738 Schol.
1651 3713 1680 3737 ad
1695 3713 1753 3738 Obs.
1769 3722 1795 3741 4.

1132 3743 1145 3771 <
1160 3743 1177 3766 d
1194 3745 1202 3771 J
1218 3744 1340 3772 Adenogr.
1360 3750 1383 3766 e.
1402 3750 1438 3772 3¹-
1502 3743 1510 3771 (
1528 3752 1540 3767 e
1558 3742 1566 3770 )
1585 3744 1644 3769 Seist.
1661 3744 1705 3768 hac
1721 3743 1799 3767 Schol-
1816 3752 1841 3768 2.
1857 3743 1886 3769 ad
1903 3744 1963 3769 ΟΜ.
1981 3753 2003 3775 5.

1297 3774 1301 3777 ”
1463 3773 1477 3801 (
1491 3774 1506 3796 b
1521 3774 1535 3802 )
1551 3775 1646 3799 Pentee.
1666 3782 1685 3798 ι.
1702 3774 1758 3798 Obs.
1779 3782 1816 3808 ις.

1567 3806 1815 3836 (παὶιτι-η-ἒοε
