2498 4075
835 175 1011 263 Viro
1073 175 1328 278 illustri

96 339 1142 411 cHRtsTOPHoRo
1216 335 1673 422 JAoosso
1743 334 2133 401 TREWJ

502 466 724 520 Medico
759 507 773 527 ,
824 470 879 521 &
936 466 1262 518 AnatornIco
1315 461 1679 517 Celeberrimo

593 579 788 631 Joannes
817 580 1009 638 Baptista
1039 576 1311 635 Morgagnus
1340 577 1377 622 S.
1410 577 1455 622 P.
1484 575 1543 621 D,

108 707 420 752 texe*-
449 691 483 736 B
509 706 625 737 anno
636 692 774 749 usque
789 697 908 747 1708.
933 706 1023 749 quo
1046 691 1368 738 CAESAREAE
1392 689 1459 734 isti
1476 689 1657 744 Inclytae
1679 685 1972 737 NATURAE
1988 685 2100 730 GU*

109 752 205 797 {33:⁴3
262 760 340 795 ms
359 753 421 793 ’ζ
466 749 789 794 RIOSORUM
817 748 1170 792 ACADEMIAE
1226 749 1364 793 lacuit
1376 762 1447 791 me
1477 746 1522 788 in
1551 748 1730 792 suorum
1744 757 1980 792 numerum
1994 755 2102 786 coo-

303 803 433 862 &qu
468 815 619 861 ptare,
650 805 696 846 in
726 807 877 849 animo
906 804 1085 860 quidem
1115 805 1160 847 id
1209 818 1360 865 emper
1390 800 1552 857 habui,
1582 814 1631 847 ut
1646 803 1821 859 publico
1833 799 1988 857 aliquo
2001 810 2103 852 gra-

339 863 372 885 '⁴⁵
465 872 521 904 tae
549 859 872 915 significationis
902 873 1060 914 genere
1089 869 1223 903 tantae
1250 875 1343 915 elus
1373 862 1418 903 in
1450 872 1521 901 me
1551 860 1872 904 adolescentem
1886 856 2106 901 Liberali-

296 942 311 950 κ,
468 918 548 960 tati
580 912 909 970 responderem.
944 915 1026 957 Sed
1052 930 1218 959 novum
1248 930 1354 959 mox
1383 919 1488 959 vitae
1515 931 1676 971 genus,
1706 920 1748 960 &
1779 914 1879 960 aliae
1908 928 1966 958 ex
2006 911 2104 956 aliis

363 959 421 969 *ἰξί-

379 975 423 999 “³
460 974 771 1030 >occupationes
803 972 882 1014 vix
911 970 1133 1023 siverunt,
1163 983 1211 1015 ut
1241 972 1432 1016 levicula
1460 973 1661 1027 quaedam
1693 986 1792 1016 mea
1820 984 1923 1026 erga
1965 968 2129 1025 ipsam.

218 1046 220 1053 >
465 1037 667 1072 extarent
696 1027 862 1071 officia.
899 1026 1015 1083 Qiae
1041 1027 1166 1070 sicuti
1195 1027 1290 1083 ejus
1319 1027 1587 1082 Benignitati
1617 1029 1711 1072 visa
1739 1028 1839 1072 sunt
1868 1040 1956 1071 non
1986 1024 2103 1068 indi-

92 1095 205 1138 gna,
235 1095 284 1128 ut
312 1100 382 1130 me
410 1099 528 1130 anno
564 1099 682 1137 ¹732·
713 1098 815 1125 novo
839 1083 993 1140 *honoris
1021 1081 1139 1125 titulo
1169 1082 2107 1146 decoraret,&nom1'neADJ‘UNCTIPrae-

77 1140 181 1202 fidis
210 1138 331 1200 officio
361 1154 622 1194 nuncuparet,
653 1142 715 1182 ita
744 1153 825 1193 ego
854 1138 991 1192 magis
1019 1140 1240 1196 magisque
1269 1154 1341 1183 me
1370 1139 1547 1183 eximiae
1586 1138 1653 1181 isti
1685 1137 1993 1183 Beneficentiae
2020 1134 2105 1178 ob-

91 1197 292 1243 strit‘lum
322 1205 365 1244 &
397 1196 531 1250 sensi,
562 1199 605 1239 δέ
635 1196 797 1248 sentio,
827 1194 937 1237 nihil
968 1208 1090 1251 aeque
1117 1206 1271 1252 optans
1299 1196 1434 1252 atque
1462 1196 1557 1239 haec
1586 1195 1701 1248 duo,
1732 1196 1924 1251 primum
1956 1202 2006 1236 ut
2032 1189 2105 1235 fa-

91 1253 232 1299 cultas
263 1271 339 1313 par
370 1257 473 1301 effet
501 1251 746 1303 voluntati,
776 1262 895 1303 tum,
927 1251 1103 1308 quando
1131 1254 1216 1294 hoc
1246 1252 1331 1295 esse
1359 1265 1448 1295 non
1476 1251 1641 1309 potest,
1670 1262 1719 1295 ut
1749 1250 1898 1294 saltem
1927 1248 2108 1293 mihine

90 1311 199 1355 defit
231 1327 307 1368 per
336 1328 468 1371 quem
500 1307 764 1350 Doffiffimis
794 1307 1071 1350 Academicis
1100 1308 1215 1361 grati
1244 1310 1331 1351 mei
1364 1309 1504 1351 animi
1535 1307 1656 1351 sensa
1669 1320 1874 1352 unacum
1903 1306 1972 1349 his
1985 1305 2109 1355 libris

89 1367 346 1412 deferantur
379 1368 557 1412 testibus
586 1362 712 1405 fimul
739 1362 1028 1406 observantiae
1057 1377 1144 1418 qua
1174 1377 1247 1407 eos
1275 1362 1401 1418 colo,
1428 1362 1556 1407 fimul
1583 1362 1712 1407 studii
1744 1365 1856 1408 bene
1878 1363 1934 1407 de
1962 1362 2106 1406 omni-

88 1423 171 1468 bus
203 1426 382 1467 meritos
413 1438 567 1467 eorum
597 1419 796 1466 labores,
828 1419 975 1476 quoad
1005 1422 1155 1476 potui,
1184 1420 1389 1463 imitandi
1417 1421 1465 1462 in
1492 1419 1747 1464 morborum
1779 1420 1996 1472 historiis,
2026 1422 2104 1465 ad-

89 1478 337 1539 junffisque
368 1482 636 1523 cadaverum
663 1473 991 1517 diffeffionibus
1020 1476 1339 1535 proponendis.
1375 1476 1526 1532 Quem
1555 1489 1662 1520 vero
1690 1477 2011 1533 potius,quam
2024 1478 2109 1529 Te,

89 1538 176 1580 Vir
206 1536 417 1589 illustris,
445 1535 615 1592 sperem
645 1533 689 1573 &
720 1527 860 1581 velle,
889 1533 932 1572 &
964 1531 1078 1586 posse
1108 1533 1240 1583 hujus
1269 1546 1341 1575 me
1369 1535 1463 1575 voti
1490 1543 1741 1588 compotem
1771 1530 1948 1577 facere}
1978 1532 2110 1586 cujus

88 1592 354 1647 singularem
386 1594 432 1633 in
462 1604 532 1633 me
565 1587 907 1633 Huma‘nitatem
936 1600 1024 1629 non
1053 1588 1183 1631 semel
1212 1598 1421 1642 expertus
1450 1587 1571 1639 sum,
1601 1589 1839 1647 omnesque
1867 1602 1925 1633 ex
1942 1588 2111 1634 lauda-

92 1650 259 1693 tiffimis
290 1648 402 1692 Tuis
431 1646 606 1705 Scriptis
636 1654 881 1693 noverunt;
914 1642 1189 1697 Dignitatem
1219 1653 1395 1696 autem,
1428 1646 1470 1686 δε
1498 1644 1688 1698 gratiam
1717 1658 1823 1689 cum
1863 1646 1982 1703 apud
2020 1659 2110 1690 cae-

89 1716 207 1749 teros
224 1735 239 1759 ,
268 1715 364 1747 tum
393 1704 585 1747 maxime
616 1701 733 1758 apud
762 1699 872 1757 ipsos
903 1699 1219 1752 Academicos,
1250 1698 1390 1752 Tuis,
1418 1712 1513 1755 quae
1542 1713 1701 1754 magna
1742 1701 1843 1746 sunt
1867 1732 1883 1755 ‚
1925 1702 2110 1748 Meritis

88 1775 178 1805 non
207 1763 425 1803 minorem
455 1759 564 1810 eisc,
594 1757 866 1815 perspe&um
895 1754 1083 1799 habent:
1114 1755 1354 1812 praesertim
1382 1768 1486 1798 cum
1517 1755 1826 1810 Benigniffimis
1866 1757 1951 1803 illis
1985 1758 2110 1803 Viris

87 1830 181 1862 non
209 1817 389 1860 omnino
418 1815 573 1869 ingrati
605 1815 690 1859 effe
720 1812 870 1869 possint
899 1809 1030 1863 libri,
1058 1825 1166 1868 quos
1195 1810 1227 1855 fi
1257 1811 1472 1867 paulisper
1512 1811 1684 1855 versent
1707 1842 1722 1866 ,
1760 1817 1804 1857 &
1849 1814 1921 1859 vel
1962 1815 2109 1863 obiter

91 1873 350 1931 inspiciant,
380 1872 568 1931 persaepe
601 1872 828 1911 incurrant
858 1868 902 1908 in
934 1867 1035 1920 sua,
1066 1877 1145 1910 aut
1169 1867 1393 1923 MaJ‘orum
1421 1865 1708 1913 celeberrima
1736 1869 1967 1928 Nomina,
1994 1887 2108 1932 quo-

84 1943 190 1973 rum
202 1929 540 1973 Observationes
573 1927 796 1976 indicare,
826 1925 869 1966 δέ
897 1924 1208 1967 commendare
1221 1924 1308 1967 mei
1336 1923 1540 1981 propositi
1569 1937 1668 1981 pars
1699 1939 1857 1982 magna
1870 1927 1980 1974 fuit.
2014 1931 2108 1975 Vix

86 1987 208 2029 enim
239 1987 395 2028 eorum
419 1981 694 2037 Ephemerides
724 1980 794 2022 edi
825 1990 1077 2035 coeperant,
1107 1992 1212 2022 cum
1226 1979 1423 2023 Thomas
1438 1979 1721 2024 Bartholinus
1751 1983 1796 2027 in
1825 1982 1906 2028 suo
1932 1986 1975 2029 de
1990 1988 2109 2033 Ana-

84 2056 184 2084 tome
214 2039 401 2084 praelim
430 2054 479 2081 ex
508 2035 767 2080 cadaveribus
795 2035 968 2091 morbosis
995 2035 1214 2079 adornanda
1244 2034 1403 2096 Consilio
1433 2037 1445 2087 (
1475 2036 1599 2080 artic.
1629 2051 1758 2081 xiii.
1792 2044 1803 2091 )
1844 2040 2025 2086 horreum
2055 2043 2108 2086 ss-

83 2096 179 2150 las,
210 2099 268 2139 ξφ
299 2111 431 2153 penum
460 2094 516 2137 ad
547 2094 591 2136 id
621 2093 790 2136 divitem
819 2091 937 2144 fore,
967 2090 1118 2142 senfit3
1151 2094 1194 2134 &
1236 2091 1335 2133 sane
1365 2090 1559 2135 Bonetus
1600 2093 1646 2136 in
1676 2094 1929 2150 Sepulchreto
1967 2099 2107 2143 confi-

84 2152 273 2205 ciendo,
305 2152 540 2206 Mangetus
569 2161 718 2191 autem
748 2149 793 2188 in
822 2148 1023 2201 augendo
1052 2157 1161 2202 quot
1192 2147 1290 2190 inde
1320 2147 1601 2203 sumpserint,
1620 2153 1841 2195 neminem
1856 2152 1981 2198 latet.
2013 2156 2107 2199 Mi-

85 2210 135 2252 hi
166 2209 298 2262 igitur
326 2207 468 2251 fontes
481 2205 724 2249 ostendenti
758 2205 876 2246 unde
889 2216 939 2245 ea
954 2205 1136 2257 petenda
1167 2202 1249 2245 fint
1276 2215 1377 2259 quae
1405 2204 1464 2245 ad
1487 2217 1602 2247 nova
1632 2206 1818 2250 attinent
1833 2210 2103 2266 Sepulchreti
2127 2222 2131 2223 ’

87 2269 387 2316 incrementa,
415 2260 698 2305 monstranda
727 2260 908 2302 omnino
938 2258 1117 2301 fuerunt
1147 2257 1354 2315 pleraque
1382 2271 1563 2311 eorum,
1595 2274 1829 2316 quaeerant
1858 2266 2010 2321 procul
2021 2268 2105 2312 du-

85 2321 164 2367 bio
194 2321 329 2363 iidem
357 2317 572 2368 additui-i,
605 2314 636 2357 fi
665 2324 769 2357 ante
798 2313 1056 2358 alterutram
1086 2313 1180 2367 ejus
1211 2314 1366 2370 Operis
1398 2314 1635 2359 editionem
1670 2328 1735 2360 tot
1774 2319 1860 2363 alia
1891 2323 2113 2368 Caesareae‘

82 2376 339 2423 Academiae
371 2372 614 2417 Volumina
643 2370 918 2427 prodiissent.
951 2368 1089 2422 Quod
1117 2371 1225 2412 dum
1256 2370 1476 2421 facerem,
1506 2369 1613 2414 alios
1642 2385 1818 2429 quoque
1830 2375 2104 2424 fontescom-

84 2432 326 2477 monstrare
354 2443 442 2474 non
471 2427 622 2480 omifi,
655 2427 766 2469 inter
796 2427 875 2469 hos
906 2427 1063 2469 merito
1091 2424 1343 2469 collaudans
1374 2425 1570 2478 egregios
1603 2425 1761 2473 Libros
1804 2433 1816 2483 (
1846 2431 1900 2475 de
1937 2435 2100 2491 quibus

81 2488 312 2547 ipsesbene
341 2486 449 2529 adeo
480 2484 664 2553 meritgis
693 2496 737 2525 es
769 2483 780 2533 )
811 2483 886 2537 qui
917 2482 1217 2524 inscribuntur
1246 2481 1516 2524 commercium
1546 2484 1813 2529 Litterarium
1835 2516 1849 2540 ,
1889 2490 1933 2532 in
1963 2491 2104 2551 iisque

77 2546 207 2591 Tuas
239 2543 463 2593 indicans,
494 2538 744 2584 aliorumve
776 2537 846 2580 CL
880 2539 1117 2591 Virorum,
1147 2550 1248 2596 quae
1276 2536 1334 2580 ad
1374 2534 1622 2583 institutum
1665 2537 1860 2587 facerent
1900 2559 2051 2593 meum
2081 2579 2099 2603 ,

83 2600 324 2646 utiliffimas
355 2598 721 2642 Observationes.

142 2658 378 2714 Quantum
408 2656 529 2698 enim
545 2654 775 2713 Medicos,
806 2658 940 2712 &per
954 2655 1061 2711 ipsos
1091 2668 1226 2708 genus
1255 2654 1486 2698 hominum
1516 2654 1771 2701 universum
1803 2656 1955 2715 juvent
1969 2663 2097 2708 Mor-

53 2713 241 2757 'borum
270 2712 463 2755 historiis
490 2710 697 2765 adJeAE'oe,
727 2711 905 2755 illorum
935 2713 1011 2768 qui
1042 2712 1142 2753 inde
1172 2712 1404 2767 perierint,
1438 2711 1751 2767 Diffeffiones,
1782 2715 2097 2771 judiciaosten-

79 2770 189 2813 cl‘unt
218 2771 498 2812 Summorum
529 2769 575 2809 in
605 2770 715 2810 Arte
746 2767 956 2811 Virorum
987 2779 1086 2824 quae
1116 2766 1195 2809 suo
1224 2768 1356 2824 Operi
1386 2767 1574 2825 praefixit
1606 2769 1825 2826 Bonetus,
1854 2786 2096 2832 eorumque

84 2826 130 2867 in
161 2826 310 2882 primis
339 2824 415 2881 qui
444 2835 553 2866 tunc
583 2824 627 2865 in
658 2822 737 2866 ista
764 2823 981 2867 florebant
1011 2823 1253 2866 Academia
1279 2853 1293 2875 ,
1336 2823 1652 2867 Successor-ibus
1683 2827 1800 2870 idem
1839 2842 1926 2872 non
1962 2832 2096 2875 modo

84 2879 444 2924 confirmantibus
472 2876 675 2935 exemplo
704 2880 808 2932 suc,
839 2880 913 2923 sed
940 2880 1074 2922 etiam
1102 2879 1227 2920 enixe
1257 2878 1605 2933 inculcantibus,
1637 2891 1767 2936 puta;
1799 2894 1848 2927 ut
1880 2899 1997 2929 nunc
2026 2898 2094 2931 tot

80 2936 189 2980 alios
218 2938 419 2979 omittam
432 2953 446 2987 ‚·
479 2935 832 2978 P1·aesta11tiffimis
866 2935 982 2978 Viris
998 2934 1318 2990 Christophoro
1348 2935 1578 2978 Ludovico
1607 2936 1821 2982 Goekelio
1847 2943 1923 2995 (a)
1954 2945 1998 2986 &
2023 2942 2090 2993 Jo.

52 3017 56 3020 »
81 2994 260 3035 Adamo
290 2992 538 3035 Reimanno
568 2988 643 3042 (b).
678 2990 740 3032 Hi
771 3002 918 3034 tamen
945 3004 1096 3034 omnes
1127 2990 1436 3043 Dogmaticam
1452 2991 1728 3036 Medicinam
1742 2996 2088 3052 profitebantur.

86 3047 242 3095 Quicss
273 3050 390 3103 quod
420 3046 490 3090 vel
520 3060 592 3090 eos
624 3059 732 3102 quos
763 3047 968 3091 adversus
997 3048 1114 3089 hanc
1143 3044 1356 3089 extollere
1370 3047 1638 3102 Empiricam
1651 3051 1866 3107 nitentes,
1894 3056 1949 3097 &2
1967 3067 2090 3099 acres

79 3104 318 3150 subtilioris
335 3107 570 3146 Anatomes
599 3103 870 3146 adversarios
899 3104 1110 3157 cognovi,
1138 3101 1278 3158 ipsos,
1312 3104 1518 3159 inquam,
1546 3104 1639 3146 vidi
1655 3106 1832 3150 hancde
1855 3123 1943 3166 qua
1972 3123 2091 3154 nunc

76 3163 263 3220 loquor,
295 3160 542 3202 Anatomen
559 3190 572 3210 ‚
603 3169 652 3201 ut
681 3170 869 3212 vocant,
901 3158 1142 3202 Praeticam
1172 3171 1260 3200 non
1284 3158 1555 3214 improbare,
1587 3161 1676 3205 imo
1703 3163 2091 3209 verum'Medicinae

79 3216 206 3260 lumen
219 3216 302 3259 effe
314 3215 484 3267 dicere,
514 3215 557 3257 v'i
572 3215 884 3259 evidentissima
915 3216 1112 3258 veritatis
1141 3222 1187 3257 ut
1217 3214 1300 3257 hoc
1329 3216 1596 3268 faterentur,
1627 3228 1835 3272 cogente,
1863 3233 1953 3276 quo
1982 3234 2090 3266 con-

82 3273 224 3326 cesso,
255 3273 506 3315 Anatomen
535 3284 712 3328 quoque
741 3269 1014 3314 subtiliorem
1044 3270 1255 3326 probent,
1284 3270 1448 3314 necesse
1476 3271 1563 3323 est,
1593 3270 1681 3316 fine
1711 3287 1799 3329 qua
1828 3276 2086 3322 morborum

79 3329 228 3380 sedes,
261 3330 303 3371 &
332 3335 534 3369 naturam
568 3329 612 3368 in
640 3327 904 3384 quibusdam
935 3328 1154 3384 praecipue
1187 3324 1413 3377 Partibus,
1442 3326 1579 3370 oculis
1608 3329 1840 3384 videlicet,
1871 3332 2082 3387 auribus,

79 3385 176 3427 aliis
192 3382 463 3441 hujusmodi,
494 3382 784 3425 internoscere
797 3396 884 3425 non
897 3380 1074 3425 liceret.
1108 3382 1213 3438 Qua
1243 3382 1376 3436 igitur
1405 3384 1658 3437 exschola,
1688 3395 1765 3428 aut
1794 3400 1883 3442 quo
1904 3389 2083 3432 tandem

76 3455 136 3483 ex
164 3453 322 3494 genere
353 3439 581 3480 hominum
613 3452 772 3493 paucos
803 3437 903 3481 illos
933 3437 1016 3480 effe
1035 3468 1048 3491 ,
1088 3438 1286 3480 dicemus
1310 3469 1323 3491 ,
1361 3439 1436 3496 qui
1466 3439 1733 3483 cadaverum
1774 3441 2038 3487 seetionibus
2066 3475 2082 3498 ,

78 3508 187 3553 quas
220 3494 430 3552 Empirici
460 3507 583 3549 aeque
611 3506 661 3535 ac
694 3494 973 3549 Dogmatici,
1002 3495 1058 3538 ad
1088 3494 1342 3537 morborum
1371 3494 1522 3582 caxsas
1553 3496 1815 3551 detegendas
1845 3500 1929 3541 esse
1971 3500 2082 3545 adeo

1501 3558 1519 3582 ι
1934 3555 2044 3596 utiles,
2069 3573 2071 3577 f

156 3694 171 3732 (
192 3707 208 3725 a
231 3694 245 3730 )
267 3691 432 3732 premer.
456 3690 499 3722 N.
521 3690 559 3722 C.
582 3689 676 3722 Ceut.
697 3693 725 3723 6.
750 3691 826 3723 Obs.
846 3702 894 3731 94.
975 3692 990 3731 (
1011 3690 1029 3722 b
1051 3692 1065 3729 )
1086 3689 1159 3724 A&-
1181 3689 1224 3722 N.
1249 3691 1288 3725 C.
1310 3689 1409 3724 Tom.
1434 3702 1460 3724 ι.
1481 3691 1557 3725 Obs.
1585 3703 1652 3732 170.
