2458 4058
736 176 1646 241 f-PRAEF'ATlo.
1996 206 2120 242 xm

131 265 228 298 tum
258 259 440 315 quidem
474 250 578 302 cu'm
609 260 717 303 olim
756 261 800 301 in
839 259 989 315 aliquo
1024 275 1080 303 ex
1123 260 1230 303 meis
1266 260 1441 317 Scriptis
1482 260 1570 315 jam
1602 265 1819 321 proposita
1854 263 2002 310 fuisset
2043 267 2144 313 satis
2175 286 2188 322 ;

119 315 292 370 'quippe
325 310 496 372 odiqsz'im
527 316 648 367 haud
672 316 792 358 secus
824 329 876 357 ac
917 315 1160 360 Homerico
1199 315 1332 369 Ulyffi
1365 319 1375 367 (
1401 317 1425 358 d
1448 320 1490 370 ),
1519 314 1707 376 odiofi1m‚
1745 321 1925 379 inquam
1950 352 1964 376 ,
2006 324 2102 366 mihi
2144 324 2193 373 ef}

132 372 269 411 iterum
298 384 425 426 apr-ste
454 369 561 412 digia
589 376 754 414 narrare
815 373 877 414 Sic
910 372 1028 413 enim
1054 385 1208 415 revera
1243 373 1373 414 nimis
1398 372 1535 427 longae
1561 373 1672 416 fiunt
1709 376 1928 427 historice:
1972 394 2060 423 non
2085 395 2190 425 cum

131 427 280 468 omnia
315 440 413 482 quae
448 427 504 468 ad
540 427 787 482 praegressas
826 427 966 470 morbi
990 428 1168 480 causas,
1198 431 1240 471 «Sc
1267 428 1325 471 ad
1352 427 1638 486 symptomata
1669 432 1682 480 (
1711 445 1809 488 quae
1841 436 2012 478 utinam
2045 438 2188 480 ambae

130 495 199 525 res
236 481 408 524 cunfiae
444 482 610 539 semper
642 494 754 525 notae
789 482 871 525 esse
919 484 1150 540 potuissent
1188 487 1200 536 )
1237 495 1317 528 aut
1347 485 1404 528 ad
1446 486 1637 527 Partium
1659 485 1868 531 ‘laesiones
1910 493 2097 535 attinent
2142 495 2188 536 in

128 539 346 584 cadavere
379 539 728 590 animadversas,
757 549 964 582 accurate
1000 539 1309 583 describuntur
1334 571 1344 582 .
1393 540 1514 597 Quin
1549 542 1680 584 etiam
1720 543 1829 600 saepe
1868 546 2009 588 causae
2046 548 2143 591 sunt
2174 581 2189 604 ‚

129 608 209 636 cur
253 597 294 636 in
338 593 534 649 utrisque
569 607 659 647 non
692 595 824 647 modo
854 609 953 652 quae
989 595 1152 638 fuerint
1182 610 1195 647 3
1237 596 1309 640 sed
1339 601 1380 640 &
1411 596 1621 640 nonnulla
1650 612 1748 655 quae
1776 598 2025 655 defuerint,
2053 603 2188 648 diser—

127 660 196 703 te,
229 663 278 694 ut
316 647 397 690 feci
416 679 428 701 ,
459 651 539 691 {int
569 651 841 694 adnotanda.
1289 696 1291 699 ,

188 721 246 758 ¹5-
283 705 409 761 Quid
440 720 544 749 vero
577 707 722 748 dicam
765 708 821 749 de
856 706 1119 750 scholiorum
1170 706 1466 763 prolixitate?
1510 710 1613 753 Non
1644 712 1849 768 equidem
1886 713 2142 765 ignorabam
2173 746 2188 770 ,

126 767 169 806 &
200 763 341 804 minus
384 772 554 814 gratam
591 763 675 804 effe
703 762 939 819 plerisque,
966 766 1007 805 ὃς
1047 763 1310 819 quibusdam
1337 766 1480 807 minu<
1519 766 1748 823 probatam
1775 785 1785 819 ‚-
1825 782 2079 826 quanquam
2110 770 2187 814 Pe-

123 833 309 873 yerum,
340 818 413 873 qui
455 832 510 861 ex
541 819 606 860 his
641 818 699 860 est
729 821 781 872 (e
808 823 846 871 ),
880 819 1067 861 hissoriae
1092 819 1177 861 suae
1208 817 1310 877 (f)
1350 821 1573 865 Scholium
1596 821 1843 872 adiunxisse
1869 825 1996 866 video
2023 826 2186 881 septem

124 875 292 929 paginis
326 887 459 930 quam
499 874 586 929 ipsa
611 904 623 927 ,
672 874 866 928 longius.
898 875 975 918 Sed
1011 877 1202 930 primum
1242 877 1341 919 dico
1366 907 1379 930 ,
1421 893 1506 921 non
1548 879 1764 935 quidquid
1802 882 1844 924 in
1886 881 1952 923 his
1992 885 2097 924 meis
2134 882 2186 925 li-

124 932 214 972 bris
254 940 410 986 praeter
447 931 644 973 historias
674 931 761 982 est,
799 930 966 973 Scholia
1002 932 1110 973 eise.
1145 931 1316 974 Deinde
1347 934 1445 986 3⁵0,
1477 934 1504 975 fi
1536 936 1772 991 praestanda
1800 939 1843 980 in
1879 938 1987 979 meis
2011 937 2187 983 fuerant

118 998 224 1042 ‚quae
255 989 300 1028 in
331 984 480 1028 multis
506 986 599 1029 dixi
629 989 649 1036 ³(
677 1003 701 1041 g
732 990 743 1038 )
782 985 1049 1042 Sepulchreti
1080 986 1255 1030 scholiis
1282 989 1546 1040 desiderari,
1577 1004 1647 1032 me
1685 993 1862 1035 brevem
1893 992 1976 1035 effe
2001 1008 2086 1036 non
2110 1009 2189 1051 po·

123 1043 274 1085 tuisse,
312 1042 437 1083 s‘uid
469 1050 481 1081 ?
525 1043 654 1098 quod·
681 1054 811 1093 ‘erant
838 1056 955 1085 certe
994 1042 1118 1085 fimul
1159 1044 1495 1088 tbservatioues
1537 1049 1856 1102 propemodum
1900 1050 2141 1092 innumerae
2170 1080 2187 1105 ‚

118 1110 222 1155 quae
257 1097 316 1139 illi
351 1098 643 1150 adderentur,
680 1099 953 1150 indicandae,
991 1098 1115 1141 simul
1150 1101 1253 1155 quid
1280 1100 1323 1141 in
1362 1103 1413 1143 iis
1445 1116 1500 1143 ex
1526 1102 1682 1156 quibu<
1722 1104 1804 1156 jam
1838 1103 2088 1157 constabat,
2118 1106 2184 1149 se-

116 1154 330 1208 ¹ligendis,
362 1153 680 1206 describendi&
711 1155 1019 1211 disponendi«,
1049 1155 1353 1207 defignandiz,
1383 1167 1455 1200 aut
1496 1158 1552 1200 ob
1575 1172 1724 1201 rerum
1764 1161 1959 1214 copiam,
1990 1173 2062 1204 aut
2091 1175 2184 1219 pror-

119 1222 216 1269 pter
246 1211 459 1252 incuriam
485 1212 862 1267 typographorum
890 1218 1120 1268 peccatum
1148 1213 1288 1254 fuerat
1315 1214 1639 1270 i'aepenumero,
1673 1215 2012 1259 ostendendum.

124 1268 218 1311 Hic
252 1280 423 1323 quaeres
454 1266 663 1319 fortassis,
695 1281 749 1308 an
795 1282 880 1309 non
918 1267 1117 1322 saepicule
1159 1270 1349 1324 peccasse
1384 1284 1453 1311 me
1489 1283 1689 1325 quoque,
1728 1273 1931 1324 credam,
1965 1286 2055 1316 non
2096 1272 2185 1329 jam

117 1316 226 1367 ‘dico
261 1325 302 1365 in
333 1336 606 1378 cperarum,
626 1338 651 1366 a
687 1324 849 1379 quibus
885 1325 1094 1366 nimirum
1118 1323 1241 1377 longe
1278 1326 1482 1377 aberam,
1515 1325 1928 1371 hallucinationibus
1955 1330 2186 1385 prohiben-

119 1382 210 1429 ἀίξῃ
245 1380 320 1427 led
354 1380 395 1420 in
426 1394 479 1422 eo
522 1379 611 1435 ipso
647 1381 748 1422 dico
782 1380 899 1435 quod
937 1380 1173 1435 praesertim
1216 1381 1297 1423 illis
1337 1383 1379 1423 in
1417 1381 1593 1425 scholiis
1626 1389 1772 1426 minue
1809 1386 2048 1443 probabam
2079 1416 2093 1439 ,
2136 1386 2181 1428 in

118 1437 424 1479 doch-inarum
458 1436 690 1486 videlicet,
722 1448 774 1478 ac
820 1435 1131 1479 sententiarum
1162 1437 1365 1490 deleciu,
1397 1452 1472 1493 per
1512 1452 1619 1495 quas
1663 1440 1929 1497 explicarem
1955 1441 2185 1488 <Observa-

117 1495 261 1536 tiones
285 1522 297 1543 ,
339 1488 619 1544 faciliorum,
651 1491 1037 1548 probabiliorum,
1080 1496 1216 1547 tnagis
1258 1495 1553 1537 communium
1580 1525 1593 1547 ,
1638 1495 1712 1538 seu
1752 1510 1859 1553 quas
1899 1495 2096 1555 plerique
2139 1500 2186 1545 in

119 1548 304 1594 dubium
337 1561 418 1589 non
464 1547 763 1591 revocassent}
799 1549 889 1602 rgo
929 1562 1036 1591 vero
1075 1550 1109 1590 is
1147 1551 1242 1592 sum
1279 1551 1383 1606 qui,
1426 1550 1556 1607 siquis
1589 1550 1700 1594 alius
1727 1581 1742 1605 ,
1782 1552 1892 1595 nihil
1932 1555 2115 1597 humani
2156 1566 2183 1598 a

113 1619 185 1647 me
212 1604 403 1646 alienum
441 1614 789 1660 putem,-1ieq11e
824 1606 867 1646 in
908 1617 960 1647 ea
1000 1620 1045 1647 re
1075 1607 1235 1657 modo,
1267 1606 1340 1648 sed
1369 1609 1412 1648 in
1444 1609 1541 1650 aliis
1563 1610 1724 1650 etiam.
1761 1610 1809 1651 ln
1842 1623 1893 1651 ea
1921 1624 1968 1651 re
2008 1619 2185 1664 tamen,

113 1675 281 1703 memor
317 1661 373 1702 ad
398 1673 530 1715 quem
565 1660 824 1712 scriberem,
854 1662 955 1704 dedi
987 1675 1164 1718 operam
1196 1692 1207 1713 ,
1243 1674 1456 1719 quantum
1484 1665 1603 1719 potui
1635 1692 1648 1716 ,
1690 1678 1746 1707 ne
1777 1665 2010 1719 abstrusis,
2044 1670 2087 1710 δέ
2111 1681 2183 1711 ar—

112 1717 237 1768 dms,
268 1717 339 1759 sed
376 1716 545 1767 obviis,
577 1716 799 1774 planisque
830 1746 844 1768 ,
888 1731 1028 1774 neque
1062 1717 1350 1772 singularibm
1376 1754 1389 1774 ‚
1435 1720 1503 1763 sed
1545 1719 1639 1763 fere
1680 1722 1992 1766 communibus
2034 1733 2183 1767 uterer

111 1773 364 1829 explicandi
397 1772 665 1827 rationibus,
696 1773 814 1825 fere,
847 1774 1053 1831 inquam,
1086 1776 1394 1819 communibm
1435 1792 1488 1819 eo
1533 1787 1733 1833 tempore
1765 1791 1855 1834 quo
1897 1778 2086 1823 scribere
2115 1781 2184 1822 in·—

120 1830 213 1885 cepi
242 1863 251 1870 .
294 1828 495 1871 Multum
531 1831 650 1872 enim
682 1829 772 1885 jam
819 1829 994 1885 scriptio
1031 1832 1315 1886 procefferat,
1346 1847 1446 1874 cum
1480 1843 1656 1889 repente
1685 1835 1845 1887 agitari
1885 1846 2041 1892 coeptoe
2082 1835 2182 1879 sunt

116 1885 426 1928 controverfiae
458 1886 690 1942 quaedam,
721 1897 898 1943 propter
932 1900 1040 1943 quas
1075 1900 1177 1934 cum
1208 1888 1425 1942 operosius
1457 1889 1598 1933 fuiiset
1631 1890 1792 1947 scripta
1822 1902 1995 1934 mutare
2025 1922 2038 1945 ,
2080 1892 2182 1935 satis

116 1941 238 1993 sore,
267 1942 460 1995 credidi,
492 1940 520 1982 fi
554 1942 596 1983 in
626 1944 694 1985 his
736 1956 835 1999 quae
866 1941 1094 1986 scribenda
1126 1943 1404 2000 supererant,
1437 1946 1496 1989 ita
1527 1960 1597 1989 me
1630 1959 1855 1999 gererem,
1882 1957 1932 1990 ut
1959 1962 2090 1991 nemo
2115 1949 2183 2001 ju-

113 2010 160 2039 re
189 2000 395 2055 conqueri
430 1997 590 2051 posset,
622 1999 860 2055 praesertim
901 2013 1003 2042 cum
1037 2014 1112 2055 per
1143 2014 1213 2042 me
1243 2003 1406 2058 cuique
1438 2005 1480 2044 δε
1512 2014 1635 2053 tum,
1666 2006 1708 2047 δέ
1738 2013 1867 2047 antea
1898 2016 2048 2060 aperte
2072 2003 2182 2048 lice*

110 2063 204 2104 ret,
237 2054 264 2095 si
297 2055 408 2111 quid
438 2054 554 2097 forte
595 2056 739 2098 minus
768 2055 972 2112 probaret
1003 2086 1016 2108 ,
1060 2056 1104 2098 id
1133 2055 1264 2099 aliter
1295 2056 1517 2114 explicare
1548 2058 1605 2101 ad
1635 2058 1871 2104 arbitrium
1902 2060 2053 2103 suum.
2088 2062 2182 2104 Ne-⁴

109 2121 195 2166 que
225 2111 339 2151 enim
374 2111 639 2166 praecipuum
671 2113 714 2153 in
748 2112 829 2154 hoc
860 2114 1048 2155 vertitur
1078 2112 1343 2166 propositum
1372 2127 1548 2157 meum:
1580 2128 1748 2169 neque,
1782 2115 1811 2158 fi
1844 2116 2086 2161 Observata
2100 2132 2180 2161 ex·-

108 2167 270 2222 cipiaS,
302 2165 423 2209 aliud
452 2167 641 2224 praest03
674 2166 842 2224 reliqua
872 2167 987 2210 haud
1018 2167 1135 2210 secus
1164 2182 1216 2210 ac
1247 2168 1278 2210 fi
1320 2183 1346 2212 a
1377 2183 1447 2212 me
1480 2184 1565 2212 non
1596 2172 1758 2225 essent,
1790 2173 1977 2229 probare
2018 2174 2179 2227 malis,

109 2234 164 2263 an
200 2223 476 2275 improbare,
508 2220 648 2265 libens
680 2225 912 2278 permitto,
945 2225 1110 2265 veritus
1151 2224 1348 2280 alioqui,
1381 2238 1435 2267 ne
1465 2239 1568 2267 cum
1600 2240 1657 2269 ex
1684 2231 1891 2283 opinione
1921 2229 2176 2286 loquimur,

107 2277 182 2320 etsi
214 2279 310 2318 veri
348 2276 505 2321 similia
539 2278 798 2334 sequamur,
830 2278 988 2333 aliquis
1020 2289 1166 2321 tamen
1197 2278 1437 2336 aliquando
1468 2281 1623 2324 existat
1650 2287 1725 2338 qui
1754 2287 1797 2326 in
1820 2295 1897 2327 nos
1928 2288 2177 2343 intorqueat

108 2332 222 2375 illud
253 2332 547 2379 Homericum
594 2337 605 2384 (
635 2332 659 2375 h
689 2338 727 2386 ),
761 2337 886 2375 Dixit
914 2335 1112 2376 medaria
1141 2336 1293 2388 multa,
1324 2335 1449 2378 dicens
1481 2339 1592 2394 veris
1616 2336 1774 2396 fimilia
1806 2372 1815 2380 .
1861 2340 2177 2395 Quamobrem·

106 2402 249 2444 neque
280 2390 322 2429 in
352 2388 727 2444 ‘explicationibus
759 2389 927 2432 multus
957 2389 1051 2441 fui,
1081 2389 1372 2448 libentiusque
1397 2392 1594 2445 interit-:ci
1624 2393 1710 2437 alia
1735 2396 1792 2439 ad
1807 2395 2055 2440 faciendam
2072 2402 2175 2441 Me-

106 2445 299 2486 dicinam
340 2443 603 2501 speciantia,
633 2445 722 2488 alia
753 2446 807 2489 acl
838 2445 961 2498 ejus,
991 2446 1078 2489 alia
1107 2448 1163 2489 acl
1196 2450 1434 2491 Anatomes
1465 2444 1720 2504 historiam,
1751 2452 1839 2495 alia
1881 2453 2071 2511 denique
2113 2456 2171 2500 ad

104 2500 191 2542 alia
211 2500 364 2542 studia
398 2501 513 2544 illius
543 2503 598 2544 ad
628 2516 762 2557 quem
795 2502 1056 2554 scriberem,
1079 2502 1262 2552 juvenis
1288 2506 1548 2557 attinentia,
1579 2516 1627 2548 ut
1660 2507 1732 2549 vel
1762 2508 1819 2551 fic
1847 2508 1941 2562 ejus
1971 2512 2169 2555 animum

103 2554 318 2613 paulisper
348 2556 610 2601 abducerem
641 2558 698 2600 ab
731 2558 911 2601 horrida
942 2561 1227 2611 morborum,
1259 2564 1293 2602 ἃ
1333 2561 1599 2619 cadaverum
1630 2575 1838 2620 perpetua
1880 2567 2168 2610 trassatione.

105 2613 222 2665 Quae
254 2614 401 2655 omnia
431 2614 460 2656 fi
490 2613 623 2670 probe
652 2615 959 2670 perpenderis,
982 2619 1024 2658 δέ
1062 2615 1120 2659 ab
1144 2614 1322 2659 Scholiis
1349 2617 1613 2672 iejunxeris;
1645 2619 1773 2663 facile
1800 2621 2038 2675 intelliges,
2066 2636 2168 2681 quae

104 2671 278 2725 proprie
314 2669 370 2712 ad
403 2672 496 2712 haec
527 2670 798 2726 pertineant,
827 2672 936 2714 adeo
971 2670 1112 2714 multa
1147 2686 1232 2714 non
1258 2674 1368 2717 effe:
1399 2687 1475 2717 aut
1499 2674 1529 2716 fi
1564 2684 1715 2719 tamen
1745 2676 1829 2719 ess'e
1869 2679 2037 2731 multa,
2068 2681 2167 2723 exi—

103 2726 275 2772 stimes,·
307 2725 378 2768 fac
409 2741 508 2768 meo
551 2740 638 2768 non
667 2739 847 2780 gravate
879 2727 1106 2784 relinquas
1147 2726 1300 2781 Laelio,
1332 2733 1373 2773 &
1405 2730 1462 2772 sic
1493 2731 1657 2783 cogites
1692 2762 1705 2784 ,
1748 2731 1823 2775 illa
1852 2763 1866 2786 ,
1907 2746 2040 2792 atque
2078 2736 2164 2780 alia

103 2794 201 2838 quae
233 2782 310 2824 tibi
342 2781 599 2836 displiceant
630 2811 642 2834 ,
685 2797 736 2825 ea
767 2783 942 2827 fortasse
973 2786 1084 2826 mihi
1115 2799 1289 2841 quoque
1318 2800 1435 2829 nunc
1464 2786 1716 2842 displicere;
1747 2789 1822 2831 sed
1851 2802 1901 2833 ea
1934 2791 2024 2847 ipsa
2053 2792 2165 2848 effe,

105 2850 204 2892 quae
235 2853 287 2882 ne
318 2838 567 2890 demerem,
598 2839 685 2895 ipse
716 2853 786 2881 me
815 2841 1069 2883 obstrinxit.

167 2910 228 2945 ¹4·
263 2895 513 2951 Antequam
556 2896 610 2937 de
647 2895 864 2939 Indicibus
894 2895 1073 2948 adieffiq
1114 2896 1237 2950 dico,
1268 2897 1356 2940 noli
1387 2900 1645 2953 experiare,
1677 2912 1726 2943 ut
1756 2903 1828 2945 hic
1857 2902 2060 2960 quaedam
2084 2907 2163 2949 ite-

104 2963 197 2991 rem
227 2962 320 3006 quae
351 2951 394 2991 in
428 2948 688 2994 Praefatione
719 2953 838 3010 ppsui
869 2955 925 2996 ad
959 2952 1166 3008 Epistolas
1198 2962 1502 2997 Aiiatomicas.
1537 2959 1643 3001 Satis
1676 2958 1736 3000 ibi
1769 2961 1780 3010 (
1813 2962 1828 3001 i
1858 2963 1870 3012 )
1900 2961 2070 3004 dictum
2101 2962 2163 3004 est

102 3007 217 3048 unde
247 3020 399 3053 omnes
429 3006 703 3060 intelligant,
734 3021 815 3052 cur
844 3010 998 3052 tandiu
1014 3014 1055 3051 in
1087 3010 1173 3050 hoc
1201 3022 1376 3066 quoque
1407 3014 1577 3068 Opere,
1609 3012 1725 3057 illius
1756 3017 1800 3057 in
1832 3017 2032 3072 plurimis
2047 3017 2162 3060 simi-

101 3061 162 3115 li,
194 3061 502 3118 perscribendo
542 3074 739 3106 moratus
770 3065 875 3118 fim,
905 3069 948 3108 δέ
979 3080 1058 3108 cur
1098 3078 1174 3120 per
1207 3083 1221 3107 i
1244 3067 1416 3123 piliolas
1456 3070 1722 3126 scripserim.
1758 3071 1842 3115 Vel
1882 3073 1914 3116 fi
1948 3073 2006 3114 ibi
2037 3072 2160 3117 dieta

100 3133 189 3161 non
222 3118 321 3160 satis
362 3117 462 3161 sunt
492 3133 680 3169 ;*morae
710 3120 973 3174 justiflimam
1005 3123 1182 3164 causam
1212 3125 1269 3166 ad
1311 3124 1419 3168 alias
1463 3129 1576 3170 adde
1616 3126 1793 3170 auc‘tam
1834 3129 1944 3172 adeo
1983 3128 2041 3171 ab
2081 3127 2164 3172 illo
2216 3149 2222 3156 ·

100 3185 297 3230 tempore
325 3174 381 3217 ad
413 3177 494 3217 hoc
524 3185 721 3228 aetatem,
754 3188 803 3219 ut
846 3178 1078 3231 recensita,
1119 3190 1335 3236 quantum
1380 3181 1503 3225 licuit
1533 3213 1546 3235 ,
1589 3184 1685 3226 haec
1725 3187 1876 3227 omnia
1916 3184 1998 3227 sub
2038 3198 2161 3228 anno

98 3233 310 3287 prodeant
339 3245 397 3273 ex
425 3243 513 3286 quo
543 3242 669 3274 natus
701 3233 825 3286 sum,
856 3237 1173 3291 propemodum
1204 3235 1499 3290 ostogefimo.
1545 3240 1641 3282 Cur
1680 3252 1786 3282 vero
1828 3253 1902 3295 per
1943 3241 2158 3297 Epistolas

98 3288 258 3343 scripta
270 3304 285 3338 ,-
317 3300 402 3329 non
446 3298 536 3329 tam
579 3288 668 3343 post
711 3291 957 3333 recentium
984 3320 997 3344 ,
1041 3303 1331 3347 veterumque
1376 3295 1660 3338 Medicorum
1704 3295 2003 3352 exemplum(
2044 3310 2156 3353 quos

99 3345 213 3386 inter
246 3343 494 3387 Manardus
525 3346 537 3394 (
570 3346 601 3399 ἦ
628 3346 640 3394 )
673 3344 993 3400 Archigenem,
1028 3348 1398 3391 &Themii'onem
1429 3352 1649 3403 recenset,
1681 3364 1871 3407 quorum
1899 3350 2037 3404 alter,
2064 3353 2157 3395 Ga-

97 3399 200 3444 leno
229 3399 436 3452 testante,
467 3399 698 3451 undecim,
727 3400 863 3454 alter,
899 3403 1030 3446 Paulo
1043 3403 1175 3454 teste,
1208 3405 1360 3447 decem
1390 3405 1551 3462 scripsit
1584 3406 1879 3462 Epistolarum
1904 3407 2157 3451 Medicina-

96 3454 207 3498 lium
237 3454 371 3499 libros
399 3459 413 3509 )
442 3467 576 3514 quam
605 3456 698 3512 post
729 3457 918 3501 summos
951 3462 1263 3513 Anatoinicos,
1292 3475 1316 3504 a
1346 3476 1415 3504 me
1446 3463 1654 3514 ibidem(
1685 3461 1702 3506 l
1731 3469 1744 3517 )
1775 3469 2047 3515 nom'inatOS,
2078 3466 2155 3562 qui

2028 3533 2085 3563 ve

177 3711 191 3748 (
214 3711 232 3739 d
255 3710 267 3748 )
290 3706 393 3748 Odyff.
417 3705 436 3738 l.
465 3718 509 3739 iz.
530 3708 561 3739 in
585 3706 642 3752 fin,
721 3711 737 3748 (
756 3721 770 3740 e
793 3711 806 3749 )
829 3710 933 3754 Meth.
956 3712 1008 3742 cit.
1031 3724 1057 3743 c.
1081 3726 1106 3751 ς.
1132 3715 1161 3744 in
1183 3714 1235 3746 fin.
1318 3716 1375 3754 (f
1390 3718 1404 3755 )v
1426 3716 1500 3748 ibid.
1522 3729 1547 3750 c.
1570 3721 1599 3750 6.
1680 3718 1762 3758 (g)
1784 3717 1888 3759 supra,
1909 3731 1940 3752 n.
1962 3729 1992 3758 7.

174 3758 189 3793 4
213 3755 230 3785 h
252 3753 265 3789 )
289 3748 392 3785 Odyil.
415 3747 434 3779 l.
462 3759 506 3786 ιφ.
588 3749 602 3787 (
624 3759 635 3780 1
656 3751 670 3787 )
691 3760 722 3781 n.
749 3761 775 3781 1.
796 3754 826 3781 ὅι
849 3753 929 3792 ieqq.
1009 3752 1022 3789 (
1045 3755 1064 3785 k
1088 3756 1100 3793 )
1123 3754 1142 3785 l.
1170 3767 1193 3786 ι.
1218 3757 1312 3795 Epist.
1336 3757 1452 3789 Medic„
1479 3768 1503 3789 x.
1583 3759 1715 3801 (l)n.
1738 3772 1767 3799 3.
