2498 4075
396 159 400 173 ζ
412 119 503 178 ³80

337 208 375 238 ait
399 209 457 238 nec
477 197 673 235 ventriculus
695 220 709 238 ,
740 206 796 234 nec
825 196 929 234 ullum
950 194 1135 234 intestinum
1166 205 1304 235 ,tumeret
1328 209 1340 237 ς

336 254 414 283 >uam
434 241 524 286 quod
554 242 661 279 Colon
685 241 719 278 in
747 238 855 278 medio
888 237 1050 278 transversi
1084 239 1172 274 illius
1203 239 1250 274 sui
1284 241 1340 275 sub

337 286 519 325 ventriculo
535 285 671 323 'trafftus
687 283 726 316 ad
750 292 812 319 tres
833 291 1008 325 quatuorve
1040 281 1163 325 digitos
1195 281 1342 319 deorsum

337 328 367 371 se
388 327 593 370 inflefteret‚
616 326 750 370 indeque
773 326 892 364 sursum
916 324 1034 363 rediret
1053 349 1066 370 ,
1099 337 1146 361 res
1169 326 1212 360 est
1234 339 1305 370 quae
1328 351 1342 369 ‚

336 372 433 411 ficuti
455 384 495 405 ex
526 369 639 409 nostris
676 368 832 411 Epistolis
865 369 1044 411 intelligere
1075 368 1211 412 potuisti
1232 395 1240 409 ,
1277 381 1342 404 non

336 416 485 457 rariffime
515 414 564 451 vel
588 414 622 446 in
645 412 712 453 illis
736 410 912 451 offenditur
934 435 945 451 ,
980 414 1014 447 in
1035 411 1153 454 quibus
1183 424 1199 445 a
1232 423 1343 448 natura

337 461 451 504 potius
475 482 485 497 ‚
509 468 608 500 quarn
633 467 648 488 a
673 455 813 495 morbo,
836 453 878 488 sic
901 454 960 489 esse
984 453 1130 488 videatur
1154 479 1161 487 .
1187 455 1247 490 Sed
1269 468 1343 491 cum

337 502 454 538 ‚oculos
478 502 632 537 attentius
653 497 827 541 defigerent
850 510 861 538 3
886 509 979 531 venas
1000 509 1070 541 quae
1094 509 1148 540 per
1185 502 1346 534 ventricu-

338 539 435 588 lum,
459 553 657 584 omentum,
672 545 705 583 &
729 541 953 579 intestinorum
978 551 1099 583 partem
1122 566 1132 581 ,
1158 543 1347 577 mesenterio

338 599 513 629 annexam,
537 586 710 626 feruntur,
733 585 824 619 vaide
847 583 903 621 effe
924 584 1097 625 distentas,
1118 586 1348 622 animadverte.-

341 641 416 668 runt
439 657 447 671 ‚
482 630 628 672 Dissecto
649 629 831 667 ventriculo
850 651 863 669 ‚
898 628 1036 662 viridem
1061 629 1094 661 in
1118 639 1156 661 eo
1177 627 1348 671 humorem

341 675 501 713 mediocri
524 675 620 718 copia
641 672 811 711 viderunt3
835 683 902 716 quo
925 671 1052 715 abje&o
1074 694 1084 710 ‚
1108 670 1192 705 nihil
1215 672 1347 717 usquam

342 718 481 758 laesionis
504 718 538 752 in
560 716 685 755 deterso
709 716 886 749 ventriculo
909 724 1070 759 repertum
1092 715 1158 755 est,
1180 716 1238 749 nisi
1260 717 1348 760 quod

343 774 431 806 rugae
464 774 533 805 quae
567 773 621 804 per
655 758 795 794 fundum
829 770 927 801 prope
959 768 1084 792 antrum
1109 758 1216 800 pylori
1241 759 1348 794 secun-

342 806 420 846 dum
442 804 682 848 longitudinem
706 802 923 840 ducebantur,
947 813 1040 845 aequo
1062 802 1211 836 duriores
1237 802 1346 838 fuere.

343 850 460 892 Neque
484 857 598 893 praeter
619 846 885 881 consuetudinem
907 845 1083 888 quidquam
1106 845 1140 878 in
1163 846 1347 888 Duodeno,

339 919 341 921 f
365 891 429 927 uod
455 900 665 934 aperuerant,
688 889 841 923 intestino
865 887 1092 932 deprehensum
1117 888 1179 927 est,
1204 888 1259 923 etsi
1283 901 1346 923 non

357 947 406 969 me
430 934 543 971 eodem
566 933 668 968 viridi
692 932 826 966 humore
849 931 914 966 fuit
938 954 948 970 .,
984 944 1081 975 quem
1104 933 1138 966 in
1168 933 1349 967 ventriculo

339 978 592 1021 conspexerant,
616 988 654 1010 an
672 976 784 1016 abile3
806 986 987 1019 quanquam
1011 975 1104 1018 hujus
1126 974 1256 1009 vesicula
1281 987 1349 1009 mo-

339 1022 447 1055 derate
472 1022 562 1065 plena
584 1021 761 1060 occurrit3
794 1020 872 1053 illuc
918 1017 1013 1054 effusa
1037 1043 1049 1060 ,
1081 1030 1156 1055 cum
1190 1018 1350 1062 acidisque

343 1063 445 1106 succis
469 1063 642 1109 permista?
662 1074 738 1098 nam
765 1064 791 1096 is
814 1074 909 1106 quem
940 1061 1087 1099 hauserat
1113 1062 1229 1096 mulier
1252 1085 1261 1100 ‚
1296 1065 1346 1096 ni-

342 1120 438 1153 grum
462 1110 573 1153 potius
606 1108 651 1143 ab<
680 1106 818 1143 admisto
848 1108 923 1139 vino
960 1107 1105 1142 colorem
1139 1105 1315 1141 retinuisset
1341 1130 1350 1141 .

474 1154 513 1187 In
535 1150 710 1192 Thorace,
734 1150 844 1186 dexter
867 1150 979 1192 pulmo
1014 1149 1053 1183 ad
1090 1150 1232 1192 pleuram
1257 1160 1351 1183 anne-

342 1207 402 1237 xus
423 1219 435 1236 ,
469 1198 501 1229 δε
525 1194 617 1232 valde
642 1207 656 1227 a
680 1204 772 1237 tergo
800 1193 915 1228 rubens
940 1216 949 1232 ‚
984 1191 1112 1236 aliquid
1143 1194 1233 1227 intus
1264 1191 1351 1236 quasi

345 1240 490 1274 concreti
514 1239 674 1281 sanguinis
699 1237 813 1272 habere
845 1236 931 1270 visus
955 1235 997 1270 est
1021 1259 1029 1268 .
1063 1237 1111 1269 At
1145 1234 1263 1271 sinister
1286 1247 1352 1270 non

341 1282 444 1320 modo
466 1281 607 1325 undique
630 1281 779 1320 solutus,-
801 1279 852 1313 sed
874 1282 920 1312 ita
943 1279 976 1312 in
1001 1279 1029 1312 se
1052 1279 1222 1314 concidens
1236 1304 1247 1321 ‚
1269 1290 1306 1314 ut
1329 1280 1352 1313 si

343 1327 431 1359 intus
455 1324 539 1361 nihil
565 1323 664 1362 ferme
687 1327 767 1358 aeris
789 1321 861 1357 esset
895 1323 1055 1366 reliquum
1079 1346 1091 1363 ,
1120 1324 1177 1358 vix
1210 1333 1315 1358 autem
1338 1335 1354 1356 a

344 1377 441 1412 tergo
465 1369 618 1403 nonnihil
652 1368 766 1401 rubens
788 1391 797 1400 .
834 1369 872 1400 In
906 1367 1013 1400 cordis
1048 1367 1236 1401 ventriculis
1268 1366 1352 1401 nihil

314 1454 317 1455 ⁷
342 1412 474 1455 prorsus
495 1420 562 1446 erat
584 1410 645 1445 sive
668 1410 768 1446 fluidi
792 1410 976 1452 sanguinis,
997 1409 1059 1456 five
1081 1413 1227 1444 concreti
1251 1435 1259 1442 .
1284 1412 1355 1445 Cu-

342 1455 392 1500 jus
416 1479 426 1494 ‚
459 1467 534 1490 cum
557 1455 677 1499 majora
709 1454 778 1488 vasa
801 1455 1026 1488 dissecarentur
1042 1476 1055 1494 ,
1087 1465 1202 1498 magna
1225 1455 1320 1497 copia
1344 1476 1354 1492 ‚

343 1500 393 1534 sed
416 1510 515 1543 neque
540 1500 574 1533 in
595 1510 728 1542 grumos
750 1498 853 1532 coaffi
873 1521 886 1538 ,
916 1509 1017 1540 neque
1048 1495 1134 1539 iusto
1155 1496 1323 1536 fluidioris
1347 1521 1357 1541 ‚

344 1543 528 1586 profluxit,
664 1544 773 1584 Caput
797 1552 861 1574 non
885 1540 1051 1583 attig'ere‚'

346 1587 348 1591 “
390 1597 439 1630 13.
465 1589 518 1622 Eo
541 1586 695 1625 libentius
719 1584 800 1624 hanc
824 1584 1092 1620 observationem
1115 1584 1241 1627 scriptis
1264 1595 1355 1620 man-

341 1629 440 1672 davi,
461 1630 548 1674 quod
573 1630 633 1664 hoc
658 1640 778 1667 veneno
800 1627 1046 1665 interferftorum
1081 1638 1249 1662 anatomen
1274 1627 1356 1669 apud

343 1684 528 1717 quenquam
559 1671 665 1715 legisse
698 1684 763 1706 non
798 1672 962 1710 memini,
999 1671 1120 1717 sumpti
1144 1683 1250 1707 autem
1270 1671 1354 1715 signa

344 1718 384 1753 ab
407 1718 641 1751 Recentiorutn
664 1716 735 1750 ullo
755 1714 918 1748 observata
933 1738 940 1745 .
964 1714 1105 1755 Maiores
1127 1725 1204 1748 vero
1227 1726 1293 1748 non
1316 1725 1355 1746 ο-

345 1763 436 1799 mnes
458 1760 648 1799 hominibus
672 1769 784 1792 nocere
808 1781 820 1798 ‚
843 1758 914 1791 imo
937 1757 1038 1798 aliqui
1070 1757 1213 1799 prodess'e
1237 1779 1248 1796 ‚
1279 1757 1354 1790 scri-

346 1804 492 1848 pserunt.
517 1802 750 1846 Rhododendros
765 1827 774 1842 ,
797 1802 906 1843 inquit
931 1800 1053 1836 Plinius
1074 1803 1089 1839 (
1112 1811 1127 1835 e
1150 1804 1160 1839 )
1185 1813 1222 1836 ne
1245 1810 1353 1834 nomen

347 1847 476 1891 quidem
499 1847 582 1893 apud
604 1857 658 1881 nos
681 1846 802 1881 invenit
826 1845 973 1881 ,Latinum
999 1857 1008 1875 .-
1044 1842 1276 1887 rhododaphnen
1297 1854 1354 1881 νο.

345 1893 420 1930 §eant
452 1914 465 1932 ,
509 1898 565 1924 aut
596 1890 718 1927 nerium
742 1913 751 1924 .
797 1888 919 1921 Mirum
943 1910 952 1926 ‚
991 1883 1077 1932 folia
1108 1888 1176 1930 ejus
1214 1888 1347 1931 quadru—

341 1934 456 1978 pedum
488 1944 639 1971 venenum
675 1931 729 1978 effi?
756 1955 769 1973 ,
800 1930 921 1965 homini
951 1941 1024 1968 pero
1047 1938 1156 1967 contra
1185 1930 1348 1974 serpentes

340 1977 535 2020 praesidium,
557 1984 630 2015 ruta
653 1976 758 2013 addita
782 1984 796 2008 e
819 1974 894 2011 vino
914 1982 989 2016 pota
1006 1998 1014 2005 .
1038 1975 1139 2009 ‘Pecus
1163 1975 1247 2011 enim
1272 1998 1282 2014 ‚
1305 1974 1348 2008 Θ*

342 2022 443 2063 'cap‘rae
466 2047 475 2062 ,
500 2020 529 2063 fi
560 2031 671 2062 ,aquam
693 2017 833 2057 biberint
858 2040 868 2056 ‚
905 2018 939 2055 in
964 2027 1024 2059 qua
1049 2013 1134 2059 folia
1169 2028 1203 2055 ea
1225 2017 1354 2052 madue-

346 2064 433 2104 rint,
456 2064 535 2099 mori
556 2064 720 2101 dicuntur.
746 2061 876 2100 Quibus
900 2060 974 2096 satis
998 2059 1113 2093 similia
1136 2059 1284 2104 scripfiffe
1306 2060 1355 2092 vi-

346 2107 434 2143 debis
458 2106 686 2147 Dioscoridem
712 2103 768 2149 (f
783 2107 817 2150 >³
840 2115 942 2147 neque
964 2101 1141 2147 Apuleium
1163 2107 1176 2143 (
1195 2115 1218 2147 g
1235 2103 1279 2148 ).,
1302 2113 1355 2135 ne-

345 2162 408 2194 que
440 2150 520 2185 adeo
553 2161 649 2193 quem
682 2158 759 2183 tunc
792 2146 857 2183 fere
901 2146 1098 2183 describebat
1121 2171 1131 2185 ‚
1174 2147 1357 2181 Lucianum

345 2197 359 2234 (
383 2194 439 2237 h)
466 2195 540 2227 hinc
563 2193 621 2226 nisi
645 2193 816 2228 bestiarum
840 2192 1013 2235 perniciem
1035 2189 1219 2224 memorasse
1243 2214 1249 2220 .
1274 2191 1358 2223 Cer-

347 2247 379 2270 te
405 2237 458 2271 ille
483 2238 612 2271 fruticis
637 2235 731 2279 hujus
757 2235 849 2271 flores
873 2258 886 2275 ,
917 2245 999 2278 quos
1031 2234 1146 2277 vulgus
1170 2233 1253 2277 rosas
1278 2237 1358 2266 Lau-

347 2291 418 2314 reas
442 2281 636 2324 appellaret,
656 2282 808 2315 ‘venenum
830 2277 961 2322 quidem
985 2277 1138 2319 rosarium
1162 2276 1248 2311 dixit
1273 2300 1282 2315 ‚
1307 2275 1360 2312 sed

343 2325 420 2367 quia
442 2324 551 2360 cundo
569 2324 674 2367 pecori
696 2321 784 2357 cibus
809 2332 916 2355 earum
939 2320 1065 2355 lethalis
1081 2320 1127 2363 fit
1143 2347 1152 2356 .
1175 2321 1267 2360 Qin
1301 2321 1367 2353 Lu-

345 2369 454 2402 ciam-us
478 2379 516 2401 ne
539 2368 663 2401 cunetis
685 2366 817 2409 quidem
841 2366 907 2398 illis
933 2363 1124 2397 animalibus
1149 2389 1162 2406 ‚
1197 2364 1248 2402 sed
1271 2362 1363 2397 asinis

345 2412 534 2447 dumtaxat,
558 2414 591 2445 &
614 2410 703 2453 equis
730 2408 942 2450 perniciosum
966 2407 1023 2441 esse
1039 2433 1048 2447 ,
1073 2407 1240 2450 scripserat
1264 2432 1271 2441 .
1307 2408 1364 2440 Fi-

349 2456 465 2488 deliter
491 2456 578 2488 enim
601 2454 697 2487 latine
720 2452 762 2486 sic
785 2452 993 2489 reddiderunt
1017 2464 1026 2487 :
1061 2450 1170 2488 Malus
1205 2451 1243 2491 eft
1266 2452 1292 2483 is
1317 2451 1362 2483 cz?-

348 2499 406 2532 bus
427 2498 510 2541 asino
532 2499 616 2532 omni
639 2521 652 2538 ,
686 2499 729 2531 &⁸
752 2506 847 2539 equae
870 2505 943 2529 nam
968 2506 1037 2533 eum
1060 2495 1113 2536 qm·
1137 2505 1176 2528 ex
1199 2506 1233 2529 eo
1264 2504 1360 2531 come-

349 2542 431 2575 derit
445 2563 453 2579 ,
476 2553 491 2576 e
515 2541 642 2584 *vestigio
665 2541 763 2576 emori
783 2562 793 2578 ‚
832 2538 942 2571 dicunt
963 2563 971 2571 .
994 2539 1144 2583 Contraf,
1170 2547 1206 2575 ut
1232 2536 1360 2570 Scribo-

347 2586 437 2622 nium,
472 2584 555 2627 (i)
591 2592 773 2627 praeteream
806 2591 872 2615 non
897 2583 943 2613 ita
973 2581 1104 2614 obscure
1139 2580 1359 2621 iudicantem,

342 2628 391 2664 >ab
411 2640 449 2662 eo
471 2629 526 2671 qui
555 2626 802 2669 rhododaphnes
839 2623 921 2658 folia
956 2624 995 2657 ad
1034 2623 1180 2658 dentium
1213 2624 1360 2660 dolorem

349 2671 496 2710 mandere
520 2671 662 2707 voluerit
687 2693 699 2710 ‚
731 2669 862 2703 salivam
897 2677 961 2702 non
995 2665 1053 2701 effe
1084 2666 1322 2711 deglutiendam
1348 2677 1359 2705 3

348 2716 497 2749 Galenus*
515 2723 599 2752 certe
635 2716 650 2753 (
672 2712 725 2757 k)
757 2710 946 2747 hominibus
980 2722 1107 2754 quoque
1127 2734 1140 2752 ,
1171 2721 1238 2747 non
1260 2709 1360 2743 modo

349 2758 505 2802 plerisque
529 2756 728 2801 pecudibus,
750 2754 965 2799 perniciosum
990 2751 1049 2787 esse
1072 2753 1159 2792 hunc
1183 2753 1358 2793 fruticem,

349 2802 461 2835 diserte
485 2801 598 2836 docuit
623 2825 630 2833 .
667 2801 777 2842 Qem
812 2798 909 2832 secuti
945 2797 1067 2833 Arabes
1091 2796 1217 2832 Medici
1238 2798 1358 2841 quique

351 2846 505 2887 praecipui
520 2871 529 2885 ,
550 2856 632 2888 quos
656 2843 796 2886 singulos
821 2842 860 2875 ab
883 2839 1049 2883 Ardoyno
1072 2843 1086 2881 (
1112 2840 1123 2874 l
1145 2846 1159 2883 )
1182 2841 1359 2884 produ&os

351 2890 511 2927 invenies,
537 2886 680 2932 praefidia
701 2886 849 2925 adversus
861 2884 895 2919 id
908 2895 1065 2919 venenum
1077 2884 1286 2927 proposuere.
1312 2884 1362 2916 Si-

351 2943 409 2974 gna
435 2941 540 2967 autem
563 2931 629 2973 ejus
653 2931 795 2973 sumpti,
819 2939 890 2964 tum
914 2928 952 2963 ab
974 2927 1085 2965 eodem
1099 2928 1243 2966 Auistore
1265 2930 1364 2971 (m),

357 2985 426 3008 tum
451 2987 466 3008 a
491 2975 674 3009 Matthiolo
706 2977 720 3014 ζ
743 2985 762 3008 n
784 2977 799 3013 )
821 2972 957 3006 collecta
973 2997 982 3012 ,
1004 2970 1067 3005 huc
1091 2970 1190 3008 ferme
1213 2971 1367 3010 redeunt,

357 3028 393 3052 ut
416 3018 582 3052 vehemens
604 3019 727 3055 oriatur
749 3016 889 3060 angustia
912 3040 922 3056 ,
947 3013 1137 3054 intumescat
1160 3024 1270 3049 venter
1294 3038 1302 3052 ,
1335 3015 1367 3046 δι’

353 3063 460 3095 doleat
485 3083 494 3099 ‚
518 3065 550 3095 δε
573 3061 652 3097 fluat
675 3084 687 3100 ,
710 3059 928 3097 inflammatio
952 3068 1099 3099 creetur,
1122 3058 1273 3102 aestusque
1295 3058 1366 3091 uni-

353 3104 429 3138 versi
455 3106 626 3147 corporis,
652 3104 805 3138 alienatio
829 3103 947 3138 mentis
971 3126 980 3142 ‚
1007 3101 1149 3144 syncope
1173 3125 1184 3141 ‚
1215 3105 1248 3136 δε
1282 3110 1369 3133 mors

355 3148 563 3192 subsequatur
587 3160 595 3186 ;

353 3191 487 3229 modurn
511 3192 695 3230 calefaciat,
721 3192 864 3234 itemque
888 3189 1037 3229 incidat,
1061 3190 1208 3222 mordeat
1226 3212 1239 3228 ,
1275 3187 1363 3221 exul-

354 3245 459 3275 ceret,
483 3235 637 3268 resolvat.
660 3235 813 3271 Quorum
839 3232 1002 3273 signorum
1028 3253 1037 3270 ‚
1072 3241 1166 3274 atque
1190 3231 1362 3266 effectuum

356 3290 431 3313 cum
454 3280 487 3314 in
510 3277 671 3321 descripta
695 3288 777 3320 aegra
801 3300 813 3317 ,
844 3275 973 3320 ejusque
1007 3275 1157 3309 cadavere
1180 3278 1236 3310 vix
1259 3274 1361 3309 ullum

357 3322 450 3356 facile
474 3321 642 3364 agnoscas,
666 3331 778 3357 contra
801 3330 911 3354 autem
933 3320 1016 3358 alia,
1043 3328 1137 3362 atque
1158 3319 1222 3356 alia
1247 3317 1362 3356 fuisse,

350 3366 460 3400 videas
484 3378 495 3405 3
527 3374 558 3397 te
580 3365 677 3402 credo
700 3364 785 3398 idem
820 3361 910 3407 quod
942 3374 1002 3406 ego
1022 3387 1036 3400 .‚
1071 3370 1260 3404 optaturum
1282 3384 1291 3400 ,
1325 3369 1363 3393 ut

358 3410 618 3453 quotiescumque
652 3408 713 3442 hoc
736 3418 856 3443 veneno
892 3406 1006 3451 aliquis
1031 3405 1119 3439 laesus
1141 3404 1183 3440 est
1216 3407 1278 3444 sive
1299 3405 1365 3449 pri-

632 3147 699 3181 haec
723 3156 829 3184 autem
853 3170 866 3187 ,
897 3147 972 3189 quia
997 3144 1232 3188 rhododaphne
1255 3153 1384 3193 praeter2

632 118 789 177 Liber
824 117 911 176 tv.
950 119 1029 170 De
1061 116 1273 175 Morbis
1295 117 1656 187 Chirurgicis,
1679 119 1742 184 K&
1777 116 2173 181 Universalibus

1392 198 1452 235 scis
1474 195 1672 240 temporibus
1687 220 1697 235 ,
1721 193 1782 227 sive
1806 194 1932 238 post-ea,
1954 205 2066 229 eorum
2089 204 2160 237 quae
2181 194 2239 238 ipsi
2272 193 2394 230 accide-

1393 249 1489 278 runt,
1512 240 1644 281 scriptas
1668 238 1854 272 haberemus
1877 238 2023 272 historias
2045 239 2179 280 potius,
2201 250 2297 282 quam
2319 239 2393 282 plu-

1394 286 1480 318 rium
1504 284 1688 317 Auc‘torum
1706 304 1720 321 ,
1751 293 1890 324 quorum
1913 281 1967 314 alii
1992 281 2206 323 saepenumero
2228 282 2311 317 'alios
2334 282 2394 316 de-

1393 326 1560 366 scribunt,
1591 323 1758 368 diagnoses
1780 347 1792 364 ,
1827 323 2057 369 hypothesibus
2080 325 2244 359 interdum
2267 324 2394 360 fortasse

1394 371 1516 413 magis,
1539 380 1634 412 quam
1657 366 1946 402 Observationibus
1969 389 1979 404 ‚
2010 367 2231 410 respondentes
2253 393 2261 402 .
2285 370 2394 412 Atque

1393 415 1541 451 utinam,
1562 411 1641 446 ficut
1664 420 1716 444 tot
1739 411 1810 444 aliis
1833 423 1849 444 e
1870 411 2099 456 vegetabilibus
2123 412 2247 444 venenis
2271 413 2395 455 pericu-

1395 459 1465 492 lum
1487 458 1522 490 in
1544 455 1675 489 canibus
1698 466 1715 488 a
1738 454 1915 497 Wepfero,
1939 454 1978 487 ab
2009 453 2141 497 aliisque
2173 454 2295 488 factum
2316 453 2360 488 est
2382 478 2396 494 ,

1397 504 1430 535 &
1455 501 1633 533 viventium
1656 497 1895 540 symptomata,
1919 507 2184 541 mortuorumque
2205 497 2274 531 laesa
2299 498 2397 531 visce-

1398 556 1432 577 ra
1457 543 1606 576 adnotata
1631 541 1727 580 sunt,
1747 542 1794 575 ita
1818 543 1914 575 etiam
1936 543 1970 574 in
1993 540 2056 575 hoc
2079 540 2200 575 fac'tum
2224 540 2317 578 esset,
2342 548 2397 574 aut

1399 586 1492 621 nobis
1514 585 1653 620 faciendi
1664 594 1789 626 tempus
1811 594 1893 620 nunc
1904 582 1997 623 esset3
2020 583 2105 618 nihil
2128 584 2283 618 libentius
2302 595 2401 626 quam

1397 633 1481 664 inter
1504 629 1532 663 se
1553 629 1709 673 ejusmodi
1731 638 1841 662 omnes
1865 627 2115 662 Observationes
2150 626 2368 662 conferremus
2391 651 2401 667 ,

1398 683 1435 708 ut
1458 673 1538 717 quid
1561 672 1755 707 discriminis
1779 670 1817 705 ab
1840 672 1899 705 alia
1924 681 1976 706 aut
1998 671 2101 715 specie
2119 695 2132 712 ,
2163 682 2220 706 aut
2242 680 2402 714 tempera-

1398 727 1491 757 tura,
1511 725 1567 750 aut
1590 725 1705 753 aetate,
1729 724 1784 749 aut
1807 717 1959 758 regione,
1982 724 2036 749 aut
2061 715 2178 758 plantae
2199 724 2288 757 parte
2313 737 2323 753 ‚
2347 723 2401 748 aut

1398 759 1493 803 hujus
1515 759 1769 796 constitutione,
1793 768 1848 792 aut
1871 757 2006 793 admisto
2026 757 2161 802 denique
2174 755 2311 792 humore
2333 758 2401 791 exi-

1396 803 1514 844 steret,
1538 804 1649 837 liceret
1673 801 1848 845 dispicere.
2402 818 2404 820 v

1442 857 1490 890 14.
1517 846 1617 879 Nunc
1640 844 1662 879 si
1687 856 1783 880 unam
1805 845 1885 878 hanc
1912 844 2085 887 spectemus
2109 844 2401 883 Observationem;

1398 893 1463 924 veri
1485 889 1584 924 simile
1606 889 1811 932 putabimus,
1836 887 1928 931 egisse
1950 899 2113 922 venenum*
2128 887 2192 921 hoc
2226 890 2260 923 in
2282 889 2402 922 ventri-

1399 935 1527 973 culum,
1552 932 1677 976 ejusque
1702 943 1812 965 nervos
1824 934 1913 972 ,⁴&,
1936 932 2023 974 quod
2046 931 2253 974 consequitur
2279 957 2288 972 ,
2312 934 2346 966 in
2369 943 2401 965 a-

1401 979 1462 1012 lios
1484 988 1559 1011 cum
1589 978 1629 1010 iis
1652 974 1850 1010 cohaerentes
1871 998 1879 1007 .
1914 975 2006 1018 Qd
2041 976 2126 1008 eni-m
2156 974 2302 1009 duri-ores
2333 976 2398 1008 illae

1398 1021 1571 1055 ventriculi
1596 1031 1703 1063 rugae,
1725 1018 1803 1061 quid
1825 1019 1988 1058 vomitus,
2011 1018 2090 1062 quid
2113 1017 2270 1060 expressa,
2293 1027 2329 1053 ut
2351 1020 2402 1052 vi-

1400 1065 1493 1099 detur
1507 1087 1517 1102 ,
1539 1063 1641 1103 bilis,
1664 1062 1745 1105 quid
1767 1060 1875 1096 amiffa
1898 1062 2052 1103 loquendi
2075 1060 2232 1102 facultas,
2254 1063 2335 1105 quid
2357 1061 2401 1095 il-

1402 1110 1431 1142 le
1454 1107 1586 1152 quidam
1608 1107 1692 1150 quasi
1718 1105 1813 1148 sopor
1832 1129 1841 1145 ‚
1875 1105 1954 1148 quid
1991 1106 2052 1139 alia
2076 1116 2145 1148 quae
2180 1116 2265 1140 nunc
2288 1114 2403 1149 praete-

1402 1163 1456 1186 reo
1472 1175 1484 1192 ,
1506 1149 1563 1185 nisi
1586 1148 1783 1194 quarundam
1807 1150 2004 1182 internarum
2027 1148 2268 1183 convulsionum
2290 1171 2300 1187 ,
2323 1160 2402 1183 con-

1403 1195 1661 1239 traffionumque
1683 1193 1776 1226 nobis
1797 1191 2014 1235 comessuram
2038 1191 2183 1226 suadeant
2200 1216 2213 1233 ‚
2247 1204 2263 1225 a
2287 1193 2404 1235 quibus

1403 1238 1549 1274 cohiberi
1583 1248 1712 1281 quoque
1757 1237 1866 1278 potuit
1899 1235 2025 1278 sanguis
2048 1261 2057 1275 ,
2087 1237 2125 1268 x&
2160 1246 2301 1269 externas
2333 1236 2406 1270 illas

1404 1281 1598 1322 ventriculi,
1622 1283 1654 1314 δι
1677 1279 1896 1315 intestinorum
1919 1290 2012 1313 venas
2037 1276 2233 1313 distendere?
2256 1280 2328 1313 Nec
2350 1290 2406 1312 ve-

1407 1338 1444 1361 ro
1465 1325 1552 1360 dicas
1566 1347 1575 1364 ,
1601 1324 1623 1357 s1
1645 1324 1827 1357 ventriculo
1850 1324 1984 1358 interius
2006 1323 2155 1356 vellicato
2179 1346 2192 1363 ,
2213 1322 2269 1356 illa
2292 1322 2404 1356 omnia

1406 1370 1570 1412 contigere
1590 1379 1603 1408 ‚·
1634 1368 1740 1406 multo
1762 1367 1865 1409 ipsam
1885 1367 1988 1409 magis
2011 1367 2198 1400 interiorem
2229 1366 2400 1399 ventriculi

1405 1413 1520 1449 faciem
1552 1410 1699 1446 distentis
1730 1411 1867 1445 vasculis
1900 1410 2134 1444 inflammatam
2167 1420 2317 1453 apparere
2348 1409 2405 1443 de-

1406 1455 1507 1495 buisse
1530 1481 1538 1487 .
1573 1455 1727 1496 Namque
1749 1456 1797 1488 ita
1819 1454 1959 1488 vellicari
1993 1452 2208 1487 ventriculum
2232 1475 2242 1491 ‚
2279 1462 2317 1487 ut
2339 1452 2407 1497 ejus

1406 1501 1494 1536 nervi
1518 1500 1707 1538 irritentur,
1730 1498 1770 1531 ad
1792 1509 1828 1531 ea
1850 1509 1920 1540 quae
1942 1497 2085 1532 diximus
2105 1520 2118 1538 ,
2150 1496 2337 1539 explicanda
2361 1496 2407 1530 sa-

1406 1546 1450 1578 tis
1474 1542 1542 1585 est,·
1565 1541 1758 1575 inflammari
1783 1551 1889 1575 autem
1912 1563 1925 1579 0
1958 1542 1992 1575 id
2017 1553 2093 1574 vero
2118 1541 2250 1573 minime
2273 1539 2408 1573 necessa-

1406 1589 1493 1622 rium
1514 1585 1576 1620 est.
1603 1587 1653 1618 Ut
1676 1588 1761 1618 enim
1785 1584 1931 1619 habitam
1954 1586 1988 1618 in
2021 1584 2092 1628 ipso
2128 1582 2260 1617 homine
2283 1583 2406 1618 Obser-

1406 1632 1570 1664 vationem
1593 1630 1734 1672 primum
1756 1639 2028 1666 commemorem3
2053 1626 2201 1670 profeeto
2223 1628 2374 1661 Coriaria
2392 1650 2405 1669 ‚

1406 1674 1469 1709 sive
1492 1674 1602 1716 planta
1625 1673 1681 1705 illa
1712 1682 1782 1715 quae
1806 1671 1893 1713 Rhus
1915 1668 2099 1714 Myrtz'folia
2123 1669 2334 1712 Monspeliaca
2354 1672 2402 1704 C.

1406 1718 1443 1751 B.
1468 1716 1640 1749 vocabatur
1660 1738 1670 1753 ,
1694 1726 1791 1757 quam
1813 1717 1883 1749 cito
1904 1738 1916 1755 ,
1949 1725 2044 1757 quam
2068 1715 2239 1755 repetitam
2261 1736 2275 1753 ,
2307 1723 2405 1757 quam

1405 1758 1622 1798 horrendam,
1645 1769 1738 1801 quam
1760 1757 1848 1792 brevi
1871 1757 2020 1791 lethalem
2042 1754 2226 1799 epilepsiam
2250 1759 2369 1791 excitet
2393 1778 2408 1797 ,

1407 1802 1602 1836 Clariffimus
1626 1803 1689 1835 Vir
1712 1802 1866 1844 Sauvages
1887 1802 1901 1839 (
1924 1801 1975 1843 o)
1998 1799 2139 1834 ostendit
2155 1823 2162 1831 .
2189 1798 2278 1834 Idem
2301 1808 2410 1833 tamen

1406 1848 1441 1881 in
1463 1847 1523 1882 viri
1547 1845 1694 1879 cadavere
1712 1866 1727 1881 2
1759 1856 1776 1879 a
1797 1842 1945 1878 comestis
1977 1843 2066 1878 illius
2088 1843 2195 1876 baccis
2229 1842 2409 1877 admodum

1399 1889 1586 1934 quindecim
1609 1886 1776 1922 interfecti
1790 1911 1802 1928 ,
1824 1888 1948 1923 nullam
1970 1887 2109 1925 cerebri,
2134 1886 2254 1921 nullam
2270 1885 2410 1930 alicujus

1401 1935 1480 1967 alius
1505 1933 1604 1976 partis
1627 1930 1788 1978 laesionem
1811 1932 1921 1973 potuit
1946 1930 2182 1973 deprehendere
2208 1955 2217 1972 ‚
2242 1932 2274 1963 δι
2301 1932 2411 1964 nomi-

1403 1977 1508 2011 natim
1530 1975 1701 2010 ventriculi
1724 1975 1821 2019 ipsa-us
1846 1996 1856 2013 ‚
1890 1976 1926 2009 in
1948 1986 2015 2017 quo
2037 1974 2196 2008 Coriariae
2230 1974 2408 2013 etiamtum

1405 2020 1535 2055 bacchae
1559 2027 1648 2052 erant
1670 2019 1838 2061 quinque,
1860 2028 1934 2050 cum
1956 2026 2103 2059 caeterae,
2124 2017 2261 2051 emetico
2292 2016 2369 2051 dato
2396 2040 2409 2056 ,

1407 2062 1538 2098 fuissent
1564 2060 1686 2104 rejeetae
1701 2087 1709 2095 .
1733 2062 1845 2108 Atque
1866 2069 1904 2094 ut
1928 2060 1966 2094 ad
1990 2061 2082 2103 plura
2105 2082 2115 2099 ,
2150 2062 2182 2095 &
2205 2060 2350 2102 pluribus
2374 2062 2411 2095 in

1407 2106 1514 2142 bestiis
1537 2104 1701 2138 observata
1724 2106 1938 2142 transeamus3
1961 2113 2045 2137 certe
2069 2115 2124 2137 nec
2141 2114 2261 2146 pauca,
2284 2115 2341 2143 nec
2363 2103 2410 2138 le-

1409 2152 1461 2183 via
1486 2148 1587 2192 passus
1610 2147 1652 2182 est
1672 2150 1782 2188 canis,
1804 2149 1946 2190 itemque
1969 2145 2051 2190 passa
2075 2143 2152 2181 seles
2177 2146 2219 2180 est
2236 2169 2245 2184 ‚
2267 2145 2411 2191 quorum

1409 2194 1506 2227 illum
1530 2192 1614 2226 datis
1636 2192 1771 2225 nucibus
1794 2190 1915 2225 duabus
1938 2192 2076 2224 vomicis
2099 2190 2247 2232 Heydius
2284 2193 2298 2231 (
2317 2202 2340 2234 p
2355 2192 2375 2233 )
2399 2216 2411 2232 ‚

1409 2237 1493 2276 hanc
1518 2235 1634 2279 napelli
1657 2234 1775 2277 ingesta
1799 2234 1950 2268 drachma
1974 2235 2175 2276 S-proegelius
2198 2237 2209 2273 (
2233 2233 2290 2277 q)
2323 2245 2412 2277 pere-

1417 2282 1503 2322 mit.
1526 2280 1626 2313 Canis
1650 2288 1756 2313 tamen
1772 2276 1970 2317 stomachus,
1995 2277 2171 2321 oesoplmgus
2193 2279 2207 2315 ‚’
2227 2278 2270 2310 ἵν
2292 2277 2412 2317 intesti-

1417 2335 1493 2360 num
1514 2322 1656 2358 naturali
1678 2321 1892 2361 constitutione
1911 2320 2091 2364 gaudebant
2105 2334 2115 2354 .·
2139 2324 2170 2354 δε
2194 2319 2268 2354 felis
2290 2322 2413 2355 ventri-

1417 2367 1508 2401 culus
1529 2365 1671 2403 naturali
1696 2373 1760 2400 erat
1777 2363 1962 2406 fimillimus
1978 2387 1987 2402 ,
2009 2363 2147 2406 nihilque
2160 2363 2303 2407 erofionis
2320 2363 2413 2408 fimi-

1414 2411 1445 2446 le
1467 2408 1571 2453 visum
1594 2408 1632 2448 est
1647 2432 1660 2449 ,
1679 2407 1851 2449 villosaque
1883 2409 1989 2441 tunica
2020 2407 2200 2451 nitidlffima
2224 2430 2233 2445 ‚
2270 2407 2413 2447 intestina

1414 2465 1485 2488 cum
1507 2450 1678 2494 visceribus
1702 2450 1832 2493 reliquis
1846 2449 2003 2496 sanzffima
2030 2474 2037 2482 .
2062 2452 2177 2494 Itaque
2200 2460 2237 2484 ut
2259 2451 2410 2492 Heydius

1411 2508 1450 2530 ex
1472 2496 1524 2529 sua
1537 2493 1773 2531 Observatione
1797 2503 1902 2535 patere
1923 2493 2108 2535 censuerat,
2130 2504 2251 2527 veneno
2273 2493 2333 2526 illo
2351 2504 2412 2536 po-

1412 2538 1561 2582 tiffimum
1585 2535 1735 2585 infestum
1761 2536 1854 2571 fuisse
1870 2535 2006 2580 fluidum
2026 2559 2036 2575 ‚
2071 2536 2229 2571 cerebrum
2251 2559 2261 2574 ,
2286 2535 2409 2578 nervos-

1411 2593 1469 2625 que
1492 2583 1660 2624 irrigan53
1697 2582 1743 2615 ita
1777 2580 1978 2623 Sproegelius
2020 2591 2059 2614 ex
2080 2581 2132 2614 sua
2168 2577 2231 2614 hoc
2254 2578 2412 2614 conclusit

1409 2631 1423 2667 (
1448 2637 1463 2659 r
1486 2629 1520 2665 ):
1543 2635 1613 2658 cum
1636 2623 1777 2663 nullum,
1799 2625 1934 2665 inquit,
1957 2633 2010 2657 nec
2032 2622 2175 2665 erofiom's
2187 2646 2200 2664 ,
2225 2633 2278 2657 nec
2290 2620 2414 2667 inflam-

1410 2669 1561 2707 mationis
1585 2667 1617 2702 in
1637 2667 1769 2704 animali
1790 2689 1800 2705 ‚
1833 2665 1889 2699 hoc
1911 2676 2028 2700 veneno
2050 2668 2236 2711 interempto
2258 2689 2271 2706 ,
2289 2666 2414 2708 fignum

1409 2713 1546 2746 viderim
1569 2733 1581 2751 ‚
1616 2710 1682 2747 vim
1698 2709 1792 2752 suam
1812 2707 2004 2752 potifflmum
2029 2709 2061 2743 in
2084 2718 2196 2742 nervos
2228 2707 2356 2752 exegiffe
2379 2722 2413 2744 ο-

1407 2763 1515 2799 portet
1537 2777 1546 2792 ‚
1577 2753 1749 2788 vellicando
1782 2762 1926 2789 nerveam
1959 2751 2130 2785 ventriculi
2162 2751 2377 2788 membranam
2401 2778 2411 2787 .

1411 2800 1504 2838 Quin
1527 2797 1740 2838 experimenta
1765 2797 1863 2831 etiarn
1886 2794 2005 2837 inspice
2028 2794 2199 2837 Wepferi,
2221 2795 2375 2829 Brunneri
2402 2819 2413 2836 ,

1412 2840 1578 2878 Nicholsii
1603 2841 1636 2873 in
1659 2841 1700 2875 iis
1725 2838 1915 2873 animalibus
1939 2838 2067 2875 habita,
2092 2837 2212 2881 quibus
2235 2840 2411 2881 vegetabile

1415 2884 1548 2929 aliquod
1570 2894 1744 2923 venenum,
1766 2885 1798 2915 δε
1822 2882 1983 2917 nonnullis
1995 2881 2103 2915 eadem
2113 2892 2182 2923 quae
2196 2884 2413 2925 Sproegelius‚

1418 2927 1639 2971 &Heydius,
1662 2926 1878 2969 praebuerant.
1902 2926 2022 2960 Gravia
2044 2920 2090 2957 isi
2100 2926 2252 2961 omnibus
2264 2925 2413 2969 sympto-

1419 2981 1502 3006 mata
1516 2994 1525 3009 ‚
1549 2971 1718 3017 necfmulto
1731 2968 1798 3013 post
1812 2969 2000 3004 devoratum
2023 2979 2178 3002 venenum
2200 2970 2410 3012 ingruentia3

1418 3027 1483 3050 non
1494 3017 1641 3050 omnium
1653 3022 1758 3047 tamen
1769 3013 2002 3049 inflammatum
2014 3012 2229 3050 ventriculum
2239 3011 2330 3046 fuisse
2340 3036 2352 3053 ,
2366 3014 2412 3046 le-

1420 3071 1473 3102 ges
1486 3084 1494 3091 .
1520 3062 1557 3093 ln
1571 3058 1680 3100 aliquo
1691 3058 1776 3091 enim
1789 3056 1847 3098 (s)
1859 3056 1980 3091 interna
1994 3055 2351 3099 ventriculisuperficies
2362 3057 2411 3091 al-

1415 3103 1455 3137 ha
1467 3110 1534 3137 erat
1544 3126 1557 3143 ‚
1578 3112 1632 3136 nec
1645 3099 1737 3139 ullibi
1757 3100 1809 3134 vel
1831 3099 1994 3134 minimum
2020 3097 2274 3142 inflammationis
2289 3098 2412 3142 fignum

1416 3146 1564 3188 apparuit
1578 3170 1587 3179 .
1610 3146 1648 3177 In
1661 3144 1749 3183 alio(
1761 3153 1775 3177 t
1786 3147 1795 3182 )
1808 3139 1968 3184 anfrac'lus
1977 3142 2148 3176 ventriculi
2161 3141 2353 3180 albicabans‚
2367 3144 2411 3178 Θ·

1408 3188 1437 3231 fi
1449 3189 1566 3223 alicubi
1571 3187 1736 3230 paululum
1747 3186 1849 3228 magis
1874 3195 1966 3227 quam
1988 3185 2073 3225 aliar
2092 3183 2271 3230 observatur
2284 3207 2296 3225 ,
2320 3185 2411 3222 rube-

1413 3231 1491 3264 bant
1505 3253 1514 3269 ‚
1535 3242 1592 3265 non
1607 3239 1709 3264 tamen
1721 3226 1875 3271 manzfelie
1885 3227 2072 3271 inflammati
2083 3236 2190 3264 erant.
2220 3228 2260 3262 In
2285 3229 2348 3262 alio
2363 3233 2413 3275 (u)

1412 3274 1498 3308 nulla
1511 3277 1544 3308 in
1567 3270 2016 3314 ventriculoinflammationis
2033 3271 2120 3314 signa
2133 3269 2291 3315 observari
2299 3279 2410 3315 potue..

1412 3325 1509 3358 runt,
1532 3315 1655 3351 tametsi
1679 3313 1877 3358 anfraHuum
1891 3314 2073 3357 superficies
2097 3315 2198 3349 minus
2221 3312 2292 3347 alba
2315 3321 2408 3356 erat,

1416 3371 1452 3393 ac
1474 3360 1555 3394 alias
1577 3357 1765 3401 conspicitur
1789 3383 1797 3391 .
1823 3359 1861 3391 In
1884 3358 1948 3391 alio
1970 3361 1983 3397 (
2005 3368 2026 3392 x
2049 3361 2063 3396 )
2086 3356 2222 3400 denique
2246 3359 2406 3393 ventricu-

1417 3404 1440 3440 li
1463 3427 1475 3444 ,
1509 3407 1540 3437 δε
1563 3401 1716 3439 Duodeni
1740 3401 1884 3438 intestini
1913 3400 2094 3449 superficies
2131 3401 2251 3436 interna
2277 3400 2404 3477 piz7sus

2287 3456 2305 3478 a
2339 3455 2368 3476 z-

890 3598 904 3625 (
919 3594 960 3624 s)
978 3597 1013 3619 De
1029 3594 1100 3620 Med.
1118 3595 1184 3619 Mat.
1204 3594 1223 3620 1.
1240 3602 1265 3622 4.
1280 3602 1304 3619 c.
1321 3601 1359 3622 77.

1079 3626 1094 3654 ζ
1110 3624 1128 3649 k
1143 3626 1157 3655 )
1172 3627 1208 3648 De
1227 3625 1313 3654 Simpl.
1328 3623 1399 3661 Med.
1421 3622 1503 3647 facult.
1521 3624 1539 3647 1.
1556 3623 1581 3646 8.

1005 3685 1012 3714 (
1058 3686 1071 3713 )
1085 3657 1103 3715 <ς
1115 3663 1128 3679 ο
1145 3660 1155 3684 )
1171 3657 1250 3680 Mem.
1268 3657 1298 3679 de
1315 3654 1323 3679 l
1350 3654 1425 3678 acad.
1442 3655 1474 3677 R.
1491 3652 1532 3678 des
1548 3654 1586 3677 Sc.
1603 3652 1633 3675 Α.
1653 3658 1721 3682 ¹73⁹·

1032 3694 1043 3711 r
1106 3703 1111 3710 .
1130 3694 1151 3714 ς.

957 3715 1023 3745 ibid.
1041 3715 1100 3742 Obs.
1115 3723 1138 3750 7.
1154 3715 1217 3746 Hist.
1234 3724 1257 3742 1.

479 3602 485 3625 J
500 3601 560 3623 Nat.
576 3598 639 3623 Hist.
657 3599 673 3622 l.
689 3605 728 3626 24-
746 3603 767 3620 c.
792 3603 827 3620 ιι.

473 3629 488 3656 )
503 3628 614 3657 Compos.
632 3628 701 3652 Med.
722 3635 758 3657 ςς.
775 3634 831 3651 cum
848 3626 938 3650 Rhodii
956 3628 1016 3659 Not.

481 3659 493 3686 )
509 3662 651 3684 Commeat.
669 3659 693 3682 in
710 3665 733 3681 c.
754 3664 790 3681 12.
809 3658 827 3681 1.
847 3662 871 3681 ⁶.
889 3655 1024 3681 Dioscond.

484 3688 498 3715 )
515 3689 638 3718 Experim.
654 3689 715 3717 circa
732 3694 822 3712 venena
839 3689 902 3716 Exp.
920 3694 942 3711 2.

475 3720 489 3747 )
505 3719 566 3745 ibid.
584 3719 642 3746 ΟΜ.
661 3723 685 3744 6,
702 3717 763 3743 Hist.
782 3725 803 3743 ι.
867 3719 883 3751 ζ
896 3718 940 3750 u)

415 3597 429 3621 (

419 3629 455 3655 (ι

419 3659 433 3685 (

424 3688 440 3720 ί

419 3721 435 3750 l>

449 3607 459 3623 e

448 3667 463 3681 a

453 3696 466 3716 q

448 3724 458 3745 s

1931 3617 1938 3627 s
2039 3590 2054 3619 (
2070 3588 2086 3613 b
2101 3589 2109 3619 )
2126 3590 2152 3615 in
2163 3589 2310 3620 Lucio‚flve
2320 3585 2410 3617 Asinos

1640 3622 1654 3651 (
1670 3622 1679 3645 l
1695 3621 1708 3650 )
1724 3622 1760 3645 De
1778 3623 1870 3647 venen.
1889 3621 1903 3644 l.
1924 3628 1943 3651 3.
1961 3629 1983 3646 c.
2001 3628 2039 3655 μ.
2105 3619 2151 3652 (m
2168 3622 2182 3650 2
2199 3621 2260 3651 ‘bid’

1782 3651 1791 3681 (
1807 3658 1824 3682 p
1841 3657 1851 3678 )
1867 3651 1927 3676 Obs.
1945 3651 2037 3676 Medic.
2055 3658 2094 3683 ςο.

1420 3591 1429 3619 (
1443 3601 1463 3622 g
1479 3592 1494 3620 )
1510 3590 1678 3620 Metamorph.
1696 3589 1713 3615 l.
1729 3598 1755 3618 4.
1771 3597 1844 3619 prope
1861 3588 1979 3616 initium.

1214 3687 1228 3714 (
1240 3684 1283 3715 J)
1299 3684 1324 3709 in
1341 3685 1465 3708 Additam.
1483 3685 1513 3708 ad
1529 3682 1589 3716 Sea„
1606 3681 1665 3707 hauc
1681 3681 1806 3713 Sepulchr.
1823 3681 1883 3707 obs.
1900 3691 1921 3713 5.
1938 3681 1999 3712 fliss.
2019 3689 2040 3707 ι.

1319 3714 1328 3744 (
1344 3723 1359 3744 κ
1376 3721 1387 3744 2
1403 3713 1463 3744 obs.
1479 3714 1533 3742 nd.
1551 3712 1611 3742 Hist·
1629 3721 1651 3748 5·
