2498 4075
396 140 494 194 226

332 231 388 258 ra,
413 218 473 253 nisi
497 214 590 261 quod*
607 212 673 249 uno
697 213 761 248 fere
784 220 855 246 ante
885 210 1017 244 obitum
1050 208 1153 242 mense
1187 219 1204 241 a
1235 207 1348 242 dolore

333 264 474 308 pectoris
495 260 639 294 vacavit.
667 259 750 292 Tres
773 265 904 295 tamen,
926 260 1102 296 quatuorve
1125 252 1259 286 ultimos
1281 250 1349 285 dies

311 311 369 341 'in
394 307 477 340 latus
501 303 667 337 dexterum
677 303 794 335 cubare
816 309 882 333 non
908 305 1053 340 poterat.
1079 295 1351 337 Tandemingen-

331 352 361 384 ti
387 349 548 392 sanguinis
571 347 666 387 copia
692 356 707 377 e
722 341 929 387 pulmonibus
952 348 1158 382 erumpente,
1181 337 1352 372 suffocatus

334 394 378 427 est
401 419 410 427 .
543 389 795 425 VENTREM
826 394 934 419 totum
967 394 1045 426 aqua
1081 383 1223 425 replebat
1255 382 1352 415 flave-

332 440 438 475 scens,
463 446 529 469 non
554 433 709 467 absimilis
731 431 790 464 seri
813 427 901 474 quod
917 425 1013 460 misso
1027 452 1036 465 ,
1059 435 1274 468 concretoque
1287 424 1352 467 jam

335 480 483 523 sanguini
506 476 750 518 circumjecstum
772 473 918 506 videmus
931 495 938 503 .
952 469 1123 513 Nusquam
1142 468 1284 512 lymphae
1295 468 1355 502 du·
1378 491 1379 494 η

335 525 405 558 &tus
428 521 730 564 conspiciebantur.
756 519 837 551 Lien
860 514 1037 550 naturalem
1063 513 1187 556 hepatis
1209 512 1354 556 aequabat

332 568 455 601 molem
470 588 479 604 ,
503 567 650 607 araeque
673 562 751 595 adeo
773 572 847 595 cum
869 559 1027 600 proximis
1050 556 1195 599 partibus
1209 555 1355 589 nee-teba-

333 619 412 651 tur,
435 619 473 644 ut
497 609 633 651 separari
657 604 788 638 difficile
812 601 1057 647 posset.Hepar
1082 600 1282 643 aliquantum
1306 600 1354 646 vi-

338 654 475 688 debatur
495 651 699 686 commistum
715 674 724 688 ‚
750 651 783 682 &
806 649 916 687 intus,
937 654 1091 686 extraque
1103 643 1262 686 pallebat:
1288 654 1354 685 ejus

336 696 478 731 vesiculae
501 695 662 729 crassiores
688 692 782 726 fac‘tae
806 697 896 724 erant
921 689 1059 722 tunicae.
1094 686 1214 722 Veficae
1248 696 1354 720 autem

334 742 484 776 urinariae
507 739 629 772 tunicis
654 736 765 770 multae
789 734 844 768 hic
868 734 938 766 illic
974 730 1188 773 cartilagineae
1221 742 1354 764 concre-

333 786 439 819 tiones
470 781 668 816 inhaerebant
693 803 701 811 .
838 780 876 810 In
912 774 1074 810 Thoracis
1105 785 1187 808 cavo
1220 775 1355 809 dextero

335 828 448 871 pulmo
471 826 561 859 sanus
578 847 587 861 ‚
610 821 670 856 nisi
692 820 781 865 quod
800 819 972 854 ‘inferiore‘
982 827 1070 861 parte
1092 818 1232 852 multum
1246 822 1249 824 ’
1264 820 1376 852 rube-‘

337 872 413 905 bat.
438 873 477 904 In
508 868 633 902 sinistro
657 875 777 899 autem
794 882 796 885 ·
813 865 927 907 pulmo
957 871 1048 896 totus
1081 871 1149 896 erat
1184 862 1323 905 pallidus
1345 886 1357 903 ‚

333 914 539 953 contractus,
563 914 595 946 &
619 911 746 950 durus,
769 907 995 950 saniosamque
1028 905 1218 939 continebat
1252 915 1355 939 mate-

333 959 436 992 riam:
463 966 611 999 praeterea
635 953 855 995 circumjeffis
878 950 1023 994 partibus
1046 951 1092 983 ita
1115 958 1182 983 erat
1194 961 1356 990 annexus,

335 1011 373 1036 ut
397 999 482 1044 quasi
506 1010 607 1034 unum
628 1009 702 1032 curri
725 995 800 1040 ipsis
822 1005 940 1038 corpus
962 993 1064 1028 facere
1087 993 1269 1034 videretur,
1296 1005 1353 1027 nec

333 1043 454 1088 posset,
479 1042 538 1078 nisi
562 1042 717 1075 violentia
754 1038 900 1073 adhibita
933 1037 1097 1080 separari.
1134 1037 1353 1071 Pericardium

332 1099 462 1132 quoque
485 1086 626 1129 undique
648 1084 740 1119 cordi
762 1082 991 1117 anneetebatur
1005 1107 1012 1115 .
1038 1080 1148 1124 Hujus
1181 1082 1353 1115 ventriculi

332 1132 461 1176 prorsus
487 1132 596 1163 inanes
619 1128 769 1162 fuerunt.

381 1187 409 1217 5.
425 1176 558 1215 Qaeres
582 1171 710 1206 fortaffe
724 1195 737 1212 ‚
760 1167 928 1213 quomodo
951 1166 1070 1202 sinister
1091 1167 1205 1209 pulmo
1227 1176 1356 1201 contra-

332 1219 406 1253 etus
429 1218 577 1256 dicatur,
600 1215 749 1258 idemque
772 1211 988 1256 circumjectis
1015 1210 1161 1254 partibus
1187 1209 1268 1244 adeo
1299 1222 1355 1244 aii-

330 1260 457 1296 nexus?
481 1260 612 1293 Scilicet
636 1268 690 1292 aut
715 1257 946 1299 nonundique
956 1253 1109 1288 omnibus
1119 1265 1260 1288 annexus
1272 1264 1356 1296 erat,

330 1305 383 1340 sed
405 1302 616 1348 quibusdam:
641 1310 696 1335 aut
720 1299 742 1332 fi
766 1309 833 1334 erat
856 1298 1030 1337 omnibus3
1056 1307 1120 1331 non
1144 1297 1269 1332 ambitu
1280 1309 1358 1332 con-

332 1350 477 1390 tractus,
501 1347 553 1380 sed
575 1347 694 1380 intima
720 1343 893 1377 substantia
918 1341 1008 1382 fuit,
1030 1342 1243 1385 quamobrem
1276 1353 1354 1375 con-

331 1394 455 1427 traftus
466 1415 475 1431 ,
502 1393 534 1424 &
557 1390 655 1424 durus
668 1387 790 1422 dicitur
801 1410 813 1426 ,
837 1386 956 1420 saniosa
969 1386 1102 1418 materia
1115 1384 1277 1429 quidquid
1290 1385 1358 1428 spa-

331 1438 376 1471 tii
399 1437 485 1470 intra
506 1434 710 1468 contractam
734 1429 942 1464 substantiam
955 1430 1035 1462 relin
1060 1429 1217 1470 uebatur,
1241 1440 1279 1461 eo
1291 1440 1362 1462 ma..

331 1481 383 1524 gis
406 1480 581 1523 opplente,
606 1475 696 1519 quod
720 1475 826 1511 minus
848 1474 887 1508 de
909 1472 976 1516 ipsa
1000 1482 1036 1506 tu
1062 1484 1086 1506 is
1111 1482 1238 1516 poterat
1248 1484 1287 1506 ex
1298 1472 1360 1506 du-

331 1536 394 1565 ro,
418 1526 452 1557 &
475 1522 608 1564 alligato
632 1518 773 1561 undique
794 1517 947 1561 pulmone
970 1516 1100 1559 ejicere.
1114 1515 1218 1559 Cujus
1230 1516 1298 1550 haec
1311 1517 1360 1549 vi-

334 1570 382 1602 tia
406 1578 481 1600 cum
507 1565 646 1608 pastoris
669 1562 788 1602 dolor,
810 1561 956 1604 tuffisque
979 1559 1187 1604 significent,
1211 1571 1276 1594 non
1291 1559 1361 1602 post

333 1612 477 1655 primum
503 1608 665 1651 sanguinis
702 1605 832 1647 sputum
865 1603 995 1647 coepiffe
1017 1628 1031 1644 ,
1062 1614 1201 1646 cumque
1233 1602 1358 1637 doloris

332 1653 473 1699 ejusdem
493 1651 635 1685 absentia
658 1650 780 1685 ultimo
804 1657 877 1682 ante
898 1649 1028 1681 obitum
1061 1647 1166 1680 mense
1188 1671 1202 1688 ,
1236 1646 1360 1681 indicet

330 1699 533 1740 summopere
557 1696 683 1729 anetam
707 1693 873 1735 pulmonis
896 1691 1052 1726 duritiem
1075 1690 1262 1733 priusquam
1277 1691 1358 1724 alte..

330 1754 403 1777 rum
427 1741 534 1774 multo
558 1737 784 1772 exuberantius
808 1734 974 1781 sanguinis
986 1734 1116 1776 sputum
1129 1735 1359 1777 contingeret3

330 1788 399 1820 veri
422 1784 525 1818 simile
547 1782 612 1822 est,
636 1781 676 1815 ad
698 1780 1041 1823 utramquesanguinis
1056 1778 1260 1820 eruptionem
1279 1778 1361 1811 mul-

336 1840 409 1863 tum
431 1825 602 1863 contulisse
627 1825 784 1860 duritiem
807 1823 924 1862 illam,
946 1833 1017 1864 quae
1042 1822 1186 1863 primum
1210 1821 1362 1855 vasorum

336 1882 483 1917 partem,
506 1869 671 1904 novissime
695 1876 801 1902 autem
823 1867 934 1900 omnia
957 1864 1109 1898 arctando
1130 1885 1140 1902 ,
1175 1863 1362 1906 sanguinem

337 1916 481 1959 coegerit
506 1915 648 1958 primum
661 1911 793 1954 quidem
803 1912 837 1944 in
847 1910 960 1944 eodem
983 1907 1108 1942 sinistro
1124 1907 1285 1950 pulmone
1305 1919 1359 1942 vas

336 1958 472 2004 aliquod
495 1958 594 1992 nimis
617 1955 792 1990 distendere
801 1978 816 1995 ,
838 1965 873 1987 ac
897 1962 1071 1995 rumpere,
1107 1950 1269 1995 postremo
1305 1963 1361 1985 au-

336 2014 403 2039 tem
427 2002 462 2037 id
486 2001 588 2036 facere
611 2002 646 2034 in
670 1999 822 2034 dextero.
840 1999 878 2045 1.ss
903 1996 990 2031 hunc
1012 1997 1126 2035 enim,
1152 1994 1358 2038 sanguinem,

341 2046 580 2091 propemodum
603 2042 765 2078 exclusum
789 2054 806 2075 a
833 2040 977 2077 sinistro,
1000 2038 1195 2078 commesto,
1218 2038 1362 2081 duroque

332 2091 401 2136 ‘jam
426 2100 526 2131 toto,
549 2089 594 2123 ob
617 2088 713 2130 idque
737 2085 899 2129 pallente,
924 2084 989 2118 vim
1014 2081 1148 2121 feciffe‚
1169 2083 1362 2124 tumimpo-

334 2135 436 2169 tentia
459 2134 517 2168 illa
540 2134 692 2167 extremis
714 2129 829 2164 diebus
851 2129 885 2161 in
909 2129 994 2161 latus
1017 2125 1185 2159 dexterum
1196 2125 1360 2166 cubandi,

335 2189 405 2213 tum
427 2176 567 2222 ejusdem
593 2175 758 2219 pulmonis
781 2171 927 2211 dexteri,
950 2177 1065 2204 caetera
1088 2168 1154 2202 sani
1166 2192 1183 2210 ,-
1201 2169 1312 2211 ingens
1322 2170 1359 2203 ad

336 2223 494 2257 inferiora
518 2219 620 2255 rubor
643 2217 794 2252 videntur
818 2212 1067 2249 commonstrare
1081 2238 1089 2246 .
1117 2214 1163 2247 Et
1187 2222 1271 2246 certe
1294 2223 1360 2246 non

337 2266 439 2302 modo
461 2267 497 2298 in
523 2261 717 2307 phthisicis,
739 2260 844 2303 qualis
868 2261 901 2293 &
925 2259 977 2292 vir
1001 2256 1056 2290 iste
1078 2255 1145 2291 fuit
1168 2279 1181 2295 ‚
1217 2257 1274 2298 qui
1306 2267 1361 2289 ore

337 2309 524 2354 sanguinem
548 2306 701 2350 ejecerant
716 2326 725 2342 ‚
748 2304 942 2344 pulmonum
964 2300 1100 2335 durities
1124 2302 1157 2334 δε
1182 2299 1363 2334 aWirsun-

338 2366 383 2398 go
406 2352 487 2394 (l),
510 2353 543 2385 δε
566 2351 606 2384 ab
629 2347 780 2391 Ingraffia
801 2349 884 2385 (m)
906 2353 1028 2387 reperta
1051 2342 1117 2383 est,
1139 2345 1362 2377 verumetiam

341 2400 377 2431 in
401 2396 496 2434 aliis,
521 2394 640 2438 quibus
664 2401 826 2433 nunquam
850 2388 1044 2430 purulenta,
1067 2386 1118 2419 sed
1142 2396 1273 2420 cruenta
1286 2387 1365 2420 sein-

340 2453 396 2484 per
422 2439 546 2473 fuerant
570 2437 661 2479 sputa
677 2461 686 2476 ‚
710 2442 747 2468 ut
772 2444 787 2466 a
813 2430 960 2465 Willifio
982 2433 1077 2470 (n),
1100 2428 1193 2472 cujus
1217 2429 1271 2463 hic
1295 2429 1361 2463 fere

342 2486 410 2520 sum
434 2482 687 2525 explicationem
714 2478 861 2516 secutus,
884 2474 964 2509 alibi
989 2473 1152 2507 secuturus
1177 2473 1364 2513 aliam,ubi

342 2529 449 2570 magis
473 2523 601 2559 credam
624 2522 813 2556 convenire.
949 2519 1113 2551 Caeterum
1135 2527 1364 2560 quamcunque

342 2572 429 2614 sequi
453 2570 574 2613 placeat
598 2568 632 2600 in
656 2577 695 2599 eo
718 2564 880 2606 sanguinis
904 2561 1026 2604 sputO,
1049 2559 1087 2594 de
1111 2571 1178 2602 quo
1190 2571 1240 2594 me
1250 2561 1365 2594 consu-

917 129 1171 188 tiberii.
1203 128 1289 182 De
1324 126 1532 182 Morbis
1550 82 1819 180 'Thoracis

1398 205 1560 239 moritur.
1690 205 1920 253 YENTRE,
1944 204 2000 247 qui
2024 205 2057 239 in
2068 204 2216 240 cadavere
2228 201 2405 238 detumuis-

1399 249 1429 283 se
1453 247 1640 283 videbatur,
1663 245 1797 291 disse&o
1810 272 1823 288 ,
1846 259 1910 281 non
1934 259 2029 291 parva
2054 248 2115 283 seri
2150 247 2283 290 limpidi
2316 247 2409 288 copia

1403 291 1529 342 prodiit
1544 304 1554 323 .·
1577 289 1665 323 nulla
1688 299 1793 325 tamen
1816 292 1851 325 in
1874 290 1940 334 ejus
1963 292 2134 327 visceribus
2167 291 2318 335 apparuit
2352 291 2410 323 lae-

1404 335 1503 369 fionis
1526 344 1627 369 nota.
1724 378 1731 383 .
1757 333 2047 377 Thorace-aperto
2066 360 2079 375 ‚
2110 336 2276 370 dexterum
2313 331 2409 375 hujus

1403 390 1518 413 cavum
1542 388 1618 420 pure
1641 387 1778 410 omnino
1799 379 1928 421 plenum
1950 380 2138 420 invenitur,
2160 380 2195 412 in
2217 388 2314 421 eoque
2338 378 2411 418 pul-

1405 434 1460 456 mo
1483 422 1561 473 adeo
1583 421 1794 461 contractus,
1826 432 1862 456 ut
1896 423 2062 465 principio
2093 420 2189 456 deesse
2219 424 2380 456 videretur
2398 442 2406 451 .

1405 467 1574 502 Quoniam
1597 472 1704 497 autem
1725 465 1803 498 dum
1825 465 1957 499 cadaver
1980 474 2070 500 antea
2104 475 2285 500 moveretur
2307 488 2316 503 ‚
2354 473 2410 506 per

1394 507 1734 550 -arteriamAsperam
1756 519 1814 550 pus
1838 509 2043 552 erumpebat3
2068 508 2234 552 quaefitum
2257 508 2411 549 est,num

1404 553 1491 587 sorte
1511 564 1550 586 ex
1573 550 1714 585 thoracis
1737 562 1824 602 cavo*
1840 563 1895 594 per
1918 564 2015 595 poros
2037 555 2155 587 tunicae
2177 553 2411 595 pulmonis‚an

1406 607 1462 639 per
1484 597 1574 631 ulcus
1598 606 1665 638 quo
1688 594 1755 644 haec
1778 595 1851 628 eslet
1875 595 1986 638 erosa,
2008 599 2043 630 in
2066 596 2220 630 bronchia
2253 594 2421 638 pervenis--

1408 641 1451 674 set
1468 665 1476 671 .
1505 640 1565 673 Sed
1588 639 1712 672 nullum
1734 649 1770 671 in
1792 649 1827 671 ea
1850 638 2044 682 deprehendi
2055 641 2143 674 ulcus
2154 640 2288 683 potuit,
2310 649 2411 682 quan-

1407 693 1479 718 tum
1502 695 1556 726 per
1579 680 1816 732 intolerandum
1840 682 2036 717 foetoremin
2061 683 2310 718 uisere-licitum
2320 682 2410 716 fuit.

1405 729 1523 771 Neque
1545 737 1619 761 cum
1642 727 1808 768 pulmonis
1827 728 1991 761 contraeta
2016 727 2049 761 su
2075 728 2186 761 stantia
2209 726 2410 763 dissffltur

1407 782 1559 815 magnum
1585 772 1671 804 intus
1694 771 1784 804 ulcus
1806 780 1966 812 repertum
1989 770 2053 811 est;
2074 770 2124 804 sed
2148 770 2318 806 nonnullis
2337 766 2413 821 jan-

1406 826 1479 850 tum
1501 816 1535 848 in
1558 815 1638 848 locis
1660 814 1775 857 ‘exigua
1799 813 1965 849 tubercula
2000 825 2131 858 parvam
2163 816 2251 859 puris
2281 814 2411 856 copiam

1406 860 1589 894 emittentia
1604 882 1611 889 .
1635 858 1801 902 Caeterum
1824 858 1894 891 sana
1916 866 1984 892 erat
2016 858 2127 902 pleura
2151 871 2160 893 :
2186 858 2411 903 ‚pericardium

1405 913 1512 939 autem
1535 914 1615 946 aqua
1638 901 1786 943 plenum.
1843 932 1846 934 Α
1871 932 1874 933 γ
1902 922 1904 924 v
2252 917 2254 920 >

1449 959 1481 990 7.
1507 944 1702 989 Optandum
1724 943 1831 978 suisset
1841 967 1855 986 ‚
1877 954 1914 979 ut
1948 945 2089 989 longiori
2108 967 2119 983 ,
2152 947 2184 977 δε
2218 945 2412 979 accuratiori

1408 991 1554 1025 examine
1586 988 1779 1023 constitutio
1810 990 2001 1022 membranae
2044 988 2211 1032 pulmonis
2248 989 2410 1031 explorari

1408 1034 1529 1078 posset,
1553 1042 1590 1067 ut
1615 1032 1653 1067 de
1673 1033 1725 1065 via
1749 1032 1839 1075 puris
1862 1043 1926 1065 non
1949 1041 2017 1066 tam
2048 1044 2064 1065 e
2096 1031 2238 1066 thoracis
2268 1044 2348 1066 cavo
2377 1034 2413 1066 in

1407 1078 1617 1121 pulmonem,
1641 1087 1739 1119 quam
1761 1077 1939 1118 epulmone
1963 1078 1996 1109 in
2020 1074 2162 1109 thoracis
2183 1087 2295 1110 cavum
2319 1076 2414 1111 statui

1407 1120 1533 1165 aliquid
1557 1121 1667 1153 liceret
1681 1121 1789 1153 .Cum
1810 1121 1896 1153 enim
1910 1120 2017 1163 pleura
2041 1119 2110 1153 sana
2133 1118 2232 1159 esset3
2255 1120 2417 1163 relinque-

1407 1166 1523 1201 batur,
1547 1173 1583 1198 ut
1607 1166 1641 1196 in
1664 1162 1746 1196 illud
1773 1173 1808 1195 ea
1830 1164 1920 1206 puris
1942 1165 2037 1206 copia
2060 1162 2224 1197 excidisset
2246 1175 2262 1197 e
2286 1164 2418 1207 pulmo-

1409 1220 1468 1243 ne.
1493 1210 1533 1242 In
1555 1219 1624 1251 quo
1645 1204 1701 1239 etsi
1724 1205 1817 1250 ulcus
1836 1208 1969 1240 minime
1992 1218 2155 1249 repertum
2178 1207 2219 1241 est
2241 1217 2418 1251 magnum,

1411 1253 1463 1287 sed
1487 1250 1776 1295 parva.dumtaxat
1799 1248 1988 1292 tubercula,
2010 1249 2094 1284 unde
2115 1260 2173 1293 pus
2195 1250 2283 1294 quod
2315 1262 2331 1284 e
2362 1262 2417 1284 ca-

1409 1295 1531 1330 daveris
1554 1306 1608 1328 ore
1625 1294 1814 1340 effluxerat,
1839 1293 1948 1328 exiisse
1963 1319 1972 1335 ,
1994 1296 2026 1327 ἃ
2039 1294 2194 1336 paulatim
2204 1297 2237 1327 in
2249 1294 2418 1330 bronchiis

1409 1339 1583 1374 collecfmm
1607 1338 1665 1371 esse
1678 1361 1690 1378 ‚
1713 1336 1950 1377 existimemu53
1973 1337 2139 1380 pulmonis
2163 1346 2268 1371 tamen
2290 1347 2419 1373 contra-

1409 1385 1461 1419 &a
1483 1382 1681 1422 substantia,
1704 1379 1876 1422 abscessus,
1899 1384 1956 1425 qui
1980 1383 2015 1414 in
2036 1392 2076 1414 eo
2097 1389 2191 1414 antea
2209 1380 2345 1423 suisset,
2366 1393 2419 1416 cae

1409 1438 1500 1461 veam
1523 1437 1588 1459 non
1613 1424 1714 1459 modo
1737 1426 1915 1468 plurimum
1937 1425 2079 1459 minuere
2103 1425 2235 1467 potuit,
2261 1425 2420 1460 sedetiam

1410 1471 1580 1505 occulere.
1604 1470 1720 1512 Neque
1742 1471 1828 1503 enim
1850 1468 1944 1503 ficuti
1966 1470 2000 1502 in
2023 1469 2096 1502 viro
2118 1469 2156 1502 de
2178 1481 2246 1513 quo
2257 1469 2420 1512 paulo-an-

1411 1523 1444 1548 te
1462 1517 1531 1554 (ο)
1554 1513 1680 1548 dicium
1707 1511 1772 1549 est,
1797 1512 1830 1544 in
1855 1512 1920 1545 hoc
1943 1523 2073 1555 quoque
2106 1512 2342 1547 adolescentulo
2372 1515 2421 1547 ita

1411 1558 1579 1600 contraite
1601 1557 1765 1599 pulmonis
1787 1554 1957 1589 substantia
1982 1564 2046 1589 erat
2056 1579 2070 1596 ,
2093 1565 2130 1589 ut
2153 1556 2297 1590 ambitus
2320 1558 2421 1590 mini-

1411 1614 1462 1636 me
1487 1600 1559 1635 esset
1583 1601 1800 1638 imminutus3
1824 1600 1903 1641 quin
1926 1597 1981 1632 liic
2004 1598 2084 1632 adeo
2108 1598 2291 1633 decreverat
2310 1623 2319 1638 ,
2343 1609 2379 1634 ut
2404 1611 2422 1634 a

1411 1648 1521 1688 primo
1542 1641 1642 1677 deesse
1658 1643 1777 1685 pulmo
1797 1642 1979 1677 videretur.
2003 1641 2107 1685 Cujus
2129 1644 2212 1676 tanti
2237 1643 2423 1677 decremen-

1412 1691 1441 1722 ti
1466 1688 1587 1730 duplex
1611 1687 1720 1729 potuit
1744 1684 1801 1719 esse
1823 1685 1938 1725 causa,
1961 1686 2059 1719 altera
2082 1685 2262 1720 substantiae
2295 1689 2421 1721 intimae

1413 1731 1580 1775 pulmonis
1601 1739 1715 1771 magna
1738 1739 1794 1771 per
1818 1728 2078 1771 suppurationem
2090 1730 2320 1773 consumptio:
2344 1731 2425 1764 alte-

1400 1787 1448 1810 ra
1472 1775 1611 1809 ambitus
1636 1773 1803 1816 pulmonis
1826 1772 2014 1814 compreffio
2038 1784 2055 1805 a
2076 1774 2166 1816 puris
2189 1775 2225 1807 in
2258 1774 2424 1808 thoracem

1412 1817 1500 1853 effusi
1525 1819 1620 1860 copia
1643 1825 1758 1857 tanta,
1781 1823 1818 1849 ut
1841 1815 1930 1849 illam
1943 1814 2040 1859 hujus
2051 1827 2178 1850 caveam
2190 1819 2426 1851 omninocom-

1413 1863 1533 1906 plere-t.
1561 1859 1739 1902 Utriusque
1762 1868 1869 1893 autem
1891 1859 1992 1893 causae
2014 1870 2133 1903 quanta
2144 1861 2192 1895 vis
2203 1860 2268 1901 sit,
2290 1872 2328 1895 ex
2339 1860 2426 1894 hisce

1416 1905 1493 1949 ipsis
1514 1903 1718 1947 Sepulchreti
1756 1902 1961 1936 Seffionibus
1996 1903 2140 1946 intelligi
2173 1903 2276 1947 potest
2297 1930 2305 1937 .
2341 1905 2426 1938 Non

1416 1960 1535 1993 paucas
1559 1949 1671 1987 enim,
1695 1958 1751 1980 nec
1775 1957 1953 1989 paucorum
1975 1946 2009 1978 in
2034 1947 2075 1980 iis
2097 1950 2180 1991 leges
2213 1948 2428 1982 Observatio-

1416 2004 1470 2026 nes
1494 1991 1588 2033 (p),
1612 2003 1651 2024 ex
1674 1990 1793 2033 quibus
1816 1988 1939 2023 constat
1956 2011 1969 2028 ,
1991 1990 2157 2032 pulmonis
2181 1991 2356 2035 praesertim
2380 1993 2428 2025 al-

1413 2036 1513 2069 terius
1536 2046 1602 2067 non
1626 2035 1766 2068 multam
1788 2033 1907 2073 modo,
1931 2031 1983 2066 sed
2008 2034 2183 2069 universam
2206 2035 2332 2077 prorsus
2355 2035 2428 2072 sub-

1414 2080 1564 2113 stantiam
1588 2078 1818 2120 suppuratione
1842 2076 2023 2118 absumptas
2046 2077 2139 2112 fuisse
2159 2104 2167 2111 .
2200 2079 2330 2119 Qubus
2362 2091 2430 2114 non

1415 2121 1628 2164 desuntrquas
1652 2118 1767 2156 addas.
1792 2120 2012 2162 Ampliffirnus
2037 2123 2122 2154 enim
2155 2124 2304 2157 Senacius
2335 2126 2348 2163 (
2373 2136 2391 2166 q
2413 2128 2429 2165 )

1415 2175 1645 2208 nonnunquam
1658 2163 1823 2205 pulmonis
1834 2163 1945 2197 lobum
1956 2172 2065 2197 totum
2078 2164 2163 2199 vidit
2175 2166 2402 2209 consumptum
2414 2190 2429 2208 ,

1413 2213 1446 2243 ὃ(
1467 2211 1586 2252 inpus
1611 2208 1797 2247 redae’tum,
1821 2208 1963 2242 Laubius
1986 2216 2094 2242 autem
2127 2209 2212 2253 (r)
2229 2210 2429 2252 pulmonem

1412 2254 1583 2286 dexterum
1606 2253 1692 2284 intra
1716 2250 1940 2287 incredibilem
1963 2250 2062 2285 ferme
2084 2253 2214 2295 copiam
2241 2257 2330 2296 puris
2350 2253 2430 2288 cras-

1416 2296 1439 2329 fi
1453 2319 1466 2337 ,
1489 2296 1575 2329 ultra
1598 2294 1806 2328 medietatem
1829 2294 2057 2338 absumptum:
2082 2307 2149 2339 quo
2183 2295 2345 2330 referenda
2375 2299 2429 2331 vi-

1414 2340 1508 2374 detur
1525 2337 1728 2389 ‘Observatio
1749 2350 1878 2381 quoque
1903 2337 2120 2373 humaniffimi
2143 2341 2231 2373 Senis
2254 2342 2430 2376 Domini-ci

1416 2381 1532 2418 Passeri
1558 2381 1683 2416 Medici
1709 2381 1940 2416 Pisani-ensium
1965 2383 2141 2424 Primarii‚
2163 2383 2201 2416 ad
2226 2395 2275 2416 me
2309 2385 2430 2428 scripta

1416 2438 1501 2461 anno
1524 2436 1590 2469 quo
1613 2425 1699 2460 edita
1722 2425 1788 2462 est,
1815 2435 1907 2469 1734.
1934 2429 1966 2460 &
1989 2437 2060 2469 quae
2083 2427 2266 2460 mirabilior
2288 2428 2330 2462 est
2340 2430 2431 2463 Mar-

1417 2473 1448 2504 ci
1473 2469 1629 2504 Gerbezii
1655 2469 1713 2512 (s)
1734 2469 1791 2512 qui
1801 2468 1935 2503 eundem
1946 2470 2132 2512 pulmonem
2142 2470 2309 2504 dexterum
2322 2482 2430 2507 :otum

1416 2526 1478 2549 una
1501 2524 1576 2548 cum
1599 2513 1724 2556 Aspera
1746 2513 1862 2546 arteria
1884 2524 1950 2556 prae
1972 2512 2140 2555 putredine
2161 2516 2196 2547 in
2220 2515 2340 2557 pultem
2362 2517 2431 2550 col-

1416 2557 1540 2602 lapsum
1564 2555 1796 2600 deprehendit.
1821 2557 1868 2589 Et
1893 2566 2073 2599 quanquam
2090 2558 2147 2603 Jo.
2184 2558 2333 2592 Tackitis
2361 2563 2427 2600 (r)

343 2616 407 2650 Infit
432 2623 557 2656 ,uvems
584 2608 735 2645 Sacerdos
759 2619 797 2641 ex
810 2604 1195 2643 §.DominiciFamilia5
1219 2615 1282 2637 non
1294 2605 1355 2637 erit
1406 2603 1455 2636 ita
1479 2600 1563 2634 vidit
1589 2601 1681 2643 plane
1702 2608 1915 2642 corruptum,
1937 2609 1973 2633 ut
1997 2600 2080 2633 latus
2102 2600 2269 2635 dexterum
2281 2604 2432 2637 sulmone

342 2658 439 2693 facile
460 2655 588 2690 causam
611 2653 762 2693 reddere,
785 2662 841 2684 cur
861 2651 902 2683 iis
927 2646 1123 2692 potiffimum
1157 2649 1325 2691 contingat
1346 2672 1356 2687 ‚

343 2702 382 2738 de
408 2700 525 2745 quibus
548 2699 603 2732 ille
627 2696 804 2731 referebat.
827 2696 916 2729 Cum
940 2693 1026 2726 enim
1049 2702 1088 2724 ex
1109 2701 1148 2724 eo
1159 2702 1360 2733 quaererem,

344 2756 455 2790 pater,
480 2755 518 2778 an
542 2751 665 2779 mater,
690 2751 727 2774 an
751 2738 882 2772 alterius
906 2745 1071 2780 parentes,
1095 2743 1150 2768 aut
1179 2735 1279 2767 avieo
1292 2735 1366 2777 spu-

345 2801 384 2824 to
407 2785 617 2825 laborassent;
641 2784 757 2819 diserte
780 2782 931 2825 negavit:
957 2778 1039 2813 illud
1053 2788 1127 2811 vero
1141 2779 1301 2812 continuo
1313 2777 1367 2811 ad-

347 2834 450 2877 jecit,
473 2831 502 2865 se
524 2831 687 2863 Armenio
710 2836 822 2871 patre,
845 2834 947 2858 matre
973 2832 1078 2857 autem
1103 2821 1187 2854 Itala
1219 2832 1367 2864 procrea-

346 2887 442 2915 tum3
467 2873 720 2908 animadversum
743 2879 850 2904 autem
873 2867 930 2902 esse
970 2865 1120 2900 Venetiis
1153 2866 1187 2897 in
1218 2865 1368 2899 domibus

353 2921 426 2954 aliis
450 2917 578 2957 tribus,
602 2916 720 2948 liberos
743 2925 825 2956 quos
849 2911 1023 2946 Armenius
1036 2917 1149 2952 pater,
1172 2909 1256 2942 Itala
1269 2917 1369 2942 mater

349 2959 550 3007 genuissent,
578 2957 736 3001 ejusmodi
762 2957 848 2990 malo
865 2954 961 3002 ⁴fuisse
984 2953 1170 2993 obnoxios,
1193 2955 1244 2986 cui
1258 2964 1369 2996 paren-

352 3016 427 3047 tes,
452 3005 565 3047 avique
591 3013 655 3036 non
681 3000 836 3039 fuissent.-
860 3009 986 3042 Jamque
1008 2996 1068 3031 sibi
1093 3005 1177 3034 tres,
1204 3006 1257 3030 aut
1291 3008 1370 3038 qua-

350 3060 427 3085 tuor
451 3058 619 3091 germanos
645 3044 760 3078 fratres
783 3054 822 3076 eo
833 3041 928 3085 sputo
939 3049 1103 3083 correptos
1116 3039 1260 3083 periisse.
1276 3041 1370 3073 Scor-

353 3095 502 3128 buticum
526 3099 632 3125 autem
647 3089 681 3123 id
695 3088 802 3127 mihi,
813 3085 914 3129 &ipsi
928 3085 1088 3127 sanguinis
1101 3083 1230 3126 sputum
1241 3082 1369 3117 videba-

352 3148 407 3172 tur
419 3162 427 3170 .
521 3134 581 3170 Sed
593 3133 633 3167 ad
647 3132 883 3175 Empyicorum
894 3128 1141 3162 Observationes
1153 3126 1346 3160 transeamus
1359 3152 1366 3158 .

355 3213 356 3217 ,
395 3183 427 3213 6.
443 3174 902 3214 ADOLESCENTULUS
927 3183 1081 3206 annorum
1106 3169 1368 3204 circiterduode-

357 3224 505 3267 viginti,
528 3233 603 3255 curn
628 3220 667 3254 ab
689 3219 815 3253 dexteri
840 3217 1003 3259 pulmonis
1026 3215 1281 3251 inflammatione
1293 3225 1370 3247 con-

357 3280 441 3312 gruo
467 3265 684 3300 remediorum
709 3260 855 3306 praesidio
877 3260 959 3293 liber
971 3259 1035 3302 jam
1046 3259 1104 3294 effe
1115 3257 1370 3297 videretur5no-

357 3323 398 3344 va
422 3312 542 3344 iterum
563 3308 745 3350 corripitur
767 3304 852 3339 febre
873 3315 947 3338 cum
971 3303 1062 3341 tulii,
1086 3303 1260 3345 purulento
1294 3301 1368 3343 spu-

358 3364 417 3393 to,
442 3357 474 3388 &
497 3352 573 3387 siti.
598 3353 707 3385 Facies
731 3350 864 3383 interim
888 3347 1057 3381 tumescit.
1080 3344 1209 3380 Affidue
1232 3345 1266 3377 in
1289 3344 1367 3378 dex-

357 3407 463 3432 terum
486 3396 582 3431 cubat
606 3396 711 3435 latus,
734 3404 835 3437 neque
859 3391 957 3426 alium
979 3391 1029 3423 vel
1053 3390 1091 3424 ad
1114 3389 1205 3423 breve
1239 3396 1364 3431 tempus

360 3441 441 3475 ferre
464 3440 652 3475 decubitum
677 3436 800 3481 potest.
826 3438 949 3471 Venter
974 3443 1076 3468 tumet
1090 3434 1258 3475 .Denique
1280 3432 1366 3475 post-

361 3496 457 3528 quam
479 3484 560 3519 duos
582 3482 721 3523 menses,
744 3490 843 3524 eoque
866 3479 1004 3523 amplius
1027 3478 1078 3512 his
1101 3475 1205 3511 fuerat
1216 3485 1345 3510 vexatus
1358 3500 1368 3516 ‚

1412 2645 1605 2680 destitutum
1629 2642 1742 2681 fuisse,
1765 2642 1950 2686 scripserit3
1972 2642 2088 2684 majori
2113 2653 2218 2678 tamen
2244 2645 2431 2680 admiratio-

1415 2701 1455 2723 ne
1480 2688 1618 2722 afficeret
1640 2689 1694 2721 Cl.
1721 2688 1871 2721 Ritterus
1893 2685 2005 2730 J'unior
2027 2689 2097 2728 (u)
2120 2690 2178 2732 qui
2202 2688 2432 2724 insinistrola-

1417 2744 1483 2766 tere
1507 2732 1579 2766 alba
1603 2731 1771 2774 purulenta
1794 2732 1925 2765 materia
1950 2729 1989 2764 ad
2011 2730 2155 2766 medium
2178 2732 2275 2776 usque
2286 2734 2431 2777 repleto,

1417 2776 1521 2812 tradit
1537 2798 1548 2814 ,
1573 2775 1738 2818 pulmonis
1758 2775 1869 2814 illius,
1891 2775 1948 2821 qui
1969 2782 2058 2808 totus
2083 2773 2148 2809 fere
2183 2785 2248 2809 erat
2281 2777 2431 2812 consum-

1419 2831 1517 2865 ptus,
1540 2819 1648 2853 oscula
1671 2818 1820 2853 vasorum
1844 2818 1935 2852 suisse
1950 2827 2079 2861 aperta,·
2102 2818 2160 2853 nisi
2172 2820 2329 2854 Celeberr.
2342 2823 2431 2855 Ana-

1419 2866 1562 2898 tomicus
1587 2862 1739 2895 Hallerus
1761 2865 1775 2902 (
1798 2873 1820 2897 x
1844 2866 1854 2901 )
1878 2860 2106 2904 confirmaret,
2129 2862 2158 2897 se
2181 2863 2257 2898 loco
2267 2865 2431 2907 pulmonis

1421 2907 1564 2951 ejusdem
1587 2905 1725 2945 sinistri,
1748 2907 1806 2948 qui
1828 2914 1917 2938 totus
1940 2916 2132 2947 evanuerat,
2147 2927 2149 2930 >
2166 2907 2306 2942 multum
2340 2921 2431 2952 aquae

1422 2950 1628 2990 subfoefficlae,
1653 2950 1827 2983 albuminis
1848 2948 2100 2988 instarvil'cidae,
2123 2948 2307 2992 offendisse,
2333 2953 2367 2985 in
2380 2965 2432 2987 ea-

1421 3007 1483 3039 que
1508 2995 1657 3028 arteriam
1682 2992 1860 3035 Asperam,
1882 2994 1914 3025 δε
1937 2992 2006 3025 vasa
2030 2994 2153 3038 majora
2176 2994 2330 3029 arteriosa
2353 3021 2363 3037 ‚
2397 3000 2431 3030 &

1420 3038 1535 3072 venosa
1559 3036 1645 3081 quasi
1668 3037 1806 3076 resecta,
1830 3035 1942 3079 patulo
1967 3035 2027 3069 fine
2049 3037 2195 3078 hiantia,
2219 3047 2254 3073 ut
2266 3038 2430 3083 sanguinis

1422 3082 1581 3117 effluxum
1605 3079 1686 3124 quid
1709 3089 1907 3116 moraretur,
1932 3082 2097 3121 aegerrime
2120 3083 2277 3116 invenires
2297 3108 2305 3116 .
2342 3084 2432 3117 Nam

1421 3127 1566 3160 Platerus
1590 3125 1648 3167 qui
1671 3134 1735 3156 non
1760 3122 1853 3157 semel
1878 3124 1910 3155 i'n
1933 3122 2105 3165 phthisicis
2129 3125 2213 3158 nihil
2236 3127 2366 3169 penitus
2388 3126 2429 3160 de

1421 3168 1628 3214 pulmonibus
1651 3168 1780 3200 alterius
1804 3168 1911 3201 lateris
1934 3167 2136 3210 superfuisse,
2160 3168 2432 3212 deprehenderat,

1420 3213 1501 3248 callo
1515 3213 1626 3247 saltem
1637 3210 1741 3253 aliquo
1751 3210 1829 3254 vasa
1839 3212 1938 3244 cordis
1965 3222 2029 3253 quae
2046 3212 2125 3246 illuc
2144 3213 2366 3255 pertinebant,
2388 3215 2432 3247 Θ*

1421 3258 1543 3291 arteriae
1558 3266 1664 3290 ramos
1676 3253 1823 3287 obturata
1834 3255 2000 3297 conspexit
2011 3278 2021 3293 ,
2041 3255 2316 3297 quemadmodum
2327 3258 2361 3290 in
2372 3256 2432 3290 hac

1420 3302 1503 3335 VII.
1519 3296 1722 3341 Sepulchreti
1735 3298 1879 3331 Sec‘tione
1890 3299 2045 3341 (yfleges
2058 3323 2065 3331 .
2178 3300 2261 3341 Qae
2272 3301 2381 3333 omnia
2390 3300 2433 3335 ad

1418 3346 1560 3387 priorem
1573 3343 1612 3376 de
1625 3341 1747 3375 duabus
1757 3352 1833 3384 quas
1845 3342 1913 3375 dixi
1926 3365 1936 3380 ,
1957 3342 2054 3376 causis
2063 3342 2255 3377 decrementi
2269 3344 2433 3386 pulmonis

1418 3388 1603 3436 speetantia,
1615 3384 1765 3435 cumipse
1777 3385 1991 3428 perpenderis3
2004 3395 2075 3420 tum
2087 3386 2175 3429 quod
2187 3387 2223 3420 ad
2236 3387 2367 3421 alteram
2385 3397 2433 3421 at.

1417 3431 1614 3470 tinet,velim
1626 3427 1772 3475 inspicias
1783 3438 1955 3463 extremam
1965 3438 2086 3472 partem
2096 3431 2234 3470 primam
2246 3430 2434 3466 illiusScho-

1420 3475 1461 3508 lii
1482 3474 1568 3517 quod
1584 3472 1760 3515 subjeetum
1773 3473 1814 3507 est
1828 3473 2057 3510 Observationi
2070 3474 2133 3508 1V.
2150 3475 2306 3508 Sectionis
2318 3475 2379 3508 VI.
2398 3484 2434 3509 ut

2323 3529 2390 3553 ani-

425 3672 465 3707 (²
480 3671 494 3700 )
510 3671 633 3701 Sepulchr.
653 3673 671 3695 l.
687 3678 709 3695 ².
727 3671 751 3695 S.
768 3677 791 3697 7.
807 3666 867 3703 9bs.
884 3670 910 3701 ⁶¹.
971 3665 981 3695 s
998 3674 1023 3690 m
1037 3666 1052 3695 )
1069 3665 1135 3691 Ibid.
1155 3666 1214 3691 Obs.
1232 3649 1286 3689 im·
1349 3663 1359 3693 (
1375 3673 1391 3688 η
1407 3664 1422 3693 )
1438 3664 1454 3688 1.
1474 3670 1495 3688 i.
1513 3661 1636 3692 Sepulchr.
1658 3663 1682 3687 S.
1703 3670 1739 3687 21.
1756 3664 1817 3688 Obs.
1833 3671 1858 3691 7.
1921 3664 1935 3692 (
1951 3671 1963 3687 o
1981 3662 1990 3691 )
2006 3670 2030 3686 n.
2047 3670 2070 3691 4.

430 3707 444 3732 4
456 3708 472 3731 p
484 3702 498 3730 )
516 3704 539 3726 S.
555 3705 578 3726 6.
595 3701 655 3725 obs.
672 3708 697 3728 4.
718 3708 750 3724 ιι.
768 3700 791 3723 8(
807 3705 832 3722 in
848 3698 972 3722 Additam.
989 3697 1049 3721 Obs.
1070 3706 1090 3723 1.
1109 3697 1132 3727 §.
1149 3706 1170 3721 2.
1189 3698 1211 3720 8<
1227 3694 1285 3719 ΟΜ.
1304 3703 1326 3721 a,
1343 3697 1365 3718 δι
1381 3696 1403 3719 S.
1424 3703 1445 3723 7.
1464 3693 1521 3718 Obs.
1538 3702 1578 3718 ιο.
1595 3693 1618 3716 8(
1633 3701 1667 3723 55.
1687 3700 1737 3723 ¹03·
1756 3694 1778 3718 8:
1796 3701 1851 3719 caet.
1913 3693 1922 3725 s
1941 3702 1955 3722 q
1972 3695 1983 3717 )
1999 3692 2233 3721 Traite'ducoeurl,
2265 3697 2315 3723 *ch*
2344 3716 2349 3722 ,
2406 3706 2422 3722 2

425 3732 615 3792 {tiana
632 3728 948 3787 ‘istT‘l-“zzn²·⁶0{{·b¹s⁰34
1002 3728 1194 3788 ‘62222'2'23‘25
1213 3726 1389 3782 {salrab}-
1408 3727 1436 3786 ᾗ·
1455 3734 1477 3755 ³·
1495 3725 1552 3785 ‘st
1565 3728 1647 3784 ξω
1660 3725 1697 3784 ‘⁵3
1713 3728 1723 3755 ²
1741 3726 1798 3750 Μ·
1816 3725 1867 3751 ²³¹³·
1884 3727 1914 3749 Α·
1932 3726 1955 3748 ⁸·
1971 3723 2029 3749 ΟΜ·
2046 3732 2099 3757 ¹⁵⁵·
2244 3703 2260 3726 ⁴
2328 3707 2340 3729 ³
2365 3707 2389 3723 “’
2425 3718 2431 3723 “

829 3927 905 4022 f
