<?xml version="1.0" encoding="UTF-8"?>
<!DOCTYPE html PUBLIC "-//W3C//DTD XHTML 1.0 Transitional//EN"
    "http://www.w3.org/TR/xhtml1/DTD/xhtml1-transitional.dtd">
<html xmlns="http://www.w3.org/1999/xhtml" xml:lang="en" lang="en">
 <head>
  <title>
</title>
<meta http-equiv="Content-Type" content="text/html;charset=utf-8" />
  <meta name='ocr-system' content='tesseract 3.04.00' />
  <meta name='ocr-capabilities' content='ocr_page ocr_carea ocr_par ocr_line ocrx_word'/>
</head>
<body>
  <div class='ocr_page' id='page_1' title='image "./desedibusetcausi00morg_0152.png"; bbox 0 0 2498 4075; ppageno 0'>
   <div class='ocr_carea' id='block_1_1' title="bbox 429 107 490 162">
    <p class='ocr_par' dir='ltr' id='par_1_1' title="bbox 429 107 490 162">
     <span class='ocr_line' id='line_1_1' title="bbox 429 107 490 162; baseline 0.115 -7"><span class='ocrx_word' id='word_1_1' title='bbox 429 107 490 162; x_wconf 82' lang='lat'>54</span> 
     </span>
    </p>
   </div>
   <div class='ocr_carea' id='block_1_2' title="bbox 325 177 1358 1127">
    <p class='ocr_par' dir='ltr' id='par_1_2' title="bbox 325 177 1358 1127">
     <span class='ocr_line' id='line_1_2' title="bbox 345 177 1355 220; baseline -0.001 -10"><span class='ocrx_word' id='word_1_2' title='bbox 345 179 481 215; x_wconf 84' lang='lat' dir='ltr'>omnino</span> <span class='ocrx_word' id='word_1_3' title='bbox 505 184 620 220; x_wconf 70' lang='lat' dir='ltr'>praeter</span> <span class='ocrx_word' id='word_1_4' title='bbox 643 180 789 209; x_wconf 74' lang='lat' dir='ltr'>naturam</span> <span class='ocrx_word' id='word_1_5' title='bbox 809 179 821 213; x_wconf 69' lang='lat'>,&#39;</span> <span class='ocrx_word' id='word_1_6' title='bbox 852 184 888 210; x_wconf 87' lang='lat' dir='ltr'>ut</span> <span class='ocrx_word' id='word_1_7' title='bbox 912 186 983 218; x_wconf 87' lang='lat' dir='ltr'>quae</span> <span class='ocrx_word' id='word_1_8' title='bbox 1009 177 1043 209; x_wconf 90' lang='lat' dir='ltr'>in</span> <span class='ocrx_word' id='word_1_9' title='bbox 1065 177 1186 219; x_wconf 84' lang='lat' dir='ltr'>Magna</span> <span class='ocrx_word' id='word_1_10' title='bbox 1209 178 1319 211; x_wconf 86' lang='lat' dir='ltr'>arteria</span> <span class='ocrx_word' id='word_1_11' title='bbox 1342 201 1355 218; x_wconf 86' lang='lat'><em>‚</em></span> 
     </span>
     <span class='ocr_line' id='line_1_3' title="bbox 344 219 1353 265; baseline -0.002 -10"><span class='ocrx_word' id='word_1_12' title='bbox 344 221 523 265; x_wconf 81' lang='lat' dir='ltr'>p-raesertim</span> <span class='ocrx_word' id='word_1_13' title='bbox 548 223 624 264; x_wconf 73' lang='lat' dir='ltr'>vero</span> <span class='ocrx_word' id='word_1_14' title='bbox 646 220 680 251; x_wconf 89' lang='lat' dir='ltr'>in</span> <span class='ocrx_word' id='word_1_15' title='bbox 693 220 826 253; x_wconf 85' lang='lat' dir='ltr'><strong>matrice</strong></span> <span class='ocrx_word' id='word_1_16' title='bbox 850 219 1026 261; x_wconf 83' lang='lat' dir='ltr'>conspexi.</span> <span class='ocrx_word' id='word_1_17' title='bbox 1052 221 1090 252; x_wconf 92' lang='lat' dir='ltr'>In</span> <span class='ocrx_word' id='word_1_18' title='bbox 1106 220 1163 253; x_wconf 89' lang='lat' dir='ltr'>illa</span> <span class='ocrx_word' id='word_1_19' title='bbox 1186 222 1272 253; x_wconf 89' lang='lat' dir='ltr'>enim</span> <span class='ocrx_word' id='word_1_20' title='bbox 1284 229 1353 256; x_wconf 87' lang='lat' dir='ltr'>turn</span> 
     </span>
     <span class='ocr_line' id='line_1_4' title="bbox 341 262 1355 308; baseline -0.001 -11"><span class='ocrx_word' id='word_1_21' title='bbox 341 265 442 308; x_wconf 83' lang='lat' dir='ltr'>paulo</span> <span class='ocrx_word' id='word_1_22' title='bbox 466 263 555 305; x_wconf 87' lang='lat' dir='ltr'>supra</span> <span class='ocrx_word' id='word_1_23' title='bbox 580 262 721 296; x_wconf 83' lang='lat' dir='ltr'>valvulas</span> <span class='ocrx_word' id='word_1_24' title='bbox 746 262 955 296; x_wconf 88' lang='lat' dir='ltr'>Semilunares</span> <span class='ocrx_word' id='word_1_25' title='bbox 977 285 988 301; x_wconf 94' lang='lat'>‚</span> <span class='ocrx_word' id='word_1_26' title='bbox 1017 273 1087 296; x_wconf 88' lang='lat' dir='ltr'>tum</span> <span class='ocrx_word' id='word_1_27' title='bbox 1111 262 1148 297; x_wconf 87' lang='lat' dir='ltr'>ad</span> <span class='ocrx_word' id='word_1_28' title='bbox 1171 263 1355 308; x_wconf 84' lang='lat' dir='ltr'>lumborum</span> 
     </span>
     <span class='ocr_line' id='line_1_5' title="bbox 341 303 1357 340; baseline 0 0"><span class='ocrx_word' id='word_1_29' title='bbox 341 307 501 340; x_wconf 72' lang='lat' dir='ltr'>vertebras</span> <span class='ocrx_word' id='word_1_30' title='bbox 529 305 598 339; x_wconf 86' lang='lat' dir='ltr'>alba</span> <span class='ocrx_word' id='word_1_31' title='bbox 622 306 710 340; x_wconf 89' lang='lat' dir='ltr'>intus</span> <span class='ocrx_word' id='word_1_32' title='bbox 733 305 802 339; x_wconf 93' lang='lat' dir='ltr'>vidi</span> <span class='ocrx_word' id='word_1_33' title='bbox 827 303 1191 340; x_wconf 81' lang='lat' dir='ltr'>offiuminchoamenta.</span> <span class='ocrx_word' id='word_1_34' title='bbox 1218 306 1277 340; x_wconf 87' lang='lat' dir='ltr'>Sed</span> <span class='ocrx_word' id='word_1_35' title='bbox 1289 315 1357 340; x_wconf 88' lang='lat' dir='ltr'>ute—</span> 
     </span>
     <span class='ocr_line' id='line_1_6' title="bbox 341 348 1356 393; baseline 0 -9"><span class='ocrx_word' id='word_1_36' title='bbox 341 362 381 384; x_wconf 87' lang='lat' dir='ltr'>ro</span> <span class='ocrx_word' id='word_1_37' title='bbox 405 358 516 391; x_wconf 88' lang='lat' dir='ltr'>aperto</span> <span class='ocrx_word' id='word_1_38' title='bbox 538 372 551 389; x_wconf 89' lang='lat'>,</span> <span class='ocrx_word' id='word_1_39' title='bbox 575 349 677 391; x_wconf 88' lang='lat' dir='ltr'>reperi</span> <span class='ocrx_word' id='word_1_40' title='bbox 703 351 736 381; x_wconf 85' lang='lat' dir='ltr'>in</span> <span class='ocrx_word' id='word_1_41' title='bbox 761 348 932 391; x_wconf 85' lang='lat' dir='ltr'>posteriore</span> <span class='ocrx_word' id='word_1_42' title='bbox 953 370 962 385; x_wconf 92' lang='lat'><em>‚</em></span> <span class='ocrx_word' id='word_1_43' title='bbox 995 348 1164 392; x_wconf 87' lang='lat' dir='ltr'>eademque</span> <span class='ocrx_word' id='word_1_44' title='bbox 1195 348 1356 393; x_wconf 72' lang='lat' dir='ltr'>superiore</span> 
     </span>
     <span class='ocr_line' id='line_1_7' title="bbox 339 391 1356 437; baseline 0.002 -11"><span class='ocrx_word' id='word_1_45' title='bbox 339 391 438 430; x_wconf 78' lang='lat' dir='ltr'>fundi</span> <span class='ocrx_word' id='word_1_46' title='bbox 462 400 551 434; x_wconf 85' lang='lat' dir='ltr'>parte</span> <span class='ocrx_word' id='word_1_47' title='bbox 577 391 841 434; x_wconf 76' lang='lat' dir='ltr'><em>excrescentium,</em></span> <span class='ocrx_word' id='word_1_48' title='bbox 864 391 1148 437; x_wconf 59' lang='lat' dir='ltr'>circuliambitu,</span> <span class='ocrx_word' id='word_1_49' title='bbox 1171 393 1280 425; x_wconf 89' lang='lat' dir='ltr'>colore</span> <span class='ocrx_word' id='word_1_50' title='bbox 1303 404 1356 428; x_wconf 78' lang='lat' dir='ltr'>ex-</span> 
     </span>
     <span class='ocr_line' id='line_1_8' title="bbox 340 432 1358 479; baseline 0.003 -13"><span class='ocrx_word' id='word_1_51' title='bbox 340 437 438 469; x_wconf 84' lang='lat' dir='ltr'>terius</span> <span class='ocrx_word' id='word_1_52' title='bbox 460 443 622 472; x_wconf 87' lang='lat' dir='ltr'>cruento,</span> <span class='ocrx_word' id='word_1_53' title='bbox 649 446 664 467; x_wconf 88' lang='lat' dir='ltr'>a</span> <span class='ocrx_word' id='word_1_54' title='bbox 690 434 814 467; x_wconf 82' lang='lat' dir='ltr'>dextris</span> <span class='ocrx_word' id='word_1_55' title='bbox 836 432 1048 469; x_wconf 83' lang='lat' dir='ltr'>sinistrorsum</span> <span class='ocrx_word' id='word_1_56' title='bbox 1072 437 1279 479; x_wconf 58' lang='lat' dir='ltr'>porr-estam,</span> <span class='ocrx_word' id='word_1_57' title='bbox 1303 448 1358 471; x_wconf 87' lang='lat' dir='ltr'>cu-</span> 
     </span>
     <span class='ocr_line' id='line_1_9' title="bbox 325 476 1358 521; baseline 0.002 -10"><span class='ocrx_word' id='word_1_58' title='bbox 325 478 390 519; x_wconf 76' lang='lat' dir='ltr'>·jus</span> <span class='ocrx_word' id='word_1_59' title='bbox 413 489 479 511; x_wconf 82' lang='lat' dir='ltr'>orae</span> <span class='ocrx_word' id='word_1_60' title='bbox 501 490 572 521; x_wconf 81' lang='lat' dir='ltr'>pars</span> <span class='ocrx_word' id='word_1_61' title='bbox 596 476 681 520; x_wconf 85' lang='lat' dir='ltr'>quasi</span> <span class='ocrx_word' id='word_1_62' title='bbox 707 478 824 516; x_wconf 79' lang='lat' dir='ltr'>tertia,</span> <span class='ocrx_word' id='word_1_63' title='bbox 847 476 1008 518; x_wconf 90' lang='lat' dir='ltr'>inferior,</span> <span class='ocrx_word' id='word_1_64' title='bbox 1031 481 1063 511; x_wconf 72' lang='grc' dir='ltr'>δε</span> <span class='ocrx_word' id='word_1_65' title='bbox 1086 478 1259 513; x_wconf 83' lang='lat' dir='ltr'>sinisterior</span> <span class='ocrx_word' id='word_1_66' title='bbox 1275 502 1285 518; x_wconf 84' lang='lat'>‚</span> <span class='ocrx_word' id='word_1_67' title='bbox 1318 480 1358 513; x_wconf 91' lang='lat' dir='ltr'>ab</span> 
     </span>
     <span class='ocr_line' id='line_1_10' title="bbox 338 520 1357 565; baseline 0.002 -11"><span class='ocrx_word' id='word_1_68' title='bbox 338 530 434 555; x_wconf 88' lang='lat' dir='ltr'>utero</span> <span class='ocrx_word' id='word_1_69' title='bbox 458 520 597 564; x_wconf 62' lang='lat' dir='ltr'>sejuncta</span> <span class='ocrx_word' id='word_1_70' title='bbox 621 530 685 556; x_wconf 84' lang='lat' dir='ltr'>erat</span> <span class='ocrx_word' id='word_1_71' title='bbox 702 543 714 561; x_wconf 71' lang='lat'>,</span> <span class='ocrx_word' id='word_1_72' title='bbox 736 529 771 552; x_wconf 88' lang='lat' dir='ltr'>ut</span> <span class='ocrx_word' id='word_1_73' title='bbox 796 520 927 564; x_wconf 88' lang='lat' dir='ltr'>specillo</span> <span class='ocrx_word' id='word_1_74' title='bbox 950 520 1090 555; x_wconf 74' lang='lat' dir='ltr'>sub&#39;eeto</span> <span class='ocrx_word' id='word_1_75' title='bbox 1112 522 1357 565; x_wconf 84' lang='lat' dir='ltr'>attolliposset,</span> 
     </span>
     <span class='ocr_line' id='line_1_11' title="bbox 338 561 1356 607; baseline 0.002 -10"><span class='ocrx_word' id='word_1_76' title='bbox 338 565 500 607; x_wconf 88' lang='lat' dir='ltr'>reliquum</span> <span class='ocrx_word' id='word_1_77' title='bbox 524 576 598 600; x_wconf 85' lang='lat' dir='ltr'>cum</span> <span class='ocrx_word' id='word_1_78' title='bbox 621 565 702 600; x_wconf 83' lang='lat' dir='ltr'>uteri</span> <span class='ocrx_word' id='word_1_79' title='bbox 728 561 898 599; x_wconf 85' lang='lat' dir='ltr'>substantia</span> <span class='ocrx_word' id='word_1_80' title='bbox 913 565 996 597; x_wconf 62' lang='lat' dir='ltr'>aresti</span> <span class='ocrx_word' id='word_1_81' title='bbox 1021 576 1082 597; x_wconf 89' lang='lat' dir='ltr'>1me</span> <span class='ocrx_word' id='word_1_82' title='bbox 1105 576 1283 606; x_wconf 81' lang='lat' dir='ltr'>annexum,</span> <span class='ocrx_word' id='word_1_83' title='bbox 1308 576 1356 599; x_wconf 89' lang='lat' dir='ltr'>at-</span> 
     </span>
     <span class='ocr_line' id='line_1_12' title="bbox 337 605 1353 651; baseline 0 -10"><span class='ocrx_word' id='word_1_84' title='bbox 337 619 400 650; x_wconf 87' lang='lat' dir='ltr'>que</span> <span class='ocrx_word' id='word_1_85' title='bbox 427 606 505 641; x_wconf 86' lang='lat' dir='ltr'>adeo</span> <span class='ocrx_word' id='word_1_86' title='bbox 530 620 569 640; x_wconf 82' lang='lat' dir='ltr'>ex</span> <span class='ocrx_word' id='word_1_87' title='bbox 592 606 699 639; x_wconf 82' lang='lat' dir='ltr'>eadem</span> <span class='ocrx_word' id='word_1_88' title='bbox 724 605 872 647; x_wconf 57' lang='lat' dir='ltr'>fastum,</span> <span class='ocrx_word' id='word_1_89' title='bbox 894 605 953 639; x_wconf 80' lang='lat' dir='ltr'>nisi</span> <span class='ocrx_word' id='word_1_90' title='bbox 976 607 1062 650; x_wconf 90' lang='lat' dir='ltr'>quod</span> <span class='ocrx_word' id='word_1_91' title='bbox 1075 607 1230 646; x_wconf 86' lang='lat' dir='ltr'>secando,</span> <span class='ocrx_word' id='word_1_92' title='bbox 1252 611 1353 651; x_wconf 84' lang='lat' dir='ltr'>magis</span> 
     </span>
     <span class='ocr_line' id='line_1_13' title="bbox 336 648 1353 693; baseline 0.003 -11"><span class='ocrx_word' id='word_1_93' title='bbox 336 649 408 683; x_wconf 83' lang='lat' dir='ltr'>alba</span> <span class='ocrx_word' id='word_1_94' title='bbox 431 672 441 687; x_wconf 91' lang='lat'><em>‚</em></span> <span class='ocrx_word' id='word_1_95' title='bbox 476 651 640 693; x_wconf 67' lang='lat' dir='ltr'>compasta</span> <span class='ocrx_word' id='word_1_96' title='bbox 659 672 673 688; x_wconf 89' lang='lat'><em>‚</em></span> <span class='ocrx_word' id='word_1_97' title='bbox 706 651 738 681; x_wconf 68' lang='grc' dir='ltr'>δε</span> <span class='ocrx_word' id='word_1_98' title='bbox 761 648 839 686; x_wconf 87' lang='lat' dir='ltr'>dura</span> <span class='ocrx_word' id='word_1_99' title='bbox 861 651 895 682; x_wconf 89' lang='lat' dir='ltr'>in</span> <span class='ocrx_word' id='word_1_100' title='bbox 919 649 1128 685; x_wconf 80' lang='lat' dir='ltr'>excrescentia</span> <span class='ocrx_word' id='word_1_101' title='bbox 1152 660 1222 683; x_wconf 88' lang='lat' dir='ltr'>tota</span> <span class='ocrx_word' id='word_1_102' title='bbox 1244 652 1353 693; x_wconf 87' lang='lat' dir='ltr'>depre—</span> 
     </span>
     <span class='ocr_line' id='line_1_14' title="bbox 335 690 1352 734; baseline 0.002 -8"><span class='ocrx_word' id='word_1_103' title='bbox 335 692 537 732; x_wconf 86' lang='lat' dir='ltr'>hendebatur</span> <span class='ocrx_word' id='word_1_104' title='bbox 557 719 565 727; x_wconf 87' lang='lat'><strong>.</strong></span> <span class='ocrx_word' id='word_1_105' title='bbox 592 693 719 734; x_wconf 81' lang='lat' dir='ltr'><strong>Nempe</strong></span> <span class='ocrx_word' id='word_1_106' title='bbox 744 690 882 726; x_wconf 88' lang='lat' dir='ltr'>scirrhus</span> <span class='ocrx_word' id='word_1_107' title='bbox 907 715 920 732; x_wconf 83' lang='lat'>,</span> <span class='ocrx_word' id='word_1_108' title='bbox 954 693 1005 727; x_wconf 87' lang='lat' dir='ltr'>seu</span> <span class='ocrx_word' id='word_1_109' title='bbox 1028 695 1130 727; x_wconf 87' lang='lat' dir='ltr'>mavis</span> <span class='ocrx_word' id='word_1_110' title='bbox 1154 696 1260 727; x_wconf 85' lang='lat' dir='ltr'>cancri</span> <span class='ocrx_word' id='word_1_111' title='bbox 1285 705 1352 729; x_wconf 88' lang='lat' dir='ltr'>erat</span> 
     </span>
     <span class='ocr_line' id='line_1_15' title="bbox 337 735 1352 779; baseline 0.003 -11"><span class='ocrx_word' id='word_1_112' title='bbox 337 737 502 777; x_wconf 75' lang='lat' dir='ltr'>initium,</span> <span class='ocrx_word' id='word_1_113' title='bbox 524 735 647 769; x_wconf 90' lang='lat' dir='ltr'>occulti</span> <span class='ocrx_word' id='word_1_114' title='bbox 670 735 768 767; x_wconf 89' lang='lat' dir='ltr'>etiam</span> <span class='ocrx_word' id='word_1_115' title='bbox 791 744 886 776; x_wconf 86' lang='lat' dir='ltr'>tum,</span> <span class='ocrx_word' id='word_1_116' title='bbox 909 736 1089 770; x_wconf 82' lang='lat' dir='ltr'>humillimi</span> <span class='ocrx_word' id='word_1_117' title='bbox 1111 759 1123 777; x_wconf 85' lang='lat'>‚</span> <span class='ocrx_word' id='word_1_118' title='bbox 1152 737 1239 779; x_wconf 88' lang='lat' dir='ltr'>plani</span> <span class='ocrx_word' id='word_1_119' title='bbox 1262 760 1274 777; x_wconf 93' lang='lat'>,</span> <span class='ocrx_word' id='word_1_120' title='bbox 1298 739 1352 771; x_wconf 79' lang='lat' dir='ltr'>lae-</span> 
     </span>
     <span class='ocr_line' id='line_1_16' title="bbox 346 778 1349 823; baseline 0.004 -12"><span class='ocrx_word' id='word_1_121' title='bbox 346 781 419 820; x_wconf 86' lang='lat' dir='ltr'>vis,</span> <span class='ocrx_word' id='word_1_122' title='bbox 444 790 499 812; x_wconf 85' lang='lat' dir='ltr'>nec</span> <span class='ocrx_word' id='word_1_123' title='bbox 522 779 651 821; x_wconf 78' lang='lat' dir='ltr'>majoris</span> <span class='ocrx_word' id='word_1_124' title='bbox 674 801 682 815; x_wconf 94' lang='lat'>,</span> <span class='ocrx_word' id='word_1_125' title='bbox 713 789 810 820; x_wconf 87' lang='lat' dir='ltr'>quam</span> <span class='ocrx_word' id='word_1_126' title='bbox 833 786 868 810; x_wconf 88' lang='lat' dir='ltr'>ut</span> <span class='ocrx_word' id='word_1_127' title='bbox 889 778 1004 812; x_wconf 79' lang='lat' dir='ltr'>extensi</span> <span class='ocrx_word' id='word_1_128' title='bbox 1030 779 1156 821; x_wconf 89' lang='lat' dir='ltr'>pollicis</span> <span class='ocrx_word' id='word_1_129' title='bbox 1182 782 1270 823; x_wconf 81' lang='lat' dir='ltr'><strong>apice</strong></span> <span class='ocrx_word' id='word_1_130' title='bbox 1292 781 1349 816; x_wconf 88' lang='lat' dir='ltr'>ob-</span> 
     </span>
     <span class='ocr_line' id='line_1_17' title="bbox 333 821 1347 866; baseline 0 -9"><span class='ocrx_word' id='word_1_131' title='bbox 333 830 459 866; x_wconf 80' lang='lat' dir='ltr'>tegeres</span> <span class='ocrx_word' id='word_1_132' title='bbox 488 846 496 852; x_wconf 88' lang='lat'>.</span> <span class='ocrx_word' id='word_1_133' title='bbox 533 823 565 855; x_wconf 87' lang='lat' dir='ltr'>Si</span> <span class='ocrx_word' id='word_1_134' title='bbox 589 821 745 862; x_wconf 82' lang='lat' dir='ltr'>proximae</span> <span class='ocrx_word' id='word_1_135' title='bbox 777 822 911 855; x_wconf 82' lang='lat' dir='ltr'>cervicis</span> <span class='ocrx_word' id='word_1_136' title='bbox 934 821 1109 865; x_wconf 82' lang='lat' dir='ltr'>superficiei</span> <span class='ocrx_word' id='word_1_137' title='bbox 1134 822 1347 865; x_wconf 63' lang='lat' dir='ltr'>stmzstumm,</span> 
     </span>
     <span class='ocr_line' id='line_1_18' title="bbox 336 863 1347 909; baseline 0.002 -10"><span class='ocrx_word' id='word_1_138' title='bbox 336 869 369 909; x_wconf 70' lang='grc' dir='ltr'>ᾆ</span> <span class='ocrx_word' id='word_1_139' title='bbox 392 865 541 907; x_wconf 87' lang='lat' dir='ltr'>hymenis</span> <span class='ocrx_word' id='word_1_140' title='bbox 565 863 743 903; x_wconf 81' lang='lat' dir='ltr'>annulum,</span> <span class='ocrx_word' id='word_1_141' title='bbox 765 865 886 905; x_wconf 69' lang='lat' dir='ltr'>exigua:</span> <span class='ocrx_word' id='word_1_142' title='bbox 910 865 1040 907; x_wconf 86' lang='lat' dir='ltr'>quidem</span> <span class='ocrx_word' id='word_1_143' title='bbox 1065 865 1272 908; x_wconf 82' lang='lat' dir='ltr'>altitudinis,</span> <span class='ocrx_word' id='word_1_144' title='bbox 1295 867 1347 901; x_wconf 88' lang='lat' dir='ltr'>sed</span> 
     </span>
     <span class='ocr_line' id='line_1_19' title="bbox 332 906 1346 952; baseline 0.005 -13"><span class='ocrx_word' id='word_1_145' title='bbox 332 908 489 952; x_wconf 81' lang='lat' dir='ltr'>nusquam</span> <span class='ocrx_word' id='word_1_146' title='bbox 512 906 747 945; x_wconf 83' lang='lat' dir='ltr'>dilaceratum,</span> <span class='ocrx_word' id='word_1_147' title='bbox 770 906 946 949; x_wconf 60' lang='lat' dir='ltr'>spefftares5</span> <span class='ocrx_word' id='word_1_148' title='bbox 970 910 1025 944; x_wconf 84' lang='lat' dir='ltr'>vix</span> <span class='ocrx_word' id='word_1_149' title='bbox 1049 909 1173 950; x_wconf 87' lang='lat' dir='ltr'>ullam,</span> <span class='ocrx_word' id='word_1_150' title='bbox 1196 920 1250 948; x_wconf 89' lang='lat' dir='ltr'>aut</span> <span class='ocrx_word' id='word_1_151' title='bbox 1274 912 1346 944; x_wconf 87' lang='lat' dir='ltr'>nul-</span> 
     </span>
     <span class='ocr_line' id='line_1_20' title="bbox 332 949 1346 997; baseline 0.003 -13"><span class='ocrx_word' id='word_1_152' title='bbox 332 952 397 990; x_wconf 83' lang='lat' dir='ltr'>lam</span> <span class='ocrx_word' id='word_1_153' title='bbox 420 952 484 984; x_wconf 91' lang='lat' dir='ltr'>viri</span> <span class='ocrx_word' id='word_1_154' title='bbox 510 950 666 983; x_wconf 83' lang='lat' dir='ltr'>notitiam</span> <span class='ocrx_word' id='word_1_155' title='bbox 693 949 860 987; x_wconf 86' lang='lat' dir='ltr'>mulierem</span> <span class='ocrx_word' id='word_1_156' title='bbox 884 951 965 985; x_wconf 82' lang='lat' dir='ltr'>hanc</span> <span class='ocrx_word' id='word_1_157' title='bbox 989 951 1129 989; x_wconf 79' lang='lat' dir='ltr'>habuisse</span> <span class='ocrx_word' id='word_1_158' title='bbox 1149 975 1159 990; x_wconf 95' lang='lat'>,</span> <span class='ocrx_word' id='word_1_159' title='bbox 1183 954 1346 997; x_wconf 83' lang='lat' dir='ltr'>intellige-</span> 
     </span>
     <span class='ocr_line' id='line_1_21' title="bbox 332 994 1346 1039; baseline 0.004 -12"><span class='ocrx_word' id='word_1_160' title='bbox 332 1007 380 1028; x_wconf 86' lang='lat' dir='ltr'>res</span> <span class='ocrx_word' id='word_1_161' title='bbox 394 1019 401 1026; x_wconf 94' lang='lat'>.</span> <span class='ocrx_word' id='word_1_162' title='bbox 538 994 662 1027; x_wconf 87' lang='lat' dir='ltr'>Cranio</span> <span class='ocrx_word' id='word_1_163' title='bbox 686 994 814 1026; x_wconf 85' lang='lat' dir='ltr'>tandem</span> <span class='ocrx_word' id='word_1_164' title='bbox 839 994 984 1035; x_wconf 54' lang='lat' dir='ltr'>exsec‘tm</span> <span class='ocrx_word' id='word_1_165' title='bbox 1008 999 1041 1032; x_wconf 72' lang='grc' dir='ltr'>δε</span> <span class='ocrx_word' id='word_1_166' title='bbox 1064 996 1192 1030; x_wconf 89' lang='lat' dir='ltr'>cerebro</span> <span class='ocrx_word' id='word_1_167' title='bbox 1207 997 1346 1039; x_wconf 75' lang='lat' dir='ltr'>diligen-</span> 
     </span>
     <span class='ocr_line' id='line_1_22' title="bbox 332 1035 1348 1079; baseline 0.002 -8"><span class='ocrx_word' id='word_1_168' title='bbox 332 1046 381 1071; x_wconf 83' lang='lat' dir='ltr'>ter</span> <span class='ocrx_word' id='word_1_169' title='bbox 404 1036 540 1070; x_wconf 81' lang='lat' dir='ltr'>lustrato</span> <span class='ocrx_word' id='word_1_170' title='bbox 557 1062 566 1078; x_wconf 88' lang='lat'>‚</span> <span class='ocrx_word' id='word_1_171' title='bbox 591 1035 676 1069; x_wconf 88' lang='lat' dir='ltr'>nihil</span> <span class='ocrx_word' id='word_1_172' title='bbox 699 1037 822 1079; x_wconf 84' lang='lat' dir='ltr'>uspiam</span> <span class='ocrx_word' id='word_1_173' title='bbox 843 1037 872 1071; x_wconf 88' lang='lat' dir='ltr'>se</span> <span class='ocrx_word' id='word_1_174' title='bbox 895 1036 979 1072; x_wconf 90' lang='lat' dir='ltr'>mihi</span> <span class='ocrx_word' id='word_1_175' title='bbox 1003 1040 1129 1074; x_wconf 88' lang='lat' dir='ltr'>obtulit</span> <span class='ocrx_word' id='word_1_176' title='bbox 1163 1039 1348 1075; x_wconf 82' lang='lat' dir='ltr'>adnotatio-</span> 
     </span>
     <span class='ocr_line' id='line_1_23' title="bbox 332 1079 1348 1127; baseline 0.002 -12"><span class='ocrx_word' id='word_1_177' title='bbox 332 1092 371 1115; x_wconf 87' lang='lat' dir='ltr'>ne</span> <span class='ocrx_word' id='word_1_178' title='bbox 396 1081 534 1123; x_wconf 84' lang='lat' dir='ltr'>dignum</span> <span class='ocrx_word' id='word_1_179' title='bbox 553 1103 567 1121; x_wconf 75' lang='lat'>.—</span> <span class='ocrx_word' id='word_1_180' title='bbox 601 1079 659 1112; x_wconf 81' lang='lat' dir='ltr'>nisi</span> <span class='ocrx_word' id='word_1_181' title='bbox 682 1080 752 1117; x_wconf 80' lang='lat' dir='ltr'>vasa</span> <span class='ocrx_word' id='word_1_182' title='bbox 785 1081 911 1116; x_wconf 85' lang='lat' dir='ltr'>Tenuis</span> <span class='ocrx_word' id='word_1_183' title='bbox 932 1085 1091 1127; x_wconf 85' lang='lat' dir='ltr'>meningis</span> <span class='ocrx_word' id='word_1_184' title='bbox 1124 1083 1272 1126; x_wconf 84' lang='lat' dir='ltr'>sanguine</span> <span class='ocrx_word' id='word_1_185' title='bbox 1295 1083 1348 1118; x_wconf 91' lang='lat' dir='ltr'>di-</span> 
     </span>
    </p>
   </div>
   <div class='ocr_carea' id='block_1_3' title="bbox 970 93 1791 161">
    <p class='ocr_par' dir='ltr' id='par_1_3' title="bbox 970 93 1791 161">
     <span class='ocr_line' id='line_1_24' title="bbox 970 93 1791 161; baseline -0.004 -11"><span class='ocrx_word' id='word_1_186' title='bbox 970 94 1125 150; x_wconf 87' lang='lat' dir='ltr'>Liber</span> <span class='ocrx_word' id='word_1_187' title='bbox 1158 95 1194 149; x_wconf 88' lang='lat'>1.</span> <span class='ocrx_word' id='word_1_188' title='bbox 1228 95 1312 150; x_wconf 88' lang='lat' dir='ltr'>De</span> <span class='ocrx_word' id='word_1_189' title='bbox 1347 94 1554 149; x_wconf 87' lang='lat' dir='ltr'>Morbis</span> <span class='ocrx_word' id='word_1_190' title='bbox 1586 93 1791 161; x_wconf 82' lang='lat' dir='ltr'>Capitis</span> 
     </span>
    </p>
   </div>
   <div class='ocr_carea' id='block_1_4' title="bbox 1396 174 2412 1126">
    <p class='ocr_par' dir='ltr' id='par_1_4' title="bbox 1404 174 2412 346">
     <span class='ocr_line' id='line_1_25' title="bbox 1405 174 2411 217; baseline -0.001 -9"><span class='ocrx_word' id='word_1_191' title='bbox 1405 175 1505 209; x_wconf 81' lang='lat' dir='ltr'>stenta‘</span> <span class='ocrx_word' id='word_1_192' title='bbox 1516 198 1530 217; x_wconf 86' lang='lat'>,</span> <span class='ocrx_word' id='word_1_193' title='bbox 1552 177 1585 208; x_wconf 89' lang='lat'>&amp;</span> <span class='ocrx_word' id='word_1_194' title='bbox 1607 175 1674 217; x_wconf 89' lang='lat' dir='ltr'>ipsa</span> <span class='ocrx_word' id='word_1_195' title='bbox 1698 174 1875 215; x_wconf 84' lang='lat' dir='ltr'>facillime,</span> <span class='ocrx_word' id='word_1_196' title='bbox 1898 174 2105 217; x_wconf 84' lang='lat' dir='ltr'>undecunque</span> <span class='ocrx_word' id='word_1_197' title='bbox 2128 174 2221 209; x_wconf 83' lang='lat' dir='ltr'>velles</span> <span class='ocrx_word' id='word_1_198' title='bbox 2242 177 2255 215; x_wconf 68' lang='lat' dir='ltr'>J</span> <span class='ocrx_word' id='word_1_199' title='bbox 2279 175 2411 211; x_wconf 78' lang='lat' dir='ltr'>trahen-</span> 
     </span>
     <span class='ocr_line' id='line_1_26' title="bbox 1404 217 2412 263; baseline 0 -12"><span class='ocrx_word' id='word_1_200' title='bbox 1404 220 1448 252; x_wconf 87' lang='lat' dir='ltr'>tis</span> <span class='ocrx_word' id='word_1_201' title='bbox 1470 218 1593 261; x_wconf 82' lang='lat' dir='ltr'>digitos</span> <span class='ocrx_word' id='word_1_202' title='bbox 1617 218 1773 263; x_wconf 79' lang='lat' dir='ltr'>sequens3</span> <span class='ocrx_word' id='word_1_203' title='bbox 1806 227 1842 253; x_wconf 87' lang='lat' dir='ltr'>ut</span> <span class='ocrx_word' id='word_1_204' title='bbox 1865 217 1987 251; x_wconf 86' lang='lat' dir='ltr'>tametsi</span> <span class='ocrx_word' id='word_1_205' title='bbox 2012 229 2027 251; x_wconf 89' lang='lat' dir='ltr'>a</span> <span class='ocrx_word' id='word_1_206' title='bbox 2053 228 2124 252; x_wconf 84' lang='lat' dir='ltr'>uam</span> <span class='ocrx_word' id='word_1_207' title='bbox 2155 220 2212 252; x_wconf 83' lang='lat' dir='ltr'>vix</span> <span class='ocrx_word' id='word_1_208' title='bbox 2237 220 2340 253; x_wconf 89' lang='lat' dir='ltr'>ullam</span> <span class='ocrx_word' id='word_1_209' title='bbox 2359 222 2412 253; x_wconf 90' lang='lat' dir='ltr'>vi-</span> 
     </span>
     <span class='ocr_line' id='line_1_27' title="bbox 1406 260 2411 312; baseline 0.002 -16"><span class='ocrx_word' id='word_1_210' title='bbox 1406 261 1533 302; x_wconf 83' lang='lat' dir='ltr'>derim,</span> <span class='ocrx_word' id='word_1_211' title='bbox 1550 261 1772 312; x_wconf 38' lang='lat' dir='ltr'>¹non-prorsus</span> <span class='ocrx_word' id='word_1_212' title='bbox 1794 269 1901 297; x_wconf 89' lang='lat' dir='ltr'>tamen</span> <span class='ocrx_word' id='word_1_213' title='bbox 1926 260 2011 296; x_wconf 87' lang='lat' dir='ltr'>defui</span> <span class='ocrx_word' id='word_1_214' title='bbox 2039 272 2054 294; x_wconf 88' lang='lat' dir='ltr'>e</span> <span class='ocrx_word' id='word_1_215' title='bbox 2063 283 2077 302; x_wconf 92' lang='lat'>,</span> <span class='ocrx_word' id='word_1_216' title='bbox 2099 260 2146 295; x_wconf 88' lang='lat' dir='ltr'>vel</span> <span class='ocrx_word' id='word_1_217' title='bbox 2170 273 2209 296; x_wconf 85' lang='lat' dir='ltr'>ex</span> <span class='ocrx_word' id='word_1_218' title='bbox 2234 261 2297 297; x_wconf 84' lang='lat' dir='ltr'>hoc</span> <span class='ocrx_word' id='word_1_219' title='bbox 2323 263 2411 298; x_wconf 89' lang='lat' dir='ltr'>indi-</span> 
     </span>
     <span class='ocr_line' id='line_1_28' title="bbox 1405 316 1693 346; baseline -0.01 -7"><span class='ocrx_word' id='word_1_220' title='bbox 1405 317 1459 339; x_wconf 77' lang='lat' dir='ltr'>clo</span> <span class='ocrx_word' id='word_1_221' title='bbox 1481 316 1693 346; x_wconf 70' lang='lat' dir='ltr'>conjecerim.</span> 
     </span>
    </p>

    <p class='ocr_par' dir='ltr' id='par_1_5' title="bbox 1406 347 2411 651">
     <span class='ocr_line' id='line_1_29' title="bbox 1453 347 2411 392; baseline 0.002 -11"><span class='ocrx_word' id='word_1_222' title='bbox 1453 350 1501 381; x_wconf 84' lang='lat'>18.</span> <span class='ocrx_word' id='word_1_223' title='bbox 1529 349 1561 380; x_wconf 89' lang='lat' dir='ltr'>Si</span> <span class='ocrx_word' id='word_1_224' title='bbox 1585 347 1669 381; x_wconf 87' lang='lat' dir='ltr'>forte</span> <span class='ocrx_word' id='word_1_225' title='bbox 1701 349 1845 390; x_wconf 69' lang='lat' dir='ltr'>expectas</span> <span class='ocrx_word' id='word_1_226' title='bbox 1868 371 1881 389; x_wconf 90' lang='lat'>,</span> <span class='ocrx_word' id='word_1_227' title='bbox 1915 356 1953 383; x_wconf 91' lang='lat' dir='ltr'>ut</span> <span class='ocrx_word' id='word_1_228' title='bbox 1984 347 2168 392; x_wconf 83' lang='lat' dir='ltr'>priusquam</span> <span class='ocrx_word' id='word_1_229' title='bbox 2200 347 2296 383; x_wconf 87' lang='lat' dir='ltr'>finem</span> <span class='ocrx_word' id='word_1_230' title='bbox 2333 349 2411 383; x_wconf 89' lang='lat' dir='ltr'>scri-</span> 
     </span>
     <span class='ocr_line' id='line_1_30' title="bbox 1406 390 2410 436; baseline 0.001 -10"><span class='ocrx_word' id='word_1_231' title='bbox 1406 391 1501 426; x_wconf 89' lang='lat' dir='ltr'>bendi</span> <span class='ocrx_word' id='word_1_232' title='bbox 1524 390 1663 432; x_wconf 86' lang='lat' dir='ltr'>faciam,</span> <span class='ocrx_word' id='word_1_233' title='bbox 1685 391 1825 425; x_wconf 86' lang='lat' dir='ltr'>indicare</span> <span class='ocrx_word' id='word_1_234' title='bbox 1838 390 2021 435; x_wconf 83' lang='lat' dir='ltr'>aggrediar,</span> <span class='ocrx_word' id='word_1_235' title='bbox 2041 391 2147 435; x_wconf 84' lang='lat' dir='ltr'>quain</span> <span class='ocrx_word' id='word_1_236' title='bbox 2170 391 2292 426; x_wconf 84' lang='lat' dir='ltr'>cerebri</span> <span class='ocrx_word' id='word_1_237' title='bbox 2312 391 2410 436; x_wconf 81' lang='lat' dir='ltr'>ipsius</span> 
     </span>
     <span class='ocr_line' id='line_1_31' title="bbox 1406 433 2411 479; baseline 0.001 -10"><span class='ocrx_word' id='word_1_238' title='bbox 1406 444 1515 479; x_wconf 85' lang='lat' dir='ltr'>parte,</span> <span class='ocrx_word' id='word_1_239' title='bbox 1540 437 1570 470; x_wconf 74' lang='grc' dir='ltr'>δι</span> <span class='ocrx_word' id='word_1_240' title='bbox 1594 446 1656 478; x_wconf 85' lang='lat' dir='ltr'>qua</span> <span class='ocrx_word' id='word_1_241' title='bbox 1680 436 1825 474; x_wconf 86' lang='lat' dir='ltr'>ratione,</span> <span class='ocrx_word' id='word_1_242' title='bbox 1850 438 1882 469; x_wconf 64' lang='grc' dir='ltr'>ὃ(</span> <span class='ocrx_word' id='word_1_243' title='bbox 1906 437 1962 479; x_wconf 88' lang='lat' dir='ltr'>qui</span> <span class='ocrx_word' id='word_1_244' title='bbox 1985 445 2092 469; x_wconf 85' lang='lat' dir='ltr'>motus</span> <span class='ocrx_word' id='word_1_245' title='bbox 2116 433 2193 468; x_wconf 79' lang='lat' dir='ltr'>fiant</span> <span class='ocrx_word' id='word_1_246' title='bbox 2205 457 2218 474; x_wconf 88' lang='lat'><em>‚</em></span> <span class='ocrx_word' id='word_1_247' title='bbox 2240 446 2314 469; x_wconf 89' lang='lat' dir='ltr'>cum</span> <span class='ocrx_word' id='word_1_248' title='bbox 2325 436 2411 469; x_wconf 87' lang='lat' dir='ltr'>deli-</span> 
     </span>
     <span class='ocr_line' id='line_1_32' title="bbox 1407 477 2406 518; baseline 0 -7"><span class='ocrx_word' id='word_1_249' title='bbox 1407 480 1455 512; x_wconf 87' lang='lat' dir='ltr'>ria</span> <span class='ocrx_word' id='word_1_250' title='bbox 1475 479 1654 513; x_wconf 85' lang='lat' dir='ltr'>excitantur</span> <span class='ocrx_word' id='word_1_251' title='bbox 1675 490 1685 518; x_wconf 75' lang='grc' dir='ltr'><em>ς</em></span> <span class='ocrx_word' id='word_1_252' title='bbox 1718 489 1768 512; x_wconf 89' lang='lat' dir='ltr'>me</span> <span class='ocrx_word' id='word_1_253' title='bbox 1791 489 1854 511; x_wconf 88' lang='lat' dir='ltr'>non</span> <span class='ocrx_word' id='word_1_254' title='bbox 1892 479 1965 512; x_wconf 87' lang='lat' dir='ltr'>satis</span> <span class='ocrx_word' id='word_1_255' title='bbox 1989 479 2092 514; x_wconf 88' lang='lat' dir='ltr'>adhuc</span> <span class='ocrx_word' id='word_1_256' title='bbox 2115 477 2232 511; x_wconf 85' lang='lat' dir='ltr'>videris</span> <span class='ocrx_word' id='word_1_257' title='bbox 2256 478 2373 513; x_wconf 87' lang='lat' dir='ltr'>novisse</span> <span class='ocrx_word' id='word_1_258' title='bbox 2396 503 2406 511; x_wconf 89' lang='lat'>.</span> 
     </span>
     <span class='ocr_line' id='line_1_33' title="bbox 1407 520 2409 566; baseline 0.001 -11"><span class='ocrx_word' id='word_1_259' title='bbox 1407 523 1478 556; x_wconf 85' lang='lat' dir='ltr'>Vix</span> <span class='ocrx_word' id='word_1_260' title='bbox 1500 521 1646 563; x_wconf 77' lang='lat' dir='ltr'>quaedam</span> <span class='ocrx_word' id='word_1_261' title='bbox 1667 521 1822 564; x_wconf 84' lang='lat' dir='ltr'>generalia</span> <span class='ocrx_word' id='word_1_262' title='bbox 1846 520 1986 563; x_wconf 78' lang='lat' dir='ltr'>possem,</span> <span class='ocrx_word' id='word_1_263' title='bbox 2008 534 2108 566; x_wconf 90' lang='lat' dir='ltr'>eoque</span> <span class='ocrx_word' id='word_1_264' title='bbox 2132 521 2220 561; x_wconf 89' lang='lat' dir='ltr'>tibi,</span> <span class='ocrx_word' id='word_1_265' title='bbox 2242 524 2409 556; x_wconf 71' lang='lat' dir='ltr'>&amp;caeteris</span> 
     </span>
     <span class='ocr_line' id='line_1_34' title="bbox 1407 563 2410 608; baseline 0 -10"><span class='ocrx_word' id='word_1_266' title='bbox 1407 576 1561 608; x_wconf 86' lang='lat' dir='ltr'>perquam</span> <span class='ocrx_word' id='word_1_267' title='bbox 1584 573 1660 599; x_wconf 81' lang='lat' dir='ltr'>nota</span> <span class='ocrx_word' id='word_1_268' title='bbox 1682 586 1695 605; x_wconf 65' lang='lat'>³</span> <span class='ocrx_word' id='word_1_269' title='bbox 1728 574 1823 608; x_wconf 87' lang='lat' dir='ltr'>atque</span> <span class='ocrx_word' id='word_1_270' title='bbox 1844 565 1900 597; x_wconf 85' lang='lat' dir='ltr'>illa</span> <span class='ocrx_word' id='word_1_271' title='bbox 1930 566 1995 608; x_wconf 89' lang='lat' dir='ltr'>ipsa</span> <span class='ocrx_word' id='word_1_272' title='bbox 2020 563 2135 599; x_wconf 88' lang='lat' dir='ltr'>timide</span> <span class='ocrx_word' id='word_1_273' title='bbox 2152 588 2165 605; x_wconf 85' lang='lat'>,</span> <span class='ocrx_word' id='word_1_274' title='bbox 2198 575 2231 597; x_wconf 91' lang='lat' dir='ltr'>ac</span> <span class='ocrx_word' id='word_1_275' title='bbox 2263 563 2410 607; x_wconf 88' lang='lat' dir='ltr'>pedeten-</span> 
     </span>
     <span class='ocr_line' id='line_1_35' title="bbox 1407 606 2409 651; baseline 0 -10"><span class='ocrx_word' id='word_1_276' title='bbox 1407 609 1468 642; x_wconf 89' lang='lat' dir='ltr'>tim</span> <span class='ocrx_word' id='word_1_277' title='bbox 1490 624 1515 645; x_wconf 87' lang='lat'>‚·</span> <span class='ocrx_word' id='word_1_278' title='bbox 1533 608 1634 641; x_wconf 87' lang='lat' dir='ltr'>dicere</span> <span class='ocrx_word' id='word_1_279' title='bbox 1654 632 1661 641; x_wconf 97' lang='lat'>.</span> <span class='ocrx_word' id='word_1_280' title='bbox 1696 609 1822 642; x_wconf 81' lang='lat' dir='ltr'>Caetera</span> <span class='ocrx_word' id='word_1_281' title='bbox 1844 608 1872 640; x_wconf 87' lang='lat' dir='ltr'>ei</span> <span class='ocrx_word' id='word_1_282' title='bbox 1895 610 2034 651; x_wconf 88' lang='lat' dir='ltr'>tempori</span> <span class='ocrx_word' id='word_1_283' title='bbox 2058 606 2265 642; x_wconf 87' lang='lat' dir='ltr'>condonanda</span> <span class='ocrx_word' id='word_1_284' title='bbox 2298 609 2409 642; x_wconf 90' lang='lat' dir='ltr'>censeo</span> 
     </span>
    </p>

    <p class='ocr_par' dir='ltr' id='par_1_6' title="bbox 1396 650 2408 1126">
     <span class='ocr_line' id='line_1_36' title="bbox 1429 650 2408 698; baseline 0.001 -14"><span class='ocrx_word' id='word_1_285' title='bbox 1429 663 1470 684; x_wconf 91' lang='lat' dir='ltr'>uo</span> <span class='ocrx_word' id='word_1_286' title='bbox 1491 651 1616 685; x_wconf 88' lang='lat' dir='ltr'>Medici</span> <span class='ocrx_word' id='word_1_287' title='bbox 1640 651 1731 685; x_wconf 86' lang='lat' dir='ltr'>laude</span> <span class='ocrx_word' id='word_1_288' title='bbox 1754 650 1887 693; x_wconf 89' lang='lat' dir='ltr'>dignum</span> <span class='ocrx_word' id='word_1_289' title='bbox 1909 652 2065 698; x_wconf 86' lang='lat' dir='ltr'>putabant</span> <span class='ocrx_word' id='word_1_290' title='bbox 2087 652 2197 685; x_wconf 87' lang='lat' dir='ltr'>omnia</span> <span class='ocrx_word' id='word_1_291' title='bbox 2221 662 2284 684; x_wconf 89' lang='lat' dir='ltr'>non</span> <span class='ocrx_word' id='word_1_292' title='bbox 2309 652 2408 685; x_wconf 89' lang='lat' dir='ltr'>modo</span> 
     </span>
     <span class='ocr_line' id='line_1_37' title="bbox 1404 692 2408 737; baseline 0 -9"><span class='ocrx_word' id='word_1_293' title='bbox 1404 708 1417 728; x_wconf 88' lang='lat' dir='ltr'>a</span> <span class='ocrx_word' id='word_1_294' title='bbox 1444 694 1563 736; x_wconf 82' lang='lat' dir='ltr'>strusa,</span> <span class='ocrx_word' id='word_1_295' title='bbox 1586 693 1637 728; x_wconf 87' lang='lat' dir='ltr'>sed</span> <span class='ocrx_word' id='word_1_296' title='bbox 1661 695 1710 729; x_wconf 90' lang='lat' dir='ltr'>vel</span> <span class='ocrx_word' id='word_1_297' title='bbox 1734 695 1824 736; x_wconf 88' lang='lat' dir='ltr'>supra</span> <span class='ocrx_word' id='word_1_298' title='bbox 1845 703 1976 737; x_wconf 88' lang='lat' dir='ltr'>captum</span> <span class='ocrx_word' id='word_1_299' title='bbox 1997 695 2136 729; x_wconf 88' lang='lat' dir='ltr'>nostrum</span> <span class='ocrx_word' id='word_1_300' title='bbox 2158 692 2259 736; x_wconf 79' lang='lat' dir='ltr'>pofita</span> <span class='ocrx_word' id='word_1_301' title='bbox 2290 694 2333 728; x_wconf 85' lang='lat' dir='ltr'>sic</span> <span class='ocrx_word' id='word_1_302' title='bbox 2355 697 2408 728; x_wconf 85' lang='lat' dir='ltr'>in-</span> 
     </span>
     <span class='ocr_line' id='line_1_38' title="bbox 1402 738 2403 782; baseline -0.001 -10"><span class='ocrx_word' id='word_1_303' title='bbox 1402 739 1525 782; x_wconf 87' lang='lat' dir='ltr'>quirere</span> <span class='ocrx_word' id='word_1_304' title='bbox 1553 761 1563 777; x_wconf 86' lang='lat'>‚</span> <span class='ocrx_word' id='word_1_305' title='bbox 1595 747 1630 772; x_wconf 90' lang='lat' dir='ltr'>ut</span> <span class='ocrx_word' id='word_1_306' title='bbox 1652 749 1726 771; x_wconf 89' lang='lat' dir='ltr'>cum</span> <span class='ocrx_word' id='word_1_307' title='bbox 1757 738 1899 771; x_wconf 86' lang='lat' dir='ltr'>invenire</span> <span class='ocrx_word' id='word_1_308' title='bbox 1921 750 1986 772; x_wconf 89' lang='lat' dir='ltr'>non</span> <span class='ocrx_word' id='word_1_309' title='bbox 2016 738 2136 781; x_wconf 77' lang='lat' dir='ltr'>possent</span> <span class='ocrx_word' id='word_1_310' title='bbox 2155 762 2168 778; x_wconf 88' lang='lat'>,</span> <span class='ocrx_word' id='word_1_311' title='bbox 2198 739 2403 773; x_wconf 85' lang='lat' dir='ltr'>comminisci</span> 
     </span>
     <span class='ocr_line' id='line_1_39' title="bbox 1401 780 2403 824; baseline 0.001 -10"><span class='ocrx_word' id='word_1_312' title='bbox 1401 791 1467 814; x_wconf 90' lang='lat' dir='ltr'>non</span> <span class='ocrx_word' id='word_1_313' title='bbox 1490 781 1692 818; x_wconf 80' lang='lat' dir='ltr'>dubitarent.</span> <span class='ocrx_word' id='word_1_314' title='bbox 1718 780 1847 819; x_wconf 77' lang='lat' dir='ltr'>Quibus</span> <span class='ocrx_word' id='word_1_315' title='bbox 1870 783 1995 815; x_wconf 88' lang='lat' dir='ltr'>utinam</span> <span class='ocrx_word' id='word_1_316' title='bbox 2018 783 2052 815; x_wconf 93' lang='lat' dir='ltr'>in</span> <span class='ocrx_word' id='word_1_317' title='bbox 2076 780 2274 824; x_wconf 86' lang='lat' dir='ltr'>Sepulchreti</span> <span class='ocrx_word' id='word_1_318' title='bbox 2299 781 2403 815; x_wconf 91' lang='lat' dir='ltr'>Scho-</span> 
     </span>
     <span class='ocr_line' id='line_1_40' title="bbox 1399 824 2407 869; baseline 0.002 -12"><span class='ocrx_word' id='word_1_319' title='bbox 1399 825 1452 857; x_wconf 84' lang='lat' dir='ltr'>liis</span> <span class='ocrx_word' id='word_1_320' title='bbox 1475 833 1601 859; x_wconf 84' lang='lat' dir='ltr'>tantum</span> <span class='ocrx_word' id='word_1_321' title='bbox 1625 824 1689 856; x_wconf 92' lang='lat' dir='ltr'>loci</span> <span class='ocrx_word' id='word_1_322' title='bbox 1711 824 1821 857; x_wconf 88' lang='lat' dir='ltr'>datum</span> <span class='ocrx_word' id='word_1_323' title='bbox 1845 834 1907 857; x_wconf 89' lang='lat' dir='ltr'>non</span> <span class='ocrx_word' id='word_1_324' title='bbox 1929 825 2000 859; x_wconf 85' lang='lat' dir='ltr'>esset</span> <span class='ocrx_word' id='word_1_325' title='bbox 2024 849 2038 865; x_wconf 89' lang='lat'><em>‚</em></span> <span class='ocrx_word' id='word_1_326' title='bbox 2067 834 2224 868; x_wconf 88' lang='lat' dir='ltr'>quantum</span> <span class='ocrx_word' id='word_1_327' title='bbox 2248 825 2322 869; x_wconf 82' lang='lat' dir='ltr'>ipsae</span> <span class='ocrx_word' id='word_1_328' title='bbox 2355 824 2407 859; x_wconf 86' lang='lat' dir='ltr'>hi-</span> 
     </span>
     <span class='ocr_line' id='line_1_41' title="bbox 1396 867 2405 914; baseline 0 -13"><span class='ocrx_word' id='word_1_329' title='bbox 1396 867 1500 901; x_wconf 82' lang='lat' dir='ltr'>storiae</span> <span class='ocrx_word' id='word_1_330' title='bbox 1524 868 1710 902; x_wconf 86' lang='lat' dir='ltr'>morborum</span> <span class='ocrx_word' id='word_1_331' title='bbox 1732 868 1871 911; x_wconf 88' lang='lat' dir='ltr'>capitis,</span> <span class='ocrx_word' id='word_1_332' title='bbox 1896 869 1944 902; x_wconf 90' lang='lat' dir='ltr'>vel</span> <span class='ocrx_word' id='word_1_333' title='bbox 1967 869 2076 902; x_wconf 80' lang='lat' dir='ltr'>multae</span> <span class='ocrx_word' id='word_1_334' title='bbox 2099 867 2214 906; x_wconf 85' lang='lat' dir='ltr'>simul,</span> <span class='ocrx_word' id='word_1_335' title='bbox 2239 868 2317 910; x_wconf 86' lang='lat' dir='ltr'>saepe</span> <span class='ocrx_word' id='word_1_336' title='bbox 2340 879 2405 914; x_wconf 82' lang='lat' dir='ltr'>non</span> 
     </span>
     <span class='ocr_line' id='line_1_42' title="bbox 1396 911 2407 954; baseline 0.002 -11"><span class='ocrx_word' id='word_1_337' title='bbox 1396 922 1577 952; x_wconf 86' lang='lat' dir='ltr'>occupant,</span> <span class='ocrx_word' id='word_1_338' title='bbox 1601 911 1766 952; x_wconf 86' lang='lat' dir='ltr'>multoque</span> <span class='ocrx_word' id='word_1_339' title='bbox 1788 913 1936 945; x_wconf 89' lang='lat' dir='ltr'>minusin</span> <span class='ocrx_word' id='word_1_340' title='bbox 1959 923 2024 945; x_wconf 90' lang='lat' dir='ltr'>uno</span> <span class='ocrx_word' id='word_1_341' title='bbox 2047 911 2208 945; x_wconf 90' lang='lat' dir='ltr'>interdum</span> <span class='ocrx_word' id='word_1_342' title='bbox 2231 912 2407 954; x_wconf 90' lang='lat' dir='ltr'>eodemque</span> 
     </span>
     <span class='ocr_line' id='line_1_43' title="bbox 1397 951 2403 996; baseline 0.001 -9"><span class='ocrx_word' id='word_1_343' title='bbox 1397 953 1531 987; x_wconf 88' lang='lat' dir='ltr'>Scholio</span> <span class='ocrx_word' id='word_1_344' title='bbox 1553 958 1567 994; x_wconf 96' lang='lat'><strong>(</strong></span> <span class='ocrx_word' id='word_1_345' title='bbox 1589 965 1609 987; x_wconf 88' lang='lat' dir='ltr'>n</span> <span class='ocrx_word' id='word_1_346' title='bbox 1630 958 1644 995; x_wconf 88' lang='lat'>)</span> <span class='ocrx_word' id='word_1_347' title='bbox 1667 951 1796 988; x_wconf 80' lang='lat' dir='ltr'>fuissent</span> <span class='ocrx_word' id='word_1_348' title='bbox 1821 953 1926 988; x_wconf 88' lang='lat' dir='ltr'>eadem</span> <span class='ocrx_word' id='word_1_349' title='bbox 1947 956 2060 988; x_wconf 88' lang='lat' dir='ltr'>iterata</span> <span class='ocrx_word' id='word_1_350' title='bbox 2074 976 2084 991; x_wconf 82' lang='lat'><em>‚</em></span> <span class='ocrx_word' id='word_1_351' title='bbox 2107 955 2183 987; x_wconf 86' lang='lat' dir='ltr'>talia</span> <span class='ocrx_word' id='word_1_352' title='bbox 2208 954 2403 996; x_wconf 72' lang='lat' dir='ltr'>praesertim,</span> 
     </span>
     <span class='ocr_line' id='line_1_44' title="bbox 1397 996 2402 1043; baseline -0.001 -11"><span class='ocrx_word' id='word_1_353' title='bbox 1397 1007 1433 1032; x_wconf 83' lang='lat' dir='ltr'>ut</span> <span class='ocrx_word' id='word_1_354' title='bbox 1453 1009 1472 1043; x_wconf 73' lang='lat' dir='ltr'>a</span> <span class='ocrx_word' id='word_1_355' title='bbox 1507 999 1571 1030; x_wconf 88' lang='lat' dir='ltr'>veri</span> <span class='ocrx_word' id='word_1_356' title='bbox 1596 996 1806 1031; x_wconf 80' lang='lat' dir='ltr'>similitudine</span> <span class='ocrx_word' id='word_1_357' title='bbox 1842 997 2040 1039; x_wconf 87' lang='lat' dir='ltr'>abhorrere,</span> <span class='ocrx_word' id='word_1_358' title='bbox 2071 1009 2110 1031; x_wconf 85' lang='lat' dir='ltr'>ex</span> <span class='ocrx_word' id='word_1_359' title='bbox 2141 1009 2219 1040; x_wconf 88' lang='lat' dir='ltr'>pene</span> <span class='ocrx_word' id='word_1_360' title='bbox 2251 998 2402 1031; x_wconf 81' lang='lat' dir='ltr'>omnibus</span> 
     </span>
     <span class='ocr_line' id='line_1_45' title="bbox 1397 1040 2404 1085; baseline 0.003 -12"><span class='ocrx_word' id='word_1_361' title='bbox 1397 1040 1640 1075; x_wconf 76' lang='lat' dir='ltr'>disseffionibus</span> <span class='ocrx_word' id='word_1_362' title='bbox 1665 1041 1807 1085; x_wconf 81' lang='lat' dir='ltr'>intelligi</span> <span class='ocrx_word' id='word_1_363' title='bbox 1831 1041 1922 1085; x_wconf 67' lang='lat' dir='ltr'>possit</span> <span class='ocrx_word' id='word_1_364' title='bbox 1948 1065 1959 1083; x_wconf 94' lang='lat'>,</span> <span class='ocrx_word' id='word_1_365' title='bbox 1983 1052 2059 1085; x_wconf 82' lang='lat' dir='ltr'>quas</span> <span class='ocrx_word' id='word_1_366' title='bbox 2081 1041 2239 1084; x_wconf 83' lang='lat' dir='ltr'>proximis</span> <span class='ocrx_word' id='word_1_367' title='bbox 2263 1042 2404 1076; x_wconf 88' lang='lat' dir='ltr'>Litteris</span> 
     </span>
     <span class='ocr_line' id='line_1_46' title="bbox 1396 1082 1737 1126; baseline 0 -11"><span class='ocrx_word' id='word_1_368' title='bbox 1396 1082 1590 1126; x_wconf 81' lang='lat' dir='ltr'>perscribam</span> <span class='ocrx_word' id='word_1_369' title='bbox 1603 1109 1611 1116; x_wconf 93' lang='lat'>.</span> <span class='ocrx_word' id='word_1_370' title='bbox 1638 1084 1737 1118; x_wconf 82' lang='lat' dir='ltr'>Vale.</span> 
     </span>
    </p>
   </div>
   <div class='ocr_carea' id='block_1_5' title="bbox 329 1238 2403 1452">
    <p class='ocr_par' dir='ltr' id='par_1_7' title="bbox 329 1238 2403 1452">
     <span class='ocr_line' id='line_1_47' title="bbox 329 1238 2403 1339; baseline -0.001 -19"><span class='ocrx_word' id='word_1_371' title='bbox 329 1255 878 1339; x_wconf 77' lang='lat' dir='ltr'>EprsTOLA</span> <span class='ocrx_word' id='word_1_372' title='bbox 950 1238 2141 1339; x_wconf 80' lang='lat' dir='ltr'><strong>ANATOMICO-MEDICA</strong></span> <span class='ocrx_word' id='word_1_373' title='bbox 2209 1259 2403 1324; x_wconf 72' lang='lat' dir='ltr'>vm.</span> 
     </span>
     <span class='ocr_line' id='line_1_48' title="bbox 513 1380 2219 1452; baseline 0 -19"><span class='ocrx_word' id='word_1_374' title='bbox 513 1382 598 1434; x_wconf 91' lang='lat' dir='ltr'>De</span> <span class='ocrx_word' id='word_1_375' title='bbox 634 1380 825 1434; x_wconf 80' lang='lat' dir='ltr'>Mania</span> <span class='ocrx_word' id='word_1_376' title='bbox 843 1421 857 1442; x_wconf 91' lang='lat'>‚</span> <span class='ocrx_word' id='word_1_377' title='bbox 893 1382 1258 1438; x_wconf 84' lang='lat' dir='ltr'>Melancholia</span> <span class='ocrx_word' id='word_1_378' title='bbox 1275 1424 1293 1447; x_wconf 90' lang='lat'>,</span> <span class='ocrx_word' id='word_1_379' title='bbox 1326 1386 1379 1438; x_wconf 72' lang='grc' dir='ltr'>δι</span> <span class='ocrx_word' id='word_1_380' title='bbox 1415 1384 1820 1452; x_wconf 80' lang='lat' dir='ltr'>Hydrophobia</span> <span class='ocrx_word' id='word_1_381' title='bbox 1856 1384 2013 1437; x_wconf 72' lang='lat' dir='ltr'>verba</span> <span class='ocrx_word' id='word_1_382' title='bbox 2046 1383 2219 1445; x_wconf 61' lang='lat' dir='ltr'>fiunt.</span> 
     </span>
    </p>
   </div>
   <div class='ocr_carea' id='block_1_6' title="bbox 319 1501 1347 3494">
    <p class='ocr_par' dir='ltr' id='par_1_8' title="bbox 319 1501 1343 2672">
     <span class='ocr_line' id='line_1_49' title="bbox 413 1501 1336 1548; baseline 0 -11"><span class='ocrx_word' id='word_1_383' title='bbox 413 1503 586 1546; x_wconf 87' lang='lat' dir='ltr'>Equuntur</span> <span class='ocrx_word' id='word_1_384' title='bbox 608 1504 643 1535; x_wconf 89' lang='lat' dir='ltr'>in</span> <span class='ocrx_word' id='word_1_385' title='bbox 670 1501 878 1544; x_wconf 88' lang='lat' dir='ltr'>Sepulchreto</span> <span class='ocrx_word' id='word_1_386' title='bbox 901 1506 1062 1540; x_wconf 60' lang='lat' dir='ltr'>Sestiones</span> <span class='ocrx_word' id='word_1_387' title='bbox 1084 1506 1153 1540; x_wconf 77' lang='lat' dir='ltr'>duae</span> <span class='ocrx_word' id='word_1_388' title='bbox 1168 1530 1180 1546; x_wconf 86' lang='lat'>,</span> <span class='ocrx_word' id='word_1_389' title='bbox 1203 1515 1336 1548; x_wconf 86' lang='lat' dir='ltr'>quarum</span> 
     </span>
     <span class='ocr_line' id='line_1_50' title="bbox 424 1546 1337 1592; baseline 0 -13"><span class='ocrx_word' id='word_1_390' title='bbox 424 1547 520 1579; x_wconf 86' lang='lat' dir='ltr'>altera</span> <span class='ocrx_word' id='word_1_391' title='bbox 544 1548 580 1579; x_wconf 84' lang='lat' dir='ltr'>de</span> <span class='ocrx_word' id='word_1_392' title='bbox 605 1547 714 1579; x_wconf 81' lang='lat' dir='ltr'>Mania</span> <span class='ocrx_word' id='word_1_393' title='bbox 736 1569 744 1583; x_wconf 94' lang='lat'><strong>‚</strong></span> <span class='ocrx_word' id='word_1_394' title='bbox 779 1547 821 1579; x_wconf 64' lang='lat'>(3⁷⁹</span> <span class='ocrx_word' id='word_1_395' title='bbox 842 1546 940 1587; x_wconf 75' lang='lat' dir='ltr'>Rabie</span> <span class='ocrx_word' id='word_1_396' title='bbox 967 1575 976 1590; x_wconf 85' lang='lat'>‚</span> <span class='ocrx_word' id='word_1_397' title='bbox 1003 1550 1059 1592; x_wconf 61' lang='lat' dir='ltr'>seu</span> <span class='ocrx_word' id='word_1_398' title='bbox 1082 1547 1302 1592; x_wconf 73' lang='lat' dir='ltr'>Hydrophobicz</span> <span class='ocrx_word' id='word_1_399' title='bbox 1327 1571 1337 1586; x_wconf 88' lang='lat'>,</span> 
     </span>
     <span class='ocr_line' id='line_1_51' title="bbox 425 1587 1338 1638; baseline -0.005 -15"><span class='ocrx_word' id='word_1_400' title='bbox 425 1591 522 1623; x_wconf 77' lang='lat' dir='ltr'>altera</span> <span class='ocrx_word' id='word_1_401' title='bbox 545 1591 580 1622; x_wconf 73' lang='lat' dir='ltr'>de</span> <span class='ocrx_word' id='word_1_402' title='bbox 602 1587 809 1623; x_wconf 62' lang='lat' dir='ltr'>Melancholl&#39;a</span> <span class='ocrx_word' id='word_1_403' title='bbox 829 1615 837 1629; x_wconf 84' lang='lat'>‚</span> <span class='ocrx_word' id='word_1_404' title='bbox 872 1593 914 1624; x_wconf 50' lang='grc' dir='ltr'>ξφ</span> <span class='ocrx_word' id='word_1_405' title='bbox 944 1593 1124 1638; x_wconf 66' lang='grc' dir='ltr'>,Αῂῑὲῖἱίοηε</span> <span class='ocrx_word' id='word_1_406' title='bbox 1156 1590 1338 1634; x_wconf 71' lang='lat' dir='ltr'>Hypoclyon-</span> 
     </span>
     <span class='ocr_line' id='line_1_52' title="bbox 325 1631 1336 1677; baseline 0 -10"><span class='ocrx_word' id='word_1_407' title='bbox 325 1634 433 1667; x_wconf 64' lang='lat' dir='ltr'>tiriaca</span> <span class='ocrx_word' id='word_1_408' title='bbox 457 1632 609 1674; x_wconf 88' lang='lat' dir='ltr'>inscripta</span> <span class='ocrx_word' id='word_1_409' title='bbox 632 1631 676 1665; x_wconf 86' lang='lat' dir='ltr'>est</span> <span class='ocrx_word' id='word_1_410' title='bbox 695 1656 702 1662; x_wconf 92' lang='lat'>.</span> <span class='ocrx_word' id='word_1_411' title='bbox 739 1633 789 1665; x_wconf 85' lang='lat' dir='ltr'>De</span> <span class='ocrx_word' id='word_1_412' title='bbox 815 1632 875 1665; x_wconf 82' lang='lat' dir='ltr'>hac</span> <span class='ocrx_word' id='word_1_413' title='bbox 907 1634 1061 1677; x_wconf 81' lang='lat' dir='ltr'>postrema</span> <span class='ocrx_word' id='word_1_414' title='bbox 1086 1636 1224 1669; x_wconf 90' lang='lat' dir='ltr'>seorsum</span> <span class='ocrx_word' id='word_1_415' title='bbox 1248 1645 1336 1676; x_wconf 81' lang='lat' dir='ltr'>agere</span> 
     </span>
     <span class='ocr_line' id='line_1_53' title="bbox 326 1676 1336 1719; baseline -0.004 -9"><span class='ocrx_word' id='word_1_416' title='bbox 326 1688 391 1710; x_wconf 90' lang='lat' dir='ltr'>non</span> <span class='ocrx_word' id='word_1_417' title='bbox 415 1676 457 1711; x_wconf 87' lang='lat' dir='ltr'>est</span> <span class='ocrx_word' id='word_1_418' title='bbox 481 1677 607 1708; x_wconf 88' lang='lat' dir='ltr'>animus</span> <span class='ocrx_word' id='word_1_419' title='bbox 630 1676 821 1718; x_wconf 76' lang='lat' dir='ltr'>cogitanti,</span> <span class='ocrx_word' id='word_1_420' title='bbox 844 1676 925 1710; x_wconf 89' lang='lat' dir='ltr'>hanc</span> <span class='ocrx_word' id='word_1_421' title='bbox 941 1679 978 1714; x_wconf 86' lang='lat' dir='ltr'>ad</span> <span class='ocrx_word' id='word_1_422' title='bbox 1002 1681 1170 1713; x_wconf 84' lang='lat' dir='ltr'>interitum</span> <span class='ocrx_word' id='word_1_423' title='bbox 1180 1690 1243 1712; x_wconf 89' lang='lat' dir='ltr'>non</span> <span class='ocrx_word' id='word_1_424' title='bbox 1267 1688 1336 1719; x_wconf 81' lang='lat' dir='ltr'>per.</span> 
     </span>
     <span class='ocr_line' id='line_1_54' title="bbox 326 1718 1334 1763; baseline -0.001 -8"><span class='ocrx_word' id='word_1_425' title='bbox 326 1720 465 1760; x_wconf 87' lang='lat' dir='ltr'>ducere,</span> <span class='ocrx_word' id='word_1_426' title='bbox 488 1718 546 1752; x_wconf 79' lang='lat' dir='ltr'>nisi</span> <span class='ocrx_word' id='word_1_427' title='bbox 572 1719 643 1752; x_wconf 83' lang='lat' dir='ltr'>aliis</span> <span class='ocrx_word' id='word_1_428' title='bbox 667 1719 868 1761; x_wconf 80' lang='lat' dir='ltr'>gravioribus</span> <span class='ocrx_word' id='word_1_429' title='bbox 894 1721 1022 1757; x_wconf 86' lang='lat' dir='ltr'>adscitis</span> <span class='ocrx_word' id='word_1_430' title='bbox 1048 1723 1166 1755; x_wconf 77' lang='lat' dir='ltr'>morbis</span> <span class='ocrx_word' id='word_1_431' title='bbox 1184 1746 1197 1763; x_wconf 83' lang='lat'>,</span> <span class='ocrx_word' id='word_1_432' title='bbox 1229 1731 1264 1755; x_wconf 90' lang='lat' dir='ltr'>ut</span> <span class='ocrx_word' id='word_1_433' title='bbox 1288 1723 1334 1754; x_wconf 85' lang='lat' dir='ltr'>vel</span> 
     </span>
     <span class='ocr_line' id='line_1_55' title="bbox 325 1761 1336 1807; baseline -0.001 -10"><span class='ocrx_word' id='word_1_434' title='bbox 325 1776 360 1797; x_wconf 87' lang='lat' dir='ltr'>ea</span> <span class='ocrx_word' id='word_1_435' title='bbox 382 1763 500 1798; x_wconf 90' lang='lat' dir='ltr'>docent</span> <span class='ocrx_word' id='word_1_436' title='bbox 524 1774 594 1806; x_wconf 79' lang='lat' dir='ltr'>quae</span> <span class='ocrx_word' id='word_1_437' title='bbox 617 1763 652 1795; x_wconf 87' lang='lat' dir='ltr'>in</span> <span class='ocrx_word' id='word_1_438' title='bbox 677 1761 888 1805; x_wconf 88' lang='lat' dir='ltr'>Sepulchreto</span> <span class='ocrx_word' id='word_1_439' title='bbox 900 1766 1146 1807; x_wconf 87' lang='lat' dir='ltr'>producuntur,</span> <span class='ocrx_word' id='word_1_440' title='bbox 1168 1766 1336 1806; x_wconf 72' lang='lat' dir='ltr'>exempla.-</span> 
     </span>
     <span class='ocr_line' id='line_1_56' title="bbox 325 1805 1336 1852; baseline -0.001 -11"><span class='ocrx_word' id='word_1_441' title='bbox 325 1809 436 1851; x_wconf 82' lang='lat' dir='ltr'>itaque</span> <span class='ocrx_word' id='word_1_442' title='bbox 459 1805 549 1840; x_wconf 82' lang='lat' dir='ltr'>simul</span> <span class='ocrx_word' id='word_1_443' title='bbox 581 1817 656 1839; x_wconf 88' lang='lat' dir='ltr'>cum</span> <span class='ocrx_word' id='word_1_444' title='bbox 678 1807 718 1838; x_wconf 86' lang='lat' dir='ltr'>iis</span> <span class='ocrx_word' id='word_1_445' title='bbox 744 1807 866 1840; x_wconf 85' lang='lat' dir='ltr'>morbis</span> <span class='ocrx_word' id='word_1_446' title='bbox 888 1809 975 1850; x_wconf 87' lang='lat' dir='ltr'>quod</span> <span class='ocrx_word' id='word_1_447' title='bbox 999 1809 1036 1843; x_wconf 90' lang='lat' dir='ltr'>ad</span> <span class='ocrx_word' id='word_1_448' title='bbox 1061 1809 1162 1852; x_wconf 83' lang='lat' dir='ltr'>ipsam</span> <span class='ocrx_word' id='word_1_449' title='bbox 1185 1811 1299 1841; x_wconf 84' lang='lat' dir='ltr'>attinet</span> <span class='ocrx_word' id='word_1_450' title='bbox 1323 1832 1336 1848; x_wconf 91' lang='lat'>,</span> 
     </span>
     <span class='ocr_line' id='line_1_57' title="bbox 325 1849 1336 1896; baseline -0.005 -12"><span class='ocrx_word' id='word_1_451' title='bbox 325 1851 595 1896; x_wconf 46' lang='lat' dir='ltr'>pertransiabitur.</span> <span class='ocrx_word' id='word_1_452' title='bbox 622 1849 851 1884; x_wconf 77' lang='lat' dir='ltr'>Melancholiae</span> <span class='ocrx_word' id='word_1_453' title='bbox 877 1861 981 1885; x_wconf 88' lang='lat' dir='ltr'>autem</span> <span class='ocrx_word' id='word_1_454' title='bbox 1007 1854 1138 1891; x_wconf 78' lang='lat' dir='ltr'>Mania5</span> <span class='ocrx_word' id='word_1_455' title='bbox 1160 1861 1196 1885; x_wconf 91' lang='lat' dir='ltr'>ut</span> <span class='ocrx_word' id='word_1_456' title='bbox 1221 1852 1336 1883; x_wconf 79' lang='lat' dir='ltr'>Willi-</span> 
     </span>
     <span class='ocr_line' id='line_1_58' title="bbox 325 1894 1333 1938; baseline -0.003 -9"><span class='ocrx_word' id='word_1_457' title='bbox 325 1895 363 1929; x_wconf 75' lang='lat' dir='ltr'>fii</span> <span class='ocrx_word' id='word_1_458' title='bbox 388 1905 459 1929; x_wconf 84' lang='lat' dir='ltr'>utar</span> <span class='ocrx_word' id='word_1_459' title='bbox 484 1894 589 1926; x_wconf 87' lang='lat' dir='ltr'>verbis</span> <span class='ocrx_word' id='word_1_460' title='bbox 613 1894 646 1925; x_wconf 88' lang='lat' dir='ltr'>in</span> <span class='ocrx_word' id='word_1_461' title='bbox 670 1894 848 1926; x_wconf 87' lang='lat' dir='ltr'>Volumine</span> <span class='ocrx_word' id='word_1_462' title='bbox 872 1895 983 1929; x_wconf 85' lang='lat' dir='ltr'>eodem</span> <span class='ocrx_word' id='word_1_463' title='bbox 1007 1899 1021 1935; x_wconf 84' lang='lat'>(</span> <span class='ocrx_word' id='word_1_464' title='bbox 1042 1908 1060 1929; x_wconf 73' lang='lat' dir='ltr'>a</span> <span class='ocrx_word' id='word_1_465' title='bbox 1082 1900 1096 1936; x_wconf 83' lang='grc'>&gt;</span> <span class='ocrx_word' id='word_1_466' title='bbox 1118 1896 1276 1938; x_wconf 78' lang='lat' dir='ltr'>prolati53</span> <span class='ocrx_word' id='word_1_467' title='bbox 1300 1895 1333 1927; x_wconf 82' lang='lat' dir='ltr'>in</span> 
     </span>
     <span class='ocr_line' id='line_1_59' title="bbox 324 1935 1332 1982; baseline -0.002 -9"><span class='ocrx_word' id='word_1_468' title='bbox 324 1946 454 1973; x_wconf 76' lang='lat' dir='ltr'>tantum</span> <span class='ocrx_word' id='word_1_469' title='bbox 476 1937 577 1982; x_wconf 78' lang='lat' dir='ltr'>affinis</span> <span class='ocrx_word' id='word_1_470' title='bbox 601 1936 660 1976; x_wconf 79' lang='lat' dir='ltr'>eft,</span> <span class='ocrx_word' id='word_1_471' title='bbox 686 1943 722 1969; x_wconf 76' lang='lat' dir='ltr'>ut</span> <span class='ocrx_word' id='word_1_472' title='bbox 733 1936 767 1970; x_wconf 67' lang='lat' dir='ltr'>hi</span> <span class='ocrx_word' id='word_1_473' title='bbox 789 1935 1001 1982; x_wconf 56' lang='lat' dir='ltr'>affeffussaepe</span> <span class='ocrx_word' id='word_1_474' title='bbox 1022 1941 1108 1972; x_wconf 70' lang='lat' dir='ltr'>vices</span> <span class='ocrx_word' id='word_1_475' title='bbox 1122 1945 1332 1974; x_wconf 76' lang='lat' dir='ltr'>commutent,</span> 
     </span>
     <span class='ocr_line' id='line_1_60' title="bbox 327 1979 1335 2025; baseline -0.006 -9"><span class='ocrx_word' id='word_1_476' title='bbox 327 1984 371 2017; x_wconf 57' lang='grc' dir='ltr'>Θ·</span> <span class='ocrx_word' id='word_1_477' title='bbox 396 1981 548 2015; x_wconf 81' lang='lat' dir='ltr'>alteruter</span> <span class='ocrx_word' id='word_1_478' title='bbox 572 1981 603 2014; x_wconf 82' lang='lat' dir='ltr'>in</span> <span class='ocrx_word' id='word_1_479' title='bbox 627 1979 759 2013; x_wconf 77' lang='lat' dir='ltr'>alterum</span> <span class='ocrx_word' id='word_1_480' title='bbox 774 1980 933 2023; x_wconf 78' lang='lat' dir='ltr'>transeat:</span> <span class='ocrx_word' id='word_1_481' title='bbox 958 1984 1037 2025; x_wconf 89' lang='lat' dir='ltr'>quin</span> <span class='ocrx_word' id='word_1_482' title='bbox 1050 1982 1160 2024; x_wconf 75' lang='lat' dir='ltr'>saepius</span> <span class='ocrx_word' id='word_1_483' title='bbox 1182 1980 1335 2014; x_wconf 79' lang='lat' dir='ltr'>dubitan-</span> 
     </span>
     <span class='ocr_line' id='line_1_61' title="bbox 325 2022 1336 2066; baseline -0.004 -7"><span class='ocrx_word' id='word_1_484' title='bbox 325 2024 547 2059; x_wconf 71' lang='lat' dir='ltr'>tesMedicos</span> <span class='ocrx_word' id='word_1_485' title='bbox 571 2022 698 2060; x_wconf 81' lang='lat' dir='ltr'>videas,</span> <span class='ocrx_word' id='word_1_486' title='bbox 725 2022 801 2056; x_wconf 87' lang='lat' dir='ltr'>hinc</span> <span class='ocrx_word' id='word_1_487' title='bbox 816 2026 1060 2066; x_wconf 79' lang='lat' dir='ltr'>taciturnitate,</span> <span class='ocrx_word' id='word_1_488' title='bbox 1086 2029 1236 2064; x_wconf 82' lang='lat' dir='ltr'>&amp;metu,</span> <span class='ocrx_word' id='word_1_489' title='bbox 1259 2022 1336 2056; x_wconf 88' lang='lat' dir='ltr'>hinc</span> 
     </span>
     <span class='ocr_line' id='line_1_62' title="bbox 325 2066 1338 2113; baseline -0.005 -10"><span class='ocrx_word' id='word_1_490' title='bbox 325 2070 525 2113; x_wconf 82' lang='lat' dir='ltr'>loquacitate</span> <span class='ocrx_word' id='word_1_491' title='bbox 540 2090 549 2105; x_wconf 90' lang='lat'>‚</span> <span class='ocrx_word' id='word_1_492' title='bbox 573 2070 605 2100; x_wconf 73' lang='grc' dir='ltr'>δε</span> <span class='ocrx_word' id='word_1_493' title='bbox 629 2066 758 2100; x_wconf 83' lang='lat' dir='ltr'>audacia</span> <span class='ocrx_word' id='word_1_494' title='bbox 781 2069 815 2100; x_wconf 91' lang='lat' dir='ltr'>in</span> <span class='ocrx_word' id='word_1_495' title='bbox 838 2068 949 2101; x_wconf 88' lang='lat' dir='ltr'>eodem</span> <span class='ocrx_word' id='word_1_496' title='bbox 972 2080 1058 2111; x_wconf 79' lang='lat' dir='ltr'>aegro</span> <span class='ocrx_word' id='word_1_497' title='bbox 1091 2067 1221 2102; x_wconf 87' lang='lat' dir='ltr'>subinde</span> <span class='ocrx_word' id='word_1_498' title='bbox 1245 2068 1338 2099; x_wconf 92' lang='lat' dir='ltr'>alter-</span> 
     </span>
     <span class='ocr_line' id='line_1_63' title="bbox 326 2110 1337 2154; baseline -0.005 -7"><span class='ocrx_word' id='word_1_499' title='bbox 326 2116 444 2152; x_wconf 75' lang='lat' dir='ltr'>natis,</span> <span class='ocrx_word' id='word_1_500' title='bbox 474 2110 745 2145; x_wconf 84' lang='lat' dir='ltr'>melancholicum</span> <span class='ocrx_word' id='word_1_501' title='bbox 763 2133 776 2150; x_wconf 91' lang='lat'>,</span> <span class='ocrx_word' id='word_1_502' title='bbox 809 2121 848 2143; x_wconf 87' lang='lat' dir='ltr'>an</span> <span class='ocrx_word' id='word_1_503' title='bbox 879 2113 1058 2146; x_wconf 89' lang='lat' dir='ltr'>maniacum</span> <span class='ocrx_word' id='word_1_504' title='bbox 1092 2111 1304 2154; x_wconf 86' lang='lat' dir='ltr'>pronuncient</span> <span class='ocrx_word' id='word_1_505' title='bbox 1328 2135 1337 2143; x_wconf 88' lang='lat'>.</span> 
     </span>
     <span class='ocr_line' id='line_1_64' title="bbox 326 2152 1336 2198; baseline -0.004 -9"><span class='ocrx_word' id='word_1_506' title='bbox 326 2158 408 2195; x_wconf 81' lang='lat' dir='ltr'>Quo</span> <span class='ocrx_word' id='word_1_507' title='bbox 442 2156 570 2188; x_wconf 70' lang='lat' dir='ltr'>saciliu&#39;s</span> <span class='ocrx_word' id='word_1_508' title='bbox 595 2154 657 2187; x_wconf 89' lang='lat' dir='ltr'>tuli</span> <span class='ocrx_word' id='word_1_509' title='bbox 691 2165 766 2187; x_wconf 91' lang='lat' dir='ltr'>cum</span> <span class='ocrx_word' id='word_1_510' title='bbox 789 2152 963 2188; x_wconf 86' lang='lat' dir='ltr'>stultorum</span> <span class='ocrx_word' id='word_1_511' title='bbox 996 2156 1101 2198; x_wconf 84' lang='lat' dir='ltr'>capita</span> <span class='ocrx_word' id='word_1_512' title='bbox 1122 2154 1303 2189; x_wconf 71' lang='lat' dir='ltr'>dissecarem</span> <span class='ocrx_word' id='word_1_513' title='bbox 1327 2175 1336 2191; x_wconf 89' lang='lat'>,</span> 
     </span>
     <span class='ocr_line' id='line_1_65' title="bbox 319 2195 1337 2244; baseline 0.005 -19"><span class='ocrx_word' id='word_1_514' title='bbox 319 2211 423 2244; x_wconf 53' lang='lat' dir='ltr'>xatque</span> <span class='ocrx_word' id='word_1_515' title='bbox 446 2208 520 2232; x_wconf 92' lang='lat' dir='ltr'>utro</span> <span class='ocrx_word' id='word_1_516' title='bbox 544 2195 730 2230; x_wconf 77' lang='lat' dir='ltr'>laborassent</span> <span class='ocrx_word' id='word_1_517' title='bbox 742 2197 882 2238; x_wconf 88' lang='lat' dir='ltr'>delirio,</span> <span class='ocrx_word' id='word_1_518' title='bbox 904 2210 1099 2241; x_wconf 71' lang='lat' dir='ltr'>quaererem,</span> <span class='ocrx_word' id='word_1_519' title='bbox 1122 2197 1337 2240; x_wconf 75' lang='lat' dir='ltr'>responsiones</span> 
     </span>
     <span class='ocr_line' id='line_1_66' title="bbox 326 2241 1338 2289; baseline -0.005 -12"><span class='ocrx_word' id='word_1_520' title='bbox 326 2244 462 2289; x_wconf 71' lang='lat' dir='ltr'>persaepe</span> <span class='ocrx_word' id='word_1_521' title='bbox 488 2241 652 2282; x_wconf 76' lang='lat' dir='ltr'>ambiguas</span> <span class='ocrx_word' id='word_1_522' title='bbox 672 2263 681 2277; x_wconf 85' lang='lat'>,</span> <span class='ocrx_word' id='word_1_523' title='bbox 716 2251 944 2283; x_wconf 84' lang='lat' dir='ltr'>nonnunquam</span> <span class='ocrx_word' id='word_1_524' title='bbox 967 2243 1050 2274; x_wconf 88' lang='lat' dir='ltr'>inter</span> <span class='ocrx_word' id='word_1_525' title='bbox 1073 2242 1102 2274; x_wconf 90' lang='lat' dir='ltr'>se</span> <span class='ocrx_word' id='word_1_526' title='bbox 1125 2249 1300 2284; x_wconf 71' lang='lat' dir='ltr'>pugnantes</span> <span class='ocrx_word' id='word_1_527' title='bbox 1326 2263 1338 2280; x_wconf 92' lang='lat'>,</span> 
     </span>
     <span class='ocr_line' id='line_1_67' title="bbox 326 2282 1338 2326; baseline -0.006 -5"><span class='ocrx_word' id='word_1_528' title='bbox 326 2299 414 2321; x_wconf 88' lang='lat' dir='ltr'>veras</span> <span class='ocrx_word' id='word_1_529' title='bbox 436 2296 541 2319; x_wconf 83' lang='lat' dir='ltr'>tamen</span> <span class='ocrx_word' id='word_1_530' title='bbox 568 2282 694 2316; x_wconf 73' lang='lat' dir='ltr'>sortasse</span> <span class='ocrx_word' id='word_1_531' title='bbox 719 2285 752 2314; x_wconf 91' lang='lat' dir='ltr'>in</span> <span class='ocrx_word' id='word_1_532' title='bbox 776 2283 876 2326; x_wconf 89' lang='lat' dir='ltr'>longo</span> <span class='ocrx_word' id='word_1_533' title='bbox 898 2283 1006 2317; x_wconf 90' lang='lat' dir='ltr'>delirii</span> <span class='ocrx_word' id='word_1_534' title='bbox 1029 2285 1141 2319; x_wconf 89' lang='lat' dir='ltr'>cursu.</span> <span class='ocrx_word' id='word_1_535' title='bbox 1169 2283 1338 2326; x_wconf 64' lang='lat' dir='ltr'>Quamob-</span> 
     </span>
     <span class='ocr_line' id='line_1_68' title="bbox 327 2325 1338 2369; baseline -0.008 -4"><span class='ocrx_word' id='word_1_536' title='bbox 327 2343 396 2365; x_wconf 81' lang='lat' dir='ltr'>rem</span> <span class='ocrx_word' id='word_1_537' title='bbox 419 2328 474 2363; x_wconf 86' lang='lat' dir='ltr'>etfi</span> <span class='ocrx_word' id='word_1_538' title='bbox 499 2331 532 2361; x_wconf 91' lang='lat' dir='ltr'>in</span> <span class='ocrx_word' id='word_1_539' title='bbox 555 2325 798 2369; x_wconf 63' lang='lat' dir='ltr'>diffe&amp;ionibus</span> <span class='ocrx_word' id='word_1_540' title='bbox 820 2327 857 2359; x_wconf 89' lang='lat' dir='ltr'>ad</span> <span class='ocrx_word' id='word_1_541' title='bbox 881 2336 912 2360; x_wconf 92' lang='lat' dir='ltr'>te</span> <span class='ocrx_word' id='word_1_542' title='bbox 944 2327 1114 2361; x_wconf 88' lang='lat' dir='ltr'>scribendis</span> <span class='ocrx_word' id='word_1_543' title='bbox 1138 2339 1208 2361; x_wconf 90' lang='lat' dir='ltr'>cum</span> <span class='ocrx_word' id='word_1_544' title='bbox 1232 2336 1338 2359; x_wconf 90' lang='lat' dir='ltr'>utram</span> 
     </span>
     <span class='ocr_line' id='line_1_69' title="bbox 329 2370 1338 2417; baseline -0.006 -10"><span class='ocrx_word' id='word_1_545' title='bbox 329 2378 365 2409; x_wconf 90' lang='lat' dir='ltr'>in</span> <span class='ocrx_word' id='word_1_546' title='bbox 389 2382 511 2417; x_wconf 82' lang='lat' dir='ltr'>partem</span> <span class='ocrx_word' id='word_1_547' title='bbox 533 2371 636 2413; x_wconf 76' lang='lat' dir='ltr'>magis</span> <span class='ocrx_word' id='word_1_548' title='bbox 660 2370 862 2401; x_wconf 86' lang='lat' dir='ltr'>inclinaverit</span> <span class='ocrx_word' id='word_1_549' title='bbox 886 2373 989 2409; x_wconf 70' lang='lat' dir='ltr'>aeger,</span> <span class='ocrx_word' id='word_1_550' title='bbox 1014 2370 1134 2408; x_wconf 78' lang='lat' dir='ltr'>sciam5</span> <span class='ocrx_word' id='word_1_551' title='bbox 1158 2370 1192 2402; x_wconf 90' lang='lat' dir='ltr'>id</span> <span class='ocrx_word' id='word_1_552' title='bbox 1215 2370 1338 2403; x_wconf 87' lang='lat' dir='ltr'>indica-</span> 
     </span>
     <span class='ocr_line' id='line_1_70' title="bbox 330 2412 1341 2457; baseline -0.007 -6"><span class='ocrx_word' id='word_1_553' title='bbox 330 2420 396 2453; x_wconf 87' lang='lat' dir='ltr'>bo:</span> <span class='ocrx_word' id='word_1_554' title='bbox 422 2427 530 2449; x_wconf 85' lang='lat' dir='ltr'>tamen</span> <span class='ocrx_word' id='word_1_555' title='bbox 553 2415 629 2457; x_wconf 87' lang='lat' dir='ltr'>quia</span> <span class='ocrx_word' id='word_1_556' title='bbox 654 2413 840 2455; x_wconf 84' lang='lat' dir='ltr'>plerumque</span> <span class='ocrx_word' id='word_1_557' title='bbox 853 2412 887 2445; x_wconf 86' lang='lat' dir='ltr'>id</span> <span class='ocrx_word' id='word_1_558' title='bbox 910 2412 1009 2446; x_wconf 81' lang='lat' dir='ltr'>facere</span> <span class='ocrx_word' id='word_1_559' title='bbox 1033 2424 1097 2446; x_wconf 89' lang='lat' dir='ltr'>non</span> <span class='ocrx_word' id='word_1_560' title='bbox 1110 2422 1248 2455; x_wconf 78' lang='lat' dir='ltr'>poter05</span> <span class='ocrx_word' id='word_1_561' title='bbox 1274 2424 1341 2444; x_wconf 76' lang='lat' dir='ltr'>ma-</span> 
     </span>
     <span class='ocr_line' id='line_1_71' title="bbox 331 2455 1341 2499; baseline -0.009 -3"><span class='ocrx_word' id='word_1_562' title='bbox 331 2464 379 2496; x_wconf 83' lang='lat' dir='ltr'>lui</span> <span class='ocrx_word' id='word_1_563' title='bbox 405 2460 455 2494; x_wconf 87' lang='lat' dir='ltr'>his</span> <span class='ocrx_word' id='word_1_564' title='bbox 478 2462 549 2493; x_wconf 82' lang='lat' dir='ltr'>unis</span> <span class='ocrx_word' id='word_1_565' title='bbox 572 2457 707 2489; x_wconf 79' lang='lat' dir='ltr'>Litteris</span> <span class='ocrx_word' id='word_1_566' title='bbox 739 2467 808 2498; x_wconf 84' lang='lat' dir='ltr'>quae</span> <span class='ocrx_word' id='word_1_567' title='bbox 834 2455 871 2488; x_wconf 85' lang='lat' dir='ltr'>ad</span> <span class='ocrx_word' id='word_1_568' title='bbox 895 2466 1064 2499; x_wconf 89' lang='lat' dir='ltr'>utrumque</span> <span class='ocrx_word' id='word_1_569' title='bbox 1101 2458 1237 2488; x_wconf 87' lang='lat' dir='ltr'>attinent</span> <span class='ocrx_word' id='word_1_570' title='bbox 1261 2455 1341 2488; x_wconf 86' lang='lat' dir='ltr'>deli-</span> 
     </span>
     <span class='ocr_line' id='line_1_72' title="bbox 332 2497 1339 2545; baseline -0.009 -6"><span class='ocrx_word' id='word_1_571' title='bbox 332 2508 418 2539; x_wconf 79' lang='lat' dir='ltr'>rium</span> <span class='ocrx_word' id='word_1_572' title='bbox 440 2499 731 2545; x_wconf 63' lang='lat' dir='ltr'>comprehendere,</span> <span class='ocrx_word' id='word_1_573' title='bbox 755 2502 787 2532; x_wconf 65' lang='grc' dir='ltr'>δε</span> <span class='ocrx_word' id='word_1_574' title='bbox 811 2499 968 2541; x_wconf 81' lang='lat' dir='ltr'>postremo</span> <span class='ocrx_word' id='word_1_575' title='bbox 990 2511 1060 2542; x_wconf 72' lang='lat' dir='ltr'>quae</span> <span class='ocrx_word' id='word_1_576' title='bbox 1084 2499 1121 2532; x_wconf 88' lang='lat' dir='ltr'>ad</span> <span class='ocrx_word' id='word_1_577' title='bbox 1135 2497 1339 2542; x_wconf 83' lang='lat' dir='ltr'>Hydropho-</span> 
     </span>
     <span class='ocr_line' id='line_1_73' title="bbox 332 2541 1342 2590; baseline -0.008 -8"><span class='ocrx_word' id='word_1_578' title='bbox 332 2551 419 2584; x_wconf 81' lang='lat' dir='ltr'>biam</span> <span class='ocrx_word' id='word_1_579' title='bbox 443 2547 583 2590; x_wconf 62' lang='lat' dir='ltr'>speetant</span> <span class='ocrx_word' id='word_1_580' title='bbox 598 2570 605 2583; x_wconf 88' lang='lat'>,</span> <span class='ocrx_word' id='word_1_581' title='bbox 632 2541 765 2586; x_wconf 79' lang='lat' dir='ltr'>adjicere</span> <span class='ocrx_word' id='word_1_582' title='bbox 786 2565 798 2582; x_wconf 87' lang='lat'>,</span> <span class='ocrx_word' id='word_1_583' title='bbox 831 2543 1004 2585; x_wconf 71' lang='lat' dir='ltr'>praesertim</span> <span class='ocrx_word' id='word_1_584' title='bbox 1026 2553 1098 2575; x_wconf 91' lang='lat' dir='ltr'>cum</span> <span class='ocrx_word' id='word_1_585' title='bbox 1130 2541 1170 2575; x_wconf 90' lang='lat' dir='ltr'>de</span> <span class='ocrx_word' id='word_1_586' title='bbox 1193 2542 1242 2576; x_wconf 85' lang='lat' dir='ltr'>his</span> <span class='ocrx_word' id='word_1_587' title='bbox 1266 2553 1342 2575; x_wconf 90' lang='lat' dir='ltr'>cun-</span> 
     </span>
     <span class='ocr_line' id='line_1_74' title="bbox 333 2584 1343 2629; baseline -0.007 -4"><span class='ocrx_word' id='word_1_588' title='bbox 333 2594 396 2627; x_wconf 68' lang='lat' dir='ltr'>&amp;is</span> <span class='ocrx_word' id='word_1_589' title='bbox 431 2591 619 2622; x_wconf 75' lang='lat' dir='ltr'>deliriorum</span> <span class='ocrx_word' id='word_1_590' title='bbox 652 2586 817 2629; x_wconf 86' lang='lat' dir='ltr'>generibus</span> <span class='ocrx_word' id='word_1_591' title='bbox 848 2587 903 2619; x_wconf 85' lang='lat' dir='ltr'>vix</span> <span class='ocrx_word' id='word_1_592' title='bbox 933 2598 1028 2620; x_wconf 90' lang='lat' dir='ltr'>unam</span> <span class='ocrx_word' id='word_1_593' title='bbox 1051 2585 1209 2619; x_wconf 83' lang='lat' dir='ltr'>Valsalvae</span> <span class='ocrx_word' id='word_1_594' title='bbox 1245 2584 1343 2619; x_wconf 80' lang='lat' dir='ltr'>histo-</span> 
     </span>
     <span class='ocr_line' id='line_1_75' title="bbox 336 2628 1253 2672; baseline -0.01 -2"><span class='ocrx_word' id='word_1_595' title='bbox 336 2639 416 2670; x_wconf 83' lang='lat' dir='ltr'>riam</span> <span class='ocrx_word' id='word_1_596' title='bbox 445 2633 579 2666; x_wconf 86' lang='lat' dir='ltr'>habeam</span> <span class='ocrx_word' id='word_1_597' title='bbox 594 2656 601 2668; x_wconf 90' lang='lat'>,</span> <span class='ocrx_word' id='word_1_598' title='bbox 627 2642 642 2662; x_wconf 89' lang='lat' dir='ltr'>a</span> <span class='ocrx_word' id='word_1_599' title='bbox 666 2642 747 2672; x_wconf 84' lang='lat' dir='ltr'>qua,</span> <span class='ocrx_word' id='word_1_600' title='bbox 773 2639 808 2662; x_wconf 89' lang='lat' dir='ltr'>ut</span> <span class='ocrx_word' id='word_1_601' title='bbox 831 2628 940 2668; x_wconf 75' lang='lat' dir='ltr'>soleo,</span> <span class='ocrx_word' id='word_1_602' title='bbox 962 2631 1096 2663; x_wconf 90' lang='lat' dir='ltr'>initium</span> <span class='ocrx_word' id='word_1_603' title='bbox 1117 2628 1231 2663; x_wconf 87' lang='lat' dir='ltr'>ducam</span> <span class='ocrx_word' id='word_1_604' title='bbox 1246 2654 1253 2661; x_wconf 92' lang='lat'>.</span> 
     </span>
    </p>

    <p class='ocr_par' dir='ltr' id='par_1_9' title="bbox 336 2673 1347 3494">
     <span class='ocr_line' id='line_1_76' title="bbox 380 2673 1345 2716; baseline -0.007 -5"><span class='ocrx_word' id='word_1_605' title='bbox 380 2690 408 2712; x_wconf 91' lang='lat'>2.</span> <span class='ocrx_word' id='word_1_606' title='bbox 433 2676 628 2710; x_wconf 84' lang='lat' dir='ltr'>VIRGINI</span> <span class='ocrx_word' id='word_1_607' title='bbox 654 2684 811 2706; x_wconf 90' lang='lat' dir='ltr'>annorum</span> <span class='ocrx_word' id='word_1_608' title='bbox 842 2673 976 2716; x_wconf 83' lang='lat' dir='ltr'>amplius</span> <span class='ocrx_word' id='word_1_609' title='bbox 998 2673 1117 2716; x_wconf 84' lang='lat' dir='ltr'>viginti</span> <span class='ocrx_word' id='word_1_610' title='bbox 1141 2698 1150 2713; x_wconf 90' lang='lat'>‚</span> <span class='ocrx_word' id='word_1_611' title='bbox 1184 2674 1268 2705; x_wconf 86' lang='lat' dir='ltr'>inter</span> <span class='ocrx_word' id='word_1_612' title='bbox 1291 2673 1345 2704; x_wconf 85' lang='lat' dir='ltr'>Sa-</span> 
     </span>
     <span class='ocr_line' id='line_1_77' title="bbox 336 2716 1344 2759; baseline -0.01 -2"><span class='ocrx_word' id='word_1_613' title='bbox 336 2735 402 2758; x_wconf 90' lang='lat' dir='ltr'>cras</span> <span class='ocrx_word' id='word_1_614' title='bbox 425 2721 580 2759; x_wconf 67' lang='lat' dir='ltr'>Virgines</span> <span class='ocrx_word' id='word_1_615' title='bbox 605 2717 633 2750; x_wconf 90' lang='lat' dir='ltr'>se</span> <span class='ocrx_word' id='word_1_616' title='bbox 656 2718 792 2758; x_wconf 86' lang='lat' dir='ltr'>recipere</span> <span class='ocrx_word' id='word_1_617' title='bbox 826 2718 1041 2759; x_wconf 82' lang='lat' dir='ltr'>maximopere</span> <span class='ocrx_word' id='word_1_618' title='bbox 1064 2716 1206 2758; x_wconf 88' lang='lat' dir='ltr'>cupienti</span> <span class='ocrx_word' id='word_1_619' title='bbox 1227 2738 1240 2755; x_wconf 85' lang='lat'>,</span> <span class='ocrx_word' id='word_1_620' title='bbox 1271 2725 1344 2747; x_wconf 86' lang='lat' dir='ltr'>cum</span> 
     </span>
     <span class='ocr_line' id='line_1_78' title="bbox 337 2758 1344 2806; baseline -0.011 -5"><span class='ocrx_word' id='word_1_621' title='bbox 337 2767 374 2801; x_wconf 87' lang='lat' dir='ltr'>id</span> <span class='ocrx_word' id='word_1_622' title='bbox 396 2758 545 2806; x_wconf 78' lang='lat' dir='ltr'>negatum</span> <span class='ocrx_word' id='word_1_623' title='bbox 567 2758 640 2794; x_wconf 80' lang='lat' dir='ltr'>esset</span> <span class='ocrx_word' id='word_1_624' title='bbox 662 2782 671 2797; x_wconf 92' lang='lat'>,</span> <span class='ocrx_word' id='word_1_625' title='bbox 695 2760 785 2793; x_wconf 88' lang='lat' dir='ltr'>illico</span> <span class='ocrx_word' id='word_1_626' title='bbox 809 2759 849 2792; x_wconf 87' lang='lat' dir='ltr'>ab</span> <span class='ocrx_word' id='word_1_627' title='bbox 870 2761 981 2793; x_wconf 87' lang='lat' dir='ltr'>audito</span> <span class='ocrx_word' id='word_1_628' title='bbox 1004 2759 1133 2803; x_wconf 80' lang='lat' dir='ltr'>repulsae</span> <span class='ocrx_word' id='word_1_629' title='bbox 1157 2760 1276 2792; x_wconf 90' lang='lat' dir='ltr'>nuncio</span> <span class='ocrx_word' id='word_1_630' title='bbox 1297 2758 1344 2790; x_wconf 87' lang='lat' dir='ltr'>la-</span> 
     </span>
     <span class='ocr_line' id='line_1_79' title="bbox 337 2802 1343 2846; baseline -0.012 -1"><span class='ocrx_word' id='word_1_631' title='bbox 337 2812 411 2845; x_wconf 90' lang='lat' dir='ltr'>bare</span> <span class='ocrx_word' id='word_1_632' title='bbox 433 2818 520 2841; x_wconf 83' lang='lat' dir='ltr'>mens</span> <span class='ocrx_word' id='word_1_633' title='bbox 543 2805 643 2846; x_wconf 86' lang='lat' dir='ltr'>coepit</span> <span class='ocrx_word' id='word_1_634' title='bbox 665 2827 677 2844; x_wconf 81' lang='grc'>,</span> <span class='ocrx_word' id='word_1_635' title='bbox 711 2804 880 2844; x_wconf 81' lang='lat' dir='ltr'>statimque</span> <span class='ocrx_word' id='word_1_636' title='bbox 913 2805 1091 2846; x_wconf 83' lang='lat' dir='ltr'>incongrua</span> <span class='ocrx_word' id='word_1_637' title='bbox 1126 2802 1310 2835; x_wconf 88' lang='lat' dir='ltr'>ratiocinari</span> <span class='ocrx_word' id='word_1_638' title='bbox 1334 2826 1343 2840; x_wconf 89' lang='lat'>‚</span> 
     </span>
     <span class='ocr_line' id='line_1_80' title="bbox 339 2844 1343 2889; baseline -0.008 -4"><span class='ocrx_word' id='word_1_639' title='bbox 339 2853 374 2888; x_wconf 80' lang='lat' dir='ltr'>id</span> <span class='ocrx_word' id='word_1_640' title='bbox 399 2863 436 2885; x_wconf 91' lang='lat' dir='ltr'>ue</span> <span class='ocrx_word' id='word_1_641' title='bbox 460 2852 494 2882; x_wconf 86' lang='lat' dir='ltr'>in</span> <span class='ocrx_word' id='word_1_642' title='bbox 517 2848 584 2882; x_wconf 86' lang='lat' dir='ltr'>dies</span> <span class='ocrx_word' id='word_1_643' title='bbox 608 2847 706 2879; x_wconf 76' lang='lat' dir='ltr'>etiam</span> <span class='ocrx_word' id='word_1_644' title='bbox 730 2847 831 2887; x_wconf 85' lang='lat' dir='ltr'>magis</span> <span class='ocrx_word' id='word_1_645' title='bbox 852 2868 861 2883; x_wconf 87' lang='lat'>,</span> <span class='ocrx_word' id='word_1_646' title='bbox 886 2856 922 2879; x_wconf 89' lang='lat' dir='ltr'>ut</span> <span class='ocrx_word' id='word_1_647' title='bbox 947 2848 1055 2880; x_wconf 86' lang='lat' dir='ltr'>cibum</span> <span class='ocrx_word' id='word_1_648' title='bbox 1079 2857 1206 2889; x_wconf 87' lang='lat' dir='ltr'>quoque</span> <span class='ocrx_word' id='word_1_649' title='bbox 1231 2844 1343 2886; x_wconf 76' lang='lat' dir='ltr'>saepius</span> 
     </span>
     <span class='ocr_line' id='line_1_81' title="bbox 340 2889 1342 2938; baseline -0.009 -10"><span class='ocrx_word' id='word_1_650' title='bbox 340 2908 373 2932; x_wconf 80' lang='lat' dir='ltr'>re</span> <span class='ocrx_word' id='word_1_651' title='bbox 390 2902 517 2938; x_wconf 84' lang='lat' dir='ltr'>pueret.</span> <span class='ocrx_word' id='word_1_652' title='bbox 544 2892 595 2923; x_wconf 86' lang='lat' dir='ltr'>Sic</span> <span class='ocrx_word' id='word_1_653' title='bbox 618 2890 743 2932; x_wconf 84' lang='lat' dir='ltr'>aliquot</span> <span class='ocrx_word' id='word_1_654' title='bbox 768 2889 887 2921; x_wconf 70' lang='lat' dir='ltr'>exactis</span> <span class='ocrx_word' id='word_1_655' title='bbox 911 2889 1064 2922; x_wconf 82' lang='lat' dir='ltr'>mensibus</span> <span class='ocrx_word' id='word_1_656' title='bbox 1084 2901 1094 2928; x_wconf 81' lang='lat'>3</span> <span class='ocrx_word' id='word_1_657' title='bbox 1129 2900 1194 2932; x_wconf 87' lang='lat' dir='ltr'>quo</span> <span class='ocrx_word' id='word_1_658' title='bbox 1217 2897 1342 2929; x_wconf 83' lang='lat' dir='ltr'>tempo-</span> 
     </span>
     <span class='ocr_line' id='line_1_82' title="bbox 341 2932 1343 2980; baseline -0.008 -10"><span class='ocrx_word' id='word_1_659' title='bbox 341 2953 394 2976; x_wconf 75' lang='lat' dir='ltr'>re,</span> <span class='ocrx_word' id='word_1_660' title='bbox 419 2945 531 2980; x_wconf 86' lang='lat' dir='ltr'>praeter</span> <span class='ocrx_word' id='word_1_661' title='bbox 554 2933 675 2967; x_wconf 86' lang='lat' dir='ltr'>febrem</span> <span class='ocrx_word' id='word_1_662' title='bbox 696 2944 766 2974; x_wconf 84' lang='lat' dir='ltr'>quae</span> <span class='ocrx_word' id='word_1_663' title='bbox 799 2934 935 2965; x_wconf 87' lang='lat' dir='ltr'>erratico</span> <span class='ocrx_word' id='word_1_664' title='bbox 960 2932 1083 2966; x_wconf 77' lang='lat' dir='ltr'>recursu</span> <span class='ocrx_word' id='word_1_665' title='bbox 1105 2933 1269 2966; x_wconf 84' lang='lat' dir='ltr'>multoties</span> <span class='ocrx_word' id='word_1_666' title='bbox 1292 2932 1343 2963; x_wconf 88' lang='lat' dir='ltr'>in-</span> 
     </span>
     <span class='ocr_line' id='line_1_83' title="bbox 340 2972 1344 3019; baseline -0.01 -3"><span class='ocrx_word' id='word_1_667' title='bbox 340 2981 440 3019; x_wconf 80' lang='lat' dir='ltr'>vasit,</span> <span class='ocrx_word' id='word_1_668' title='bbox 464 2979 641 3012; x_wconf 87' lang='lat' dir='ltr'>violentior</span> <span class='ocrx_word' id='word_1_669' title='bbox 663 2974 725 3008; x_wconf 82' lang='lat' dir='ltr'>fine</span> <span class='ocrx_word' id='word_1_670' title='bbox 750 2973 836 3007; x_wconf 84' lang='lat' dir='ltr'>febre</span> <span class='ocrx_word' id='word_1_671' title='bbox 859 2975 977 3009; x_wconf 84' lang='lat' dir='ltr'>insania</span> <span class='ocrx_word' id='word_1_672' title='bbox 1001 2975 1142 3015; x_wconf 83' lang='lat' dir='ltr'>acceffit,</span> <span class='ocrx_word' id='word_1_673' title='bbox 1165 2985 1201 3009; x_wconf 87' lang='lat' dir='ltr'>ut</span> <span class='ocrx_word' id='word_1_674' title='bbox 1216 2972 1344 3008; x_wconf 59' lang='lat' dir='ltr'>affidena</span> 
     </span>
     <span class='ocr_line' id='line_1_84' title="bbox 341 3017 1342 3066; baseline -0.011 -6"><span class='ocrx_word' id='word_1_675' title='bbox 341 3037 388 3060; x_wconf 85' lang='lat' dir='ltr'>tes</span> <span class='ocrx_word' id='word_1_676' title='bbox 422 3027 574 3066; x_wconf 81' lang='lat' dir='ltr'>impetere</span> <span class='ocrx_word' id='word_1_677' title='bbox 607 3030 774 3058; x_wconf 67' lang='lat' dir='ltr'>cona-retur</span> <span class='ocrx_word' id='word_1_678' title='bbox 804 3030 814 3055; x_wconf 83' lang='lat'>3</span> <span class='ocrx_word' id='word_1_679' title='bbox 848 3018 1024 3053; x_wconf 80' lang='lat' dir='ltr'>labentibus</span> <span class='ocrx_word' id='word_1_680' title='bbox 1059 3019 1169 3053; x_wconf 83' lang='lat' dir='ltr'>senfim</span> <span class='ocrx_word' id='word_1_681' title='bbox 1198 3017 1342 3057; x_wconf 87' lang='lat' dir='ltr'>viribus,</span> 
     </span>
     <span class='ocr_line' id='line_1_85' title="bbox 342 3062 1341 3104; baseline -0.008 -3"><span class='ocrx_word' id='word_1_682' title='bbox 342 3077 468 3104; x_wconf 87' lang='lat' dir='ltr'>mortua</span> <span class='ocrx_word' id='word_1_683' title='bbox 493 3065 556 3098; x_wconf 81' lang='lat' dir='ltr'>est.</span> <span class='ocrx_word' id='word_1_684' title='bbox 687 3062 876 3096; x_wconf 87' lang='lat' dir='ltr'>CRANIO</span> <span class='ocrx_word' id='word_1_685' title='bbox 899 3062 1047 3103; x_wconf 54' lang='lat' dir='ltr'>edesio,</span> <span class='ocrx_word' id='word_1_686' title='bbox 1070 3062 1107 3096; x_wconf 91' lang='lat' dir='ltr'>ad</span> <span class='ocrx_word' id='word_1_687' title='bbox 1131 3063 1225 3095; x_wconf 86' lang='lat' dir='ltr'>latera</span> <span class='ocrx_word' id='word_1_688' title='bbox 1250 3063 1341 3094; x_wconf 89' lang='lat' dir='ltr'>Sinus</span> 
     </span>
     <span class='ocr_line' id='line_1_86' title="bbox 341 3105 1346 3149; baseline -0.01 -4"><span class='ocrx_word' id='word_1_689' title='bbox 341 3112 444 3146; x_wconf 76' lang='lat' dir='ltr'>Palcis</span> <span class='ocrx_word' id='word_1_690' title='bbox 467 3109 604 3142; x_wconf 85' lang='lat' dir='ltr'>exterius</span> <span class='ocrx_word' id='word_1_691' title='bbox 627 3107 662 3139; x_wconf 90' lang='lat' dir='ltr'>in</span> <span class='ocrx_word' id='word_1_692' title='bbox 684 3108 775 3140; x_wconf 86' lang='lat' dir='ltr'>Dura</span> <span class='ocrx_word' id='word_1_693' title='bbox 797 3107 944 3149; x_wconf 76' lang='lat' dir='ltr'>meninge</span> <span class='ocrx_word' id='word_1_694' title='bbox 976 3107 1087 3148; x_wconf 80' lang='lat' dir='ltr'>exigua</span> <span class='ocrx_word' id='word_1_695' title='bbox 1110 3105 1253 3148; x_wconf 75' lang='lat' dir='ltr'>quaedam</span> <span class='ocrx_word' id='word_1_696' title='bbox 1275 3115 1346 3136; x_wconf 92' lang='lat' dir='ltr'>cor-</span> 
     </span>
     <span class='ocr_line' id='line_1_87' title="bbox 343 3146 1346 3199; baseline -0.008 -11"><span class='ocrx_word' id='word_1_697' title='bbox 343 3167 419 3199; x_wconf 89' lang='lat' dir='ltr'>pora</span> <span class='ocrx_word' id='word_1_698' title='bbox 445 3152 544 3186; x_wconf 86' lang='lat' dir='ltr'>albida</span> <span class='ocrx_word' id='word_1_699' title='bbox 569 3150 733 3193; x_wconf 65' lang='lat' dir='ltr'>conspeeta</span> <span class='ocrx_word' id='word_1_700' title='bbox 758 3146 830 3181; x_wconf 84' lang='lat' dir='ltr'>sunt</span> <span class='ocrx_word' id='word_1_701' title='bbox 849 3172 861 3188; x_wconf 88' lang='lat'>,</span> <span class='ocrx_word' id='word_1_702' title='bbox 890 3161 1027 3191; x_wconf 84' lang='lat' dir='ltr'>quorum</span> <span class='ocrx_word' id='word_1_703' title='bbox 1050 3150 1201 3182; x_wconf 85' lang='lat' dir='ltr'>nonnulla</span> <span class='ocrx_word' id='word_1_704' title='bbox 1233 3157 1346 3181; x_wconf 89' lang='lat' dir='ltr'>rotun-</span> 
     </span>
     <span class='ocr_line' id='line_1_88' title="bbox 343 3191 1346 3240; baseline -0.01 -9"><span class='ocrx_word' id='word_1_705' title='bbox 343 3200 404 3240; x_wconf 87' lang='lat' dir='ltr'>da,</span> <span class='ocrx_word' id='word_1_706' title='bbox 428 3197 488 3229; x_wconf 90' lang='lat' dir='ltr'>alia</span> <span class='ocrx_word' id='word_1_707' title='bbox 510 3196 670 3236; x_wconf 81' lang='lat' dir='ltr'>oblonga,</span> <span class='ocrx_word' id='word_1_708' title='bbox 695 3191 838 3235; x_wconf 83' lang='lat' dir='ltr'>quaedam</span> <span class='ocrx_word' id='word_1_709' title='bbox 852 3193 993 3226; x_wconf 84' lang='lat' dir='ltr'>abnormi</span> <span class='ocrx_word' id='word_1_710' title='bbox 1018 3193 1117 3236; x_wconf 78' lang='lat' dir='ltr'>figura</span> <span class='ocrx_word' id='word_1_711' title='bbox 1131 3201 1242 3232; x_wconf 86' lang='lat' dir='ltr'>erant,</span> <span class='ocrx_word' id='word_1_712' title='bbox 1264 3191 1346 3224; x_wconf 88' lang='lat' dir='ltr'>mol-</span> 
     </span>
     <span class='ocr_line' id='line_1_89' title="bbox 343 3235 1347 3278; baseline -0.007 -4"><span class='ocrx_word' id='word_1_713' title='bbox 343 3244 388 3277; x_wconf 87' lang='lat' dir='ltr'>lia</span> <span class='ocrx_word' id='word_1_714' title='bbox 412 3250 517 3273; x_wconf 89' lang='lat' dir='ltr'>tamen</span> <span class='ocrx_word' id='word_1_715' title='bbox 541 3239 674 3271; x_wconf 88' lang='lat' dir='ltr'>omnia:</span> <span class='ocrx_word' id='word_1_716' title='bbox 700 3247 768 3278; x_wconf 82' lang='lat' dir='ltr'>quae</span> <span class='ocrx_word' id='word_1_717' title='bbox 791 3246 829 3268; x_wconf 84' lang='lat' dir='ltr'>ex</span> <span class='ocrx_word' id='word_1_718' title='bbox 851 3245 997 3269; x_wconf 84' lang='lat' dir='ltr'>concreto</span> <span class='ocrx_word' id='word_1_719' title='bbox 1020 3236 1150 3269; x_wconf 87' lang='lat' dir='ltr'>humore</span> <span class='ocrx_word' id='word_1_720' title='bbox 1174 3244 1242 3268; x_wconf 81' lang='lat' dir='ltr'>orta</span> <span class='ocrx_word' id='word_1_721' title='bbox 1267 3235 1347 3268; x_wconf 90' lang='lat' dir='ltr'>Val-</span> 
     </span>
     <span class='ocr_line' id='line_1_90' title="bbox 345 3279 1344 3323; baseline -0.008 -6"><span class='ocrx_word' id='word_1_722' title='bbox 345 3286 428 3320; x_wconf 82' lang='lat' dir='ltr'>salva</span> <span class='ocrx_word' id='word_1_723' title='bbox 451 3281 645 3316; x_wconf 82' lang='lat' dir='ltr'>existimavit</span> <span class='ocrx_word' id='word_1_724' title='bbox 669 3289 832 3322; x_wconf 86' lang='lat' dir='ltr'>propterea</span> <span class='ocrx_word' id='word_1_725' title='bbox 856 3280 929 3323; x_wconf 89' lang='lat' dir='ltr'>quia</span> <span class='ocrx_word' id='word_1_726' title='bbox 953 3281 986 3312; x_wconf 89' lang='lat' dir='ltr'>in</span> <span class='ocrx_word' id='word_1_727' title='bbox 1013 3281 1148 3313; x_wconf 87' lang='lat' dir='ltr'>mortuis</span> <span class='ocrx_word' id='word_1_728' title='bbox 1169 3291 1208 3312; x_wconf 83' lang='lat' dir='ltr'>ex</span> <span class='ocrx_word' id='word_1_729' title='bbox 1229 3279 1344 3320; x_wconf 85' lang='lat' dir='ltr'>capitis</span> 
     </span>
     <span class='ocr_line' id='line_1_91' title="bbox 345 3322 1344 3364; baseline -0.009 -2"><span class='ocrx_word' id='word_1_730' title='bbox 345 3328 524 3362; x_wconf 84' lang='lat' dir='ltr'>vulneribus</span> <span class='ocrx_word' id='word_1_731' title='bbox 547 3324 662 3357; x_wconf 78' lang='lat' dir='ltr'>similes</span> <span class='ocrx_word' id='word_1_732' title='bbox 685 3334 721 3355; x_wconf 86' lang='lat' dir='ltr'>ex</span> <span class='ocrx_word' id='word_1_733' title='bbox 745 3322 903 3364; x_wconf 79' lang='lat' dir='ltr'>stagnante</span> <span class='ocrx_word' id='word_1_734' title='bbox 924 3324 1005 3356; x_wconf 89' lang='lat' dir='ltr'>circa</span> <span class='ocrx_word' id='word_1_735' title='bbox 1029 3322 1155 3356; x_wconf 84' lang='lat' dir='ltr'>eandem</span> <span class='ocrx_word' id='word_1_736' title='bbox 1167 3323 1344 3363; x_wconf 65' lang='lat' dir='ltr'>meningen]</span> 
     </span>
     <span class='ocr_line' id='line_1_92' title="bbox 345 3365 1344 3415; baseline -0.007 -11"><span class='ocrx_word' id='word_1_737' title='bbox 345 3383 423 3415; x_wconf 86' lang='lat' dir='ltr'>pure</span> <span class='ocrx_word' id='word_1_738' title='bbox 447 3369 664 3403; x_wconf 84' lang='lat' dir='ltr'>concretiones</span> <span class='ocrx_word' id='word_1_739' title='bbox 686 3365 805 3399; x_wconf 85' lang='lat' dir='ltr'>viderat</span> <span class='ocrx_word' id='word_1_740' title='bbox 825 3390 833 3397; x_wconf 95' lang='lat'>.</span> <span class='ocrx_word' id='word_1_741' title='bbox 866 3368 904 3399; x_wconf 92' lang='lat' dir='ltr'>In</span> <span class='ocrx_word' id='word_1_742' title='bbox 928 3367 987 3399; x_wconf 92' lang='lat' dir='ltr'>illo</span> <span class='ocrx_word' id='word_1_743' title='bbox 1015 3375 1120 3400; x_wconf 90' lang='lat' dir='ltr'>autem</span> <span class='ocrx_word' id='word_1_744' title='bbox 1145 3369 1221 3411; x_wconf 23' lang='lat' dir='ltr'>Sin-u</span> <span class='ocrx_word' id='word_1_745' title='bbox 1244 3365 1344 3398; x_wconf 89' lang='lat' dir='ltr'>tenuis</span> 
     </span>
     <span class='ocr_line' id='line_1_93' title="bbox 349 3409 1344 3455; baseline -0.006 -9"><span class='ocrx_word' id='word_1_746' title='bbox 349 3414 503 3455; x_wconf 84' lang='lat' dir='ltr'>polyposa</span> <span class='ocrx_word' id='word_1_747' title='bbox 525 3411 690 3445; x_wconf 83' lang='lat' dir='ltr'>concretio</span> <span class='ocrx_word' id='word_1_748' title='bbox 716 3420 768 3452; x_wconf 76' lang='lat' dir='ltr'>per</span> <span class='ocrx_word' id='word_1_749' title='bbox 800 3417 903 3442; x_wconf 86' lang='lat' dir='ltr'>totam</span> <span class='ocrx_word' id='word_1_750' title='bbox 927 3409 1162 3453; x_wconf 81' lang='lat' dir='ltr'>longitudinem</span> <span class='ocrx_word' id='word_1_751' title='bbox 1185 3410 1214 3441; x_wconf 86' lang='lat' dir='ltr'>se</span> <span class='ocrx_word' id='word_1_752' title='bbox 1235 3417 1344 3455; x_wconf 41' lang='lat' dir='ltr'>exte-n-</span> 
     </span>
     <span class='ocr_line' id='line_1_94' title="bbox 347 3451 1346 3494; baseline -0.005 -5"><span class='ocrx_word' id='word_1_753' title='bbox 347 3456 458 3491; x_wconf 81' lang='lat' dir='ltr'>debat.</span> <span class='ocrx_word' id='word_1_754' title='bbox 482 3455 655 3488; x_wconf 86' lang='lat' dir='ltr'>Cerebrum</span> <span class='ocrx_word' id='word_1_755' title='bbox 678 3462 742 3486; x_wconf 86' lang='lat' dir='ltr'>crat</span> <span class='ocrx_word' id='word_1_756' title='bbox 757 3451 948 3488; x_wconf 87' lang='lat' dir='ltr'>humidum:</span> <span class='ocrx_word' id='word_1_757' title='bbox 973 3457 1004 3487; x_wconf 71' lang='grc' dir='ltr'>δε</span> <span class='ocrx_word' id='word_1_758' title='bbox 1027 3455 1061 3486; x_wconf 90' lang='lat' dir='ltr'>in</span> <span class='ocrx_word' id='word_1_759' title='bbox 1074 3453 1256 3487; x_wconf 87' lang='lat' dir='ltr'>ventriculis</span> <span class='ocrx_word' id='word_1_760' title='bbox 1281 3463 1346 3494; x_wconf 71' lang='lat' dir='ltr'>ejus</span> 
     </span>
    </p>
   </div>
   <div class='ocr_carea' id='block_1_7' title="bbox 518 3629 835 3656">
    <p class='ocr_par' dir='ltr' id='par_1_10' title="bbox 518 3629 835 3656">
     <span class='ocr_line' id='line_1_95' title="bbox 518 3629 835 3656; baseline 0.003 -1"><span class='ocrx_word' id='word_1_761' title='bbox 518 3631 531 3655; x_wconf 89' lang='lat' dir='ltr'>d</span> <span class='ocrx_word' id='word_1_762' title='bbox 547 3629 604 3654; x_wconf 85' lang='lat' dir='ltr'>Obs.</span> <span class='ocrx_word' id='word_1_763' title='bbox 623 3636 643 3653; x_wconf 86' lang='lat'>1.</span> <span class='ocrx_word' id='word_1_764' title='bbox 661 3630 719 3655; x_wconf 66' lang='lat' dir='ltr'>Sect-</span> <span class='ocrx_word' id='word_1_765' title='bbox 738 3632 795 3655; x_wconf 85' lang='lat'>6.1.</span> <span class='ocrx_word' id='word_1_766' title='bbox 815 3638 835 3656; x_wconf 86' lang='grc' dir='ltr'>ι.</span> 
     </span>
    </p>
   </div>
   <div class='ocr_carea' id='block_1_8' title="bbox 387 3631 458 3721">
    <p class='ocr_par' dir='ltr' id='par_1_11' title="bbox 387 3631 458 3721">
     <span class='ocr_line' id='line_1_96' title="bbox 413 3631 458 3658; baseline 0 -6"><span class='ocrx_word' id='word_1_767' title='bbox 413 3631 458 3658; x_wconf 82' lang='lat' dir='ltr'>(n</span> 
     </span>
     <span class='ocr_line' id='line_1_97' title="bbox 387 3663 447 3693; baseline -0.033 0"><span class='ocrx_word' id='word_1_768' title='bbox 387 3663 447 3693; x_wconf 61' lang='grc' dir='ltr'>,ξι</span> 
     </span>
     <span class='ocr_line' id='line_1_98' title="bbox 409 3694 450 3721; baseline 0 -7"><span class='ocrx_word' id='word_1_769' title='bbox 409 3694 450 3721; x_wconf 66' lang='lat' dir='ltr'>&lt;e</span> 
     </span>
    </p>
   </div>
   <div class='ocr_carea' id='block_1_9' title="bbox 518 3691 913 3721">
    <p class='ocr_par' dir='ltr' id='par_1_12' title="bbox 518 3691 913 3721">
     <span class='ocr_line' id='line_1_99' title="bbox 518 3691 913 3721; baseline 0.005 -7"><span class='ocrx_word' id='word_1_770' title='bbox 518 3691 556 3721; x_wconf 82' lang='lat' dir='ltr'>ph.</span> <span class='ocrx_word' id='word_1_771' title='bbox 574 3692 607 3715; x_wconf 87' lang='lat' dir='ltr'>N.</span> <span class='ocrx_word' id='word_1_772' title='bbox 625 3691 654 3715; x_wconf 82' lang='lat' dir='ltr'>C.</span> <span class='ocrx_word' id='word_1_773' title='bbox 672 3692 740 3715; x_wconf 78' lang='lat' dir='ltr'>Ceut.</span> <span class='ocrx_word' id='word_1_774' title='bbox 759 3699 780 3720; x_wconf 81' lang='lat'>3.</span> <span class='ocrx_word' id='word_1_775' title='bbox 798 3691 857 3717; x_wconf 82' lang='lat' dir='ltr'>Obs.</span> <span class='ocrx_word' id='word_1_776' title='bbox 874 3694 913 3716; x_wconf 81' lang='lat'>60.</span> 
     </span>
    </p>
   </div>
   <div class='ocr_carea' id='block_1_10' title="bbox 465 3627 1592 3720">
    <p class='ocr_par' dir='ltr' id='par_1_13' title="bbox 465 3627 1592 3720">
     <span class='ocr_line' id='line_1_100' title="bbox 474 3627 1592 3662; baseline -0.005 -4"><span class='ocrx_word' id='word_1_777' title='bbox 474 3630 488 3658; x_wconf 73' lang='grc'>)</span> <span class='ocrx_word' id='word_1_778' title='bbox 503 3638 515 3653; x_wconf 79' lang='lat'>²</span> <span class='ocrx_word' id='word_1_779' title='bbox 897 3631 905 3661; x_wconf 81' lang='lat'>(</span> <span class='ocrx_word' id='word_1_780' title='bbox 923 3639 937 3654; x_wconf 87' lang='lat' dir='ltr'>a</span> <span class='ocrx_word' id='word_1_781' title='bbox 953 3631 965 3660; x_wconf 82' lang='lat'>)</span> <span class='ocrx_word' id='word_1_782' title='bbox 981 3630 1006 3655; x_wconf 87' lang='lat' dir='ltr'>in</span> <span class='ocrx_word' id='word_1_783' title='bbox 1023 3629 1104 3654; x_wconf 86' lang='lat' dir='ltr'>Schol.</span> <span class='ocrx_word' id='word_1_784' title='bbox 1122 3630 1151 3654; x_wconf 80' lang='lat' dir='ltr'>ad</span> <span class='ocrx_word' id='word_1_785' title='bbox 1167 3629 1230 3661; x_wconf 66' lang='lat' dir='ltr'>obs,</span> <span class='ocrx_word' id='word_1_786' title='bbox 1246 3636 1267 3652; x_wconf 75' lang='lat'>⁴¹.</span> <span class='ocrx_word' id='word_1_787' title='bbox 1288 3629 1352 3662; x_wconf 60' lang='lat' dir='ltr'>Sest,</span> <span class='ocrx_word' id='word_1_788' title='bbox 1368 3630 1392 3653; x_wconf 85' lang='lat'>8.</span> <span class='ocrx_word' id='word_1_789' title='bbox 1409 3627 1482 3656; x_wconf 74' lang='lat' dir='ltr'>ejusd.</span> <span class='ocrx_word' id='word_1_790' title='bbox 1499 3627 1517 3653; x_wconf 85' lang='lat' dir='ltr'>l.</span> <span class='ocrx_word' id='word_1_791' title='bbox 1577 3627 1592 3656; x_wconf 84' lang='grc'>&lt;</span> 
     </span>
     <span class='ocr_line' id='line_1_101' title="bbox 465 3657 1586 3720; baseline -0.003 -35"><span class='ocrx_word' id='word_1_792' title='bbox 465 3661 479 3720; x_wconf 56' lang='lat'>3</span> <span class='ocrx_word' id='word_1_793' title='bbox 494 3662 528 3714; x_wconf 54' lang='lat' dir='ltr'>{e</span> <span class='ocrx_word' id='word_1_794' title='bbox 545 3661 612 3684; x_wconf 82' lang='lat' dir='ltr'>bum.</span> <span class='ocrx_word' id='word_1_795' title='bbox 630 3667 692 3688; x_wconf 68' lang='lat' dir='ltr'>corp⁴</span> <span class='ocrx_word' id='word_1_796' title='bbox 709 3660 767 3684; x_wconf 68' lang='lat' dir='ltr'>fabr⁴</span> <span class='ocrx_word' id='word_1_797' title='bbox 786 3661 802 3684; x_wconf 88' lang='lat' dir='ltr'>l.</span> <span class='ocrx_word' id='word_1_798' title='bbox 818 3669 840 3689; x_wconf 84' lang='lat'>7.</span> <span class='ocrx_word' id='word_1_799' title='bbox 858 3668 877 3685; x_wconf 84' lang='lat' dir='ltr'>c.</span> <span class='ocrx_word' id='word_1_800' title='bbox 896 3669 918 3684; x_wconf 88' lang='lat'>2.</span> <span class='ocrx_word' id='word_1_801' title='bbox 937 3661 958 3685; x_wconf 67' lang='lat' dir='ltr'>sc</span> <span class='ocrx_word' id='word_1_802' title='bbox 975 3660 1070 3690; x_wconf 80' lang='lat' dir='ltr'>Explit.</span> <span class='ocrx_word' id='word_1_803' title='bbox 1089 3660 1141 3691; x_wconf 75' lang='lat' dir='ltr'>Fig.</span> <span class='ocrx_word' id='word_1_804' title='bbox 1161 3668 1183 3686; x_wconf 85' lang='lat'>1.</span> <span class='ocrx_word' id='word_1_805' title='bbox 1200 3660 1273 3688; x_wconf 68' lang='lat' dir='ltr'>eyusd.</span> <span class='ocrx_word' id='word_1_806' title='bbox 1292 3659 1349 3684; x_wconf 76' lang='lat' dir='ltr'>ribn</span> <span class='ocrx_word' id='word_1_807' title='bbox 1365 3668 1389 3689; x_wconf 86' lang='lat'>7.</span> <span class='ocrx_word' id='word_1_808' title='bbox 1407 3659 1436 3684; x_wconf 83' lang='lat' dir='ltr'>ad</span> <span class='ocrx_word' id='word_1_809' title='bbox 1452 3660 1482 3684; x_wconf 80' lang='lat' dir='ltr'>K.</span> <span class='ocrx_word' id='word_1_810' title='bbox 1545 3657 1555 3687; x_wconf 79' lang='lat' dir='ltr'>s</span> <span class='ocrx_word' id='word_1_811' title='bbox 1570 3659 1586 3682; x_wconf 75' lang='lat' dir='ltr'>ei</span> 
     </span>
    </p>
   </div>
   <div class='ocr_carea' id='block_1_11' title="bbox 1384 1504 2415 3528">
    <p class='ocr_par' dir='ltr' id='par_1_14' title="bbox 1387 1504 2403 1680">
     <span class='ocr_line' id='line_1_102' title="bbox 1388 1504 2403 1548; baseline 0.001 -10"><span class='ocrx_word' id='word_1_812' title='bbox 1388 1504 1561 1548; x_wconf 78' lang='lat' dir='ltr'>majoribus</span> <span class='ocrx_word' id='word_1_813' title='bbox 1585 1505 1686 1539; x_wconf 86' lang='lat' dir='ltr'>serum</span> <span class='ocrx_word' id='word_1_814' title='bbox 1708 1506 1833 1543; x_wconf 85' lang='lat' dir='ltr'>inerat,</span> <span class='ocrx_word' id='word_1_815' title='bbox 1857 1504 1908 1538; x_wconf 88' lang='lat' dir='ltr'>sed</span> <span class='ocrx_word' id='word_1_816' title='bbox 1933 1515 2088 1547; x_wconf 84' lang='lat' dir='ltr'>paucum.</span> <span class='ocrx_word' id='word_1_817' title='bbox 2113 1507 2151 1538; x_wconf 91' lang='lat' dir='ltr'>In</span> <span class='ocrx_word' id='word_1_818' title='bbox 2175 1505 2270 1548; x_wconf 85' lang='lat' dir='ltr'>plexu</span> <span class='ocrx_word' id='word_1_819' title='bbox 2292 1513 2403 1539; x_wconf 85' lang='lat' dir='ltr'>autem</span> 
     </span>
     <span class='ocr_line' id='line_1_103' title="bbox 1387 1547 2402 1592; baseline 0.002 -11"><span class='ocrx_word' id='word_1_820' title='bbox 1387 1547 1556 1583; x_wconf 89' lang='lat' dir='ltr'>Choroide</span> <span class='ocrx_word' id='word_1_821' title='bbox 1578 1548 1734 1591; x_wconf 72' lang='lat' dir='ltr'>glandulae</span> <span class='ocrx_word' id='word_1_822' title='bbox 1746 1557 1887 1591; x_wconf 86' lang='lat' dir='ltr'>quatuor</span> <span class='ocrx_word' id='word_1_823' title='bbox 1909 1547 2043 1589; x_wconf 82' lang='lat' dir='ltr'>majores</span> <span class='ocrx_word' id='word_1_824' title='bbox 2054 1547 2282 1582; x_wconf 86' lang='lat' dir='ltr'>extuberabant</span> <span class='ocrx_word' id='word_1_825' title='bbox 2299 1571 2309 1586; x_wconf 94' lang='lat'><em>‚</em></span> <span class='ocrx_word' id='word_1_826' title='bbox 2331 1560 2402 1592; x_wconf 85' lang='lat' dir='ltr'>quae</span> 
     </span>
     <span class='ocr_line' id='line_1_104' title="bbox 1388 1590 2403 1635; baseline 0.002 -11"><span class='ocrx_word' id='word_1_827' title='bbox 1388 1594 1422 1624; x_wconf 84' lang='lat' dir='ltr'>in</span> <span class='ocrx_word' id='word_1_828' title='bbox 1445 1604 1559 1635; x_wconf 87' lang='lat' dir='ltr'>corpus</span> <span class='ocrx_word' id='word_1_829' title='bbox 1582 1590 1976 1630; x_wconf 85' lang='lat' dir='ltr'>induruerant&#39;solidum‚</span> <span class='ocrx_word' id='word_1_830' title='bbox 1999 1591 2122 1625; x_wconf 89' lang='lat' dir='ltr'>luteum</span> <span class='ocrx_word' id='word_1_831' title='bbox 2144 1615 2154 1630; x_wconf 95' lang='lat'>,</span> <span class='ocrx_word' id='word_1_832' title='bbox 2180 1595 2212 1626; x_wconf 88' lang='lat'>&amp;</span> <span class='ocrx_word' id='word_1_833' title='bbox 2235 1590 2339 1625; x_wconf 89' lang='lat' dir='ltr'>forma</span> <span class='ocrx_word' id='word_1_834' title='bbox 2363 1590 2403 1626; x_wconf 88' lang='lat' dir='ltr'>ad</span> 
     </span>
     <span class='ocr_line' id='line_1_105' title="bbox 1388 1634 2000 1680; baseline -0.008 -12"><span class='ocrx_word' id='word_1_835' title='bbox 1388 1635 1575 1677; x_wconf 77' lang='lat' dir='ltr'>sphaericam</span> <span class='ocrx_word' id='word_1_836' title='bbox 1599 1634 1745 1668; x_wconf 86' lang='lat' dir='ltr'>accedens</span> <span class='ocrx_word' id='word_1_837' title='bbox 1760 1658 1767 1665; x_wconf 91' lang='lat'>.</span> <span class='ocrx_word' id='word_1_838' title='bbox 1994 1675 2000 1680; x_wconf 40' lang='grc' dir='ltr'>Ι</span> 
     </span>
    </p>

    <p class='ocr_par' dir='ltr' id='par_1_15' title="bbox 1384 1677 2415 2890">
     <span class='ocr_line' id='line_1_106' title="bbox 1429 1677 2395 1721; baseline 0.003 -12"><span class='ocrx_word' id='word_1_839' title='bbox 1429 1691 1459 1721; x_wconf 84' lang='lat'>3.</span> <span class='ocrx_word' id='word_1_840' title='bbox 1487 1682 1603 1713; x_wconf 83' lang='lat' dir='ltr'>Praeter</span> <span class='ocrx_word' id='word_1_841' title='bbox 1626 1678 1706 1711; x_wconf 81' lang='lat' dir='ltr'>hanc</span> <span class='ocrx_word' id='word_1_842' title='bbox 1730 1677 1925 1718; x_wconf 82' lang='lat' dir='ltr'>Virginem,</span> <span class='ocrx_word' id='word_1_843' title='bbox 1946 1687 2036 1719; x_wconf 79' lang='lat' dir='ltr'>cnjus</span> <span class='ocrx_word' id='word_1_844' title='bbox 2047 1677 2201 1712; x_wconf 89' lang='lat' dir='ltr'>delirium</span> <span class='ocrx_word' id='word_1_845' title='bbox 2225 1690 2264 1712; x_wconf 85' lang='lat' dir='ltr'>ex</span> <span class='ocrx_word' id='word_1_846' title='bbox 2275 1679 2395 1712; x_wconf 85' lang='lat' dir='ltr'>melan-</span> 
     </span>
     <span class='ocr_line' id='line_1_107' title="bbox 1386 1720 2398 1763; baseline 0 -8"><span class='ocrx_word' id='word_1_847' title='bbox 1386 1721 1516 1755; x_wconf 76' lang='lat' dir='ltr'>cholico</span> <span class='ocrx_word' id='word_1_848' title='bbox 1539 1724 1573 1755; x_wconf 86' lang='lat' dir='ltr'>in</span> <span class='ocrx_word' id='word_1_849' title='bbox 1597 1723 1777 1755; x_wconf 87' lang='lat' dir='ltr'>maniacum</span> <span class='ocrx_word' id='word_1_850' title='bbox 1799 1721 2037 1763; x_wconf 82' lang='lat' dir='ltr'>degeneraverat</span> <span class='ocrx_word' id='word_1_851' title='bbox 2060 1744 2071 1760; x_wconf 84' lang='lat'>‚</span> <span class='ocrx_word' id='word_1_852' title='bbox 2105 1720 2126 1754; x_wconf 86' lang='lat' dir='ltr'>fi</span> <span class='ocrx_word' id='word_1_853' title='bbox 2150 1721 2264 1755; x_wconf 88' lang='lat' dir='ltr'>stultos</span> <span class='ocrx_word' id='word_1_854' title='bbox 2286 1722 2364 1755; x_wconf 89' lang='lat' dir='ltr'>alios</span> <span class='ocrx_word' id='word_1_855' title='bbox 2388 1745 2398 1762; x_wconf 85' lang='lat'>,</span> 
     </span>
     <span class='ocr_line' id='line_1_108' title="bbox 1387 1762 2398 1808; baseline -0.002 -9"><span class='ocrx_word' id='word_1_856' title='bbox 1387 1775 1422 1800; x_wconf 83' lang='lat' dir='ltr'>ut</span> <span class='ocrx_word' id='word_1_857' title='bbox 1446 1765 1525 1808; x_wconf 85' lang='lat' dir='ltr'>saepe</span> <span class='ocrx_word' id='word_1_858' title='bbox 1547 1768 1689 1798; x_wconf 86' lang='lat' dir='ltr'>viventes</span> <span class='ocrx_word' id='word_1_859' title='bbox 1711 1763 1844 1797; x_wconf 86' lang='lat' dir='ltr'>curandi</span> <span class='ocrx_word' id='word_1_860' title='bbox 1868 1763 1982 1797; x_wconf 83' lang='lat' dir='ltr'>habuit</span> <span class='ocrx_word' id='word_1_861' title='bbox 2005 1787 2017 1804; x_wconf 87' lang='lat'>,</span> <span class='ocrx_word' id='word_1_862' title='bbox 2040 1762 2080 1796; x_wconf 87' lang='lat' dir='ltr'>fic</span> <span class='ocrx_word' id='word_1_863' title='bbox 2104 1768 2137 1798; x_wconf 74' lang='grc' dir='ltr'>δε</span> <span class='ocrx_word' id='word_1_864' title='bbox 2161 1774 2310 1798; x_wconf 89' lang='lat' dir='ltr'>mortuos</span> <span class='ocrx_word' id='word_1_865' title='bbox 2332 1764 2398 1799; x_wconf 86' lang='lat' dir='ltr'>dis-</span> 
     </span>
     <span class='ocr_line' id='line_1_109' title="bbox 1386 1805 2403 1849; baseline 0 -7"><span class='ocrx_word' id='word_1_866' title='bbox 1386 1810 1510 1843; x_wconf 86' lang='lat' dir='ltr'>secandi</span> <span class='ocrx_word' id='word_1_867' title='bbox 1542 1809 1690 1842; x_wconf 85' lang='lat' dir='ltr'>Valsalva</span> <span class='ocrx_word' id='word_1_868' title='bbox 1713 1806 1908 1840; x_wconf 83' lang='lat' dir='ltr'>occasionem</span> <span class='ocrx_word' id='word_1_869' title='bbox 1940 1805 2094 1840; x_wconf 78' lang='lat' dir='ltr'>habuisset</span> <span class='ocrx_word' id='word_1_870' title='bbox 2116 1820 2133 1847; x_wconf 28' lang='lat'>3*</span> <span class='ocrx_word' id='word_1_871' title='bbox 2164 1819 2228 1841; x_wconf 90' lang='lat' dir='ltr'>non</span> <span class='ocrx_word' id='word_1_872' title='bbox 2254 1808 2370 1842; x_wconf 89' lang='lat' dir='ltr'>dubito</span> <span class='ocrx_word' id='word_1_873' title='bbox 2392 1832 2403 1849; x_wconf 88' lang='lat'>,</span> 
     </span>
     <span class='ocr_line' id='line_1_110' title="bbox 1385 1851 2403 1897; baseline 0.001 -12"><span class='ocrx_word' id='word_1_874' title='bbox 1385 1854 1465 1897; x_wconf 89' lang='lat' dir='ltr'>quin</span> <span class='ocrx_word' id='word_1_875' title='bbox 1488 1852 1581 1885; x_wconf 86' lang='lat' dir='ltr'>facile</span> <span class='ocrx_word' id='word_1_876' title='bbox 1614 1852 1679 1895; x_wconf 86' lang='lat' dir='ltr'>ipse</span> <span class='ocrx_word' id='word_1_877' title='bbox 1702 1863 1830 1894; x_wconf 87' lang='lat' dir='ltr'>quoque</span> <span class='ocrx_word' id='word_1_878' title='bbox 1865 1852 1899 1883; x_wconf 89' lang='lat' dir='ltr'>in</span> <span class='ocrx_word' id='word_1_879' title='bbox 1922 1861 2032 1883; x_wconf 90' lang='lat' dir='ltr'>eorum</span> <span class='ocrx_word' id='word_1_880' title='bbox 2063 1851 2192 1885; x_wconf 90' lang='lat' dir='ltr'>cerebro</span> <span class='ocrx_word' id='word_1_881' title='bbox 2214 1863 2283 1885; x_wconf 89' lang='lat' dir='ltr'>eam</span> <span class='ocrx_word' id='word_1_882' title='bbox 2306 1863 2403 1896; x_wconf 88' lang='lat' dir='ltr'>quam</span> 
     </span>
     <span class='ocr_line' id='line_1_111' title="bbox 1386 1892 2403 1939; baseline 0 -10"><span class='ocrx_word' id='word_1_883' title='bbox 1386 1908 1446 1939; x_wconf 81' lang='lat' dir='ltr'>ego</span> <span class='ocrx_word' id='word_1_884' title='bbox 1469 1895 1622 1929; x_wconf 56' lang='lat' dir='ltr'>hasterius</span> <span class='ocrx_word' id='word_1_885' title='bbox 1646 1897 1679 1928; x_wconf 91' lang='lat' dir='ltr'>in</span> <span class='ocrx_word' id='word_1_886' title='bbox 1704 1896 1856 1928; x_wconf 90' lang='lat' dir='ltr'>omnibus</span> <span class='ocrx_word' id='word_1_887' title='bbox 1876 1917 1889 1934; x_wconf 92' lang='lat'>,</span> <span class='ocrx_word' id='word_1_888' title='bbox 1922 1892 2073 1927; x_wconf 85' lang='lat' dir='ltr'>duritiem</span> <span class='ocrx_word' id='word_1_889' title='bbox 2096 1894 2204 1930; x_wconf 76' lang='lat' dir='ltr'>fuisset</span> <span class='ocrx_word' id='word_1_890' title='bbox 2231 1894 2403 1929; x_wconf 76' lang='lat' dir='ltr'>adnotatu-</span> 
     </span>
     <span class='ocr_line' id='line_1_112' title="bbox 1384 1937 2403 1978; baseline -0.001 -5"><span class='ocrx_word' id='word_1_891' title='bbox 1384 1951 1436 1973; x_wconf 85' lang='lat' dir='ltr'>rus</span> <span class='ocrx_word' id='word_1_892' title='bbox 1457 1963 1465 1972; x_wconf 88' lang='lat'>.</span> <span class='ocrx_word' id='word_1_893' title='bbox 1599 1937 1700 1978; x_wconf 82' lang='lat' dir='ltr'>Qod</span> <span class='ocrx_word' id='word_1_894' title='bbox 1731 1949 1808 1970; x_wconf 88' lang='lat' dir='ltr'>vero</span> <span class='ocrx_word' id='word_1_895' title='bbox 1842 1937 1879 1971; x_wconf 90' lang='lat' dir='ltr'>ad</span> <span class='ocrx_word' id='word_1_896' title='bbox 1910 1948 2045 1978; x_wconf 86' lang='lat' dir='ltr'>corpora</span> <span class='ocrx_word' id='word_1_897' title='bbox 2077 1937 2133 1970; x_wconf 83' lang='lat' dir='ltr'>illa</span> <span class='ocrx_word' id='word_1_898' title='bbox 2166 1941 2323 1973; x_wconf 85' lang='lat' dir='ltr'>tumentia</span> <span class='ocrx_word' id='word_1_899' title='bbox 2366 1940 2403 1972; x_wconf 84' lang='lat' dir='ltr'>in</span> 
     </span>
     <span class='ocr_line' id='line_1_113' title="bbox 1386 1980 2403 2025; baseline 0.001 -11"><span class='ocrx_word' id='word_1_900' title='bbox 1386 1983 1481 2025; x_wconf 77' lang='lat' dir='ltr'>plexu</span> <span class='ocrx_word' id='word_1_901' title='bbox 1503 1981 1691 2019; x_wconf 84' lang='lat' dir='ltr'>Choroide‚</span> <span class='ocrx_word' id='word_1_902' title='bbox 1716 1983 1747 2013; x_wconf 89' lang='lat'>&amp;</span> <span class='ocrx_word' id='word_1_903' title='bbox 1772 1980 1809 2014; x_wconf 88' lang='lat' dir='ltr'>ad</span> <span class='ocrx_word' id='word_1_904' title='bbox 1832 1981 1888 2014; x_wconf 89' lang='lat' dir='ltr'>ista</span> <span class='ocrx_word' id='word_1_905' title='bbox 1912 1981 2032 2014; x_wconf 86' lang='lat' dir='ltr'>attinet</span> <span class='ocrx_word' id='word_1_906' title='bbox 2063 1992 2132 2022; x_wconf 84' lang='lat' dir='ltr'>quae</span> <span class='ocrx_word' id='word_1_907' title='bbox 2156 1982 2190 2016; x_wconf 92' lang='lat' dir='ltr'>in</span> <span class='ocrx_word' id='word_1_908' title='bbox 2212 1985 2304 2016; x_wconf 85' lang='lat' dir='ltr'>Dura</span> <span class='ocrx_word' id='word_1_909' title='bbox 2337 1994 2403 2015; x_wconf 87' lang='lat' dir='ltr'>me-</span> 
     </span>
     <span class='ocr_line' id='line_1_114' title="bbox 1385 2022 2398 2069; baseline 0.001 -11"><span class='ocrx_word' id='word_1_910' title='bbox 1385 2028 1479 2067; x_wconf 77' lang='lat' dir='ltr'>ninge</span> <span class='ocrx_word' id='word_1_911' title='bbox 1504 2024 1543 2058; x_wconf 92' lang='lat' dir='ltr'>ad</span> <span class='ocrx_word' id='word_1_912' title='bbox 1566 2025 1662 2057; x_wconf 86' lang='lat' dir='ltr'>latera</span> <span class='ocrx_word' id='word_1_913' title='bbox 1686 2025 1780 2056; x_wconf 89' lang='lat' dir='ltr'>Sinus</span> <span class='ocrx_word' id='word_1_914' title='bbox 1814 2025 1917 2056; x_wconf 83' lang='lat' dir='ltr'>Falcis</span> <span class='ocrx_word' id='word_1_915' title='bbox 1941 2022 2104 2066; x_wconf 82' lang='lat' dir='ltr'>descripsit</span> <span class='ocrx_word' id='word_1_916' title='bbox 2125 2047 2138 2064; x_wconf 89' lang='lat'>,</span> <span class='ocrx_word' id='word_1_917' title='bbox 2171 2025 2360 2069; x_wconf 87' lang='lat' dir='ltr'>corpuscula</span> <span class='ocrx_word' id='word_1_918' title='bbox 2386 2037 2398 2064; x_wconf 76' lang='lat'>5</span> 
     </span>
     <span class='ocr_line' id='line_1_115' title="bbox 1388 2066 2400 2112; baseline -0.001 -10"><span class='ocrx_word' id='word_1_919' title='bbox 1388 2067 1644 2102; x_wconf 85' lang='lat' dir='ltr'>extuberantiam</span> <span class='ocrx_word' id='word_1_920' title='bbox 1667 2069 1701 2099; x_wconf 90' lang='lat' dir='ltr'>in</span> <span class='ocrx_word' id='word_1_921' title='bbox 1724 2078 1762 2098; x_wconf 89' lang='lat' dir='ltr'>eo</span> <span class='ocrx_word' id='word_1_922' title='bbox 1786 2066 1904 2108; x_wconf 73' lang='lat' dir='ltr'>plexu,</span> <span class='ocrx_word' id='word_1_923' title='bbox 1927 2067 2072 2108; x_wconf 83' lang='lat' dir='ltr'>opinor,</span> <span class='ocrx_word' id='word_1_924' title='bbox 2095 2067 2274 2110; x_wconf 83' lang='lat' dir='ltr'>majorem,</span> <span class='ocrx_word' id='word_1_925' title='bbox 2297 2080 2400 2112; x_wconf 85' lang='lat' dir='ltr'>neque</span> 
     </span>
     <span class='ocr_line' id='line_1_116' title="bbox 1390 2109 2403 2150; baseline -0.001 -5"><span class='ocrx_word' id='word_1_926' title='bbox 1390 2122 1497 2145; x_wconf 87' lang='lat' dir='ltr'>tamen</span> <span class='ocrx_word' id='word_1_927' title='bbox 1520 2112 1554 2143; x_wconf 91' lang='lat' dir='ltr'>in</span> <span class='ocrx_word' id='word_1_928' title='bbox 1575 2110 1694 2150; x_wconf 84' lang='lat' dir='ltr'>stulto,</span> <span class='ocrx_word' id='word_1_929' title='bbox 1718 2110 1794 2142; x_wconf 85' lang='lat' dir='ltr'>alias</span> <span class='ocrx_word' id='word_1_930' title='bbox 1818 2112 1832 2148; x_wconf 85' lang='lat'>(</span> <span class='ocrx_word' id='word_1_931' title='bbox 1853 2109 1872 2142; x_wconf 87' lang='lat' dir='ltr'><em>b</em></span> <span class='ocrx_word' id='word_1_932' title='bbox 1893 2113 1906 2149; x_wconf 86' lang='lat'><em>)</em></span> <span class='ocrx_word' id='word_1_933' title='bbox 1930 2109 1993 2142; x_wconf 88' lang='lat' dir='ltr'>tibi</span> <span class='ocrx_word' id='word_1_934' title='bbox 2017 2113 2264 2146; x_wconf 87' lang='lat' dir='ltr'>commemoravi</span> <span class='ocrx_word' id='word_1_935' title='bbox 2289 2124 2297 2147; x_wconf 90' lang='lat'><strong>:</strong></span> <span class='ocrx_word' id='word_1_936' title='bbox 2333 2113 2403 2145; x_wconf 84' lang='lat' dir='ltr'>haec</span> 
     </span>
     <span class='ocr_line' id='line_1_117' title="bbox 1391 2151 2402 2197; baseline -0.003 -7"><span class='ocrx_word' id='word_1_937' title='bbox 1391 2165 1497 2190; x_wconf 87' lang='lat' dir='ltr'>autem</span> <span class='ocrx_word' id='word_1_938' title='bbox 1527 2166 1544 2186; x_wconf 84' lang='lat' dir='ltr'>e</span> <span class='ocrx_word' id='word_1_939' title='bbox 1576 2157 1665 2189; x_wconf 88' lang='lat' dir='ltr'>Dura</span> <span class='ocrx_word' id='word_1_940' title='bbox 1690 2154 1836 2194; x_wconf 84' lang='lat' dir='ltr'>meninge</span> <span class='ocrx_word' id='word_1_941' title='bbox 1870 2151 1899 2185; x_wconf 91' lang='lat' dir='ltr'>se</span> <span class='ocrx_word' id='word_1_942' title='bbox 1934 2153 2117 2190; x_wconf 81' lang='lat' dir='ltr'>attollentia</span> <span class='ocrx_word' id='word_1_943' title='bbox 2151 2155 2338 2197; x_wconf 89' lang='lat' dir='ltr'>corpuscula</span> <span class='ocrx_word' id='word_1_944' title='bbox 2361 2154 2402 2188; x_wconf 88' lang='lat' dir='ltr'>de</span> 
     </span>
     <span class='ocr_line' id='line_1_118' title="bbox 1390 2194 2403 2241; baseline -0.001 -9"><span class='ocrx_word' id='word_1_945' title='bbox 1390 2210 1500 2233; x_wconf 84' lang='lat' dir='ltr'>eorum</span> <span class='ocrx_word' id='word_1_946' title='bbox 1524 2196 1651 2231; x_wconf 88' lang='lat' dir='ltr'>fortasse</span> <span class='ocrx_word' id='word_1_947' title='bbox 1674 2208 1783 2239; x_wconf 88' lang='lat' dir='ltr'>genere</span> <span class='ocrx_word' id='word_1_948' title='bbox 1807 2194 1897 2228; x_wconf 82' lang='lat' dir='ltr'>fuisse</span> <span class='ocrx_word' id='word_1_949' title='bbox 1923 2218 1936 2236; x_wconf 85' lang='lat'>,</span> <span class='ocrx_word' id='word_1_950' title='bbox 1966 2195 2105 2239; x_wconf 90' lang='lat' dir='ltr'>suspicor</span> <span class='ocrx_word' id='word_1_951' title='bbox 2124 2219 2133 2234; x_wconf 90' lang='lat'>‚</span> <span class='ocrx_word' id='word_1_952' title='bbox 2165 2209 2236 2240; x_wconf 85' lang='lat' dir='ltr'>quae</span> <span class='ocrx_word' id='word_1_953' title='bbox 2259 2197 2361 2241; x_wconf 88' lang='lat' dir='ltr'>postea</span> <span class='ocrx_word' id='word_1_954' title='bbox 2386 2209 2403 2231; x_wconf 83' lang='lat' dir='ltr'>a</span> 
     </span>
     <span class='ocr_line' id='line_1_119' title="bbox 1392 2237 2402 2283; baseline -0.002 -7"><span class='ocrx_word' id='word_1_955' title='bbox 1392 2241 1575 2277; x_wconf 85' lang='lat' dir='ltr'>Pacchiono</span> <span class='ocrx_word' id='word_1_956' title='bbox 1598 2240 1757 2282; x_wconf 74' lang='lat' dir='ltr'>glandulae</span> <span class='ocrx_word' id='word_1_957' title='bbox 1781 2237 1853 2272; x_wconf 88' lang='lat' dir='ltr'>sunt</span> <span class='ocrx_word' id='word_1_958' title='bbox 1877 2239 2033 2281; x_wconf 87' lang='lat' dir='ltr'>appellata</span> <span class='ocrx_word' id='word_1_959' title='bbox 2054 2263 2068 2280; x_wconf 92' lang='lat'>‚</span> <span class='ocrx_word' id='word_1_960' title='bbox 2101 2241 2141 2274; x_wconf 89' lang='lat' dir='ltr'>iis</span> <span class='ocrx_word' id='word_1_961' title='bbox 2164 2240 2238 2283; x_wconf 84' lang='lat' dir='ltr'>ipsis</span> <span class='ocrx_word' id='word_1_962' title='bbox 2261 2243 2294 2274; x_wconf 89' lang='lat' dir='ltr'>in</span> <span class='ocrx_word' id='word_1_963' title='bbox 2318 2242 2402 2274; x_wconf 88' lang='lat' dir='ltr'>locis</span> 
     </span>
     <span class='ocr_line' id='line_1_120' title="bbox 1390 2283 2403 2327; baseline -0.001 -7"><span class='ocrx_word' id='word_1_964' title='bbox 1390 2284 1550 2320; x_wconf 86' lang='lat' dir='ltr'>interdum</span> <span class='ocrx_word' id='word_1_965' title='bbox 1573 2285 1701 2323; x_wconf 85' lang='lat' dir='ltr'>minus,</span> <span class='ocrx_word' id='word_1_966' title='bbox 1724 2292 1952 2323; x_wconf 87' lang='lat' dir='ltr'>nonnunquam</span> <span class='ocrx_word' id='word_1_967' title='bbox 1965 2284 2102 2315; x_wconf 85' lang='lat' dir='ltr'>maxime</span> <span class='ocrx_word' id='word_1_968' title='bbox 2125 2284 2295 2327; x_wconf 86' lang='lat' dir='ltr'>conspicua</span> <span class='ocrx_word' id='word_1_969' title='bbox 2309 2308 2316 2316; x_wconf 89' lang='lat'>.</span> <span class='ocrx_word' id='word_1_970' title='bbox 2342 2283 2403 2319; x_wconf 87' lang='lat' dir='ltr'>Sed</span> 
     </span>
     <span class='ocr_line' id='line_1_121' title="bbox 1390 2325 2402 2373; baseline -0.001 -12"><span class='ocrx_word' id='word_1_971' title='bbox 1390 2338 1572 2373; x_wconf 88' lang='lat' dir='ltr'>quanquam</span> <span class='ocrx_word' id='word_1_972' title='bbox 1595 2327 1662 2358; x_wconf 84' lang='lat' dir='ltr'>haec</span> <span class='ocrx_word' id='word_1_973' title='bbox 1686 2336 1783 2368; x_wconf 87' lang='lat' dir='ltr'>neque</span> <span class='ocrx_word' id='word_1_974' title='bbox 1807 2334 1922 2366; x_wconf 58' lang='lat' dir='ltr'>premet</span> <span class='ocrx_word' id='word_1_975' title='bbox 1952 2334 2099 2358; x_wconf 83' lang='lat' dir='ltr'>naturam</span> <span class='ocrx_word' id='word_1_976' title='bbox 2123 2325 2196 2359; x_wconf 88' lang='lat' dir='ltr'>sunt</span> <span class='ocrx_word' id='word_1_977' title='bbox 2220 2349 2229 2363; x_wconf 92' lang='lat'>‚</span> <span class='ocrx_word' id='word_1_978' title='bbox 2262 2336 2299 2363; x_wconf 88' lang='lat' dir='ltr'>ut</span> <span class='ocrx_word' id='word_1_979' title='bbox 2323 2328 2402 2370; x_wconf 84' lang='lat' dir='ltr'>saepe</span> 
     </span>
     <span class='ocr_line' id='line_1_122' title="bbox 1389 2365 2402 2412; baseline -0.001 -7"><span class='ocrx_word' id='word_1_980' title='bbox 1389 2371 1557 2412; x_wconf 82' lang='lat' dir='ltr'>insculptae</span> <span class='ocrx_word' id='word_1_981' title='bbox 1580 2370 1614 2401; x_wconf 90' lang='lat' dir='ltr'>in</span> <span class='ocrx_word' id='word_1_982' title='bbox 1637 2366 1745 2401; x_wconf 63' lang='lat' dir='ltr'>c‘ranio</span> <span class='ocrx_word' id='word_1_983' title='bbox 1771 2365 1872 2407; x_wconf 63' lang='lat' dir='ltr'>foveae</span> <span class='ocrx_word' id='word_1_984' title='bbox 1896 2366 1933 2399; x_wconf 85' lang='lat' dir='ltr'>ad</span> <span class='ocrx_word' id='word_1_985' title='bbox 1955 2378 2063 2401; x_wconf 86' lang='lat' dir='ltr'>eorum</span> <span class='ocrx_word' id='word_1_986' title='bbox 2073 2367 2216 2402; x_wconf 83' lang='lat' dir='ltr'>massulas</span> <span class='ocrx_word' id='word_1_987' title='bbox 2240 2371 2402 2411; x_wconf 83' lang='lat' dir='ltr'>excipien—</span> 
     </span>
     <span class='ocr_line' id='line_1_123' title="bbox 1391 2410 2415 2455; baseline -0.002 -7"><span class='ocrx_word' id='word_1_988' title='bbox 1391 2416 1445 2449; x_wconf 81' lang='lat' dir='ltr'>das</span> <span class='ocrx_word' id='word_1_989' title='bbox 1468 2411 1657 2452; x_wconf 78' lang='lat' dir='ltr'>ostendunt,</span> <span class='ocrx_word' id='word_1_990' title='bbox 1678 2422 1732 2444; x_wconf 85' lang='lat' dir='ltr'>nec</span> <span class='ocrx_word' id='word_1_991' title='bbox 1754 2411 1802 2442; x_wconf 87' lang='lat' dir='ltr'>vel</span> <span class='ocrx_word' id='word_1_992' title='bbox 1827 2419 1897 2442; x_wconf 87' lang='lat' dir='ltr'>ante</span> <span class='ocrx_word' id='word_1_993' title='bbox 1922 2410 1986 2445; x_wconf 92' lang='lat' dir='ltr'>duo</span> <span class='ocrx_word' id='word_1_994' title='bbox 2023 2410 2135 2445; x_wconf 83' lang='lat' dir='ltr'>saecula</span> <span class='ocrx_word' id='word_1_995' title='bbox 2157 2412 2361 2446; x_wconf 85' lang='lat' dir='ltr'>Anatomicis</span> <span class='ocrx_word' id='word_1_996' title='bbox 2385 2437 2415 2455; x_wconf 36' lang='lat' dir='ltr'>‚f</span> 
     </span>
     <span class='ocr_line' id='line_1_124' title="bbox 1392 2453 2400 2502; baseline 0 -12"><span class='ocrx_word' id='word_1_997' title='bbox 1392 2457 1461 2502; x_wconf 87' lang='lat' dir='ltr'>post</span> <span class='ocrx_word' id='word_1_998' title='bbox 1484 2454 1648 2489; x_wconf 87' lang='lat' dir='ltr'>Vesalium</span> <span class='ocrx_word' id='word_1_999' title='bbox 1671 2458 1685 2494; x_wconf 93' lang='lat'>(</span> <span class='ocrx_word' id='word_1_1000' title='bbox 1706 2467 1722 2488; x_wconf 89' lang='lat' dir='ltr'>c</span> <span class='ocrx_word' id='word_1_1001' title='bbox 1742 2458 1756 2494; x_wconf 90' lang='lat'>)</span> <span class='ocrx_word' id='word_1_1002' title='bbox 1776 2453 1832 2487; x_wconf 87' lang='lat' dir='ltr'>has</span> <span class='ocrx_word' id='word_1_1003' title='bbox 1854 2453 2015 2487; x_wconf 73' lang='lat' dir='ltr'>tubercula</span> <span class='ocrx_word' id='word_1_1004' title='bbox 2027 2455 2246 2495; x_wconf 84' lang='lat' dir='ltr'>vocitantem,</span> <span class='ocrx_word' id='word_1_1005' title='bbox 2270 2455 2400 2490; x_wconf 89' lang='lat' dir='ltr'>fuerunt</span> 
     </span>
     <span class='ocr_line' id='line_1_125' title="bbox 1391 2497 2399 2543; baseline -0.002 -8"><span class='ocrx_word' id='word_1_1006' title='bbox 1391 2501 1557 2543; x_wconf 81' lang='lat' dir='ltr'>incognita</span> <span class='ocrx_word' id='word_1_1007' title='bbox 1576 2523 1589 2540; x_wconf 93' lang='lat'>‚</span> <span class='ocrx_word' id='word_1_1008' title='bbox 1611 2500 1680 2531; x_wconf 91' lang='lat' dir='ltr'>imo</span> <span class='ocrx_word' id='word_1_1009' title='bbox 1703 2509 1762 2540; x_wconf 90' lang='lat' dir='ltr'>pro</span> <span class='ocrx_word' id='word_1_1010' title='bbox 1783 2498 1873 2530; x_wconf 85' lang='lat' dir='ltr'>novis</span> <span class='ocrx_word' id='word_1_1011' title='bbox 1896 2497 1993 2542; x_wconf 86' lang='lat' dir='ltr'>paulo</span> <span class='ocrx_word' id='word_1_1012' title='bbox 2031 2506 2100 2530; x_wconf 88' lang='lat' dir='ltr'>ante</span> <span class='ocrx_word' id='word_1_1013' title='bbox 2131 2509 2226 2539; x_wconf 86' lang='lat' dir='ltr'>quam</span> <span class='ocrx_word' id='word_1_1014' title='bbox 2250 2498 2399 2533; x_wconf 80' lang='lat' dir='ltr'>Valsalva</span> 
     </span>
     <span class='ocr_line' id='line_1_126' title="bbox 1392 2540 2399 2584; baseline 0 -6"><span class='ocrx_word' id='word_1_1015' title='bbox 1392 2544 1590 2583; x_wconf 85' lang='lat' dir='ltr'>nasceretur,</span> <span class='ocrx_word' id='word_1_1016' title='bbox 1612 2543 1729 2575; x_wconf 90' lang='lat' dir='ltr'>iterum</span> <span class='ocrx_word' id='word_1_1017' title='bbox 1741 2540 1902 2583; x_wconf 87' lang='lat' dir='ltr'>proposita</span> <span class='ocrx_word' id='word_1_1018' title='bbox 1926 2542 2020 2579; x_wconf 81' lang='lat' dir='ltr'>sunt3</span> <span class='ocrx_word' id='word_1_1019' title='bbox 2043 2551 2082 2573; x_wconf 92' lang='lat' dir='ltr'>eo</span> <span class='ocrx_word' id='word_1_1020' title='bbox 2102 2550 2208 2574; x_wconf 88' lang='lat' dir='ltr'>tamen</span> <span class='ocrx_word' id='word_1_1021' title='bbox 2229 2543 2399 2584; x_wconf 84' lang='lat' dir='ltr'>quoistam</span> 
     </span>
     <span class='ocr_line' id='line_1_127' title="bbox 1394 2582 2399 2630; baseline -0.004 -9"><span class='ocrx_word' id='word_1_1022' title='bbox 1394 2587 1661 2621; x_wconf 85' lang='lat' dir='ltr'>Observationem</span> <span class='ocrx_word' id='word_1_1023' title='bbox 1684 2582 1834 2626; x_wconf 78' lang='lat' dir='ltr'>scripsisse</span> <span class='ocrx_word' id='word_1_1024' title='bbox 1856 2582 2001 2619; x_wconf 81' lang='lat' dir='ltr'>videtur,</span> <span class='ocrx_word' id='word_1_1025' title='bbox 2024 2592 2165 2625; x_wconf 83' lang='lat' dir='ltr'>tempore</span> <span class='ocrx_word' id='word_1_1026' title='bbox 2189 2585 2294 2619; x_wconf 88' lang='lat' dir='ltr'>rursus</span> <span class='ocrx_word' id='word_1_1027' title='bbox 2318 2598 2399 2630; x_wconf 87' lang='lat' dir='ltr'>qua-</span> 
     </span>
     <span class='ocr_line' id='line_1_128' title="bbox 1393 2625 2399 2665; baseline 0 0"><span class='ocrx_word' id='word_1_1028' title='bbox 1393 2632 1546 2665; x_wconf 87' lang='lat' dir='ltr'>dantenus</span> <span class='ocrx_word' id='word_1_1029' title='bbox 1568 2628 1805 2663; x_wconf 85' lang='lat' dir='ltr'>obsoleverant.</span> <span class='ocrx_word' id='word_1_1030' title='bbox 1832 2627 1955 2661; x_wconf 83' lang='lat' dir='ltr'>Verum</span> <span class='ocrx_word' id='word_1_1031' title='bbox 1978 2625 2045 2660; x_wconf 81' lang='lat' dir='ltr'>haec</span> <span class='ocrx_word' id='word_1_1032' title='bbox 2069 2628 2144 2661; x_wconf 85' lang='lat' dir='ltr'>alias</span> <span class='ocrx_word' id='word_1_1033' title='bbox 2169 2630 2277 2661; x_wconf 86' lang='lat' dir='ltr'>omnia</span> <span class='ocrx_word' id='word_1_1034' title='bbox 2301 2628 2399 2665; x_wconf 84' lang='lat' dir='ltr'>fusius</span> 
     </span>
     <span class='ocr_line' id='line_1_129' title="bbox 1394 2671 2400 2713; baseline -0.004 -6"><span class='ocrx_word' id='word_1_1035' title='bbox 1394 2671 1635 2709; x_wconf 87' lang='lat' dir='ltr'>demonstrabo,</span> <span class='ocrx_word' id='word_1_1036' title='bbox 1661 2682 1717 2703; x_wconf 86' lang='lat' dir='ltr'>nec</span> <span class='ocrx_word' id='word_1_1037' title='bbox 1740 2681 1807 2703; x_wconf 90' lang='lat' dir='ltr'>mea</span> <span class='ocrx_word' id='word_1_1038' title='bbox 1829 2671 1913 2703; x_wconf 85' lang='lat' dir='ltr'>circa</span> <span class='ocrx_word' id='word_1_1039' title='bbox 1937 2681 2046 2703; x_wconf 90' lang='lat' dir='ltr'>eorum</span> <span class='ocrx_word' id='word_1_1040' title='bbox 2059 2671 2320 2713; x_wconf 87' lang='lat' dir='ltr'>corpusculorum</span> <span class='ocrx_word' id='word_1_1041' title='bbox 2344 2685 2400 2706; x_wconf 88' lang='lat' dir='ltr'>na-</span> 
     </span>
     <span class='ocr_line' id='line_1_130' title="bbox 1395 2713 2398 2759; baseline 0 -8"><span class='ocrx_word' id='word_1_1042' title='bbox 1395 2728 1500 2751; x_wconf 88' lang='lat' dir='ltr'>turam</span> <span class='ocrx_word' id='word_1_1043' title='bbox 1525 2717 1699 2749; x_wconf 82' lang='lat' dir='ltr'>tentamina</span> <span class='ocrx_word' id='word_1_1044' title='bbox 1723 2713 1862 2747; x_wconf 88' lang='lat' dir='ltr'>reticebo</span> <span class='ocrx_word' id='word_1_1045' title='bbox 1885 2738 1892 2745; x_wconf 91' lang='lat'>.</span> <span class='ocrx_word' id='word_1_1046' title='bbox 1932 2714 2031 2749; x_wconf 86' lang='lat' dir='ltr'>Nunc</span> <span class='ocrx_word' id='word_1_1047' title='bbox 2054 2725 2121 2747; x_wconf 86' lang='lat' dir='ltr'>eam</span> <span class='ocrx_word' id='word_1_1048' title='bbox 2145 2715 2268 2756; x_wconf 74' lang='lat' dir='ltr'>praestat</span> <span class='ocrx_word' id='word_1_1049' title='bbox 2301 2728 2398 2759; x_wconf 86' lang='lat' dir='ltr'>quam</span> 
     </span>
     <span class='ocr_line' id='line_1_131' title="bbox 1397 2756 2396 2798; baseline 0 -5"><span class='ocrx_word' id='word_1_1050' title='bbox 1397 2760 1480 2794; x_wconf 85' lang='lat' dir='ltr'>mihi</span> <span class='ocrx_word' id='word_1_1051' title='bbox 1515 2761 1549 2792; x_wconf 90' lang='lat' dir='ltr'>in</span> <span class='ocrx_word' id='word_1_1052' title='bbox 1581 2759 1805 2791; x_wconf 88' lang='lat' dir='ltr'>Maniacorum</span> <span class='ocrx_word' id='word_1_1053' title='bbox 1826 2780 1838 2796; x_wconf 88' lang='lat'>,</span> <span class='ocrx_word' id='word_1_1054' title='bbox 1871 2760 1902 2790; x_wconf 90' lang='lat'>&amp;</span> <span class='ocrx_word' id='word_1_1055' title='bbox 1934 2756 2244 2791; x_wconf 87' lang='lat' dir='ltr'>Melancholicorum</span> <span class='ocrx_word' id='word_1_1056' title='bbox 2268 2761 2396 2798; x_wconf 83' lang='lat' dir='ltr'>cerebro</span> 
     </span>
     <span class='ocr_line' id='line_1_132' title="bbox 1396 2799 2397 2846; baseline -0.004 -8"><span class='ocrx_word' id='word_1_1057' title='bbox 1396 2804 1518 2846; x_wconf 81' lang='lat' dir='ltr'>semper</span> <span class='ocrx_word' id='word_1_1058' title='bbox 1540 2802 1666 2835; x_wconf 87' lang='lat' dir='ltr'>obviam</span> <span class='ocrx_word' id='word_1_1059' title='bbox 1693 2799 1784 2834; x_wconf 79' lang='lat' dir='ltr'>fuisse</span> <span class='ocrx_word' id='word_1_1060' title='bbox 1806 2799 1875 2833; x_wconf 85' lang='lat' dir='ltr'>dixi</span> <span class='ocrx_word' id='word_1_1061' title='bbox 1899 2799 2086 2842; x_wconf 80' lang='lat' dir='ltr'>singularem</span> <span class='ocrx_word' id='word_1_1062' title='bbox 2107 2800 2259 2835; x_wconf 88' lang='lat' dir='ltr'>duritiem</span> <span class='ocrx_word' id='word_1_1063' title='bbox 2273 2801 2324 2836; x_wconf 85' lang='lat' dir='ltr'>sex</span> <span class='ocrx_word' id='word_1_1064' title='bbox 2348 2804 2397 2837; x_wconf 79' lang='lat' dir='ltr'>se..</span> 
     </span>
     <span class='ocr_line' id='line_1_133' title="bbox 1395 2842 2163 2890; baseline -0.004 -10"><span class='ocrx_word' id='word_1_1065' title='bbox 1395 2857 1520 2890; x_wconf 89' lang='lat' dir='ltr'>ptemve</span> <span class='ocrx_word' id='word_1_1066' title='bbox 1544 2845 1675 2888; x_wconf 88' lang='lat' dir='ltr'>prolatis</span> <span class='ocrx_word' id='word_1_1067' title='bbox 1698 2842 1935 2878; x_wconf 68' lang='lat' dir='ltr'>diss‘eastionibus</span> <span class='ocrx_word' id='word_1_1068' title='bbox 1958 2843 2163 2877; x_wconf 89' lang='lat' dir='ltr'>confirmare.</span> 
     </span>
    </p>

    <p class='ocr_par' dir='ltr' id='par_1_16' title="bbox 1393 2886 2396 3527">
     <span class='ocr_line' id='line_1_134' title="bbox 1436 2886 2396 2934; baseline 0.002 -13"><span class='ocrx_word' id='word_1_1069' title='bbox 1436 2902 1466 2934; x_wconf 84' lang='lat'>4.</span> <span class='ocrx_word' id='word_1_1070' title='bbox 1489 2889 1726 2934; x_wconf 85' lang='lat' dir='ltr'>JUVENEM</span> <span class='ocrx_word' id='word_1_1071' title='bbox 1747 2897 1935 2930; x_wconf 88' lang='lat' dir='ltr'>procerum,</span> <span class='ocrx_word' id='word_1_1072' title='bbox 1959 2889 1990 2918; x_wconf 70' lang='grc' dir='ltr'>δε</span> <span class='ocrx_word' id='word_1_1073' title='bbox 2015 2886 2171 2921; x_wconf 87' lang='lat' dir='ltr'>robustum</span> <span class='ocrx_word' id='word_1_1074' title='bbox 2195 2889 2300 2922; x_wconf 84' lang='lat' dir='ltr'>mania</span> <span class='ocrx_word' id='word_1_1075' title='bbox 2325 2901 2396 2932; x_wconf 88' lang='lat' dir='ltr'>pre-</span> 
     </span>
     <span class='ocr_line' id='line_1_135' title="bbox 1393 2929 2396 2977; baseline -0.001 -10"><span class='ocrx_word' id='word_1_1076' title='bbox 1393 2933 1544 2968; x_wconf 88' lang='lat' dir='ltr'>henderat</span> <span class='ocrx_word' id='word_1_1077' title='bbox 1566 2932 1606 2965; x_wconf 88' lang='lat' dir='ltr'>A.</span> <span class='ocrx_word' id='word_1_1078' title='bbox 1635 2942 1726 2974; x_wconf 87' lang='lat'>1729.</span> <span class='ocrx_word' id='word_1_1079' title='bbox 1751 2931 1839 2964; x_wconf 87' lang='lat' dir='ltr'>Huic</span> <span class='ocrx_word' id='word_1_1080' title='bbox 1860 2929 1983 2962; x_wconf 86' lang='lat' dir='ltr'>Medici</span> <span class='ocrx_word' id='word_1_1081' title='bbox 2016 2929 2072 2963; x_wconf 91' lang='lat' dir='ltr'>sub</span> <span class='ocrx_word' id='word_1_1082' title='bbox 2097 2929 2191 2964; x_wconf 85' lang='lat' dir='ltr'>finem</span> <span class='ocrx_word' id='word_1_1083' title='bbox 2208 2933 2302 2977; x_wconf 89' lang='lat' dir='ltr'>Junii</span> <span class='ocrx_word' id='word_1_1084' title='bbox 2326 2933 2396 2966; x_wconf 78' lang='lat' dir='ltr'>san-</span> 
     </span>
     <span class='ocr_line' id='line_1_136' title="bbox 1393 2972 2394 3020; baseline 0 -11"><span class='ocrx_word' id='word_1_1085' title='bbox 1393 2978 1523 3020; x_wconf 84' lang='lat' dir='ltr'>guinem</span> <span class='ocrx_word' id='word_1_1086' title='bbox 1546 2987 1583 3008; x_wconf 83' lang='lat' dir='ltr'>ex</span> <span class='ocrx_word' id='word_1_1087' title='bbox 1608 2974 1797 3015; x_wconf 88' lang='lat' dir='ltr'>Temporali</span> <span class='ocrx_word' id='word_1_1088' title='bbox 1819 2974 1932 3005; x_wconf 87' lang='lat' dir='ltr'>arteria</span> <span class='ocrx_word' id='word_1_1089' title='bbox 1946 2972 2035 3006; x_wconf 85' lang='lat' dir='ltr'>educi</span> <span class='ocrx_word' id='word_1_1090' title='bbox 2058 2972 2205 3014; x_wconf 71' lang='lat' dir='ltr'>jusserant</span> <span class='ocrx_word' id='word_1_1091' title='bbox 2218 2975 2255 3009; x_wconf 86' lang='lat' dir='ltr'>ad</span> <span class='ocrx_word' id='word_1_1092' title='bbox 2280 2976 2394 3010; x_wconf 90' lang='lat' dir='ltr'>libram</span> 
     </span>
     <span class='ocr_line' id='line_1_137' title="bbox 1394 3016 2393 3061; baseline 0 -8"><span class='ocrx_word' id='word_1_1093' title='bbox 1394 3031 1508 3054; x_wconf 87' lang='lat' dir='ltr'>unam.</span> <span class='ocrx_word' id='word_1_1094' title='bbox 1534 3019 1661 3052; x_wconf 84' lang='lat' dir='ltr'>Horula</span> <span class='ocrx_word' id='word_1_1095' title='bbox 1683 3019 1738 3050; x_wconf 86' lang='lat' dir='ltr'>vix</span> <span class='ocrx_word' id='word_1_1096' title='bbox 1760 3026 1825 3049; x_wconf 87' lang='lat' dir='ltr'>erat</span> <span class='ocrx_word' id='word_1_1097' title='bbox 1857 3027 1896 3049; x_wconf 85' lang='lat' dir='ltr'>ex</span> <span class='ocrx_word' id='word_1_1098' title='bbox 1919 3027 1984 3058; x_wconf 89' lang='lat' dir='ltr'>quo</span> <span class='ocrx_word' id='word_1_1099' title='bbox 2015 3016 2049 3050; x_wconf 92' lang='lat' dir='ltr'>id</span> <span class='ocrx_word' id='word_1_1100' title='bbox 2071 3016 2250 3061; x_wconf 76' lang='lat' dir='ltr'>Chirurgus</span> <span class='ocrx_word' id='word_1_1101' title='bbox 2274 3019 2393 3061; x_wconf 81' lang='lat' dir='ltr'>praesti-</span> 
     </span>
     <span class='ocr_line' id='line_1_138' title="bbox 1395 3060 2394 3106; baseline 0.001 -11"><span class='ocrx_word' id='word_1_1102' title='bbox 1395 3073 1500 3104; x_wconf 87' lang='lat' dir='ltr'>terat,</span> <span class='ocrx_word' id='word_1_1103' title='bbox 1522 3073 1598 3095; x_wconf 89' lang='lat' dir='ltr'>cum</span> <span class='ocrx_word' id='word_1_1104' title='bbox 1617 3062 1749 3106; x_wconf 89' lang='lat' dir='ltr'>Juvenis</span> <span class='ocrx_word' id='word_1_1105' title='bbox 1771 3061 1917 3093; x_wconf 88' lang='lat' dir='ltr'>inventus</span> <span class='ocrx_word' id='word_1_1106' title='bbox 1939 3060 1980 3092; x_wconf 85' lang='lat' dir='ltr'>est</span> <span class='ocrx_word' id='word_1_1107' title='bbox 2003 3070 2148 3096; x_wconf 88' lang='lat' dir='ltr'>mortuus</span> <span class='ocrx_word' id='word_1_1108' title='bbox 2167 3085 2181 3102; x_wconf 85' lang='lat'>,</span> <span class='ocrx_word' id='word_1_1109' title='bbox 2204 3071 2309 3095; x_wconf 84' lang='lat' dir='ltr'>exerta</span> <span class='ocrx_word' id='word_1_1110' title='bbox 2333 3064 2394 3096; x_wconf 93' lang='lat' dir='ltr'>lin-</span> 
     </span>
     <span class='ocr_line' id='line_1_139' title="bbox 1398 3103 2394 3149; baseline 0 -10"><span class='ocrx_word' id='word_1_1111' title='bbox 1398 3119 1478 3149; x_wconf 80' lang='lat' dir='ltr'>gua.</span> <span class='ocrx_word' id='word_1_1112' title='bbox 1502 3107 1555 3139; x_wconf 85' lang='lat' dir='ltr'>Ne</span> <span class='ocrx_word' id='word_1_1113' title='bbox 1578 3107 1611 3137; x_wconf 89' lang='lat' dir='ltr'>in</span> <span class='ocrx_word' id='word_1_1114' title='bbox 1634 3104 1746 3137; x_wconf 88' lang='lat' dir='ltr'>auxilii</span> <span class='ocrx_word' id='word_1_1115' title='bbox 1770 3114 1889 3145; x_wconf 82' lang='lat' dir='ltr'>genus,</span> <span class='ocrx_word' id='word_1_1116' title='bbox 1912 3103 2080 3138; x_wconf 86' lang='lat' dir='ltr'>Veteribus</span> <span class='ocrx_word' id='word_1_1117' title='bbox 2100 3127 2110 3142; x_wconf 83' lang='grc'>,</span> <span class='ocrx_word' id='word_1_1118' title='bbox 2128 3107 2168 3142; x_wconf 31' lang='lat'>⁴&amp;</span> <span class='ocrx_word' id='word_1_1119' title='bbox 2190 3106 2394 3139; x_wconf 85' lang='lat' dir='ltr'>Recentiori-</span> 
     </span>
     <span class='ocr_line' id='line_1_140' title="bbox 1398 3145 2393 3192; baseline -0.002 -9"><span class='ocrx_word' id='word_1_1120' title='bbox 1398 3152 1455 3183; x_wconf 90' lang='lat' dir='ltr'>bus</span> <span class='ocrx_word' id='word_1_1121' title='bbox 1478 3148 1652 3187; x_wconf 80' lang='lat' dir='ltr'>ufitatum,</span> <span class='ocrx_word' id='word_1_1122' title='bbox 1675 3150 1706 3180; x_wconf 69' lang='grc' dir='ltr'>δε</span> <span class='ocrx_word' id='word_1_1123' title='bbox 1729 3145 1778 3181; x_wconf 89' lang='grc' dir='ltr'>Μ.</span> <span class='ocrx_word' id='word_1_1124' title='bbox 1801 3145 1924 3179; x_wconf 87' lang='lat' dir='ltr'>Aurelii</span> <span class='ocrx_word' id='word_1_1125' title='bbox 1948 3147 2085 3180; x_wconf 81' lang='lat' dir='ltr'>Severini</span> <span class='ocrx_word' id='word_1_1126' title='bbox 2109 3151 2123 3187; x_wconf 66' lang='grc' dir='ltr'>ζ</span> <span class='ocrx_word' id='word_1_1127' title='bbox 2145 3148 2165 3180; x_wconf 80' lang='lat' dir='ltr'><em>d</em></span> <span class='ocrx_word' id='word_1_1128' title='bbox 2184 3151 2223 3187; x_wconf 87' lang='lat'>)(</span> <span class='ocrx_word' id='word_1_1129' title='bbox 2244 3160 2304 3191; x_wconf 88' lang='lat' dir='ltr'>pro</span> <span class='ocrx_word' id='word_1_1130' title='bbox 2326 3162 2393 3192; x_wconf 87' lang='lat' dir='ltr'>quo</span> 
     </span>
     <span class='ocr_line' id='line_1_141' title="bbox 1397 3188 2392 3234; baseline 0 -8"><span class='ocrx_word' id='word_1_1131' title='bbox 1397 3193 1578 3227; x_wconf 85' lang='lat' dir='ltr'>Hildanum</span> <span class='ocrx_word' id='word_1_1132' title='bbox 1611 3201 1771 3234; x_wconf 80' lang='lat' dir='ltr'>perperam</span> <span class='ocrx_word' id='word_1_1133' title='bbox 1792 3202 1808 3222; x_wconf 91' lang='lat' dir='ltr'>a</span> <span class='ocrx_word' id='word_1_1134' title='bbox 1844 3188 1987 3231; x_wconf 81' lang='lat' dir='ltr'>pluribus</span> <span class='ocrx_word' id='word_1_1135' title='bbox 2009 3191 2130 3225; x_wconf 88' lang='lat' dir='ltr'>laudari</span> <span class='ocrx_word' id='word_1_1136' title='bbox 2151 3191 2245 3224; x_wconf 86' lang='lat' dir='ltr'>video</span> <span class='ocrx_word' id='word_1_1137' title='bbox 2264 3196 2277 3232; x_wconf 91' lang='lat'><em>)</em></span> <span class='ocrx_word' id='word_1_1138' title='bbox 2311 3194 2392 3226; x_wconf 91' lang='lat' dir='ltr'>alio-</span> 
     </span>
     <span class='ocr_line' id='line_1_142' title="bbox 1397 3233 2389 3278; baseline 0 -8"><span class='ocrx_word' id='word_1_1139' title='bbox 1397 3247 1528 3278; x_wconf 88' lang='lat' dir='ltr'>rumque</span> <span class='ocrx_word' id='word_1_1140' title='bbox 1549 3238 1563 3274; x_wconf 84' lang='lat'>(</span> <span class='ocrx_word' id='word_1_1141' title='bbox 1585 3246 1599 3268; x_wconf 87' lang='lat' dir='ltr'>e</span> <span class='ocrx_word' id='word_1_1142' title='bbox 1620 3239 1633 3274; x_wconf 92' lang='lat'><em>)</em></span> <span class='ocrx_word' id='word_1_1143' title='bbox 1655 3233 1822 3272; x_wconf 82' lang='lat' dir='ltr'>felicibus,</span> <span class='ocrx_word' id='word_1_1144' title='bbox 1846 3236 1876 3264; x_wconf 85' lang='lat'>&amp;</span> <span class='ocrx_word' id='word_1_1145' title='bbox 1901 3244 2150 3277; x_wconf 88' lang='lat' dir='ltr'>nonnunquam,</span> <span class='ocrx_word' id='word_1_1146' title='bbox 2173 3243 2208 3268; x_wconf 89' lang='lat' dir='ltr'>ut</span> <span class='ocrx_word' id='word_1_1147' title='bbox 2232 3236 2265 3268; x_wconf 89' lang='lat' dir='ltr'>in</span> <span class='ocrx_word' id='word_1_1148' title='bbox 2291 3236 2389 3270; x_wconf 89' lang='lat' dir='ltr'>robu-</span> 
     </span>
     <span class='ocr_line' id='line_1_143' title="bbox 1396 3277 2392 3321; baseline -0.001 -8"><span class='ocrx_word' id='word_1_1149' title='bbox 1396 3280 1439 3313; x_wconf 87' lang='lat' dir='ltr'>sta</span> <span class='ocrx_word' id='word_1_1150' title='bbox 1463 3280 1600 3321; x_wconf 86' lang='lat' dir='ltr'>Virgine</span> <span class='ocrx_word' id='word_1_1151' title='bbox 1620 3301 1632 3316; x_wconf 80' lang='grc'>,</span> <span class='ocrx_word' id='word_1_1152' title='bbox 1665 3277 1911 3318; x_wconf 81' lang='lat' dir='ltr'>extemporaneis</span> <span class='ocrx_word' id='word_1_1153' title='bbox 1943 3279 2162 3311; x_wconf 83' lang='lat' dir='ltr'>curationibus</span> <span class='ocrx_word' id='word_1_1154' title='bbox 2202 3280 2392 3321; x_wconf 86' lang='lat' dir='ltr'>comproba-</span> 
     </span>
     <span class='ocr_line' id='line_1_144' title="bbox 1399 3320 2391 3363; baseline 0.003 -10"><span class='ocrx_word' id='word_1_1155' title='bbox 1399 3332 1488 3362; x_wconf 82' lang='lat' dir='ltr'>tum,</span> <span class='ocrx_word' id='word_1_1156' title='bbox 1513 3333 1587 3354; x_wconf 89' lang='lat' dir='ltr'>neve</span> <span class='ocrx_word' id='word_1_1157' title='bbox 1610 3322 1643 3353; x_wconf 86' lang='lat' dir='ltr'>in</span> <span class='ocrx_word' id='word_1_1158' title='bbox 1667 3322 1866 3353; x_wconf 82' lang='lat' dir='ltr'>immerentes</span> <span class='ocrx_word' id='word_1_1159' title='bbox 1887 3320 2031 3355; x_wconf 86' lang='lat' dir='ltr'>Medicos</span> <span class='ocrx_word' id='word_1_1160' title='bbox 2050 3345 2062 3361; x_wconf 83' lang='lat'>,</span> <span class='ocrx_word' id='word_1_1161' title='bbox 2086 3330 2121 3354; x_wconf 89' lang='lat' dir='ltr'>ut</span> <span class='ocrx_word' id='word_1_1162' title='bbox 2143 3321 2255 3363; x_wconf 78' lang='lat' dir='ltr'>vulgus</span> <span class='ocrx_word' id='word_1_1163' title='bbox 2278 3322 2356 3356; x_wconf 83' lang='lat' dir='ltr'>solet</span> <span class='ocrx_word' id='word_1_1164' title='bbox 2377 3347 2391 3363; x_wconf 93' lang='lat'><em>‚</em></span> 
     </span>
     <span class='ocr_line' id='line_1_145' title="bbox 1397 3363 2391 3409; baseline -0.001 -10"><span class='ocrx_word' id='word_1_1165' title='bbox 1397 3376 1453 3399; x_wconf 84' lang='lat' dir='ltr'>aut</span> <span class='ocrx_word' id='word_1_1166' title='bbox 1477 3367 1511 3397; x_wconf 91' lang='lat' dir='ltr'>in</span> <span class='ocrx_word' id='word_1_1167' title='bbox 1534 3364 1732 3405; x_wconf 83' lang='lat' dir='ltr'>Chirurgum</span> <span class='ocrx_word' id='word_1_1168' title='bbox 1754 3364 1880 3406; x_wconf 86' lang='lat' dir='ltr'>culpam</span> <span class='ocrx_word' id='word_1_1169' title='bbox 1902 3363 2045 3397; x_wconf 86' lang='lat' dir='ltr'>conferas</span> <span class='ocrx_word' id='word_1_1170' title='bbox 2063 3388 2077 3405; x_wconf 87' lang='lat'>,</span> <span class='ocrx_word' id='word_1_1171' title='bbox 2106 3375 2175 3398; x_wconf 88' lang='lat' dir='ltr'>tum</span> <span class='ocrx_word' id='word_1_1172' title='bbox 2197 3375 2233 3398; x_wconf 90' lang='lat' dir='ltr'>ut</span> <span class='ocrx_word' id='word_1_1173' title='bbox 2255 3365 2293 3399; x_wconf 87' lang='lat' dir='ltr'>de</span> <span class='ocrx_word' id='word_1_1174' title='bbox 2316 3366 2391 3409; x_wconf 90' lang='lat' dir='ltr'>qui-</span> 
     </span>
     <span class='ocr_line' id='line_1_146' title="bbox 1397 3405 2390 3452; baseline -0.001 -10"><span class='ocrx_word' id='word_1_1175' title='bbox 1397 3408 1524 3442; x_wconf 84' lang='lat' dir='ltr'>busdam</span> <span class='ocrx_word' id='word_1_1176' title='bbox 1548 3418 1657 3439; x_wconf 83' lang='lat' dir='ltr'>eorum</span> <span class='ocrx_word' id='word_1_1177' title='bbox 1679 3418 1748 3450; x_wconf 86' lang='lat' dir='ltr'>quae</span> <span class='ocrx_word' id='word_1_1178' title='bbox 1773 3407 1807 3438; x_wconf 93' lang='lat' dir='ltr'>in</span> <span class='ocrx_word' id='word_1_1179' title='bbox 1828 3405 1974 3439; x_wconf 84' lang='lat' dir='ltr'>cadavere</span> <span class='ocrx_word' id='word_1_1180' title='bbox 1998 3407 2147 3441; x_wconf 86' lang='lat' dir='ltr'>adnotata</span> <span class='ocrx_word' id='word_1_1181' title='bbox 2165 3407 2257 3445; x_wconf 86' lang='lat' dir='ltr'>sunt,</span> <span class='ocrx_word' id='word_1_1182' title='bbox 2283 3410 2390 3452; x_wconf 87' lang='lat' dir='ltr'>aptius</span> 
     </span>
     <span class='ocr_line' id='line_1_147' title="bbox 1396 3449 2390 3527; baseline 0 -42"><span class='ocrx_word' id='word_1_1183' title='bbox 1396 3451 1476 3486; x_wconf 80' lang='lat' dir='ltr'>ferre</span> <span class='ocrx_word' id='word_1_1184' title='bbox 1508 3450 1665 3493; x_wconf 89' lang='lat' dir='ltr'>judicium</span> <span class='ocrx_word' id='word_1_1185' title='bbox 1686 3461 1780 3493; x_wconf 87' lang='lat' dir='ltr'>queas</span> <span class='ocrx_word' id='word_1_1186' title='bbox 1798 3462 1808 3487; x_wconf 82' lang='lat'><em>3</em></span> <span class='ocrx_word' id='word_1_1187' title='bbox 1842 3449 1923 3483; x_wconf 89' lang='lat' dir='ltr'>illud</span> <span class='ocrx_word' id='word_1_1188' title='bbox 1945 3450 2089 3484; x_wconf 89' lang='lat' dir='ltr'>celandus</span> <span class='ocrx_word' id='word_1_1189' title='bbox 2121 3462 2186 3484; x_wconf 90' lang='lat' dir='ltr'>non</span> <span class='ocrx_word' id='word_1_1190' title='bbox 2208 3462 2238 3485; x_wconf 90' lang='lat' dir='ltr'>es</span> <span class='ocrx_word' id='word_1_1191' title='bbox 2255 3475 2289 3527; x_wconf 69' lang='lat' dir='ltr'>,s</span> <span class='ocrx_word' id='word_1_1192' title='bbox 2300 3451 2390 3494; x_wconf 88' lang='lat' dir='ltr'>quod</span> 
     </span>
    </p>

    <p class='ocr_par' dir='ltr' id='par_1_17' title="bbox 2287 3504 2346 3528">
     <span class='ocr_line' id='line_1_148' title="bbox 2287 3504 2346 3528; baseline 0.017 -1"><span class='ocrx_word' id='word_1_1193' title='bbox 2287 3504 2346 3528; x_wconf 80' lang='lat' dir='ltr'>atis</span> 
     </span>
    </p>
   </div>
   <div class='ocr_carea' id='block_1_12' title="bbox 1600 3625 2250 3687">
    <p class='ocr_par' dir='ltr' id='par_1_18' title="bbox 1600 3625 2250 3687">
     <span class='ocr_line' id='line_1_149' title="bbox 1608 3625 1874 3655; baseline 0.004 -6"><span class='ocrx_word' id='word_1_1194' title='bbox 1608 3625 1643 3652; x_wconf 81' lang='lat' dir='ltr'>b)</span> <span class='ocrx_word' id='word_1_1195' title='bbox 1666 3625 1739 3654; x_wconf 82' lang='lat' dir='ltr'>Epist,</span> <span class='ocrx_word' id='word_1_1196' title='bbox 1754 3633 1778 3655; x_wconf 72' lang='lat'>4.</span> <span class='ocrx_word' id='word_1_1197' title='bbox 1796 3633 1820 3649; x_wconf 88' lang='lat' dir='ltr'>n.</span> <span class='ocrx_word' id='word_1_1198' title='bbox 1837 3633 1874 3655; x_wconf 75' lang='lat'>3²·</span> 
     </span>
     <span class='ocr_line' id='line_1_150' title="bbox 1600 3655 2250 3687; baseline 0 -6"><span class='ocrx_word' id='word_1_1199' title='bbox 1600 3657 1619 3687; x_wconf 70' lang='grc'>)4</span> <span class='ocrx_word' id='word_1_1200' title='bbox 1630 3659 1665 3682; x_wconf 84' lang='lat' dir='ltr'>De</span> <span class='ocrx_word' id='word_1_1201' title='bbox 1681 3656 1739 3681; x_wconf 85' lang='lat' dir='ltr'>effic.</span> <span class='ocrx_word' id='word_1_1202' title='bbox 1757 3655 1848 3682; x_wconf 82' lang='lat' dir='ltr'>Medic.</span> <span class='ocrx_word' id='word_1_1203' title='bbox 1865 3659 1882 3682; x_wconf 79' lang='grc' dir='ltr'>Ι.</span> <span class='ocrx_word' id='word_1_1204' title='bbox 1901 3664 1924 3681; x_wconf 82' lang='lat'>1.</span> <span class='ocrx_word' id='word_1_1205' title='bbox 1941 3658 1969 3681; x_wconf 79' lang='grc' dir='ltr'>Ρ.</span> <span class='ocrx_word' id='word_1_1206' title='bbox 1987 3664 2011 3682; x_wconf 81' lang='lat'>2.</span> <span class='ocrx_word' id='word_1_1207' title='bbox 2028 3656 2069 3683; x_wconf 83' lang='lat' dir='ltr'>ubi</span> <span class='ocrx_word' id='word_1_1208' title='bbox 2084 3656 2114 3682; x_wconf 81' lang='lat' dir='ltr'>de</span> <span class='ocrx_word' id='word_1_1209' title='bbox 2130 3656 2250 3683; x_wconf 84' lang='lat' dir='ltr'>Arteriot.</span> 
     </span>
    </p>
   </div>
  </div>
 </body>
</html>
