2498 4075
525 238 677 310 Epist.
717 241 883 297 Anat.⁵
910 240 1127 299 Medica
1160 243 1385 296 XXXIX.
1403 241 1524 297 Art.
1558 255 1639 308 29.-

82 317 187 356 studio
220 323 293 357 sunt
326 320 466 361 dediti,
497 321 610 398 “¹³⁶1ssae
641 320 736 364 ipsius
757 344 770 362 ,
809 320 900 363 cujus
942 322 1072 362 praeser·

79 365 141 397 tim
174 367 266 400 causa
298 377 365 400 tarn
396 365 530 407 longum
588 375 648 399 unc
693 365 868 400 sermonem
908 365 1072 405 institui,

80 417 145 440 non
168 410 339 451 ignorare,
367 407 540 454 aliquando
560 408 593 440 in
614 417 726 443 ventre
746 418 905 443 tumorem
931 406 1072 442 extitisse

79 452 137 492 qui
159 452 215 485 etsi
239 464 278 487 ex
299 452 455 486 intestinis
478 451 551 492 ipsis
575 450 650 483 esset
670 473 682 490 ,
705 452 855 494 inaequali
887 460 992 485 tamen
1038 462 1073 485 ac

78 494 228 529 tuberosa
248 495 435 538 superficie,
457 497 487 527 &
510 493 624 526 renixu
646 494 789 536 quinque
812 495 951 530 Medicis
973 515 983 531 ,
1017 494 1074 528 iis-

78 548 141 580 que
155 560 165 575 ‚
189 538 212 572 fi
236 551 285 573 me
308 538 447 579 excipias
469 547 593 575 unum,
615 535 817 577 sagaciffimis
833 562 841 577 ,
865 541 895 571 Sc
917 540 1073 573 exercita-

78 579 204 615 tiffimis
229 608 239 623 ‚
272 593 331 625 pro
365 578 485 616 scirrho
516 579 706 622 imposuerit
731 606 738 613 .
775 581 850 616 Hoc
872 605 882 620 ‚
920 580 976 613 nisi
1021 579 1070 613 fa-

79 626 224 658 tentibus
255 627 393 667 ingenue
425 624 520 656 nobis
539 645 549 661 ‚
583 622 765 657 innotescat
792 635 803 662 5
835 624 907 666 quis
940 623 979 657 ad
1021 625 1071 656 in-

76 668 347 708 ter-noscendum,
370 667 455 708 signa
479 664 670 709 perquirat?
705 666 823 710 Neque
855 668 940 700 enim
986 665 1070 708 apud

78 710 205 744 nostros
228 711 320 745 facile
343 710 538 752 reperientur
560 709 740 750 Aueiores,
763 721 836 743 cuni
860 711 952 751 plane
985 710 1071 742 simi-

77 753 141 787 lem
165 755 318 797 nusquam
343 753 542 788 meminerim
565 752 730 786 historiam
755 752 879 794 legisse.
894 753 973 794 Legi
997 753 1072 796 qui-

76 796 150 830 dem
173 799 206 830 in
230 799 325 832 Affis
347 797 497 830 caesareae
521 796 704 829 Academiae
725 799 778 837 (y
805 799 839 837 ),
861 797 989 829 inventa
1013 793 1072 828 effe

77 842 179 874 omnia
202 840 346 880 intestina
368 839 450 873 ανὲἶε
473 839 608 873 invicem
631 837 811 872 cohaerentia
825 865 833 877 ‚
868 849 922 873 aut
961 838 1072 880 praeci-

72 893 135 926 pue
158 884 261 917 tenuia
285 891 350 918 ram
373 883 455 916 inter
471 881 524 923 se,
550 891 643 924 quam
666 892 736 914 cum
759 882 936 924 mesenterio
960 880 1071 923 ubique

78 934 144 959 tam
167 927 318 960 tenaciter
340 933 500 965 concreta,
522 934 558 959 ut
581 935 655 957 cum
679 925 748 966 ipso
780 936 833 958 ceu
862 935 957 958 unam
989 923 1072 966 mas-

71 968 142 1011 sam
168 994 177 1009 ,
211 978 268 1003 auc
290 979 384 1002 unum
404 968 540 1011 glomum
563 967 724 1003 efficerent
750 981 759 1000 :
792 970 872 1011 quin
897 968 994 1001 etiam
1026 969 1071 1001 le-

76 1014 131 1054 gi,
154 1013 190 1045 in
214 1012 471 1051 adolescentula,
496 1012 614 1044 ventris
636 1010 802 1045 doloribus
847 1011 925 1053 saepe
966 1011 1070 1043 obno-

76 1057 129 1088 xia
154 1081 163 1097 ,
197 1066 320 1099 reperta
344 1069 360 1088 a
384 1056 437 1087 Cl.
464 1057 611 1088 Pantono
635 1059 645 1095 (
670 1066 694 1096 z
714 1057 729 1093 )
751 1054 859 1088 cunlla
884 1051 957 1096 fere
992 1054 1073 1087 inte-

68 1098 151 1138 stina
174 1099 206 1132 in
229 1110 322 1132 unum
344 1099 447 1132 veluti
477 1108 586 1139 corpus
616 1096 795 1139 conglobata
815 1119 824 1135 ,
858 1098 888 1132 δι
925 1098 1010 1131 inter
1043 1098 1073 1130 se

73 1141 233 1184 areliffime
256 1141 468 1184 conglutinata
493 1153 502 1172 .·
535 1142 565 1173 &
588 1149 625 1173 tu
647 1140 748 1182 legere
772 1143 892 1181 poteris
936 1142 969 1173 in
1013 1139 1073 1176 hac

77 1185 277 1228 Sepulchreti
303 1186 393 1218 XXI.
419 1185 569 1219 Sectione
589 1186 604 1222 (
625 1194 643 1215 a
666 1187 680 1223 )
703 1181 845 1222 intestina
868 1184 969 1217 omnia
1002 1195 1075 1217 con-

73 1230 247 1273 glomerata
261 1253 271 1268 ,
293 1231 335 1262 &
356 1227 458 1263 veluti
480 1228 512 1260 in
532 1226 658 1269 globum
679 1226 748 1260 at‘ffa
773 1240 781 1259 :
816 1229 959 1269 itemque
984 1231 995 1267 (
1019 1227 1038 1261 b
1061 1231 1075 1267 )

75 1271 218 1313 intestina
241 1274 287 1307 ita
311 1273 349 1305 ad
365 1271 525 1314 superiora
547 1269 681 1304 retracta
692 1293 705 1310 ,
728 1277 764 1302 ut
786 1271 845 1308 vix
865 1270 999 1304 mediam
1022 1271 1077 1305 ab·

73 1316 209 1350 dominis
231 1316 434 1358 capacitatem
457 1312 641 1356 implerent.
667 1312 725 1347 Sed
749 1315 783 1347 in
826 1314 913 1348 nulla
956 1313 1073 1349 harum

74 1359 354 1393 Observationum
376 1359 539 1396 invenies,
564 1359 609 1391 ita
634 1358 767 1392 retra&a
782 1380 791 1397 ‚
815 1361 847 1393 &
879 1358 1073 1399 conglobata

73 1401 190 1443 misse,
214 1413 250 1436 ut
274 1400 455 1436 extrorsum
479 1403 513 1434 in
536 1400 773 1444 circumscripti
795 1428 805 1443 ,
836 1404 868 1435 δι
901 1402 1073 1444 peculiaris

73 1447 212 1480 tumoris
238 1446 374 1480 sormam
399 1446 637 1486 prominerent:
670 1446 738 1479 iino
770 1447 803 1480 in
837 1446 959 1481 duabus
993 1445 1073 1482 ulti-

74 1492 136 1524 mis
162 1502 200 1523 ne
226 1490 295 1523 fieri
320 1489 454 1531 quidem
476 1489 509 1522 id
535 1496 689 1531 poterat,
707 1491 832 1533 “quippe
867 1491 1032 1533 interjefia
1062 1518 1072 1533 ‚

72 1543 110 1567 ut
134 1535 167 1567 in
178 1531 389 1575 hydropicis,
412 1543 492 1574 aqua
518 1533 655 1575 plurima
680 1544 743 1575 qua
765 1533 948 1568 universum
973 1535 1073 1570 abdo-

73 1588 147 1611 men
172 1576 432 1613 distendebatur:
457 1585 493 1608 ut
518 1586 618 1617 neque
642 1585 769 1616 poterat
791 1578 825 1610 in
860 1577 921 1610 alia
967 1578 1075 1613 asciti-

71 1633 108 1655 ca
130 1644 140 1660 ‚
175 1619 267 1662 cujus
288 1617 429 1658 intestina
453 1619 555 1651 omnia
578 1618 663 1652 vidit
686 1619 752 1653 Th.
777 1620 985 1656 Bartholinus
1009 1623 1074 1665 (c)

71 1665 113 1698 ad
134 1665 278 1698 dextrum
300 1660 560 1702 hypochondrium
583 1661 707 1703 detrusa
723 1687 732 1701 ,
756 1671 792 1696 ut
823 1664 918 1698 initio
955 1666 1075 1706 intelli.

71 1709 123 1742 nis
146 1704 295 1750 caruisse,
317 1706 521 1747 apparuerit,
545 1714 599 1751 aut
623 1707 657 1739 in
681 1706 787 1740 milite
809 1728 819 1744 ,
851 1709 962 1742 eodem
1006 1721 1074 1752 quo

69 1763 127 1789 ea,
152 1750 267 1783 inorbo
311 1747 477 1781 laborante
499 1770 508 1785 ‚
543 1759 635 1790 cuius
668 1750 817 1784 intestina
861 1751 1074 1795 deprehendit

70 1793 215 1828 Laubius
237 1798 246 1832 (
271 1792 290 1824 d
314 1795 324 1831 )
348 1791 425 1825 mire
448 1792 677 1832 contorta‚,&
699 1794 732 1826 in
763 1804 857 1827 unum
893 1796 975 1838 quafi
1006 1797 1073 1839 glo.

69 1837 144 1872 bum
167 1834 350 1871 umbilicum
372 1834 478 1877 versus
502 1834 627 1868 coat‘t‘a.
655 1836 784 1870 Poterat
808 1847 915 1872 autem
938 1839 1071 1874 fortasse

57 1882 103 1915 -id
127 1880 222 1919 fieri‚·
244 1879 293 1911 sed
318 1879 437 1911 saecum
462 1876 576 1924 diserte
601 1890 665 1911 non
691 1880 885 1922 adnotatum
919 1884 953 1915 in
988 1885 1070 1916 Car-

68 1925 173 1958 dinali
195 1923 399 1964 CampegiO,
423 1932 513 1963 cuius
544 1921 686 1961 intestina
715 1924 816 1957 omnia
848 1927 1074 1969 (excipienda

69 1967 297 2002 fuerantColi
322 1976 413 2008 pam,
437 1968 467 1997 δι
491 1965 657 2004 Rectum)
679 1967 718 1998 acl
739 1965 963 2008 hypochondria
988 1972 1074 2003 reda-

69 2012 121 2046 cia
148 2017 258 2047 erant5
276 2015 443 2051 propterea
466 2008 589 2041 cavitas
612 2006 741 2052 inferior
763 2008 936 2046 abdominis
958 2013 1073 2054 intesti-

13 2051 19 2056 ‘
69 2055 120 2088 nis
141 2053 287 2093 destituta
308 2053 466 2100 eram-&⁸
483 2050 577 2093 spina
601 2051 743 2093 diretta,
766 2063 800 2086 ut
825 2056 910 2089 vidit
935 2057 1073 2091 Colum.

68 2099 130 2132 bus
154 2101 164 2137 (
188 2107 202 2130 e
226 2099 239 2135 )
261 2106 350 2136 cujus
372 2105 415 2128 rei
438 2095 612 2128 novitatem
639 2120 649 2135 ‚
696 2108 712 2128 a
735 2097 829 2131 nobis
874 2101 992 2140 pariter
1035 2103 1069 2135 in

67 2141 205 2177 Praesule
230 2140 338 2173 nostro
360 2137 585 2179 conspeetam,
607 2148 665 2171 non
686 2147 831 2179 poterat,
855 2144 985 2185 inquit,
1014 2143 1071 2185 sa-

33 2192 37 2199 ’·
67 2187 114 2220 tis
136 2184 247 2218 mirari
271 2181 421 2215 excellens
445 2180 642 2222 ,Augustinus
668 2182 782 2221 Riccus
803 2185 943 2227 Lucenfis
968 2210 975 2217 .
1009 2188 1071 2220 Po-

30 2229 37 2252 ³·
68 2230 133 2264 stea
158 2231 192 2260 in
218 2225 374 2258 foemineo
398 2223 481 2257 foetu
505 2224 555 2256 vel
581 2224 763 2257 mirabilior
797 2227 890 2260 nobis
923 2232 1070 2271 apparuit

68 2270 228 2315 ejusmodi
254 2270 405 2302 novitas.
432 2269 558 2309 Aperto
581 2268 664 2300 enim
687 2277 820 2309 ventre,
853 2273 884 2304 &
918 2271 1069 2315 sanguine

68 2318 125 2360 qui
152 2327 184 2347 in
210 2326 248 2347 eo
271 2310 390 2345 effusus
415 2319 506 2348 erat,
529 2309 674 2348 deterso,
699 2313 824 2345 nullum
873 2324 986 2355 praeter
1033 2329 1069 2351 ea

67 2372 140 2403 quae
165 2357 263 2391 modo
287 2357 488 2397 excepimus,
514 2352 646 2396 usquam
670 2354 928 2397 conspiciebatur
949 2359 1069 2393 intesti-

70 2413 173 2440 num3
198 2401 319 2441 reliqua
343 2401 430 2431 enim
454 2400 562 2430 omnia
598 2409 671 2431 cum
716 2407 788 2432 toto
834 2403 1069 2443 propemodum

67 2445 258 2481 melenterio
282 2442 423 2475 latebant
447 2441 504 2474 sub
527 2440 650 2483 hepatis
673 2451 750 2474 cava
775 2440 878 2482 facie,
915 2456 1069 2489 erantque

66 2504 100 2525 ea
125 2490 252 2522 ratione
275 2485 424 2519 conclusa
440 2510 448 2523 ,
472 2496 569 2526 quam
606 2485 669 2518 tibi
715 2488 949 2528 opportuniore
994 2491 1068 2524 loco

62 2530 149 2576 (f)
172 2527 302 2565 fortasse
326 2538 520 2570 exponemus
536 2553 543 2561 .
568 2527 643 2561 Hoc
666 2538 773 2562 autern
797 2540 869 2564 ante
902 2531 1069 2567 dissectio-

26 2603 29 2605 —
58 2588 133 2610 nem
156 2572 307 2615 suspicari
333 2571 484 2615 potuisset
511 2582 604 2604 nemo
628 2582 797 2614 propterea
821 2575 899 2617 quia
921 2576 965 2608 ob
979 2576 1067 2611 effusi

58 2621 150 2654 illius
173 2619 339 2659 sanguinis
364 2617 511 2658 copiam,
538 2614 696 2648 abdomen
740 2614 824 2650 infra
871 2619 1065 2654 umbilicum

61 2675 127 2698 non
152 2661 354 2695 subsidebat:
380 2662 412 2692 &
435 2660 583 2702 quamvis
607 2657 815 2700 subsedisset,·
837 2662 911 2702 quis
936 2663 1065 2697 tandem

63 2718 131 2741 non
155 2704 264 2747 hepati
313 2705 424 2744 potius
439 2724 453 2742 ,
498 2711 535 2736 ut
580 2703 612 2733 in
647 2700 784 2737 foetibus
829 2704 950 2747 semper
996 2719 1065 2740 ani-

64 2750 143 2794 plo,
167 2748 220 2782 hic
265 2745 392 2780 fortasse
425 2746 606 2787 ampliori,
641 2746 867 2787 imputandum
892 2750 1068 2784 existimas-

64 2795 110 2827 set
136 2814 145 2829 ,
178 2801 276 2832 quam
301 2790 458 2823 intestinis
483 2788 605 2822 sursum
631 2799 713 2830 pone
737 2789 841 2832 ipsum
880 2793 1029 2826 retractis
1053 2793 1069 2827 ,ἓ

65 2837 157 2870 Nam
183 2833 356 2875 Philippus
378 2844 507 2875 quoque
540 2832 684 2876 Jacobus
717 2833 938 2869 Hartmannus
982 2838 1037 2879 (g
1058 2840 1070 2875 >

64 2881 101 2913 in
127 2878 248 2912 trienni
272 2876 375 2917 puella
396 2878 559 2918 ingentem
583 2874 715 2918 quidem
750 2886 912 2911 tumorem
948 2879 1070 2914 viderat

65 2936 82 2957 a
109 2921 201 2956 costis
225 2919 354 2953 sinistris
376 2917 491 2960 spuriis
515 2918 553 2951 ad
578 2919 671 2960 pubis
693 2920 835 2953 confinia
860 2922 1067 2964 protensum3

63 2977 124 3001 nec
148 2965 295 2998 divinare
320 2970 473 3005 potuerat
498 2961 621 2995 fastum
647 2973 685 2995 ex
707 2963 859 3002 intestinis
891 2966 923 2998 in
968 2977 1064 3000 unum

63 3018 174 3051 corpus
197 3005 321 3040 coalitis
346 3015 415 3037 cum
438 3005 551 3046 majori
569 3013 661 3047 parte
687 3008 787 3038 omnis
810 3006 986 3049 mesenterii
1018 3011 1063 3043 ita

63 3062 101 3088 ut
124 3050 245 3094 dorsum
262 3047 364 3090 solum
387 3047 518 3081 liberum
542 3047 717 3090 conspeffl‘ui
733 3056 881 3090 pateret:
916 3062 974 3085 nec
1008 3052 1063 3086 ad.

63 3096 149 3131 didit
173 3092 372 3136 quidquam,
396 3091 477 3124 unde
501 3090 523 3123 si
546 3090 652 3124 rursu's
676 3091 860 3130 accideret,
890 3093 976 3128 illius
1008 3107 1063 3129 na..

64 3151 136 3174 tura
160 3137 421 3178 cognosceretur.
447 3134 630 3168 columbus
654 3145 761 3168 tamen
795 3141 805 3174 (
829 3135 882 3175 h)
916 3138 1061 3180 quaedam

62 3181 292 3224 interjecerat,
315 3180 396 3210 unde
421 3187 513 3210 notas
535 3177 686 3220 colligere
711 3177 868 3220 possemus
883 3183 1061 3216 *nonnullas

62 3227 101 3261 ad
126 3224 227 3268 ipsam
250 3219 544 3255 internoscendam.
570 3221 800 3265 Qamobrem‚
833 3223 961 3266 inquit,
991 3229 1061 3260 Me.

61 3272 129 3305 dico
152 3266 265 3302 licebat
288 3263 433 3297 abdomen
456 3264 630 3299 cardinalis
653 3264 839 3298 accrecianti
860 3277 975 3308 magnae
1009 3280 1060 3301 ar,

63 3313 148 3347 teriae
167 3318 288 3344 ‘morum
312 3306 496 3349 persentire,
522 3307 563 3340 &¹
587 3319 647 3342 una
669 3319 739 3341 cum
762 3307 818 3341 illa
839 3309 972 3344 durities
991 3321 1062 3353 per-

52 3354 252 3400 sentiebarur
266 3376 273 3383 .
302 3350 360 3384 Illa
383 3360 456 3382 vero
479 3350 611 3384 durities
634 3350 715 3384 nihil
737 3351 824 3384 aliud
845 3360 936 3391 erat,
969 3365 1062 3395 quam

59 3396 273 3434 vertebrarum
296 3401 421 3435 corpora
447 3418 452 3422 .
487 3393 617 3432 Qibus
642 3405 701 3436 ego
724 3395 852 3428 indiciis
897 3396 945 3429 uti
992 3408 1055 3431 non

58 3443 152 3485 potui
176 3441 211 3472 in
235 3436 411 3473 Antistite‚
436 3447 509 3469 cum
532 3436 688 3470 abdomen
732 3439 777 3471 ob
819 3449 888 3472 eam
933 3441 1058 3475 causam

57 3496 130 3529 quae
153 3484 243 3526 supra
268 3481 314 3524 (i
338 3485 347 3518 )
373 3480 513 3513 indicata
537 3479 579 3513 est
599 3503 608 3518 ‚
643 3479 727 3513 infra
763 3482 955 3517 umbilicum
988 3496 1052 3519 non

142 3525 306 3568 Morgagni
316 3525 351 3558 de
361 3524 427 3557 sed.
445 3526 487 3558 Θ·
497 3526 584 3562 Gaul.
596 3522 698 3556 Morb.
712 3526 812 3559 Tom.
828 3527 876 3561 II.

1122 323 1376 357 attrectaverint:
1399 325 1431 355 δι
1463 320 1485 355 fi
1509 319 1722 355 attrectass‘em
1745 331 1754 356 ς
1788 318 1906 353 multa
1923 318 2120 361 pinguedine

1120 365 1337 406 impediente,
1362 374 1535 403 neutrum,
1557 365 1697 406 opinor,
1729 361 1934 405 percepissem
1959 386 1969 402 ,
2002 363 2119 396 minus-

1124 420 1186 452 que
1209 409 1335 441 arteriae
1361 408 1511 450 Magnae,
1535 417 1589 440 aut
1615 407 1790 448 primarum
1834 406 2002 440 lliacarum
2050 417 2121 438 mo-

1123 462 1216 490 tum,
1240 461 1315 484 cum
1338 451 1444 492 pulsus
1466 461 1522 484 nec
1546 450 1664 486 validi,
1690 460 1746 482 nec
1769 451 1876 493 magni
1900 448 2018 483 effent:
2041 458 2120 490 quas

1123 495 1167 529 ob
1190 494 1295 528 causas
1318 505 1419 535 neque
1445 493 1593 529 Medici,
1618 504 1718 535 neque
1751 502 1833 535 aeger
1865 492 2016 525 videntur
2049 493 2121 524 ani-

1121 535 1345 577 madvertisse,
1369 547 1434 569 non
1458 538 1605 580 negaturi
1629 537 1794 578 alioquin,
1819 536 1903 569 infra
1926 535 2121 569 umbilicum

1119 581 1298 624 quidquam
1321 581 1444 623 percipi
1467 589 1582 622 praeter
1606 588 1727 613 naturae
1748 579 2028 613 consuetudinem.
2054 578 2125 610 Ve-

1122 636 1194 658 rum
1220 626 1253 657 in
1277 623 1395 667 quibus
1418 625 1522 657 minus
1546 621 1747 665 pinguedinis
1770 622 1928 656 abdomen
1973 620 2088 655 habeat
2112 643 2124 660 ,

1122 679 1187 705 non
1210 668 1341 701 inutiles
1362 676 1456 700 erunt
1479 666 1527 699 hae
1551 676 1657 703 notae,
1681 665 1862 699 dummodo
1874 676 1929 699 nec
1953 664 2125 708 pinguedi->

1123 713 1173 744 nis
1196 709 1278 745 nihil
1301 710 1362 750 sit,
1384 713 1415 744 ει
1438 709 1576 752 suspicio
1601 709 1680 742 absit
1702 708 1845 742 dilatatae
1860 733 1867 747 ‚
1892 719 1946 741 aut
1971 709 2047 741 alias
2078 707 2123 740 ob

1124 754 1231 788 causas
1255 763 1369 796 praeter
1393 753 1525 787 modurn
1547 752 1596 785 ibi
1620 751 1776 794 pulsantis
1800 753 1924 785 arteria:
1961 752 2089 792 Magnae
2112 763 2122 787 ς

1125 796 1167 831 sic
1190 798 1276 831 enim
1300 798 1348 830 vel
1373 795 1550 837 interjecftis
1573 795 1755 835 intestinis,
1779 806 1842 828 non
1868 794 1963 837 hujus
1997 802 2123 827 tantum

1125 840 1285 883 pulsatio,
1311 849 1347 873 ut
1373 841 1406 872 in
1431 839 1490 873 hac
1514 838 1656 882 Epistola
1679 841 1693 877 (
1717 839 1731 872 l<
1755 842 1768 877 )
1791 836 1947 871 ostensum
1971 837 2036 874 est,
2073 837 2124 870 sed

1124 886 1155 918 &
1169 885 1388 917 vertebrarum
1410 882 1549 917 durities
1566 907 1574 921 ‚
1598 892 1633 915 ut
1657 883 1689 914 in
1715 883 1774 915 alia
1795 880 1857 920 (l)
1879 882 2037 919 diximus,
2052 891 2126 922 per-

1122 925 1232 961 sentiri
1258 925 1378 969 posset.
1402 925 1511 969 Igitur
1535 928 1568 959 in
1591 936 1727 968 corpore
1751 936 1852 966 neque
1890 924 1989 958 obeso
2015 949 2023 963 ,
2070 935 2127 957 ne-

1122 981 1183 1012 que
1207 969 1346 1004 maxime
1370 978 1566 1007 extenuato,
1591 980 1693 1012 neque
1728 970 1767 1002 iis
1800 969 2035 1012 suspicionibus
2067 967 2129 1000 ob-

1125 1014 1246 1052 noxio,
1269 1013 1291 1045 li
1316 1014 1479 1053 pulsatio,
1503 1016 1534 1046 ἃ
1557 1013 1663 1045 multo
1686 1013 1788 1054 magis
1812 1013 1836 1046 si
1860 1012 1997 1045 durities
2031 1009 2124 1044 simul

1124 1056 1178 1089 illa
1202 1057 1420 1098 percipiatur3
1447 1055 1567 1101 sursum
1591 1056 1727 1088 τευ-3613
1751 1055 1809 1088 effe
1842 1054 1990 1088 intestina
2022 1054 2128 1096 conji-

1124 1102 1270 1134 ciemus:
1295 1098 1452 1141 addetque
1475 1098 1668 1140 conmffurae
1691 1109 1756 1130 non
1779 1098 1847 1131 leve
1871 1099 2015 1140 pondus,
2039 1097 2130 1131 siab-

1124 1143 1240 1178 domeu
1264 1142 1356 1175 fimul
1382 1153 1476 1184 aequo
1497 1141 1668 1183 depressius
1690 1139 1771 1175 infra
1797 1141 2010 1177 umbilicum,
2036 1140 2130 1184 supra

1126 1196 1233 1222 autem
1257 1185 1421 1228 turgidius
1444 1184 1743 1218 animadvertatur.
1767 1184 1868 1227 Quod
1894 1185 1915 1217 li
1961 1196 2034 1218 cnm
2079 1184 2130 1218 his

1126 1229 1222 1272 signis
1245 1230 1279 1262 in
1305 1229 1466 1271 superiore
1489 1228 1600 1261 eadem
1625 1230 1757 1270 regione
1780 1228 1973 1269 peculiaris,
1995 1231 2025 1260 δε
2060 1240 2132 1261 mo·-

1130 1273 1206 1307 bilis
1230 1281 1359 1309 tumor,
1384 1274 1491 1314 qualis
1514 1272 1548 1304 in
1573 1271 1703 1304 vivente
1729 1270 1862 1304 Praesule
1887 1271 2063 1313 descriptus
2086 1270 2130 1306 est

1125 1318 1145 1359 (
1162 1328 1193 1350 m
1214 1320 1249 1357 ),
1275 1315 1304 1349 se
1329 1315 1359 1348 se
1385 1315 1535 1355 attollat;
1554 1325 1621 1348 non
1645 1314 1743 1348 modo
1769 1315 1946 1349 cavendum
1979 1314 2021 1349 est
2041 1339 2053 1356 ,
2090 1326 2131 1349 ne

1125 1370 1256 1403 propter
1279 1360 1446 1404 renisum,
1470 1361 1502 1392 &
1524 1357 1722 1402 superficiem
1745 1358 1957 1400 inaequalem,
1981 1370 2014 1392 ac
2039 1359 2132 1393 tube·
2176 1392 2180 1395 ,

1123 1403 1227 1437 rosam
1243 1424 1252 1440 ,
1277 1403 1315 1436 ad
1341 1401 1561 1441 stirrhorum,
1585 1411 1639 1437 aut
1673 1403 1867 1435 strumarum
1904 1414 2004 1445 genus
2036 1402 2134 1436 facile

1122 1445 1317 1483 referamus,
1342 1456 1451 1479 verum
1475 1444 1603 1488 insuper
1626 1445 1832 1487 quaerendum
1855 1446 1921 1486 est,
1944 1446 2061 1489 quibus
2084 1448 2136 1482 in-

1125 1490 1224 1524 diciis
1247 1490 1326 1523 illuc
1351 1490 1453 1531 magis
1476 1488 1591 1522 adduci
1616 1489 1789 1531 poffimus,
1813 1499 1848 1522 ut
1894 1501 1932 1523 ex
1975 1491 2133 1524 intestinis

1125 1533 1216 1571 fieri,
1240 1534 1473 1574 conjiciamus.
1500 1532 1603 1565 Erunt
1627 1544 1661 1565 ea
1687 1532 1831 1571 indicia,
1854 1531 1875 1565 fi
1902 1544 2022 1575 aegrum
2036 1533 2133 1575 saepe-

1125 1591 1260 1615 numero
1283 1579 1453 1614 'Tenuium
1477 1575 1705 1609 intestinorum
1727 1575 1896 1609 doloribus
1911 1599 1925 1616 ,
1947 1579 1977 1609 δι
2000 1577 2136 1620 sangni-

1124 1628 1172 1658 nis
1217 1636 1255 1658 ex
1299 1618 1596 1657 haemorrhoidibus
1629 1616 1761 1656 fluxui,
1787 1619 1864 1652 licet
1888 1621 1999 1661 postea
2023 1623 2137 1655 inimi==

1124 1678 1221 1701 nutus
1244 1667 1368 1708 fuerit,
1391 1674 1446 1701 aut
1468 1660 1667 1709 suppressus,
1690 1662 1871 1696 obnoxium
1895 1661 2011 1704 fuisse,
2034 1666 2139 1698 intel-

1125 1712 1314 1749 lexerimus;
1337 1712 1366 1745 li.
1383 1721 1494 1745 tumor
1508 1735 1516 1750 ‚
1542 1706 1738 1744 vexantibus
1761 1703 1899 1741 flatibus
1913 1729 1924 1745 ‚
1948 1707 2062 1742 dolore
2085 1709 2137 1743 af.

1125 1754 1326 1791 ficiatiir;.{i
1352 1755 1445 1789 alvus
1464 1755 1566 1796 magis
1591 1752 1755 1796 magisque
1781 1761 1820 1783 ex
1841 1762 1908 1792 quo
1938 1760 2049 1784 tumor
2082 1754 2139 1785 in-

1123 1801 1232 1839 cepit,
1255 1797 1435 1832 adstrifflor
1458 1798 1518 1835 fit,
1544 1798 1669 1840 aliaque
1691 1799 1731 1831 de
1768 1792 1879 1828 eodem
1912 1805 2027 1837 genere
2060 1808 2135 1840 quae

1123 1853 1178 1876 aut
1200 1844 1233 1874 in
1259 1841 1421 1882 proposita
1444 1853 1460 1876 a
1483 1841 1577 1874 nobis
1599 1840 1732 1875 historia
1756 1839 1933 1883 leguntur,
1956 1848 2010 1872 aut
2035 1851 2073 1874 ex
2097 1852 2136 1876 ea

1125 1887 1157 1919 in
1182 1893 1323 1918 mentem
1347 1887 1454 1918 venire
1478 1883 1626 1927 possunt.
1652 1885 1761 1919 Essent
1787 1892 1897 1919 autem
1929 1879 1999 1919 liaec
2034 1895 2134 1927 pecu-

1124 1928 1218 1962 liaria
1241 1930 1343 1970 magis
1366 1929 1510 1966 indicia,
1533 1926 1554 1962 fi
1579 1937 1689 1962 tumor
1711 1931 1842 1971 gravior
1865 1929 2050 1971 interdum,
2076 1938 2133 1964 aut

1124 1972 1230 2005 levior
1255 1972 1295 2004 ab
1318 1983 1430 2014 aegro,
1455 1971 1567 2005 durior
1591 1980 1722 2012 autern,
1744 1972 1913 2015 majorve,
1946 1983 2001 2007 aut
2049 1974 2132 2008 mol-

1126 2015 1211 2056 lior,
1235 2017 1405 2058 minorque
1431 2028 1447 2049 a
1472 2015 1614 2050 Medicis
1639 2027 1769 2059 quoque
1792 2016 2106 2053 animadverteretur
2121 2046 2133 2061 ἲ

1125 2058 1399 2101 quemadmodum
1425 2060 1458 2092 in
1483 2058 1612 2093 hernias
1636 2060 1757 2094 accidit
1793 2060 2018 2095 intestinorum
2040 2088 2048 2095 .
2085 2064 2130 2097 Et

1125 2101 1332 2143 quamvis->id
1356 2104 1458 2136 rarius
1481 2104 1515 2136 in
1541 2113 1670 2136 tumore
1703 2102 1766 2138 hoc
1800 2103 1908 2138 nostro
1939 2108 2131 2148 contingere

1123 2144 1209 2186 poffe
1232 2146 1380 2179 videatur
1402 2146 1446 2180 ob
1467 2147 1680 2181 creberrimos
1704 2144 1828 2187 flexus,
1853 2159 1917 2182 non
1940 2150 2044 2184 levem
2054 2145 2134 2185 con-

1122 2188 1321 2223 strifflonem
1339 2213 1348 2229 ,
1372 2191 1404 2222 &
1428 2189 1635 2224 arffiffimum
1659 2193 1839 2232 praesertim
1873 2193 2017 2227 intestini
2053 2208 2129 2231 curn

1122 2230 1277 2265 intestino
1299 2229 1486 2274 coalitum,
1509 2234 1704 2275 peristaltico
1730 2246 1841 2268 eorum
1867 2237 2131 2273 motuiofficien-

1120 2284 1210 2316 tem,
1234 2286 1305 2319 quae
1331 2275 1481 2310 videlicet
1505 2276 1604 2310 causae
1629 2280 1797 2311 materiam
1822 2279 1905 2313 unde
1917 2282 2128 2327 renituntur,

1122 2321 1155 2352 in
1188 2318 1279 2361 ipsis,
1315 2327 1352 2354 ut
1376 2320 1534 2359 vidimus,
1559 2331 1783 2359 remorantur,
1807 2333 1842 2355 ac
1877 2326 2016 2358 retinent
2036 2337 2048 2360 :
2079 2337 2130 2361 ta-

1121 2373 1194 2395 men
1217 2362 1373 2397 credibile
1396 2362 1459 2402 est,
1486 2365 1509 2397 fi
1534 2363 1711 2406 diiigenter
1727 2391 1735 2405 ‚
1760 2365 1874 2408 saepius
1897 2393 1905 2406 ‚
1943 2380 1979 2402 ac
2027 2363 2128 2407 variis

1121 2407 1324 2447 temporibus
1347 2406 1403 2440 illa
1432 2405 1623 2450 perquisitio
1646 2417 1834 2452 repetatur,
1868 2411 1971 2455 iisque
2006 2416 2129 2456 potiffi-

1105 2460 1210 2486 ,mum
1232 2450 1350 2491 quibus
1372 2448 1496 2490 jamdiu
1521 2450 1604 2484 nihil
1621 2474 1628 2486 ‚
1653 2454 1684 2484 ὃς
1707 2452 1824 2496 quibus
1848 2455 1918 2495 plus
1942 2468 2041 2499 nuper
2075 2471 2126 2492 re-

1119 2503 1356 2541 cte-mentorum
1402 2492 1563 2535 dejeetum
1609 2494 1648 2528 sit
1669 2518 1683 2535 ‚
1728 2506 1782 2530 aut
1826 2499 1944 2539 quibus
1989 2501 2094 2544 major
2115 2525 2128 2541 ,

1119 2536 1302 2585 quibusque
1327 2537 1435 2569 minor
1459 2536 1598 2584 flatuum
1621 2539 1716 2579 copia
1741 2549 1859 2580 vexet3
1883 2543 2037 2578 credibile
2061 2546 2125 2587 cst,

1120 2590 1254 2620 inquam
1271 2601 1280 2615 ‚
1304 2580 1438 2622 aliquod
1462 2581 1617 2621 ejusmodi
1642 2581 1807 2623 signorum
1832 2586 1938 2628 aliqua
1964 2599 2002 2621 ex
2034 2600 2125 2630 parte

1119 2621 1203 2663 posse
1225 2622 1441 2665 deprehendi.
1466 2624 1548 2657 Haec
1574 2624 1654 2659 milii
1678 2624 1743 2660 fere
1777 2630 1810 2660 in
1844 2641 1983 2664 mentem
2029 2643 2126 2667 vene-

1118 2674 1193 2698 runt
1216 2666 1255 2699 de
1279 2676 1403 2700 tumore
1427 2666 1490 2701 hoc
1514 2670 1698 2712 cogitanti.
1723 2671 1794 2704 Alii
1819 2674 1899 2712 alia,
1927 2677 1957 2707 δε
1980 2684 2015 2708 tu
2039 2688 2124 2719 quo..

1119 2719 1182 2750 que
1205 2720 1263 2751 pro
1287 2721 1344 2744 tuo
1370 2710 1452 2744 mihi
1476 2710 1620 2754 speetato
1642 2715 1777 2755 ingenio
1800 2718 1930 2757 potiora
1952 2717 2122 2762 adjunges.

1120 2753 1199 2790 Quo
1222 2751 1350 2787 facilius
1374 2754 1407 2788 id
1431 2754 1528 2788 facias
1543 2781 1556 2795 ‚.
1576 2757 1728 2793 alteram,
1761 2761 1909 2799 quamvis
1943 2762 2013 2795 aliis
2047 2775 2123 2798 cum

1122 2796 1245 2846 morbis
1269 2798 1487 2840 implicitam,
1510 2809 1612 2842 neque
1637 2811 1653 2832 a
1676 2811 1727 2833 me
1750 2803 1807 2843 qui
1831 2814 1951 2845 aegrum
1975 2816 2038 2839 non
2072 2810 2123 2840 vi..

1120 2838 1177 2878 di,
1203 2839 1279 2873 satis
1301 2840 1432 2874 fortasse
1454 2844 1561 2875 exaete
1594 2842 1784 2885 descriptam
1809 2869 1818 2885 ,
1849 2847 2122 2885 Observationem

1121 2882 1325 2922 subnectam,
1349 2896 1420 2925 quae
1444 2885 1481 2918 ad
1504 2884 1659 2927 ejusmodi
1683 2896 1823 2921 tumores
1866 2890 2088 2931 quadantenus
2110 2918 2123 2935 ,

1119 2937 1206 2960 certe
1230 2936 1338 2961 autem
1362 2929 1400 2960 ad
1424 2927 1506 2961 hanc
1533 2928 1710 2970 Epistolam
1734 2933 1869 2971 attinet,
1896 2934 1933 2967 ad
1957 2935 2120 2980 imamque

1116 2972 1281 3016 regionem
1305 2971 1464 3019 Ventris,
1488 2982 1584 3013 quae,
1610 2981 1645 3005 ut
1682 2975 1861 3016 propositus
1892 2977 1975 3011 ordo
2010 2982 2120 3023 postu-

1113 3014 1182 3052 lat,
1205 3024 1268 3055 Jarn
1301 3026 1316 3046 a
1339 3015 1433 3046 nobis
1457 3013 1622 3055 spectanda
1647 3015 1705 3052 est.

1139 3067 1207 3108 ¹29.
1244 3056 1351 3107 ,Mno
1375 3058 1405 3088 Ν
1429 3060 1458 3089 A
1484 3058 1514 3089 C
1538 3058 1573 3090 H
1597 3060 1632 3091 O
1676 3072 1714 3094 ex
1746 3062 1775 3096 S.
1799 3064 1957 3099 Francisci
1993 3068 2119 3102 Coeno-

1112 3099 1278 3151 bio-quod
1302 3110 1334 3132 in
1361 3102 1465 3133 Patria
1492 3111 1557 3135 mea
1592 3101 1633 3135 est
1658 3127 1666 3141 ‚
1698 3116 1774 3139 cum
1810 3107 1914 3141 ascitis
1947 3111 2119 3147 mediocris

1115 3146 1237 3178 indicia
1261 3142 1379 3181 essent,
1403 3154 1533 3183 repente
1556 3146 1695 3187 copiosae
1718 3152 1913 3185 vomitiones
1937 3152 2010 3186 visae
2043 3154 2117 3190 sunt

1118 3197 1266 3237 ventrem
1289 3186 1483 3236 deplevisse5
1506 3186 1563 3220 nisi
1588 3191 1675 3230 quod
1700 3193 1733 3225 in
1757 3193 1969 3235 hypogastrio
2003 3205 2115 3235 tumor

1112 3240 1262 3273 apparuit
1285 3241 1319 3263 ea
1342 3230 1480 3270 duritie,
1503 3241 1538 3264 ut
1562 3230 1733 3269 scirrhosus
1745 3236 2033 3272 crederetur-Hoc
2045 3251 2113 3274 ma..

1112 3275 1209 3308 nibus
1232 3273 1584 3316 compressorumore,
1608 3274 1707 3311 flatus
1733 3291 1788 3322 per
1812 3280 1966 3313 inferiora
1999 3285 2113 3319 exclu-

1113 3318 1289 3351 debantur.
1317 3316 1474 3350 Perstabat
1497 3320 1656 3359 vomitus,
1686 3321 1723 3355 ad
1747 3333 1843 3363 quern
1866 3335 1941 3357 cum
1965 3324 2078 3361 affidua
2098 3327 2124 3369 ,¹

1115 3360 1356 3395 &incredibilis
1368 3362 1483 3406 nausea,
1495 3384 1507 3400 ‚
1519 3363 1581 3395 alvi
1595 3372 1699 3397 autem
1712 3364 1873 3400 adstritftio
1884 3366 2112 3409 insuperabilis
2143 3403 2147 3405 ,

1108 3403 1315 3452 εεεείᾙίεεηῑς
1337 3402 1435 3453 huius
1443 3405 1580 3447 denique
1591 3417 1787 3442 recrementa
1799 3432 1811 3449 ,
1823 3420 1876 3443 aut
1889 3421 1974 3444 certe
1987 3412 2110 3447 similli-

1113 3459 1162 3482 ma
1177 3449 1217 3479 iis
1230 3456 1363 3479 materia
1376 3449 1480 3480 evomi
1492 3459 1597 3490 coepta
1610 3449 1661 3484 est.
1675 3452 1789 3493 Itaque
1803 3452 1857 3485 etsi
1871 3454 1975 3488 nullus
1989 3455 2022 3487 in
2036 3468 2112 3490 ven.

1113 3501 1163 3526 tre
1173 3489 1266 3525 dolor
1276 3512 1289 3530 ‚
1310 3489 1398 3524 nulla
1408 3489 1677 3571 inflammatiogis
1690 3493 1776 3536 signa
1789 3495 1990 3531 advenissent
2005 3523 2015 3537 ‚
2025 3509 2109 3543 aeger

1699 3547 1718 3569 2
1980 3552 2068 3576 mor-

52 3635 2095 3670 ‘mm—*q

114 3738 123 3766 (
138 3747 154 3766 y
172 3741 180 3767 )
195 3738 270 3760 Tom.
293 3743 311 3760 i.
328 3734 387 3759 Obs.
403 3735 440 3762 87.
458 3734 481 3758 δε
496 3736 570 3760 Tom-
588 3739 609 3760 6.
628 3735 684 3760 ΟΜ,
706 3743 758 3766 ¹34·

111 3769 128 3797 (
140 3777 153 3792 c
168 3769 182 3796 )
198 3768 267 3791 Cerit.
289 3775 309 3791 1.
327 3765 376 3789 Hist
404 3767 477 3789 Anat.
492 3774 514 3790 2.
575 3768 589 3795 (
605 3766 620 3790 d
635 3766 649 3795 )
666 3766 724 3794 Eph.
745 3770 775 3791 Ν.
792 3769 819 3793 C.
837 3770 909 3794 Cent,
928 3779 948 3799 9·
965 3769 1025 3794 Obs.
1044 3773 1083 3800 64.

109 3800 194 3858 ἓξ)
202 3797 439 3858 Είξὲιῂῗῇιεὶῖεε.
456 3803 477 3826 3.
494 3798 515 3821 A
534 3804 554 3827 9.
571 3797 594 3822 δι
612 3806 647 3823 10.
664 3797 722 3822 Obs.
740 3805 791 3829 105.
853 3800 869 3830 (
883 3801 898 3826 h
914 3801 926 3830 j
942 3800 987 3825 loe.
1004 3799 1048 3826 cit.

820 3739 834 3768 (
849 3746 867 3768 Ζ
883 3739 897 3768 )
913 3742 948 3765 De
964 3738 1064 3763 Observ.
1082 3740 1150 3765 Med.
1167 3743 1189 3766 δι
1207 3738 1281 3768 Anat.
1297 3744 1369 3774 Epist.
1380 3753 1405 3775 4.

1467 3747 1481 3776 (
1499 3755 1515 3772 a
1533 3747 1540 3776 )
1556 3748 1615 3772 Obs.
1634 3756 1656 3778 3.
1676 3747 1698 3777 §.
1714 3750 1736 3774 8.

1146 3772 1160 3801 (
1176 3781 1187 3796 ε
1205 3775 1213 3804 )
1229 3777 1264 3799 De
1280 3777 1316 3800 Re
1332 3778 1407 3800 Anat.
1421 3778 1439 3800 l.
1460 3782 1496 3807 ¹5·

1333 3805 1504 3838 (k2n119.

1558 3780 1565 3807 (
1580 3780 1593 3808 ff
1610 3780 1623 3806 )
1642 3779 1694 3802 Via.
1712 3750 1945 3816 1<2i>il}.(67h.?i.01!;s
1965 3764 2002 3783 ²⁰⁶
2029 3757 2050 3789 δ’
2065 3763 2088 3784 ⁶¹

1109 3801 1149 3832 (i
1168 3803 1217 3831 ln.
1235 3812 1271 3836 ai.
1567 3809 1605 3838 (l
1621 3809 1634 3839 )
1653 3808 1727 3840 Epist.
1746 3819 1781 3837 io.
1798 3819 1823 3837 n.
1844 3821 1883 3841 υ..
