2498 4075
587 248 743 316 Epist·
780 249 941 302 Anat.
975 245 1190 299 Medica
1223 241 1376 294 XXI.
1414 242 1533 294 Art.
1561 256 1631 304 50.

1994 249 2086 295 225

79 327 174 372 hujus
195 327 303 362 cordis
328 327 415 362 fibrae
438 327 598 363 laxissimae
621 337 733 367 erant3
757 336 793 361 ut
818 328 865 361 vel
891 327 965 369 ipsae
980 351 990 366 ,
1013 337 1083 368 quae
1137 320 1298 357 cadaveris
1321 331 1358 353 os
1382 320 1580 363 pervenerit,
1601 329 1677 353 cum
1691 314 1879 358 diligentius
1894 313 2150 358 quaerenditem-

80 374 115 406 in
136 372 323 406 ventriculis
347 373 551 413 prominent,
572 371 729 405 columnae
752 370 906 405 facillime
922 371 1084 412 sequeren-
1138 373 1196 409 pus
1219 376 1281 397 non
1304 361 1399 402 effet5
1423 364 1555 396 minime
1577 359 1803 404 deprehensum
1816 359 1879 393 <³st-

80 425 135 451 tur
155 414 312 449 trahentis
333 415 477 458 digitos.
613 417 652 448 In
663 416 785 448 Ventre
807 426 842 448 ea
869 425 939 458 pars
963 412 1085 446 intesti-

1183 421 1237 451 50.
1262 408 1315 440 Ex
1337 408 1460 439 caeteris
1484 416 1588 440 autern
1611 416 1680 448 quae
1705 404 1738 436 in
1762 411 1892 436 mortuo
1916 408 2037 443 reperta
2059 398 2116 433 esse
2142 414 2156 432 s

80 470 197 493 norum
219 459 410 499 Tenuium‚
433 471 502 502 quae
535 458 692 493 umbilico
724 458 936 500 respondebat
957 479 967 495 ‚
1004 452 1090 498 quasi
1140 452 1232 490 dixi,
1256 450 1396 492 proclive
1419 449 1462 483 est
1485 462 1556 492 quae
1580 451 1742 481 viventem
1765 444 1948 479 afflixerant
1968 468 1982 484 ,
2006 443 2155 485 explica-

80 502 277 537 inflammata
300 501 469 536 videbatur
500 501 538 535 ad
570 502 669 545 palmi
701 502 840 536 tractum
863 525 871 534 .
905 499 964 534 Sed
998 500 1061 533 lien
1083 521 1093 536 ,

79 545 319 589 diaphragmati
343 544 508 588 arctissime
532 556 673 579 annexus
693 570 702 585 ,
736 556 840 578 revera
878 545 989 578 colore
1025 540 1092 575 fuit

80 598 194 631 praeter
217 599 383 623 naturam.
408 588 461 622 Sic
494 588 592 631 hepar
624 599 751 632 quoque
777 614 784 620 .
817 591 910 623 Dura
944 594 1094 630 praeterea

79 633 148 667 haec
172 631 240 671 duo
261 632 378 666 viscera
390 643 401 670 3
426 630 479 665 sed
504 632 603 674 hepar
624 634 750 674 magis,
771 643 871 674 eoque
891 631 1092 674 graviusmt

81 677 215 709 minime
237 675 474 712 dubitaverim,
496 677 575 718 quin
615 674 710 719 hujus
745 676 884 717 pondere
914 672 1025 707 addito
1055 670 1093 703 ad

78 719 203 762 pondus
225 719 336 753 cordis
357 720 521 761 ingentis,
544 723 576 753 δε
601 719 751 761 [anguine
785 718 911 760 oppleti
934 741 946 757 ,
990 715 1098 757 magis

78 762 291 806 diaphragma
324 772 510 804 gravaretur
532 785 545 802 ,
575 761 785 804 deorsumque
816 761 1060 803 compelleretur
1084 781 1098 798 ,

78 806 252 848 eodemque
275 818 292 839 a
314 805 557 850 diaphragmate
578 815 770 849 urgerentur
792 804 913 847 hepar,
936 806 967 836 δε
980 801 1099 835 viscera

82 850 144 884 alia
167 850 337 893 proxima.
471 848 568 883 Unde
589 861 689 891 vero,
713 851 746 883 δε
768 860 830 892 qua
854 849 907 881 via
929 845 1098 889 sanguisin

1142 507 1193 530 re.
1217 494 1290 528 Nec
1314 501 1422 526 tamen
1444 491 1562 526 faciam
1578 516 1589 532 ,
1614 503 1674 531 ne,
1697 489 1719 523 fi
1743 489 1834 531 plura
1856 487 1971 522 addam
1987 511 1999 528 ,
2021 483 2153 519 voluisse

1143 538 1251 572 videar
1274 547 1338 569 non
1362 535 1429 578 jam
1453 536 1618 579 epistolam
1635 558 1644 571 ,
1668 533 1718 567 sed
1748 532 1868 566 librum
1898 532 2028 578 mittere
2048 553 2055 560 .
2097 529 2155 562 Tu

1144 594 1218 616 cum
1241 581 1282 614 iis
1304 592 1375 623 quae
1398 579 1437 613 de
1460 590 1538 612 vero
1559 579 1668 612 cordis
1691 575 1838 620 prolapsu
1855 600 1862 614 .
1896 577 1959 617 ejus
1989 584 2025 607 ue
2058 582 2156 623 aneu-

1143 625 1281 667 rysmate
1304 623 1342 656 ad
1366 631 1398 656 te
1421 623 1498 656 alias
1521 626 1535 662 (
1556 623 1610 665 b)
1634 621 1758 663 scriptae
1783 619 1854 652 sunt
1876 641 1885 655 ,
1912 618 1968 650 Ob
1984 625 2159 664 ervationi·

1142 669 1202 703 bus
1224 668 1247 701 si
1272 668 1352 702 hanc
1375 666 1553 700 contuleris
1572 688 1581 703 ,
1615 665 1809 708 superiorem
1843 670 1951 695 autem
1983 670 2056 692 cum
2091 658 2159 707 illis

1145 724 1216 756 quae
1238 711 1277 745 de
1300 708 1571 752 aneurysmatibus
1594 708 1717 741 arteriae
1742 707 1870 748 Magnae
1892 708 1906 744 (
1929 716 1944 737 c
1961 708 2003 752 );
2026 712 2081 751 nec
2096 700 2159 734 alt-

1147 755 1228 799 quid
1251 755 1291 788 ab
1314 765 1345 787 re
1368 754 1508 787 alienum
1532 753 1649 789 facies,
1675 754 1706 784 &
1740 749 1882 790 utrisque
1916 747 2037 790 adjeefta
2070 754 2160 777 inve-

1147 810 1213 832 nies
1237 799 1385 875 pxlressque
1405 807 1517 831 eorum
1540 808 1610 840 quae
1634 794 1687 829 hic
1720 791 1871 827 consulto
1904 789 2160 834 praetermittun-

1149 852 1222 876 tur.
1283 854 1297 875 a
1314 853 1348 876 e,

130 1000 654 1064 EPISTOLA
724 988 1837 1063 ANATOMICO-MEDICA
1915 983 2127 1047 XXII.

243 1121 422 1174 Verba
456 1118 590 1172 fiunt
622 1117 689 1170 de
722 1119 892 1184 Sputo
926 1114 1237 1183 SanguiniS,
1271 1112 1325 1164 ἅ
1360 1109 1424 1161 de
1457 1104 1635 1174 Sputis
1671 1105 1998 1167 Purulentis‚

600 1183 831 1236 sordidis
851 1215 866 1235 2
898 1184 1292 1247 Empyemate,
1326 1181 1382 1231 &
1416 1172 1648 1227 Phthisi.

248 1295 362 1339 Qum
383 1298 427 1332 est
449 1307 500 1331 tot
513 1299 732 1342 Epistolarum
746 1296 988 1340 longitudinem
1000 1296 1095 1331 unius

258 1343 387 1376 tandem
410 1342 567 1382 brevitate
581 1342 706 1385 pensare
720 1367 727 1373 .
741 1343 856 1384 Itaque
871 1342 1005 1374 minime
1019 1350 1095 1382 pro·

259 1388 324 1420 lixa
348 1385 417 1419 haec
440 1387 525 1426 erit,
548 1386 604 1420 etsi
629 1385 760 1419 morbos
783 1385 821 1418 de
844 1383 962 1428 quibus
985 1384 1093 1417 tresin

77 1427 291 1472 Sepulchreto
311 1438 424 1463 extant
448 1430 633 1471 Sefflones,
657 1432 689 1463 &
714 1430 747 1461 in
770 1427 822 1461 his
854 1439 916 1461 una
950 1426 1095 1469 longiffi-

76 1485 152 1515 rna,
174 1471 447 1516 comprehendet.
474 1473 571 1510 Quod
597 1484 705 1508 tamen
727 1483 765 1505 ne
787 1472 910 1506 incuria
933 1470 1095 1515 quadam,

75 1520 110 1550 &
144 1528 348 1560 praepropera
380 1514 584 1549 festinatione
617 1516 741 1551 fastum
775 1515 914 1553 credas3
949 1515 1091 1557 primum

73 1562 229 1594 omnium
252 1558 358 1593 causas
387 1560 498 1600 accipe
528 1568 599 1594 tum
634 1561 773 1594 aliorum
805 1557 1056 1602 prolixitudinis
1077 1580 1092 1598 ,

72 1611 150 1638 tum
173 1602 287 1637 nostrae
311 1602 479 1636 brevitatis
494 1627 503 1634 .

122 1659 153 1680 2.
181 1647 290 1680 Multa
314 1645 468 1689 quidem,
494 1648 525 1678 δε
549 1645 647 1689 digna
670 1658 743 1689 quae
767 1646 910 1680 multum
921 1643 1092 1680 laudentur

73 1692 113 1724 in
137 1690 244 1724 tribus
267 1689 333 1722 illis
357 1689 500 1721 invenies
525 1689 726 1731 Sepulchreti
750 1688 953 1724 Sestionibus
963 1689 1009 1722 V.
1025 1688 1090 1721 VI.

77 1735 163 1767 VII.
188 1732 249 1766 five
274 1731 526 1765 Observationes
549 1732 654 1776 legas,
680 1733 740 1767 five
763 1730 986 1767 Scholia.Sed
1001 1730 1093 1764 simul

77 1777 220 1810 invenies
243 1785 349 1808 tamen
398 1786 444 1808 uae
467 1774 562 1809 facile
583 1777 705 1811 nolles.
731 1776 895 1818 Exemplo
919 1774 980 1808 sint
1004 1776 1037 1807 in
1048 1775 1092 1807 V.

80 1823 96 1859 (
118 1825 173 1859 ar)
195 1819 297 1852 cordis
314 1786 486 1862 subjiantia
505 1828 563 1860 per
577 1819 710 1862 sputum
733 1819 870 1860 rejeaa:
906 1822 920 1859 <
942 1819 961 1852 b
986 1822 995 1856 )
1034 1816 1095 1851 hae-

82 1861 236 1905 moptyfis
259 1872 298 1895 ex
320 1862 466 1903 ruptione
489 1861 626 1905 alicujus
647 1862 733 1906 *nafis
757 1863 791 1895 in
822 1861 921 1897 latere
953 1862 1062 1896 dextro
1086 1882 1096 1897 ‚

72 1905 262 1949 suspensorii
285 1903 432 1947 hepatis.-
454 1907 469 1944 (
491 1917 507 1938 c
527 1908 542 1945 )
564 1906 598 1938 in
615 1904 820 1948 pulmonibus
843 1916 922 1940 vena
943 1915 1021 1939 cava
1032 1903 1096 1945 das-

77 1956 172 1991 rupta
188 1961 199 1980 .·
220 1948 255 1981 in
279 1948 362 1982 VII.
388 1956 493 1981 autern
515 1951 530 1987 (
553 1948 573 1981 d
594 1951 609 1989 )
633 1948 722 1983 tabes
745 1947 783 1982 ob
795 1957 906 1990 renes,
921 1947 1096 1991 praesertim

18 2027 19 2030 ,
77 1993 246 2031 dextrum,
263 1991 364 2034 jecori
382 2000 440 2033 per
463 1990 659 2025 membranas
678 1991 879 2034 peculiares,
905 1990 1018 2034 quibus
1040 2001 1096 2024 ve·-

73 2033 273 2075 fliebantur‚
298 2033 384 2077 quafi
408 2034 559 2068 adnatos.
586 2034 706 2073 Quid?
729 2035 820 2078 quod
866 2037 980 2078 aliquae
998 2058 1011 2075 ‚
1058 2036 1091 2067 δέ

78 2079 114 2111 in
147 2077 200 2112 his
234 2077 336 2118 prima
361 2078 417 2110 illa
440 2078 473 2110 in
498 2078 644 2113 Seffione
667 2079 766 2112 altera
790 2084 801 2120 (
825 2079 874 2122 e)
905 2081 1063 2113 iterantur
1080 2100 1094 2117 ‚

79 2130 117 2155 ut
141 2120 273 2155 Scholia
297 2132 425 2164 quoque
448 2118 553 2162 (f).
577 2124 691 2166 Atque
713 2131 751 2156 ut
775 2123 809 2156 in
848 2133 910 2156 una
943 2122 1093 2155 Sestione

77 2166 162 2200 VH.
174 2162 372 2198 subsistamus
384 2176 395 2203 3
406 2163 518 2197 confer
530 2166 659 2207 ‚quaeso
671 2189 683 2205 ‚
694 2164 962 2198 Observationem
975 2164 1097 2197 LXIX.

77 2219 154 2242 cum
179 2212 209 2243 §.
236 2219 266 2242 2.
289 2209 421 2245 XXIV3
446 2216 517 2241 turn
540 2209 692 2242 CXXXI.
728 2208 977 2241 Observationis
1011 2208 1038 2245 §.
1068 2217 1096 2239 1.

76 2263 154 2286 cum
177 2261 211 2289 25
235 2250 370 2292 denique
393 2249 664 2284 Observationem
688 2251 845 2284 CXLIV.
870 2262 945 2284 cum
968 2250 1097 2287 CLIV3

75 2294 266 2337 intelliges,
288 2292 385 2326 sexies
408 2303 443 2325 ea
466 2292 604 2335 proferri
628 2305 700 2338 quae
723 2301 772 2325 ter
795 2292 869 2327 satis
892 2294 996 2327 fuerat
1020 2303 1097 2335 pro-

77 2337 206 2372 tulisse:
231 2337 342 2370 iterari
362 2344 481 2369 autem
516 2347 592 2370 cum
624 2338 785 2371 lestorum
818 2337 1062 2379 perturbatione
1086 2356 1097 2371 ,

65 2382 139 2425 ,ςυί
162 2382 197 2413 in
221 2380 317 2414 tertia
341 2378 424 2413 duos
446 2379 576 2413 credent
599 2381 704 2414 libros
728 2379 885 2414 Thomae'
909 2379 1097 2413 Bartholini

77 2425 200 2464 citari,
224 2436 297 2458 cum
321 2433 404 2456 unus
427 2421 579 2465 idemque
602 2425 745 2462 citetur;
766 2424 801 2455 in
826 2422 959 2457 secunda
992 2422 1097 2455 ambi-

77 2464 1096 2547 {52¹²{22225330053‘3-5‘ssrsufflas?effffffistfisffllffiffii

70 2546 214 2599 ¹tigerit3
238 2555 273 2586 in
285 2533 401 2596 'prima
423 2552 557 2595 denique
581 2565 654 2587 cum
678 2554 712 2587 in
735 2551 867 2586 dissecto
878 2534 1096 2595 Ch'ristopho-

77 2600 108 2633 ri
131 2597 281 2632 Richteri
305 2595 457 2629 cadavere
479 2596 518 2629 de
540 2604 652 2635 uter05
676 2596 698 2630 fi
723 2597 851 2637 Superis
874 2597 1001 2639 placet3
1025 2607 1095 2628 ver-

78 2644 139 2681 ba,
164 2640 272 2675 nescio
293 2651 359 2682 quo
380 2639 480 2680 casu,
503 2638 573 2672 fieri
597 2640 849 2673 animadvertent
864 2662 872 2676 ‚
896 2649 1014 2682 quanta
1025 2650 1096 2672 cre-

78 2686 133 2721 dis
155 2684 372 2718 admiratione
396 2682 577 2724 perculsum
599 2685 641 2717 iri
663 2708 671 2716 .
704 2683 793 2717 Sileo
825 2683 1095 2717 Observationem

79 2733 151 2773 (g)
172 2727 272 2763 Tabis
295 2737 313 2761 a
336 2725 491 2773 Glapdula
510 2727 621 2769 pyloro
642 2728 758 2761 adnata
780 2737 845 2760 non
867 2726 926 2762 esse
948 2726 1096 2760 observa-

77 2776 207 2807 tionem
222 2797 231 2813 ,
254 2769 307 2804 sed
328 2771 544 2812 comesturam
556 2793 569 2810 ,
590 2781 722 2814 eamque
735 2796 746 2811 ‚
769 2768 793 2804 fi
816 2781 887 2813 quae
899 2769 1097 2815 egoibidem

80 2817 197 2851 fimilia
219 2813 313 2853 vidi,
335 2815 367 2846 &
389 2812 450 2846 fine
473 2813 569 2854 tabe,
593 2813 813 2854 attendamus,
837 2825 901 2847 non
935 2814 1009 2848 satis
1041 2812 1096 2846 fir-

81 2872 187 2894 mam.
214 2856 384 2892 Scholium
405 2868 531 2900 quoque
555 2856 631 2891 sileo
654 2856 885 2890 Observationi
920 2856 1096 2900 subjeetum

79 2904 259 2938 XXXVII.
283 2899 322 2934 ad
345 2901 425 2935 hanc
449 2902 540 2934 nullo
564 2901 665 2934 modo
687 2901 822 2934 attinere
848 2899 931 2944 posse
950 2927 957 2941 ‚
981 2903 1015 2934 in
1031 2911 1094 2944 qua

81 2945 244 3030 Efi‘ffidss
264 2951 558 3029 {nssssssssaa'assiffi}
575 2942 757 3027 333qu
773 2943 942 3022 ἶὲἑῗῖοεῗτέ
964 2945 1092 3021 <33³3ss

82 3035 211 3069 actione
234 3031 382 3074 hepatis,
405 3030 515 3068 lienis,
540 3031 762 3075 &pancreatis
772 3031 854 3064 olim
867 3001 1097 3065 Diemirbroe-

82 3078 177 3112 ckius
199 3073 522 3114 comminiscebatur,
545 3084 580 3109 ut
605 3075 709 3118 plures
732 3075 867 3117 paginas
891 3076 926 3109 in
960 3074 1094 3109 Scholio

85 3120 213 3165 adjecto
234 3120 342 3154 CLV.
368 3117 596 3152 observationi
621 3118 754 3160 implere
777 3117 974 3152 debuissent.
1000 3118 1094 3158 Quid

83 3177 163 3200 vero
170 3164 310 3198 dicemus
321 3162 359 3196 de
369 3160 611 3195 Additamentis
623 3160 661 3195 ad
672 3161 885 3195 VILeandern
897 3162 1093 3196 Seffionem?

86 3210 193 3243 Mitto
203 3208 389 3250 complures
401 3206 531 3248 paginas
544 3205 827 3247 consultationibus
837 3209 851 3245 (
861 3207 895 3247 ι’)
903 3216 1076 3249 occupatas
1085 3231 1095 3239 .

85 3254 193 3289 Mitto
206 3250 456 3285 Observationes
468 3274 478 3290 ‚
488 3250 521 3283 in
535 3249 654 3293 quibus
663 3260 700 3282 ne
710 3259 827 3281 nomen
840 3248 970 3293 quidem
980 3249 1022 3283 est
1030 3249 1096 3292 ejus

108 3308 152 3331 uo
165 3295 202 3328 de
217 3297 325 3339 agitur
336 3291 467 3327 affectus
478 3317 487 3333 ,
511 3287 638 3334 Tabia),
657 3292 745 3325 velut
758 3293 791 3325 in
803 3294 859 3326 IX.
874 3295 921 3327 At
931 3303 1014 3326 certe
1024 3293 1098 3327 Ob-

82 3309 227 3376 servatio
249 3341 311 3372 III.
335 3348 410 3371 cum
431 3345 518 3378 parte
541 3336 611 3378 ejus
634 3335 784 3376 Scholii,
805 3336 870 3378 jam
893 3345 985 3370 antea
997 3338 1029 3370 in
1041 3339 1096 3371 Se-

86 3385 193 3418 &ione
216 3382 283 3427 ipsa
305 3381 354 3415 vel·
377 3380 474 3424 pau-lo
500 3379 597 3414 fufius
629 3379 763 3413 ObserV.
798 3381 906 3413 LXII.
938 3380 1095 3422 producta

86 3427 214 3467 fuerat,
235 3423 506 3469 quemadmodum
529 3422 665 3457 observ.
690 3424 855 3457 XCVIII.
881 3426 913 3456 Sc
940 3425 997 3457 LI.
1031 3423 1098 3467 jam

89 3471 165 3505 data
189 3469 297 3503 eadem
321 3481 392 3517 quae
415 3469 450 3501 in
473 3466 715 3501 Additamentis
738 3466 875 3499 Observ.
899 3468 939 3501 X.
965 3469 1095 3503 &XXL

87 3522 277 3592 {iffiumgff
288 3538 297 3553 '
309 3512 657 3597 sirfi‘ssciitie‘ssap‘iqssss
671 3509 945 3587 *fiiafffisaffff‘zt
955 3514 1097 3590 3123?

91 3610 145 3635 aut
169 3568 307 3640 ossnffitzj
328 3609 383 3634 aut
407 3577 570 3637 mutavit’,
589 3596 677 3640 quasi
700 3608 766 3631 non
790 3576 934 3630 Thoinae
957 3580 1099 3633 Barthoss

90 3644 176 3685 lini,
199 3643 251 3677 sed
274 3643 320 3678 sui
345 3641 444 3687 ipfius
466 3642 521 3675 illa
546 3640 617 3674 esset
641 3641 858 3680 Observati0‚
881 3641 914 3672 in
937 3653 1003 3681 quo
1026 3654 1099 3677 cau-

87 3688 178 3729 tior,
200 3687 350 3730 quamvis
371 3697 436 3720 non
459 3686 596 3719 omnino
618 3683 666 3717 vel
688 3684 723 3717 in
745 3683 804 3718 hac
829 3681 918 3726 ipsa,
941 3683 1006 3719 fuit
1031 3687 1098 3721 Bo-

177 3732 343 3773 Morgagni
353 3732 388 3765 de
398 3730 466 3764 Sed.
483 3733 525 3765 &
535 3732 556 3762 C
558 3726 622 3769 aus.
637 3728 740 3761 Morb.
754 3729 854 3763 Tom.
871 3729 898 3761 I.

533 3828 571 3852 <e
586 3826 601 3856 )
619 3826 694 3854 Epist.
709 3826 763 3851 ead.
778 3828 800 3851 ἃ
816 3829 852 3851 18.

238 3828 313 3857 Epist.
332 3836 370 3856 ¹7·
389 3834 413 3851 n.
430 3828 469 3851 ²8-
915 3824 925 3852 (
942 3836 958 3851 a
973 3827 988 3855 )
1004 3825 1064 3850 Obs.
1077 3832 1115 3849 ιι.

152 3828 295 3886 ((ΞΕΟΜ.
316 3860 367 3883 ¹26.
428 3858 442 3886 ζ
457 3866 468 3880 ε
482 3857 498 3886 “)
514 3857 577 3882 Sest.
593 3860 616 3882 6.
633 3857 691 3882 ΟΜ.
710 3865 749 3886 ¹4-

154 3889 171 3919 ε
186 3889 201 3912 b
215 3888 229 3917 J
244 3894 270 3914 ut
286 3890 349 3915 sest.
367 3896 388 3919 ς.
406 3887 467 3913 Obs.
486 3895 523 3913 ιο.
539 3887 619 3913 schol.
635 3887 701 3918 quod
717 3887 837 3913 attinebat
852 3887 881 3912 ad
900 3895 923 3917 ⁹·
986 3889 1000 3917 (
1015 3888 1025 3911 i

811 3857 880 3887 (Ι)
898 3856 958 3882 lbid.
977 3856 1150 3912 secundtffisad
1167 3856 1226 3882 ΟΜ.
1245 3864 1266 3885 9.
1285 3858 1308 3881 ssc
1323 3856 1351 3880 ad
1369 3865 1404 3885 3¹·
1420 3856 1444 3879 in
1463 3857 1522 3881 ςεεῖ,
1539 3865 1563 3884 7-

1042 3910 1050 3918 ,
1120 3905 1127 3912 .
1145 3895 1181 3917 ¹7·

1145 1303 1236 1328 netus
1252 1318 1261 1326 .
1396 1290 1450 1325 Ad
1474 1290 1542 1324 haec
1565 1285 1699 1326 omnia,
1722 1287 1755 1319 δε
1779 1282 1960 1319 istiusmodi
1984 1282 2069 1323 alia,
2093 1294 2165 1326 quae

1144 1337 1233 1381 ipse,
1254 1336 1444 1377 diligentius
1469 1329 1686 1377 inquirendo,
1710 1327 1838 1362 fortasse
1861 1327 2094 1360 animadvertes
2110 1352 2119 1367 ‚
2144 1325 2167 1359 fi

1144 1391 1195 1414 tot
1217 1381 1283 1414 illae
1306 1374 1555 1413 Observationes
1580 1371 1759 1412 addantur,
1781 1382 1859 1415 quas
1885 1371 2027 1417 Bonetus
2051 1368 2105 1402 etsi
2121 1367 2160 1402 ad

1146 1425 1226 1459 alios
1240 1422 1358 1458 titulos
1381 1421 1501 1456 fatetur
1524 1418 1711 1462 pertinere,
1734 1426 1798 1449 non
1824 1415 1952 1457 prorsus
1977 1422 2083 1447 tamen
2107 1413 2162 1446 hic

1148 1468 1393 1511 praetermittit‚
1416 1475 1485 1500 tum
1511 1464 1581 1497 aliae
1604 1460 1643 1495 de
1665 1460 1785 1504 quibus
1809 1469 1846 1491 ne
1870 1457 1905 1491 id
1927 1457 2060 1500 quidem
2085 1455 2166 1490 fate-

1149 1521 1223 1550 tur,
1247 1523 1322 1545 cum
1345 1511 1411 1544 alio
1433 1508 1509 1552 ipsae
1524 1516 1651 1551 quoque
1675 1504 1858 1547 pertineant
1874 1505 2004 1551 tamen,
2026 1510 2099 1534 tum
2113 1498 2169 1550 def³

1147 1558 1243 1598 nique
1265 1555 1394 1589 illarum
1408 1554 1519 1594 ingens
1528 1559 1675 1584 numerus
1689 1571 1702 1588 ³
1722 1557 1800 1590 quas
1813 1570 1833 1592 ,¹
1846 1544 2031 1594 ubicunque
2054 1554 2169 1577 macies

1147 1599 1220 1632 esset
1243 1598 1362 1638 causa,
1384 1597 1419 1630 in
1442 1595 1525 1630 VII.
1552 1593 1734 1627 Seffionem
1757 1588 1919 1632 conjectas
1943 1586 2111 1627 videmus,
2134 1587 2169 1620 in

1143 1655 1204 1684 qua
1222 1667 1232 1681 ‚
1257 1651 1294 1677 ut
1318 1641 1394 1674 libri
1417 1637 1513 1682 hujus
1536 1634 1661 1670 secundi
1678 1634 1852 1676 inscriptio
1863 1633 1899 1667 de
1910 1629 2098 1675 Affeb‘t‘ibus
2108 1634 2171 1665 ‘Pe-

1146 1687 1242 1721 eloris
1265 1684 1456 1723 indicabat,
1479 1692 1543 1715 non
1567 1680 1628 1713 alia
1641 1678 1750 1712 Tabes
1764 1678 1873 1711 locum
1895 1675 2013 1710 habere
2036 1674 2168 1709 debuisa

1146 1729 1213 1769 set,
1236 1739 1333 1773 quam
1356 1739 1428 1770 quae
1451 1724 1557 1759 causas
1579 1723 1705 1756 obtinet
1728 1723 1816 1755 intra
1839 1719 2029 1760 thoracem
2061 1728 2165 1761 neque

1146 1773 1283 1806 enimde
1295 1772 1390 1806 Tabe
1405 1794 1414 1808 ,
1436 1780 1472 1805 ut
1484 1766 1773 1810 deRespirationis
1796 1762 1944 1805 laesione,
1970 1762 2167 1810 censendum

1148 1816 1194 1851 est·
1206 1842 1214 1856 ‚
1238 1828 1310 1860 quae
1322 1841 1330 1855 ,
1354 1815 1535 1854 ubicunque
1548 1810 1586 1844 sit
1600 1810 1667 1851 ejus
1678 1809 1769 1843 causa
1783 1831 1796 1848 ,
1814 1807 1880 1850 ipsa
1891 1807 2028 1851 quidem>
2048 1810 2168 1849 semper

1147 1859 1294 1894 thoracis
1306 1857 1432 1892 evidens
1446 1855 1577 1890 affecitio
1588 1854 1650 1887 est:
1672 1852 1694 1885 fi
1706 1864 1782 1896 ergo
1800 1849 1867 1884 haec
1878 1863 1948 1895 quae
1970 1851 2058 1885 dista
2073 1850 2170 1890 sunt,

1149 1903 1324 1937 attenderis
1338 1900 1481 1936 universa
1496 1912 1505 1938 ς
1520 1898 1613 1931 facile
1626 1896 1787 1938 intelliges
1803 1920 1811 1934 ‚
1827 1895 1911 1928 unde
1923 1894 2095 1929 faffimrsit
2108 1919 2119 1935 ‚
2130 1902 2168 1928 ut

1147 1959 1217 1990 quae
1241 1944 1403 1980 occasione
1428 1942 1668 1987 propofirorum
1689 1940 1874 1973 morborum
1898 1940 1931 1972 in
1956 1937 2171 1982 Sepulchreto

1149 1990 1273 2033 prolata
1284 1989 1356 2023 sunt
1372 2012 1383 2029 ,
1395 1996 1523 2021 tantum
1534 1987 1722 2029 paginarum
1734 1994 1902 2018 numerum
1915 1984 2147 2025 occupaverint
2156 2005 2170 2013 .

1198 2047 1224 2073 3.
1252 2035 1328 2067 Nos
1353 2042 1459 2066 autem
1481 2039 1614 2069 contra,
1638 2037 1764 2061 tantum
1789 2026 1894 2068 abest,
1917 2027 1998 2061 utin
2014 2027 2071 2060 hac
2085 2027 2168 2069 Epi>-

1147 2077 1225 2112 stola
1249 2077 1386 2110 velimus
1410 2075 1474 2108 tibi
1500 2073 1623 2117 aliquas
1647 2071 1900 2105 Observationes
1926 2071 2041 2110 semel,
2065 2080 2161 2113 atque

1147 2121 1267 2154 iterum
1289 2130 1440 2159 narrare,
1461 2125 1517 2151 aut
1540 2128 1611 2160 quae
1634 2115 1672 2148 ad
1684 2114 1853 2149 thoracem
1865 2115 2099 2157 praecipuenon
2113 2123 2164 2145 ar-

1147 2165 1271 2197 tineant
1286 2186 1294 2200 ,
1318 2162 1381 2196 huc
1405 2161 1609 2196 dissessiones
1632 2158 1795 2202 conjicere
1809 2169 1823 2198 ,·
1844 2170 1882 2191 ne
1904 2158 2001 2191 verbo
2034 2156 2170 2202 quidem

1149 2206 1203 2241 hic
1227 2207 1298 2240 illas
1310 2204 1637 2239 commemorabimus
1651 2226 1663 2242 ‚
1688 2214 1758 2245 quae
1779 2201 1836 2236 etfi
1858 2201 1921 2237 huc
1943 2213 2076 2245 quoque
2088 2202 2170 2234 atti-

1150 2258 1269 2290 neant;
1290 2259 1398 2283 tamen
1422 2248 1501 2282 alibi
1526 2256 1579 2280 aut
1604 2246 1796 2283 habuimus,
1822 2254 1876 2279 aut
1901 2245 2047 2279 habituri
2062 2245 2168 2279 sumus

1148 2291 1348 2327 occasionem
1370 2293 1453 2336 ipsas
1478 2289 1657 2334 proferendi
1671 2312 1680 2321 .
1706 2289 1799 2330 Qin
1822 2290 1921 2324 etiam
1944 2298 2034 2322 erant
2048 2288 2168 2323 sortas-

1148 2337 1178 2371 se
1200 2337 1317 2381 aliquae
1341 2336 1379 2371 ad
1404 2333 1562 2379 phthifim
1584 2333 1710 2376 magis,
1742 2344 1838 2376 quam
1870 2333 1908 2367 ad
1942 2334 2171 2376 peripneumo-

1148 2381 1236 2413 niam
1251 2406 1260 2420 ‚
1284 2380 1458 2423 specstantes
1469 2402 1478 2418 ‚
1503 2389 1579 2420 quas
1604 2376 1727 2412 duabus
1741 2379 1902 2420 proximis
1918 2375 2077 2420 Epistolis
2093 2389 2166 2412 cum

1148 2423 1187 2457 de
1210 2423 1270 2457 hac
1294 2435 1479 2468 ageremus,
1502 2421 1620 2455 referre
1643 2421 1682 2454 ad
1704 2420 1807 2463 ipsam
1830 2421 2006 2455 maluimus
2034 2446 2042 2453 .
2076 2424 2167 2455 Nam

1148 2466 1204 2500 ets1
1229 2467 1402 2510 aliquando
1426 2475 1479 2500 aut
1504 2465 1594 2508 sputa
1610 2488 1620 2503 ‚
1642 2472 1696 2498 aut
1720 2463 1817 2498 febris
1841 2464 1999 2508 ejusmodi
2036 2465 2131 2499 essent
2154 2490 2165 2505 ,

1148 2512 1251 2553 tnagis
1275 2518 1310 2543 ut
1334 2508 1458 2553 phthisi
1482 2519 1579 2550 quam
1605 2509 1899 2550 perimenmoniae,
1932 2506 2140 2543 convenirent
2156 2533 2166 2548 n

1149 2562 1202 2587 aut
1226 2562 1390 2596 repertum
1412 2555 1446 2587 in
1472 2552 1622 2595 pulmone
1645 2552 1765 2585 vitium
1788 2563 1851 2584 non
1875 2553 1922 2586 ita
1945 2563 2049 2585 recens
2074 2552 2167 2587 vide-

1146 2606 1257 2636 retur3
1281 2605 1387 2630 tamen
1411 2608 1484 2631 cum
1509 2595 1682 2634 Valsalva‚
1707 2596 1762 2637 qui
1786 2607 1911 2638 aegros,
1949 2599 1982 2629 &
2014 2596 2165 2630 cadavera

1148 2640 1351 2683 inspexerat,
1375 2639 1489 2673 diserte
1513 2637 1735 2680 adscripserit,
1759 2650 1798 2672 ex
1822 2641 2082 2684 peripneumonia
2106 2638 2164 2674 esse

1149 2694 1296 2718 mortuos
1311 2710 1319 2724 ,
1344 2694 1399 2718 aut
1421 2695 1483 2727 ego
1506 2680 1648 2716 thoracis
1671 2682 1876 2717 incommoda
1900 2696 1971 2726 quae
2004 2683 2163 2725 praecesse-

1149 2735 1240 2767 rant,
1267 2729 1405 2761 omnino
1427 2729 1632 2770 ignorarem.-
1655 2736 1727 2768 quae
1751 2726 1913 2761 novissime
1938 2726 2164 2765 fuiss'ent,sci-

1148 2782 1238 2810 rem3
1261 2771 1329 2805 haec
1355 2772 1486 2814 potius,
1511 2773 1543 2803 &
1566 2769 1755 2802 sententiam
1779 2769 1870 2804 illius
1894 2771 2039 2809 secutus,
2066 2782 2102 2803 eo
2116 2782 2164 2803 re.

1149 2815 1211 2848 tuli
1235 2827 1301 2857 quo
1324 2816 1430 2858 aliqua
1452 2823 1536 2847 certe
1559 2824 1598 2845 ex
1621 2821 1710 2854 parte
1734 2811 1937 2855 spectabant,
1961 2817 1994 2847 ὅ(
2018 2814 2100 2848 unde
2114 2824 2164 2848 ta-

1148 2870 1218 2892 men
1243 2857 1306 2892 huc
1320 2883 1332 2900 ,
1354 2858 1376 2891 fi
1400 2859 1509 2891 malles
1523 2883 1531 2897 ‚
1556 2866 1703 2889 revocare
1726 2856 1790 2888 tibi
1809 2856 1945 2891 liberum
1957 2856 2041 2891 foret
2055 2882 2062 2889 .
2078 2860 2162 2892 Prae-

1149 2912 1197 2934 ter
1220 2902 1313 2943 haec,
1339 2904 1535 2945 praecipuam
1555 2899 1681 2932 causam
1703 2900 1813 2941 accipe
1835 2900 2002 2934 brevitatis
2026 2900 2159 2935 nostrce.

1149 2945 1296 2979 Valsalva
1321 2945 1522 2989 posteaquam
1545 2942 1668 2986 juvenis
1691 2943 1725 2975 in
1750 2941 1886 2986 phthisis
1911 2944 2086 2986 periculum
2109 2957 2162 2978 ve-

1149 2990 1220 3027 nit,
1247 2998 1282 3023 ut
1304 2990 1336 3022 in
1360 2987 1425 3031 ejus
1450 2988 1606 3030 scriptun
1629 2985 1671 3020 est
1693 2987 1798 3027 Vita,
1819 2987 2160 3023 cadaveraistiusmod'i

1151 3033 1276 3067 morbis
1299 3032 1541 3074 absumptorum
1566 3031 1672 3064 minus
1687 3053 1699 3069 ,
1722 3031 1865 3073 opinor,
1888 3031 2055 3076 quaesivit.
2083 3035 2160 3075 Ego

1147 3088 1245 3116 vero,
1268 3086 1302 3110 ut
1327 3087 1376 3109 me
1398 3074 1461 3108 tibi
1485 3075 1649 3118 aperiam,
1672 3074 1728 3107 illa
1751 3073 1822 3117 fugi
1847 3074 1883 3108 de
1906 3075 2059 3109 industria
2083 3077 2161 3111 ado-l

1144 3119 1284 3161 lescens,
1308 3122 1340 3152 ἃς
1363 3119 1458 3161 fugio
1480 3119 1527 3152 vel
1552 3118 1666 3156 senex,
1688 3127 1765 3152 tunc
1778 3128 1813 3152 ut
1827 3118 2074 3159 mihi,nuncut
2086 3122 2160 3154 Stu-

1149 3162 1268 3203 diosae,
1290 3175 1361 3210 qua}
1384 3174 1434 3196 me
1445 3162 1648 3203 circumstat,
1673 3160 1834 3205 juventuti
1845 3164 2061 3205 prospiciam,
2083 3174 2158 3197 cau-

1151 3209 1217 3240 tius
1242 3206 1369 3240 fortasle
1392 3218 1489 3249 quam
1511 3216 1592 3248 opus
1613 3205 1677 3245 fit3
1703 3215 1734 3239 at
1757 3209 1860 3239 tutius
1886 3205 1938 3249 (k
1960 3210 1974 3245 )
1998 3230 2005 3237 .
2042 3208 2154 3248 Itaque

1149 3261 1214 3284 non
1239 3251 1340 3284 multa
1363 3250 1418 3283 ille
1466 3260 1526 3292 ego
1549 3251 1604 3283 vix
1637 3249 1768 3292 aliquod
1799 3248 1930 3283 dissecui
1958 3275 1964 3281 .
2001 3250 2155 3291 Qorum

1147 3305 1229 3329 nunc
1253 3292 1365 3327 ordine
1387 3275 1538 3327 historias
1571 3292 1770 3335 describam,
1803 3297 1835 3327 δε
1868 3303 1978 3326 eorum
2011 3296 2155 3337 primum

1145 3348 1217 3382 quae
1239 3336 1358 3371 incidit
1381 3335 1550 3371 Valsalva.

1193 3394 1224 3425 4.
1249 3382 1333 3415 VIR
1357 3382 1591 3424 quinquaginta
1615 3392 1712 3415 annos
1737 3390 1850 3420 natus,
1883 3381 2000 3415 multos
2031 3383 2063 3415 in
2097 3384 2156 3415 iti-

1152 3425 1279 3460 neribus
1305 3424 1425 3458 labores
1450 3424 1575 3467 passus,
1599 3425 1733 3459 domum
1758 3425 1884 3457 tandem
1908 3424 2009 3458 redux
2034 3448 2042 3462 ‚
2066 3426 2156 3460 valde

1148 3469 1340 3512 querebatur
1364 3467 1401 3501 de
1423 3469 1562 3510 pectoris
1585 3468 1724 3509 dolore,
1748 3467 1880 3505 &tuffi‚
1906 3479 2066 3511 perquam
2078 3481 2157 3513 pau-

1150 3523 1222 3546 cam
1245 3512 1381 3545 omnino
1403 3510 1571 3554 exspuebat
1595 3512 1757 3545 materiam
1782 3525 1793 3545 .·
1822 3512 2044 3549 commodius,
2067 3515 2156 3557 capi-

1151 3564 1183 3588 te
1207 3552 1341 3591 demiffo
1364 3579 1375 3596 ‚
1406 3555 1528 3598 jacebat
1543 3569 1553 3589 .·
1575 3565 1735 3593 ventrem,
1759 3557 1793 3588 δε
1817 3554 1910 3598 pedes
1933 3555 2068 3590 habebat
2102 3566 2157 3591 tu-

1150 3600 1258 3634 midos
1285 3611 1292 3631 :
1341 3599 1481 3633 multum
1526 3598 1652 3633 sitiebat
1678 3611 1686 3632 :
1742 3609 1816 3632 cum
1861 3597 2063 3633 anhelatione
2108 3612 2156 3634 re-

1150 3642 1289 3685 spirabat
1315 3655 1322 3676 :
1356 3655 1373 3676 a
1405 3642 1482 3676 cibo
1513 3643 1603 3676 valde
1636 3641 1844 3685 gravabatur.
1870 3642 1923 3676 Ad
1946 3640 2015 3676 haec
2039 3644 2157 3678 acceffit

1150 3686 1309 3731 sanguinis
1332 3686 1483 3730 sputum.
1509 3688 1568 3721 Sed
1592 3686 1821 3762 hoclqt1}evit;
1846 3686 2051 3728 perstiterunt
2063 3697 2157 3720 caete-

2048 3743 2080 3764 ra
2103 3754 2117 3771 ‚

1177 3827 1191 3855 (
1207 3826 1221 3850 b
1235 3827 1250 3856 )
1267 3826 1291 3850 in
1308 3825 1389 3850 Schol.
1405 3824 1434 3849 ad
1449 3825 1506 3849 Obs.
1523 3833 1560 3852 24.
1622 3826 1635 3855 (
1652 3833 1663 3849 c
1678 3825 1692 3855 )
1709 3826 1734 3849 in
1751 3825 1874 3849 Additam.
1893 3826 1953 3852 ΟΜ,
1973 3835 1993 3851 1,

1627 3858 1641 3887 (
1653 3864 1673 3888 g
1690 3857 1703 3885 )
1720 3856 1865 3881 cxxvui.

1244 3889 1257 3918 (
1274 3887 1289 3912 k
1305 3892 1315 3916 )
1333 3887 1386 3912 Vid.
1406 3887 1478 3917 Epist.
1494 3895 1530 3917 49,
1549 3895 1571 3912 n.
1592 3894 1627 3917 32.
