2498 4075
317 234 473 302 Epist·
510 232 676 288 Anat.
714 231 936 288 Medica
971 228 1206 285 XXXVI.
1244 226 1485 284 'Ariana
1529 247 1574 297 3.
1609 233 1654 294 ’4.
1679 232 1734 284 &
1762 247 1802 294 5.

31 316 223 358 convulsi03
248 324 327 356 aut,
349 315 441 359 quod
462 316 496 349 in
520 327 559 350 eo
590 313 871 352 Adolescentulo,
896 313 930 347 in
953 312 1044 347 aliis-

57 374 94 396 ue
116 361 171 405 <d
193 363 207 402 )
229 359 389 402 ejusmodi
413 359 530 393 morbo
549 357 774 392 laborantibus
788 356 875 392 haud
898 368 972 391 raro
982 357 1044 390 ob-

45 406 246 444 ervavimus,
271 403 499 437 intestinorum
532 401 707 435 lumbrici.
837 401 933 434 Num
966 412 1044 434 vero

29 448 174 483 fortuito
198 447 376 486 acciderit;
399 457 437 479 an
461 444 552 488 quod
585 445 660 479 bilis
692 445 814 479 vitium
838 456 943 487 pravae
967 444 1044 477 irri-

28 492 198 535 tantesque
241 490 332 532 chyli
356 490 503 533 reliquiae
525 488 788 532 consequantur,
822 499 859 522 ut
892 491 926 521 in
959 498 1045 531 quo-

27 537 166 569 rundam
201 546 241 569 ex
262 535 328 568 illis
347 533 427 577 cysti
449 531 542 566 fellea
565 533 705 569 calculos
726 534 781 566 alii
804 531 854 576 (e
877 534 910 570 )‚
934 533 966 565 δε
988 541 1045 564 nos

28 576 112 621 (f)
137 578 371 612 offenderimus
394 602 403 616 ‚
434 578 469 609 in
501 575 611 610 medio
644 577 879 619 relinquimus.

27 624 121 657 Inter
143 622 274 667 peffima
296 630 404 656 autem
429 620 539 662 figna,
563 622 596 654 δε
618 623 802 665 proximam
832 628 970 654 mortem
993 617 1045 651 in-

1095 311 1239 346 dicantia
1263 311 1336 353 jure
1368 314 1551 356 meritoque
1574 313 1761 354 reponimus
1785 313 1892 353 nigras
1916 309 2112 354 dejeffiones

1096 366 1171 389 cum
1198 356 1350 390 dolorum
1375 357 1549 391 cessatione
1574 353 1785 396 conjundias,
1811 366 1890 398 quas
1913 354 2078 399 supra(g
2095 358 2114 397 J

1093 402 1424 434 commemoravimus
1449 414 1456 431 :
1495 401 1532 434 ad
1557 410 1636 442 quas
1669 397 1725 430 illa
1748 410 1879 441 quoque
1904 398 2046 433 addenda
2071 400 2115 433 est.

1097 454 1197 484 quam
1231 456 1307 478 cum
1344 447 1493 478 omnium
1526 442 1755 477 intestinorum
1791 453 1857 475 non
1890 441 2004 477 dolore
2036 443 2115 485 qui-

1097 486 1171 520 dem
1197 510 1206 524 ‚
1237 489 1296 530 qui
1330 487 1373 521 ob
1408 487 1579 530 paralyfim
1612 495 1780 527 nunquam
1813 484 1942 523 fuerat,
1967 486 2017 520 sed
2042 497 2115 518 ma-

1095 541 1160 572 gna
1182 531 1440 565 inflammatione
1465 532 1527 565 tibi
1563 532 1598 564 in
1627 528 1690 564 alia
1712 528 1859 571 Epistola
1881 532 1895 569 (
1917 529 1973 571 h)
1996 529 2117 563 descri-

1095 572 1235 616 pfimus.
1265 577 1454 609 Proximam
1477 574 1517 609 de
1540 571 1884 615 Hypochondriorum
1907 575 2057 608 Tumore
2076 584 2114 608 ac

1096 618 1224 653 Dolore
1246 619 1450 662 expe&abis‚
1476 621 1507 652 δὲ
1529 617 1674 651 valebis.

29 819 579 883 EPISTOLA
630 814 1761 881 ANATOMICO-MEDICA
1802 811 2117 878 XXXVI.-

221 957 403 1011 Verba
435 954 577 1011 fiunt
608 955 673 1008 de
706 956 978 1016 Tumore,
1011 956 1069 1010 ὄῑ
1105 948 1306 1005 Dolore
1343 949 1941 1019 Hypochondriorum.

19 1101 184 1212 On
209 1116 259 1139 eas
278 1081 392 1139 *causas
415 1115 488 1147 (μη
512 1104 658 1137 xxxii.
683 1101 830 1144 Epistola
855 1105 869 1143 (
890 1112 909 1134 a
934 1104 945 1141 )
969 1101 1042 1136 sunt

170 1148 324 1182 indicatae
350 1171 359 1186 ‚
382 1160 481 1191 quam
515 1147 730 1182 breviffimam
755 1171 766 1187 ‚
797 1157 869 1188 quae
894 1145 1042 1187 sequitur

166 1194 198 1224 in
224 1191 436 1233 Sepulchreto
463 1218 470 1231 ,
507 1192 546 1226 de
569 1190 880 1225 Haemorrhoidibus
914 1191 1041 1224 Sectio-

20 1241 99 1265 nem
133 1234 348 1269 transilientes
372 1260 381 1275 ,
420 1236 458 1269 ad
500 1235 579 1269 duas
612 1237 641 1269 ei
675 1235 841 1277 proximas
877 1232 976 1267 XVI.
1009 1236 1041 1268 &

19 1276 138 1314 XVIL
174 1279 350 1314 confestim
383 1282 532 1314 venimus
556 1304 564 1318 ‚
599 1278 769 1322 utriusque
814 1288 1004 1321 argumenta
1029 1301 1039 1317 ,

18 1320 368 1372 H-ypoehondriorum
393 1326 600 1361 Tumorem,
625 1323 826 1357 &Dolorem
848 1344 858 1359 ‚
892 1321 942 1355 his
967 1323 1040 1355 unis

20 1362 159 1413 L1tteris
182 1368 387 1408 complexuri
410 1393 419 1402 .
453 1369 484 1401 Ii
508 1369 598 1401 enim
622 1366 689 1400 duo
713 1365 843 1401 affectus
878 1364 964 1398 haud
987 1377 1038 1398 ra-

18 1419 58 1440 ro
81 1412 254 1451 conjunvsti
292 1410 365 1445 sunt
388 1435 401 1452 ,
434 1413 522 1454 velut
558 1423 595 1444 ex
618 1411 685 1444 illis
708 1409 791 1444 unde
823 1411 1043 1450 incipiemus,

19 1451 185 1488 Valsalvae
208 1456 511 1490 Observationibus
532 1456 678 1499 proclive
702 1456 765 1488 erit
787 1453 853 1486 tibi
875 1452 1043 1495 intellige-

19 1505 77 1529 re.

62 1550 93 1572 2.
111 1539 321 1590 ,MULOER
344 1542 560 1587 quadraginta
584 1552 742 1576 annorum
759 1566 768 1581 ‚
793 1540 915 1574 coloris
939 1540 1042 1574 flave-

16 1582 135 1617 scentis
158 1609 166 1623 ,
201 1586 360 1624 duritiem
394 1589 430 1620 in
453 1587 583 1622 dextera
610 1587 732 1620 ventris
754 1593 847 1626 parte
870 1583 930 1617 diu
952 1585 1039 1618 tule-

15 1637 68 1661 rat
91 1650 101 1664 ‚
137 1628 175 1662 ad
207 1641 243 1663 os
268 1630 369 1673 usque
405 1631 501 1664 ilium
525 1654 536 1668 ,
568 1632 601 1663 δε
635 1628 722 1663 infra
756 1626 1001 1662 descendentem
1026 1652 1034 1659 .

14 1671 167 1705 Dolebat
193 1698 204 1713 ,
238 1685 307 1707 eam
340 1685 464 1716 partem
497 1672 520 1706 si
544 1684 691 1715 tangeres
718 1698 725 1705 .
763 1672 906 1705 Sitiebat
930 1696 938 1705 .
977 1674 1037 1706 Per

15 1714 160 1749 mensem
192 1717 326 1751 circiter
361 1727 436 1752 ante
471 1718 606 1751 obitum
638 1717 679 1751 de
712 1716 888 1750 ventriculi
925 1715 1042 1749 dolore

13 1759 88 1801 post
122 1759 236 1794 cibum
269 1760 464 1804 assumptum
499 1762 699 1803 querebatur
725 1786 736 1800 ‚
768 1762 800 1792 δε
833 1758 967 1793 difficile
991 1772 1043 1794 re-

12 1802 156 1844 spirabat
181 1829 189 1836 .
225 1806 401 1840 Postremis
435 1805 563 1848 aliquot
587 1804 700 1838 diebus
725 1826 734 1841 ‚
769 1804 937 1836 vomitus:
959 1803 1042 1837 duo-

12 1846 76 1882 bus
108 1856 219 1881 autern
244 1849 380 1895 *ultimis
402 1873 416 1890 ,
450 1849 665 1882 acerbis-simus
708 1847 806 1881 dolor
841 1845 1009 1881 accesserat
1031 1872 1040 1879 .

149 1891 364 1927 VENTER
397 1904 480 1936 aqua
518 1892 631 1933 plenus
653 1892 805 1925 inventus
838 1890 879 1924 est
916 1889 1004 1925 flava
1028 1914 1040 1931 ‚

14 1945 147 1977 amara,
169 1937 202 1967 δε
237 1934 276 1969 ad
312 1937 423 1978 ignem
459 1935 685 1971 concrescente
710 1960 717 1967 .
754 1934 970 1968 Ventriculus
1004 1934 1041 1968 in

12 1980 125 2014 medio
150 1979 298 2020 angustus
313 2002 323 2017 ,
347 1989 384 2014 ut
408 1980 457 2013 ibi
481 1980 591 2022 pylori
617 1978 850 2012 arctitudincm
870 1986 1014 2019 aequaret
1031 2000 1041 2015 2

11 2024 124 2067 :sicque
146 2023 229 2057 duos
260 2022 509 2065 quodammodo
532 2020 781 2065 repraesentaret
805 2022 1006 2055 ventriculos
1032 2045 1041 2053 .

9 2067 125 2110 Hepar
147 2068 181 2100 in
217 2068 338 2100 molem
369 2069 542 2110 ingentem
577 2074 763 2100 excreverat
788 2088 796 2096 .
837 2065 927 2099 Nam
961 2065 1042 2098 lobo

9 2111 146 2146 dextero
179 2111 269 2152 quasi
293 2111 332 2144 ad
365 2111 490 2145 ventris
522 2108 663 2144 fundum
695 2108 928 2152 perveniebat.
963 2109 1042 2140 Hu-

9 2155 63 2199 jus
86 2156 155 2189 lobi
179 2153 354 2189 substantia
377 2163 451 2188 tota
473 2152 648 2191 indurata,
679 2152 857 2193 multisque
890 2153 925 2184 in
957 2151 1040 2183 locis

11 2198 167 2234 distincta
189 2197 385 2239 corporibus
422 2197 668 2236 albicantibus,
699 2206 844 2238 quorum
881 2194 1040 2228 nonnulla

13 2243 141 2285 majora
167 2243 346 2276 avellanam
360 2240 597 2283 adaequabant3
621 2250 698 2273 curn
718 2235 924 2272 dissecaretur
945 2261 956 2276 ,
982 2238 1041 2270 ali-

10 2288 91 2322 cubi
114 2286 272 2320 erofionis
296 2284 486 2318 ostendebat
509 2284 670 2320 initium,
705 2282 940 2324 succorumque
976 2282 1041 2315 im-

13 2333 195 2365 minentem
217 2328 491 2372 putrefactionem
517 2352 526 2360 .
551 2326 684 2360 Sinister
704 2334 813 2359 autem
838 2324 966 2367 hepatis
988 2326 1039 2358 lo-

13 2374 218 2410 busiridem
249 2372 422 2406 induratus
445 2394 456 2411 ,
490 2370 538 2405 ibi
575 2370 795 2404 ventriculum
831 2368 1000 2410 premebat
1023 2391 1037 2407 ,

13 2420 74 2454 ubi
97 2419 185 2453 hunc
212 2418 386 2450 aretioscm
408 2414 527 2455 fuisse,
551 2413 697 2448 diximus
718 2437 727 2446 .
760 2412 921 2445 Vesiculae
952 2411 1040 2445 fellis

9 2464 137 2498 tunicae
163 2461 269 2495 craffae
292 2469 382 2493 erant
406 2458 525 2495 factae,
550 2467 667 2492 cavum
688 2466 795 2489 autem
819 2457 912 2488 valde
935 2466 1039 2498 angu-

6 2508 93 2542 stum
116 2527 126 2544 ,
161 2516 228 2548 quo
252 2513 321 2538 atra
344 2526 357 2544 ‚
386 2501 487 2536 crassa
503 2524 517 2540 ,
538 2500 662 2534 viscida
686 2500 765 2533 bilis
788 2499 1039 2533 continebatur.

5 2549 173 2595 Lymphae
197 2549 315 2584 duotus
353 2547 447 2581 nullo
479 2544 580 2579 modo
614 2544 645 2578 se
682 2543 869 2586 prodebant
902 2544 937 2575 in
975 2542 1038 2577 hoc

6 2605 123 2629 ventre
147 2617 155 2625 .
289 2592 330 2625 In
364 2590 519 2624 Thorace
553 2589 724 2631 pulmones
750 2586 903 2627 subalbi,
929 2598 1038 2621 macu-

8 2639 49 2673 lis
74 2635 239 2678 subnigris
272 2634 432 2678 variegati
457 2645 467 2665 .-
500 2644 641 2675 quorum
665 2630 787 2665 sinister
812 2629 963 2664 nonnihil
996 2630 1037 2665 ad

10 2682 148 2719 dorsum
171 2680 402 2722 alligabatur3
442 2677 557 2711 dexter
590 2675 738 2718 undique
773 2683 839 2708 erat
873 2675 998 2708 solutus
1023 2699 1032 2707 .

145 2724 335 2757 Ventriculi
370 2721 478 2756 cordis
503 2718 645 2755 fluidum
670 2719 860 2762 sanguinem
883 2719 1035 2752 contine-

12 2772 118 2810 bant;
139 2775 176 2802 ut
211 2768 270 2800 vix
291 2768 325 2800 in
349 2767 485 2801 dextero
509 2764 579 2798 leve
602 2761 678 2798 esset
703 2761 874 2806 polyposae
900 2772 1035 2796 concre-

13 2815 117 2851 tionis
140 2812 299 2844 initium.

61 2869 93 2902 3.
117 2858 156 2889 In
181 2856 251 2888 aliis
275 2854 373 2887 etiam
396 2852 553 2895 Epistolis
578 2854 588 2891 (
614 2849 633 2884 b
655 2853 690 2890 >,
724 2849 829 2884 tribus
862 2849 1033 2892 produffitis

15 2899 316 2938 Observationibus
358 2896 580 2931 ventriculum
613 2891 703 2937 quasi
737 2893 944 2935 duplicatum
976 2892 1033 2926 de-

15 2945 131 2982 scripsi
155 2968 164 2982 ,
200 2953 266 2975 non
297 2950 405 2974 tamen
439 2949 561 2982 quanta
593 2937 647 2972 hic
679 2937 913 2971 constriffione
947 2937 1032 2970 divi-

15 2983 93 3024 suns
112 3002 124 3026 ·,
155 2986 307 3030 quamvis
339 2985 390 3030 vel
411 2982 471 3019 hac
495 2982 652 3026 majorem
676 2982 710 3014 in
734 2983 828 3019 viro,
852 2978 911 3014 nifi
943 2980 1032 3023 quod

15 3034 186 3069 famelicus
210 3040 276 3064 erat
303 3054 311 3069 ,
343 3036 460 3062 caetera
482 3026 559 3063 sano
584 3052 593 3066 ,
616 3038 656 3059 ex
691 3025 797 3059 sslafio
829 3035 1033 3071 comm-emo-

15 3080 87 3114 ravi
110 3080 125 3116 (
147 3087 163 3108 c
188 3079 223 3115 ).
249 3073 323 3106 Nec
347 3071 485 3105 dubium
507 3070 591 3105 mihi
624 3069 713 3107 fuit,
737 3069 817 3110 quin
843 3067 1032 3108 hujusmodi

16 3122 186 3158 stru&urae
219 3116 396 3151 ventriculi
430 3113 527 3149 essent
550 3128 568 3149 a
602 3113 790 3155 primordiis
824 3111 935 3153 (d).-
969 3113 1034 3145 ita-

17 3180 81 3210 que
113 3166 148 3197 in
181 3163 323 3205 jecinore
339 3182 348 3195 ‚
372 3161 580 3199 quantumvis
601 3159 636 3191 in
669 3156 793 3191 duabus
819 3157 933 3201 prim-is
957 3155 1032 3189 Ob-

16 3207 257 3246 servationibus
290 3201 508 3237 sinistrorsum
531 3204 618 3237 ultra
641 3212 770 3243 aequum
792 3202 948 3237 extenso,
974 3210 1031 3232 ne-

15 3268 81 3302 que
114 3253 166 3286 ibi
198 3260 308 3284 tamen
345 3246 428 3281 duro
452 3270 462 3286 ‚
499 3258 610 3281 earum
644 3244 910 3279 constrictionum
953 3254 1031 3277 cau-

16 3302 84 3335 sam
115 3306 181 3330 non
212 3290 379 3337 quaesivi,
412 3288 591 3333 praesertirn
634 3300 708 3323 cum
741 3290 775 3321 in
811 3289 905 3320 tertia
939 3286 1029 3329 jecur

16 3346 92 3381 effer
126 3342 214 3374 intra
248 3336 408 3371 naturales
439 3333 518 3368 fines
541 3347 552 3367 .-
583 3344 684 3375 neque
717 3333 751 3365 in
784 3331 893 3366 eadem
929 3334 1027 3366 tertia

18 3391 61 3425 ab
92 3399 125 3420 ea
153 3382 353 3427 potiffimum
378 3378 553 3412 ventriculi
586 3377 816 3411 constrifflone
850 3378 993 3408 vomitus
1016 3400 1027 3416 ,

19 3440 51 3471 &
75 3429 249 3464 ventriculi
287 3425 416 3458 dolores
447 3421 566 3456 deduxi
593 3446 603 3461 ‚
636 3429 672 3454 ut
704 3422 760 3460 qui
793 3423 829 3454 in
863 3420 1027 3462 prioribus

17 3483 221 3520 nequaquam
257 3469 385 3503 fuerant
412 3491 419 3500 .
451 3466 517 3500 Hic
550 3474 657 3499 tamen
680 3464 809 3497 eosdem
841 3476 857 3496 a
890 3464 1026 3498 constri-

17 3520 137 3556 ffionis
172 3516 262 3550 illius
295 3510 447 3556 angustiis
469 3518 611 3554 repetam
634 3535 645 3550 ‚
673 3508 793 3552 quippe
829 3509 933 3550 magis
965 3519 1025 3551 po-

1092 1099 1213 1134 stremo
1244 1108 1415 1143 tempore,
1438 1097 1629 1140 magisque,
1651 1107 1689 1131 ut
1714 1097 1871 1137 videtur,
1892 1104 2010 1138 praeter
2034 1101 2119 1129 cona

1092 1144 1297 1179 suetudinem
1323 1144 1425 1177 auctis
1448 1154 1464 1174 a
1488 1141 1647 1175 crescente
1670 1143 1706 1174 in
1729 1143 1798 1176 dies
1820 1141 1971 1182 jecinoris
1995 1139 2117 1172 duritie

1092 1199 1161 1222 eam
1185 1188 1290 1229 ipsam
1315 1185 1489 1222 ventriculi
1515 1194 1640 1228 partem
1664 1185 1874 1227 peculiariter
1895 1185 2118 1225 comprimen-

1092 1234 1155 1265 tis.
1180 1233 1271 1265 Nam
1294 1234 1325 1265 &
1348 1230 1462 1269 ratio,
1486 1230 1517 1263 &
1554 1228 1728 1271 multiplex
1760 1227 1961 1263 Observatio
1995 1225 2119 1260 confir÷

1091 1285 1183 1310 mant
1195 1285 1357 1319 quantum
1379 1272 1556 1307 ventriculi
1570 1274 1684 1307 munia
1708 1273 1878 1316 perturbet
1902 1270 2001 1314 ipsius
2025 1281 2119 1304 com-

1091 1319 1206 1361 preffio
1228 1344 1239 1359 ‚
1275 1323 1307 1354 &
1331 1316 1487 1361 depressio
1511 1316 1552 1351 ab
1586 1317 1722 1351 adaucta
1745 1316 1902 1359 jecinoris
1936 1314 2044 1348 mole2
2081 1321 2118 1347 ut

1091 1364 1218 1397 videbis
1251 1375 1292 1397 ex
1324 1361 1511 1397 Bartholini
1547 1363 1561 1401 <
1584 1371 1599 1393 e
1622 1362 1636 1400 >
1671 1361 1705 1394 in
1730 1361 1860 1395 sexenni
1884 1359 2009 1401 puella,
2034 1358 2121 1395 Fan-

1094 1409 1169 1441 toni
1204 1418 1314 1442 autem
1349 1408 1451 1450 patris
1475 1401 1560 1447 (f)
1583 1405 1619 1438 in
1651 1405 1826 1440 Sacerdote
1859 1403 2121 1437 Observationi-

1092 1451 1154 1485 bus
1178 1475 1190 1492 ,
1235 1462 1378 1495 quorum
1412 1449 1467 1483 hic
1503 1449 1631 1492 hepatis
1667 1451 1791 1484 molem
1826 1447 1968 1483 habebat
2013 1455 2120 1480 totum

1092 1495 1286 1538 implentem
1320 1492 1540 1537 epigastrium,
1565 1493 1622 1526 illa
1657 1505 1737 1527 vero
1771 1491 1951 1533 universam
1975 1489 2042 1524 fere
2064 1501 2121 1523 oc-

1092 1549 1269 1581 cupantem
1292 1536 1462 1571 abdomen.
1484 1536 1585 1580 Jecur
1609 1538 1746 1579 quidem
1769 1536 1821 1569 vel
1856 1536 1992 1568 minime
2028 1544 2119 1567 mor-

1093 1583 1211 1618 bosum
1236 1583 1421 1618 tenuiorem
1446 1577 1495 1613 sui
1521 1590 1648 1623 partem
1672 1590 1910 1621 nonnunquam
1934 1579 1972 1612 ad
1996 1578 2120 1612 lienem

1091 1627 1191 1669 usque
1205 1626 1397 1671 protendit,
1420 1632 1457 1657 ut
1470 1624 1549 1657 alibi
1564 1625 1628 1667 (g)
1653 1624 2008 1658 commemoravimus:
2032 1634 2121 1661 mor-

1092 1670 1210 1706 bosum
1235 1681 1343 1705 autem
1377 1668 1555 1710 aliquando
1588 1668 1697 1702 nullos
1731 1667 1972 1711 propemodum
2008 1676 2123 1700 exten-

1095 1714 1197 1750 sionis
1223 1727 1279 1759 per
1317 1723 1465 1748 ventrem
1500 1710 1699 1760 suae-habet
1737 1712 1896 1745 terminos
1917 1737 1924 1744 .
1963 1711 2122 1750 Qorum

1094 1770 1247 1794 neutrum
1271 1761 1422 1801 ignorare
1456 1755 1582 1790 Medici
1609 1779 1618 1794 ,
1655 1759 1687 1790 ὃ(
1710 1756 1871 1797 Chirurgi
1894 1755 2013 1789 debent
2037 1776 2052 1791 ,γ
2080 1765 2123 1788 ne·

1095 1806 1137 1838 ab
1160 1816 1198 1838 eo
1221 1803 1312 1845 quod
1345 1803 1537 1844 plerumque
1560 1800 1627 1839 est,
1653 1801 1819 1835 nonnullis
1851 1800 1886 1832 in
1919 1798 2044 1834 casibus
2066 1798 2124 1832 de-

1094 1850 1283 1891 cipiantur.
1309 1847 1368 1880 Sed
1403 1845 1460 1878 ubi
1493 1844 1607 1879 sanum
1641 1844 1733 1888 jecur
1768 1844 1870 1878 fuerit
1893 1867 1903 1883 ‚
1939 1842 2119 1884 suspicioni

1093 1902 1224 1926 tantum
1255 1891 1302 1925 est
1335 1890 1447 1927 locus,
1481 1898 1519 1921 ut
1552 1898 1631 1930 puta
1667 1890 1688 1922 si
1725 1898 1801 1923 tunc
1834 1887 1921 1922 forte
1953 1886 2118 1921 inffietum

1093 1935 1220 1969 sinistro
1257 1931 1515 1977 hypochondrio
1549 1933 1668 1968 vulnus
1699 1945 1774 1968 cum
1807 1932 1878 1972 aliis
1908 1932 1947 1966 fit
1979 1930 2125 1970 conjuras

1093 1980 1185 2012 &cum
1219 1976 1500 2020 symptomatibus
1531 1987 1629 2018 quam
1663 1989 1735 2020 quae
1771 1975 1948 2011 visceribus
1982 1976 2084 2013 solent
2107 1986 2125 2021 ς.

1093 2034 1166 2065 quae
1214 2023 1265 2054 ibi
1297 2031 1410 2055 omnes
1443 2021 1546 2054 locari
1590 2020 1698 2054 sciunt
1722 2044 1733 2059 ,
1768 2022 1947 2055 vulneratis
1970 2046 1979 2055 .
2024 2024 2116 2059 Cum

1092 2077 1172 2099 vero
1195 2065 1275 2108 aegri
1310 2063 1467 2106 jecinoris
1502 2062 1591 2105 figna
1623 2076 1690 2098 non
1721 2064 1836 2099 desunt
1859 2091 1870 2107 ,
1904 2076 1941 2100 ut
1974 2067 2009 2100 in
2042 2079 2119 2110 pro-

1093 2109 1201 2151 pofita
1236 2107 1369 2142 muliere
1395 2106 1566 2142 flavescens
1598 2109 1690 2143 color
1714 2132 1724 2147 ,
1758 2112 1790 2143 &
1812 2110 1947 2145 durities
1983 2123 2021 2146 ex
2056 2112 2118 2156 hy-

1095 2151 1303 2195 pochondrio
1333 2151 1495 2192 incipiens
1531 2151 1702 2192 dextero5
1736 2155 1843 2189 minus
1875 2154 2008 2189 difficile
2039 2165 2119 2193 tunc

1096 2195 1141 2229 est
1173 2196 1253 2229 illuc
1283 2204 1418 2238 quoque
1452 2195 1622 2229 extensum
1656 2195 1744 2237 jecur
1778 2197 1948 2241 agnoscere
1985 2211 2052 2243 quo
2086 2202 2124 2237 se·

1092 2238 1205 2273 eadem
1237 2239 1430 2272 continuata
1465 2238 1604 2272 durities
1637 2239 1808 2274 extendit.
1942 2243 2038 2279 Num
2061 2257 2118 2280 ve-

1093 2294 1132 2316 ro
1146 2283 1188 2332 *in
1225 2282 1362 2316 muliere
1403 2281 1504 2315 altera
1527 2303 1537 2320 ‚
1572 2282 1667 2325 cujus
1700 2283 1836 2318 historia
1858 2286 2028 2330 sequitur,
2054 2293 2120 2327 do„

1089 2327 1168 2360 loris
1191 2351 1200 2366 ‚
1237 2326 1260 2360 si
1295 2336 1392 2360 manu
1424 2336 1585 2368 premeres
1609 2348 1619 2363 ,
1651 2329 1861 2362 continuatio
1884 2343 1927 2363 eo
1947 2333 2045 2376 usque
2082 2348 2116 2371 a-

1088 2368 1253 2419 scen-deret
1276 2393 1288 2410 ‚
1308 2378 1356 2403 ‘ut
1390 2368 1477 2403 idem
1501 2369 1655 2412 doceret,
1677 2382 1753 2405 cum
1780 2373 1932 2407 Valsalva
1953 2380 2011 2419 qui
2035 2388 2115 2417 tunc

1090 2424 1205 2456 junior
1227 2413 1401 2448 observata
1426 2415 1461 2447 in
1495 2414 1626 2448 vivente
1663 2414 1793 2457 pressius
1830 2418 1982 2461 scripfit‚
2005 2423 2040 2457 id
2062 2436 2116 2459 re-

1092 2459 1261 2534 }iicuerit5
1294 2469 1311 2491 a
1342 2457 1439 2491 nobis
1470 2456 1594 2499 conjici
1627 2460 1730 2500 magis
1763 2462 1897 2502 potest,
1933 2475 2032 2507 quam
2067 2469 2117 2504 af.

1121 2512 1242 2534 rmari.

1131 2557 1164 2587 4.
1191 2543 1385 2590 SEXAG
1401 2541 1521 2593 ENA
1538 2545 1600 2579 RI
1615 2546 1647 2578 A
1682 2546 1808 2580 Mulier
1830 2548 1887 2582 diu
1900 2554 2051 2592 queritur
2071 2555 2112 2592 de

1088 2587 1203 2622 dolore
1245 2588 1341 2631 supra
1372 2587 1601 2623 umbilicalem
1627 2592 1796 2632 regionem
1821 2605 1831 2625 :
1862 2593 1955 2637 fitit,
1988 2600 2077 2635 ruffi:

1088 2632 1218 2676 exspuit
1249 2631 1465 2666 catarrhalem
1513 2636 1718 2668 materiam.
1764 2634 1932 2673 Postremo
1975 2626 2116 2680 difficile*-

1087 2676 1225 2716 respirat
1251 2688 1261 2706 :
1294 2675 1474 2719 paucisque
1507 2685 1581 2711 ante
1615 2687 1755 2711 mortem
1799 2681 1944 2723 diebus,
1966 2673 2112 2729 ⁴repente

1088 2719 1231 2753 multum
1272 2718 1461 2753 intumescit
1496 2730 1611 2754 venter
1633 2745 1645 2762 ,
1679 2723 1840 2759 oedemate
1875 2729 1970 2767 pedes
2012 2742 2112 2766 occu-

1088 2772 1207 2804 pantur
1231 2787 1241 2794 .
1277 2762 1431 2797 Tandem
1456 2785 1465 2803 ‚
1503 2764 1613 2797 sensim
1648 2765 1706 2798 illo
1744 2765 1916 2803 deficiente
1958 2772 2074 2809 dolore

1086 2805 1126 2840 fit
1158 2806 1293 2840 vivendi
1324 2806 1429 2841 finis.
1568 2808 1623 2841 IN
1660 2809 1869 2844 VENTRE
1892 2825 2007 2856 magna
2030 2799 2109 2853 um}

1086 2849 1168 2893 pidae
1204 2862 1294 2893 aquae
1327 2852 1421 2894 copia
1446 2861 1456 2881 .·
1491 2851 1618 2885 nullum
1654 2852 1801 2886 vasorum
1825 2855 2107 2899 lymphaticorqm

1083 2893 1256 2937 vestigium
1280 2920 1288 2926 .
1322 2896 1404 2928 Lien
1438 2895 1578 2927 naturaii
1611 2894 1713 2938 duplo
1748 2897 1871 2940 major.
1899 2902 2012 2946 I-Iepar
2043 2889 2108 2941 <iu-¹

1083 2949 1155 2971 rum
1182 2951 1189 2971 :
1223 2939 1277 2973 cui
1313 2949 1433 2971 annexa
1459 2936 1545 2971 fellis
1581 2937 1718 2973 vesicula
1751 2941 1843 2983 plena
1878 2956 1947 2978 erat
1971 2950 2109 2986 calculis

1085 2982 1265 3024 laevigatis.
1290 2983 1367 3015 Alia
1401 2992 1510 3016 autem
1545 2982 1578 3014 in
1616 2992 1705 3022 ¹parte
1743 2985 1954 3023 vesicularum
1984 2976 2105 3035 conge-

1084 3026 1146 3058 ries
1176 3025 1284 3068 hepati
1322 3025 1482 3058 iuhaerens
1518 3028 1709 3061 cernebatur
1733 3049 1743 3065 ‚
1779 3032 1897 3073 quibus
1921 3033 2069 3072 lacerati}

1086 3068 1191 3118 serum
1222 3068 1376 3103 effluebat
1405 3093 1407 3095 .
1447 3069 1538 3103 lutra
1572 3068 1785 3106 substantiam
1819 3085 1926 3110 aurem
1962 3063 2105 3123 ejusdem,

1085 3111 1216 3146 visceris
1248 3124 1317 3146 eam
1349 3121 1475 3154 partem
1511 3112 1619 3147 versus
1642 3127 1704 3158 qua
1738 3116 1951 3160 diaphragma
1980 3124 2084 3161 soefta

1086 3156 1166 3207 bat,
1191 3168 1307 3191 cavum
1331 3155 1483 3190 abscessus
1517 3157 1689 3193 inventum
1713 3163 1757 3194 est
1782 3185 1790 3199 ,
1826 3158 1895 3205 plus
1920 3158 2015 3199 tertia
2039 3150 2102 3209 vje‘:

1084 3203 1208 3235 cinoris
1251 3210 1339 3244 parte
1376 3211 1565 3243 occupans.
1603 3204 1762 3238 Eruperat
1791 3228 1803 3244 ‚
1847 3206 2098 3253 diaphfflgmate

1084 3243 1253 3286 perforato
1274 3268 1283 3283 ,
1322 3245 1454 3277 materia
1491 3244 1642 3279 abscessus
1678 3249 1710 3280 in
1736 3251 1899 3283 dexteram
1933 3253 2098 3293 Thoracis

1081 3300 1234 3323 caveam,
1258 3299 1330 3330 quae
1366 3296 1435 3321 tota
1468 3287 1594 3322 sanioso
1630 3302 1704 3333 pure
1740 3292 1832 3333 plena
1865 3305 1953 3331 erat.
1980 3300 2100 3337 pulmo

1081 3341 1189 3365 tamen
1214 3331 1302 3365 sanus
1326 3330 1412 3365 fuit.

1125 3386 1154 3418 ς(
1183 3375 1446 3425 Nunc-quando
1478 3376 1633 3412 abscessus
1668 3378 1794 3421 hepatis
1824 3381 1858 3414 in
1891 3395 1988 3418 ouam
2023 3401 2096 3431 par-

1081 3428 1147 3454 tem
1173 3429 1315 3461 eruperit
1340 3442 1352 3461 3,
1386 3420 1575 3454 intellexisti
1600 3433 1613 3461 ;
1645 3433 1707 3454 nor·
1732 3422 1850 3457 dubito
1873 3449 1886 3465 ,
1905 3417 2000 3470 *quin
2027 3445 2078 3468 me

1080 3475 1155 3497 cum
1188 3474 1280 3506 optes
1303 3487 1311 3500 ‚
1350 3463 1489 3503 potuisse
1522 3477 1538 3498 a
1582 3465 1734 3498 Valsalva
1782 3466 1975 3507 diligentius
2023 3456 2096 3516 pes:

1081 3507 1179 3542 scribi
1210 3507 1297 3550 signa
1320 3508 1431 3541 omnia
1454 3530 1464 3547 ‚
1498 3508 1655 3551 postrema
1688 3507 1864 3554 praesertim
1891 3537 1899 3552 ,
1935 3515 2095 3559 ejuqui

1937 3560 2026 3598 casus
2040 3591 2048 3606 ‚

25 3657 2083 3684 *ὁρέω-Ἣ

163 3747 230 3776 supra
245 3763 254 3777 ‚
280 3753 306 3769 n.
322 3746 361 3768 16.
377 3744 400 3767 8:
416 3740 489 3770 Epist.
507 3746 546 3769 34.
560 3748 585 3764 n.
603 3747 626 3769 9.
644 3740 667 3763 8:
685 3746 723 3768 33.

173 3786 238 3802 num.
256 3776 307 3800 iisd.
370 3775 384 3803 (
402 3774 416 3796 h
434 3775 441 3802 )
458 3779 493 3801 ²9·
510 3779 534 3795 n.
552 3778 588 3794 ιο,
650 3771 664 3799 ζ
679 3778 694 3792 a
714 3772 722 3800 )

183 3807 254 3836 Epist.
273 3812 310 3831 ²6.
342 3813 373 3839 n.¹
399 3812 435 3833 3²..
515 3802 555 3832 (ε
569 3803 584 3833 )

173 3838 270 3864 Advers.
288 3846 311 3863 2.
328 3834 444 3862 Animad.
461 3841 485 3858 2.

76 3747 154 3809 ((Ξζ
739 3776 820 3794 n.1o,

78 3810 157 3871 {2³2

785 3739 800 3767 (
815 3746 827 3762 e
842 3738 856 3767 )
874 3738 931 3763 Vid.
950 3738 1009 3762 Obs.
1027 3747 1065 3768 47.
1083 3737 1127 3762 eit.
1146 3737 1214 3767 supra
1229 3755 1237 3767 ‚
1260 3738 1289 3761 ad
1306 3746 1328 3761 n.
1347 3743 1386 3760 22:

883 3771 897 3800 (
912 3769 926 3794 b
942 3770 955 3798 )
974 3769 1046 3798 Epist.
1065 3773 1099 3794 16.
1118 3776 1141 3793 n.
1159 3771 1195 3798 38.
1213 3769 1291 3798 Epist.
1304 3773 1340 3792 26.

612 3799 736 3832 Sepulelu.
766 3801 787 3833 lg
811 3799 857 3826 hoe
879 3809 901 3831 3.
934 3800 995 3827 sest.
1019 3807 1041 3826 ι.
1071 3799 1131 3825 Obs.
1146 3808 1173 3830 4.

1452 3734 1518 3770 (f.)
1534 3735 1607 3764 Epist.
1625 3743 1664 3766 34.
1682 3745 1704 3762 n.
1724 3745 1760 3768 ις.
1776 3739 1798 3762 8(
1815 3738 1884 3768 supra
1903 3748 1926 3764 nr
1946 3745 1984 3769 16.
2003 3744 2042 3769 18.

1358 3775 1382 3790 n.
1401 3773 1437 3796 31.
1459 3767 1527 3795 Epist.
1550 3775 1584 3795 30.
1602 3775 1627 3791 n.
1645 3776 1668 3796 7.
1729 3769 1744 3799 (
1759 3776 1771 3794 c
1786 3770 1800 3799 )
1815 3769 1880 3797 Ibid-
1896 3779 1922 3797 n·
1939 3775 1966 3799 8.

1243 3798 1313 3830 (f)
1344 3797 1405 3824 Obs.
1428 3798 1503 3824 Anat.
1525 3798 1596 3824 Med.
1619 3806 1660 3829 ²4-
