2498 4075
368 144 443 200 26

318 220 511 262 Presbytero
534 216 718 262 plethorico
729 239 743 256 ,
772 216 828 260 qui
851 215 929 250 dum
950 215 1065 258 capitis
1087 215 1242 251 diuturno
1264 216 1322 249 do-

310 264 375 303 lori
399 274 492 305 opem
516 273 532 294 a
555 259 689 295 Medico
713 269 855 302 peteret,
877 261 960 296 inter
983 259 1180 301 loquendum
1211 271 1322 303 repen-

310 317 343 346 te
368 306 494 341 corruit
517 313 666 339 mortuus
689 303 760 343 ita,
783 313 819 343 ut
842 302 953 336 frustra
975 302 1031 334 ille
1056 301 1240 345 scalpellum
1262 303 1322 336 sta-

307 352 370 387 tim
396 349 546 382 educeret
572 345 611 380 ad
635 345 816 388 sanguinem
843 344 1035 385 mittendum
1061 358 1071 385 5
1106 345 1168 384 hoc
1202 346 1320 379 cerebri

306 392 467 431 Laterales
490 389 694 425 ventriculos
719 400 815 430 quam
841 389 977 427 maxime
988 388 1118 427 refertos
1131 391 1317 423 invenit.ls

305 431 456 472 Medicus
479 432 546 472 suit
569 434 636 466 Vir
658 430 870 468 Doflisiimus
888 432 942 475 Jo.
970 432 1062 475 Bapt.
1088 434 1284 466 Molinarius
1311 445 1317 464 :

304 477 395 522 cujus
419 477 583 519 egregium
605 475 643 509 de
666 474 851 517 Apoplexia
877 476 1041 516 Specimen
1072 479 1086 515 (
1109 479 1128 509 d
1148 478 1161 515 )
1199 475 1221 508 fi
1253 487 1319 518 quo

306 531 454 564 tempore
477 518 534 557 has
557 518 595 552 ad
619 529 650 557 te
664 518 838 551 scribebam
849 517 1036 560 Epistolas,
1058 518 1232 557 extitisl‘et;
1253 529 1318 555 non

307 564 370 603 hoc
397 572 526 603 unum,
549 562 637 605 quod
661 561 715 594 hic
739 560 846 601 addo,
871 573 909 601 ex
928 561 1044 595 eodem
1067 560 1318 596 lat1daffem.13t

311 607 360 641 hae
384 606 518 649 quidem
541 605 790 643 Observationes
815 604 883 644 post
907 604 1104 647 Sepulchreti
1140 604 1317 639 editionem

307 650 440 689 alteram
465 648 671 691 prodierunt.
696 649 783 681 Ante
806 648 897 687 illam
919 657 1023 681 autem
1048 659 1107 681 una
1133 650 1322 681 interecete-

305 705 376 743 ras,
399 694 433 731 in
455 703 516 734 qua
539 692 594 726 etsi
618 692 786 734 apoplexia
809 691 848 723 ab
872 700 1000 724 externa
1023 691 1113 728 causa
1147 690 1212 724 fuit
1233 703 1243 729 3
1275 690 1319 722 ob

307 736 389 771 hanc
412 743 519 767 tamen
545 735 645 777 ipsam
668 735 766 776 digna
791 733 832 770 est
855 745 924 775 quae
948 735 1080 770 minime
1091 736 1316 776 praetermitta-

304 790 378 816 tur.
404 778 491 817 Quis
514 780 600 812 enim
623 778 719 814 facile
741 775 901 819 putasset,
924 776 1075 819 agrestem
1113 788 1244 819 puerum
1278 776 1317 810 ab

974 128 1136 196 Liber
1171 145 1206 193 Ι,
1245 136 1330 194 De
1366 128 1571 191 Morbis
1604 133 1810 205 Capitis

1372 215 1457 247 irato
1479 212 1699 254 ludimagistro
1721 214 1836 248 vertice
1860 209 2069 257 prehensum,
2090 215 2125 246 δε
2146 214 2239 248 celeri
2272 215 2381 253 traetur

1373 268 1446 291 cum
1470 257 1595 299 impetu
1610 280 1619 293 ,
1642 259 1674 289 δε
1698 255 1834 293 succussu
1855 256 1995 299 quodam
2016 256 2055 291 ad
2087 255 2117 293 se
2141 268 2269 305 rapt-um
2291 282 2305 299 ,
2335 258 2380 290 ob

1373 300 1408 333 id
1432 310 1531 333 unum
1554 299 1790 342 apoplecfiticum
1812 298 1935 334 fafftum
1959 300 2024 339 iri,
2049 301 2082 332 δὲ
2104 302 2199 338 nocte
2230 303 2379 345 proxima

1371 341 1564 379 obiturum?
1589 343 1772 384 Slevogtius
1795 345 1805 381 (
1829 344 1875 380 e)
1899 352 2004 377 tamen
2036 342 2123 378 vidit
2143 367 2156 383 ,
2189 345 2379 389 causamque

1370 388 1551 430 comperit.
1573 386 1704 420 Scilicet
1728 386 1763 418 in
1787 384 1941 428 prehenso
1962 387 2082 419 vertice
2114 388 2340 427 periei-auium¹
2361 400 2380 422 a

1370 430 1519 474 perioliio
1542 429 1704 468 avulsum,
1728 428 1911 471 sanguinem
1945 441 1999 473 per
2032 429 2222 466 Crassiorem
2256 432 2381 465 menin-

1371 485 1442 515 gem
1466 474 1528 506 late
1552 472 1723 515 expansum
1739 498 1746 511 ,
1770 474 1804 509 ,δε
1827 483 1865 506 ex
1885 473 1963 509 vas-is
1987 484 2059 519 quae
2083 473 2163 507 hanc
2189 473 2226 507 ad
2239 474 2380 521 subjecta

1370 517 1527 558 alligant,
1550 515 1702 558 disruptis
1725 515 1853 557 copiam
1876 516 2036 560 sanguinis
2060 517 2144 552 intra
2167 517 2259 551 lobo's
2294 529 2378 552 cere-

1370 560 1418 592 bri
1442 561 1475 592 in
1499 559 1695 593 ventriculos
1718 557 1814 600 usque
1835 556 1969 597 effusum
1992 559 2220 603 deprehendit.
2309 562 2380 599 Ha-

1372 603 1424 636 bes
1448 604 1549 645 igitur
1571 603 1652 641 hanc
1674 613 1802 645 quoque
1827 603 2026 637 accessionem
2048 603 2088 640 ad
2111 603 2166 637 illa
2177 616 2246 650 quae
2258 603 2295 637 de
2309 604 2381 638 san-

1372 648 1487 687 guinea
1512 647 1677 690 apoplexia
1702 644 1871 687 pollicitus
1895 644 2036 683 fueram.
2061 648 2110 680 Ea
2131 645 2154 679 si
2177 648 2241 681 tibi
2277 659 2377 690 neque

1372 690 1528 730 inutilia,
1551 700 1649 732 neque
1672 691 1797 730 ingrata
1829 687 1921 721 fuiffe
1943 713 1956 730 ,
1989 689 2210 733 intellexero,
2243 691 2379 736 alacrius

1369 733 1515 775 deinceps
1538 732 1576 765 ad
1601 734 1660 769 alia
1684 741 1828 777 pergam.
1856 732 1957 770 Vale,

401 890 928 1009 EPISTOLA
986 941 2019 1011 ANAToMlco-MEDIC

899 1057 1099 1134 Agitur
1132 1063 1199 1114 de
1237 1058 1540 1125 Apoplexia
1577 1060 1775 1117 Scrofa.

401 1170 490 1210 Um
512 1168 667 1201 celebrem
689 1168 780 1212 illam
814 1169 1006 1213 Apoplexiae
1039 1168 1230 1205 divisionem
1263 1168 1297 1213 in

433 1213 668 1253 Sanguineam,
690 1214 723 1249 &
747 1212 889 1246 Serosam
914 1225 976 1249 non
1000 1211 1243 1256 improbandam
1263 1213 1311 1243 es-

370 1281 380 1284 ..
425 1255 479 1296 se,
504 1253 684 1297 scripsimus
707 1256 740 1288 in
766 1267 963 1299 earumquas
974 1257 1012 1290 ad
1024 1267 1054 1290 te
1065 1255 1209 1289 misimus
1222 1255 1305 1297 Epi-

296 1302 449 1336 stolarum
474 1299 520 1335 11.
546 1301 637 1338 (a),
660 1299 793 1336 minime
807 1310 865 1333 nos
876 1298 1022 1342 fugiebat
1033 1299 1112 1342 quid
1125 1301 1225 1333 Viros
1235 1310 1308 1334 cum

294 1347 384 1378 inter
406 1350 550 1381 veteres,
574 1351 643 1375 tum
657 1343 743 1373 inter
753 1344 944 1379 recentiores
954 1343 1150 1379 doffiffimos
1161 1342 1199 1376 ab
1210 1353 1308 1383 agno-

295 1387 406 1422 scenda
430 1384 538 1422 Serosa
560 1384 742 1426 Apoplexia
764 1387 960 1421 contineret.
985 1387 1058 1420 Nec
1081 1398 1158 1420 vero
1191 1396 1249 1418 nos
1283 1386 1308 1417 ii

295 1431 403 1471 stum-15
424 1430 479 1473 qui
503 1427 755 1470 quotiescunque
790 1431 873 1462 intra
908 1431 1102 1474 apoplec'tici
1139 1428 1307 1463 calvariam

297 1487 377 1518 aqua
390 1472 576 1510 invenitur,
598 1473 759 1507 continuo
781 1472 822 1505 ab
845 1472 903 1507 hac
925 1473 993 1517 ejus
1006 1474 1310 1514 morbumrepeteu·

294 1518 373 1552 dum
397 1515 480 1556 esse,
502 1514 715 1549 existimemus
730 1541 737 1551 ,.
765 1516 856 1558 Quin
881 1517 968 1550 ultro
993 1518 1212 1559 permittimus
1237 1539 1249 1555 ,
1272 1524 1308 1547 ut

294 1573 334 1594 ex
357 1561 424 1597 illis
446 1571 524 1601 quas
547 1556 645 1599 huius
669 1561 792 1600 generis
815 1560 1012 1602 proferemus
1035 1560 1084 1595 seu
1117 1559 1273 1594 Valsalvae
1296 1582 1308 1598 ,

295 1606 348 1639 seu
372 1602 485 1639 nostris
508 1600 747 1638 diffedionibus
771 1612 851 1646 quot
874 1604 1041 1644 malueris,
1064 1613 1114 1637 tot
1140 1604 1205 1637 alio
1237 1613 1307 1635 cen—

294 1648 357 1682 seas
381 1647 537 1685 attinerc;
561 1644 660 1679 modo
684 1644 752 1679 haec
786 1646 918 1680 viciffim
949 1648 995 1681 lar
1023 1649 1097 1682 iaris
1123 1668 1132 1683 ‚
1167 1646 1307 1689 primum

293 1691 382 1734 quod
407 1688 595 1726 exVarolio
619 1687 681 1721 tibi
707 1690 739 1721 in
764 1700 797 1721 ea
809 1690 952 1731 Epistola
976 1659 1043 1732 (ᾗ)
1065 1688 1307 1731 descripsimus,

294 1737 327 1770 in
350 1732 543 1770 ventriculis
567 1730 682 1766 cerebri
705 1732 981 1774 apopleeticorum
1006 1745 1063 1770 non
1088 1733 1219 1776 reperiri
1235 1743 1304 1766 ma-

309 1779 397 1815 'orem
410 1783 677 1811 excrementorum
689 1776 810 1817 copiam
821 1798 834 1816 ,
844 1788 937 1818 quam
949 1778 1152 1811 communiter
1162 1777 1194 1808 in
1205 1776 1305 1810 omni-

316 1832 354 1854 us
376 1820 474 1859 aliis,
498 1818 529 1851 id
555 1827 591 1851 ut
615 1817 672 1860 ipsi
695 1819 727 1850 in
743 1819 782 1852 iis
794 1831 874 1862 quos
888 1819 1127 1860 forteincidit,
1150 1819 1304 1853 usuveue-

293 1867 360 1907 rit3
385 1866 420 1898 in
444 1873 506 1897 non
533 1862 641 1904 paucis
664 1862 770 1899 multo
793 1863 878 1896 secus
903 1864 930 1897 se
955 1863 1087 1898 habere:
1113 1862 1224 1897 deinde
1235 1873 1304 1898 eam

295 1920 432 1954 aquam,
455 1905 511 1939 etsi
537 1903 685 1939 morbum
708 1907 742 1939 in
766 1906 953 1949 quibusdam
978 1919 1049 1941 non*
1067 1907 1165 1940 faciat
1180 1931 1187 1940 .
1212 1917 1304 1947 auge-

293 1965 325 1992 re
351 1961 456 1986 tamen
470 1973 482 1990 ,
504 1961 602 1991 coque
625 1959 642 1980 a
661 1949 799 1987 Medicis
822 1961 919 1993 neque
932 1950 1139 1994 ignorantiam
1150 1947 1230 1991 effe,
1253 1960 1306 1984 ne-

296 2009 359 2042 que
382 1993 628 2037 negligendam:
658 1993 820 2026 novillime
843 1994 890 2025 vel
901 1992 1306 2037 paucaminterdum,non

295 2039 396 2079 modo
420 2038 580 2075 multam,
605 2036 715 2078 posse,
740 2047 794 2069 nec
818 2048 878 2070 una
896 2039 1042 2078 ratione,
1066 2036 1167 2079 ipsam
1180 2036 1308 2078 apople-

295 2086 358 2122 xiae
382 2081 509 2120 causam
534 2078 610 2119 esse,
632 2080 719 2126 quod
746 2079 806 2116 suis
833 2082 1053 2123 quidemlocis
1070 2079 1198 2116 subinde
1210 2079 1308 2112 osten-

295 2123 367 2162 dere
393 2135 459 2161 non
482 2125 653 2158 omittam.
680 2124 764 2163 Qiae
786 2125 895 2158 omnia
918 2124 939 2157 si
965 2124 1155 2162 attenderis5
1180 2123 1311 2166 praecla-

297 2184 331 2205 re
355 2169 517 2211 intelliges
532 2192 540 2205 ‚
564 2176 600 2199 ut
625 2167 769 2211 opinor,
793 2169 824 2199 a&
848 2167 1310 2208 curdivisionemillamApo-

301 2215 416 2253 plexiae
441 2210 655 2251 retinuerim,
679 2212 712 2243 &
735 2221 794 2255 qua
819 2221 924 2244 mente
949 2212 987 2245 ad
1011 2222 1041 2244 te
1066 2220 1115 2243 tot
1140 2235 1149 2249 ‚
1182 2213 1213 2243 δε
1244 2219 1311 2244 tam

298 2253 401 2293 varias
423 2257 554 2290 mittam
579 2251 753 2292 historias,
776 2254 814 2289 ab
837 2255 925 2292 illis,
949 2265 986 2289 ut
998 2254 1106 2292 soleo,
1130 2254 1230 2290 initio
1253 2251 1311 2287 du-

296 2304 351 2336 ξὶο
373 2311 451 2345 quas
475 2299 510 2332 in
533 2296 690 2332 Valsalvae
715 2294 837 2332 schedis
861 2299 985 2335 inveni.

343 2357 373 2378 2.
400 2340 642 2377 VALERIUS
668 2339 840 2376 ZANIUS
862 2341 935 2382 quis
959 2339 1083 2381 fuerit,
1105 2352 1179 2374 cum
1213 2339 1314 2372 aliun*

299 2388 360 2429 de,
383 2396 455 2420 tum
479 2393 565 2417 certe
589 2393 627 2417 cx
651 2380 756 2417 nostra
783 2382 939 2418 Valsalvae
963 2385 1044 2418 Vita
1069 2395 1131 2418 non
1155 2385 1304 2425 ignoras.

297 2433 398 2466 Nunc
421 2429 460 2462 de
485 2427 544 2464 illo
567 2425 627 2461 alia
651 2436 720 2467 quae
745 2424 784 2457 ad
816 2437 880 2459 rem
915 2425 1097 2470 praesentem
1133 2425 1273 2470 speffihnt
1293 2448 1305 2463 ,

299 2476 437 2517 accipies
461 2482 500 2505 eo
526 2469 714 2510 diligentius
739 2466 888 2503 adnotata
904 2494 913 2507 ,
945 2470 1033 2513 quod
1068 2469 1145 2512 sxpe
1165 2493 1177 2510 ,
1211 2478 1304 2511 atque

300 2517 379 2555 adeo
401 2527 479 2562 pene
501 2511 649 2557 quotidie
673 2511 757 2553 apud
781 2512 884 2554 ipsum
898 2513 1044 2549 Valsalva
1068 2524 1152 2547 erat.
1244 2514 1307 2547 Za-

246 2582 247 2585 =
299 2563 346 2595 nii
372 2570 494 2604 patrem
520 2556 711 2598 apoplexia,⁸
732 2564 906 2597 patruum,
931 2556 1171 2600 septuagenario
1203 2554 1302 2596 majo-

300 2617 389 2644 rem,
413 2601 520 2637 veficae
545 2600 625 2641 lapis
649 2598 838 2634 abstulerat.
864 2599 934 2642 Ipse
958 2599 1306 2643 habitucorporisobe-

300 2650 353 2686 so,
378 2645 527 2683 carnibus
551 2642 727 2687 mollibus,
754 2643 841 2677 collo
865 2643 998 2686 toroso,
1020 2647 1051 2677 δε
1075 2643 1189 2682 brevi,
1223 2641 1306 2675 facie

299 2690 390 2727 valde
412 2689 569 2727 rubente,
592 2687 666 2720 vitae
691 2685 896 2726 sedentariae,
919 2690 949 2720 δι
975 2685 1099 2719 afficluis
1125 2687 1306 2721 litterarum

299 2733 430 2773 studiis,
455 2735 488 2766 in
513 2732 621 2770 lauta,
646 2738 682 2763 ut
706 2729 846 2764 Nobiles
869 2731 930 2762 viri
955 2729 1078 2772 solent,
1095 2730 1199 2763 vietus
1212 2730 1308 2762 ratio*

301 2792 360 2814 ne.
384 2776 536 2816 deditus,
559 2772 798 2817 quadragesimo
821 2773 932 2806 exacto
956 2785 1060 2813 anno,
1084 2773 1215 2806 calculis
1238 2781 1306 2807 ten-

301 2823 363 2856 tari
385 2821 513 2863 coepit,
559 2829 616 2851 uos
638 2816 848 2857 excernebat,
872 2815 1027 2859 simulque
1038 2816 1121 2853 salsae
1136 2816 1239 2853 salivae
1250 2826 1306 2848 co-

301 2868 378 2909 pia,
401 2875 472 2908 quae
495 2872 538 2904 po
566 2872 599 2893 ea
623 2859 731 2893 dentes
754 2871 864 2895 omnes
887 2871 902 2892 e
928 2860 989 2895 suis
1014 2861 1144 2894 alveolis
1157 2859 1302 2893 excuffit.

301 2912 389 2942 Cum
412 2916 528 2944 annum
554 2912 659 2946 ageret
682 2902 906 2946 sexagefimum
930 2906 1069 2947 primum
1088 2928 1101 2945 ,
1123 2902 1239 2938 defecit
1273 2913 1306 2936 ea

303 2952 408 2986 salivae
431 2948 597 2987 excretio,
619 2945 748 2981 dolores
773 2955 878 2981 autern
902 2958 1012 2980 vexare
1034 2947 1194 2983 interdum
1205 2957 1309 2988 coepe-

304 3004 378 3034 sunt
390 3019 402 3035 ,
426 3000 521 3036 caput
532 3000 717 3033 gravantes.
735 2991 832 3026 ,Circa
845 3002 958 3026 annum
971 2991 1096 3026 tandem
1110 3016 1119 3031 ,
1141 3002 1233 3034 quem
1246 2999 1310 3023 non

303 3035 503 3080 complevit,
528 3032 753 3076 sexagesimum
785 3035 916 3070 tertium
935 3058 947 3074 ,
980 3035 1143 3077 postquam
1175 3033 1310 3067 solemne

303 3082 427 3118 dierum
435 3077 643 3123 quadraginta
656 3076 810 3121 jejunium
825 3089 838 3117 ;
854 3077 887 3110 id
900 3078 987 3121 quod
998 3081 1085 3112 annis
1098 3078 1129 3114 su
1157 3078 1311 3112 erioribus

303 3126 408 3159 dubiae
432 3122 624 3161 valetudinis
647 3120 735 3154 causa
759 3131 823 3155 non
846 3119 982 3160 fecerat;
1007 3122 1122 3166 religio
1138 3132 1152 3153 e
1176 3120 1309 3156 servave-

305 3179 377 3209 rat,
399 3168 489 3212 queri
515 3167 636 3207 incepit
660 3163 698 3197 de
720 3163 832 3199 dolore
854 3166 887 3197 in
911 3165 1103 3207 mingendo;
1127 3165 1181 3208 qui
1206 3163 1309 3208 postea

305 3212 409 3247 faetus
432 3209 473 3242 est
497 3209 660 3246 acerbior,
685 3215 780 3251 atque
813 3216 849 3244 ut
880 3209 1055 3250 plurimum
1091 3207 1272 3252 periodicus
1297 3229 1304 3239 .

304 3257 395 3290 Nam
418 3252 549 3296 singulis
572 3250 636 3287 fere
660 3249 816 3287 mensibus
831 3250 1026 3299 ,aliquando
1039 3254 1139 3287 ctiam
1149 3251 1306 3287 crebrius,

309 3299 378 3342 post
402 3297 539 3333 multam
562 3305 666 3340 aqueae
679 3296 779 3329 urinae
791 3297 1005 3331 cxci-ctionem
1018 3320 1026 3334 ,
1043 3296 1098 3330 sub
1109 3294 1203 3338 hujus
1214 3293 1308 3328 finem

310 3341 494 3375 recurrebat
507 3363 519 3379 ‚
541 3349 613 3374 cum
625 3337 789 3380 mingendi
807 3338 993 3373 difficultate
1004 3338 1192 3382 conjunctus
1209 3336 1310 3377 ‚dies-

307 3397 368 3429 que
393 3384 517 3426 aliquot
541 3380 714 3428 perstabat.
740 3381 867 3423 Qbus
891 3380 1098 3418 accesserunt,
1125 3381 1194 3424 post
1210 3380 1309 3414 animi

309 3427 490 3462 affectiones
506 3448 515 3463 ‚
538 3425 688 3463 dolores,
712 3434 805 3466 caput
827 3434 1010 3467 gravantes,
1034 3428 1065 3461 ὅ(
1088 3426 1138 3459 his
1149 3423 1309 3460 novislime

308 3470 408 3506 sensus
432 3468 590 3503 hebetudo
604 3492 616 3509 ,
638 3466 805 3510 motusque
827 3467 976 3501 debilitas
1001 3469 1035 3503 in
1059 3478 1145 3511 parte
1168 3467 1310 3510 corporis

309 3514 455 3549 dextera.
478 3513 648 3546 Autumno
670 3510 855 3546 adveniente
873 3534 885 3551 ,
907 3511 1063 3548 oedemate
1100 3510 1191 3554 pedes
1222 3512 1310 3543 intu-

309 3564 458 3595 muerunt
476 3566 483 3587 :
508 3565 644 3598 quorum
655 3554 764 3588 dexter
781 3577 789 3592 ‚
808 3563 880 3587 cute
890 3555 974 3588 erosa
987 3579 999 3595 ,
1011 3556 1173 3598 ingentem
1185 3554 1309 3595 copiam

314 3598 417 3636 emisit
440 3598 495 3632 seri
523 3598 675 3639 limpidi,
698 3597 783 3640 quod
807 3599 892 3641 ignis
915 3599 1018 3633 calore
1029 3597 1312 3637 conc1·esccns,ovi

2037 942 2100 1006 A
2155 945 2271 1010 IV.

1361 1168 1504 1203 albumen
1531 1168 1706 1205 referebat.
1731 1170 1783 1204 Ab
1805 1170 1863 1205 hac
1887 1180 1974 1204 tanta
1996 1169 2056 1204 seri
2079 1170 2260 1204 excretione
2285 1170 2365 1206 adeo

1361 1223 1424 1245 non
1449 1212 1570 1245 levatus
1588 1212 1630 1246 est
1651 1224 1755 1255 aeger,
1783 1224 1818 1246 ut
1842 1224 1952 1249 contra
1975 1215 2072 1246 etiam
2096 1215 2129 1248 in
2142 1213 2229 1256 pejus
2241 1225 2364 1250 rueret.

1363 1257 1452 1289 Nam
1476 1257 1617 1298 primum
1641 1256 1745 1289 faetus
1768 1256 1810 1291 est
1832 1256 2087 1292 somniculosus:
2109 1255 2224 1290 deinde
2243 1281 2252 1296 ‚
2289 1256 2372 1301 hye-

1360 1299 1435 1334 mali
1461 1300 1627 1333 accedente
1653 1299 1789 1336 solstitio
1804 1325 1814 1341 ‚
1837 1299 1999 1342 austroque
2023 1299 2143 1339 flante,
2165 1298 2227 1332 fine
2260 1301 2374 1345 loque-

1361 1344 1390 1376 la
1414 1344 1565 1377 inventus
1588 1342 1651 1383 est,
1676 1352 1765 1385 parte
1790 1353 1895 1379 autem
1919 1342 2049 1378 dextera
2073 1341 2139 1375 fere
2171 1343 2337 1378 immobili
2360 1357 2373 1385 ;

1360 1395 1459 1430 neque
1482 1388 1591 1426 enim,
1615 1385 1674 1419 nisi
1699 1388 1802 1421 acrius
1826 1388 1972 1421 vellicata
1987 1409 1995 1423 ‚
2019 1385 2207 1421 movebatur
2228 1410 2238 1425 ‚
2275 1388 2373 1431 idque

1359 1431 1457 1463 etiam
1481 1430 1610 1463 leviter.
1636 1432 1680 1463 Et
1705 1442 1720 1463 a
1744 1432 1880 1474 sumptis
1891 1429 2021 1473 quidem
2033 1432 2136 1473 guttis
2147 1431 2296 1473 pluribus
2308 1431 2373 1476 spi-

1359 1475 1440 1508 ritus
1465 1473 1536 1506 salis
1561 1475 1756 1508 ammoniaci
1779 1475 1869 1517 loqui
1883 1475 2001 1511 iterum
2016 1473 2147 1516 potuit,
2162 1477 2193 1508 δε
2207 1475 2374 1511 dexteram

1361 1526 1485 1559 partem
1507 1517 1591 1559 quasi
1618 1517 1763 1559 expedite
1788 1529 1936 1553 movere:
1964 1516 2012 1551 sed
2037 1516 2212 1559 quadrante
2225 1518 2374 1555 horaein-

1360 1559 1494 1604 terjeeto
1504 1583 1516 1601 ,
1541 1559 1679 1603 aphonia
1693 1562 1810 1595 iterum
1823 1570 1935 1604 captus
1948 1560 1990 1595 est
2002 1559 2061 1598 ,fic
2074 1569 2180 1594 tamen
2192 1586 2205 1603 ,
2215 1572 2251 1597 ut
2262 1564 2374 1598 omnia

1359 1615 1431 1646 quae
1456 1603 1661 1642 dicerentur,
1684 1604 1713 1639 se
1736 1605 1945 1646 intelligere,
1968 1602 2164 1644 ostenderet3
2188 1608 2257 1639 imo
2270 1608 2372 1640 inter·-

1360 1648 1437 1680 dum
1461 1646 1590 1680 verbum
1616 1649 1715 1680 etiam
1739 1647 1893 1690 aliquod,
1917 1646 1967 1681 sed
1991 1658 2065 1681 cum
2090 1658 2233 1690 conatu,
2256 1649 2372 1686 &sub-

1357 1689 1447 1726 missa
1470 1702 1569 1730 voce,
1594 1690 1771 1732 proferret.
1797 1691 1931 1731 Quinto
1967 1689 2094 1723 tandem
2130 1690 2169 1724 ab
2202 1690 2372 1729 affe&ione

1357 1732 1511 1776 ejusmodi
1523 1734 1721 1776 apoplectica
1732 1734 1783 1768 die
1793 1757 1805 1774 ,
1819 1733 1945 1768 vivendi
1959 1731 2055 1767 finem
2066 1732 2144 1767 fecit
2157 1759 2164 1766 .
2252 1738 2373 1772 VEN-

1356 1779 1454 1812 TRE
1478 1787 1612 1819 aperto,
1636 1788 1703 1810 aere
1723 1788 1851 1822 turgens
1875 1778 2094 1817 ventriculus,
2118 1788 2203 1810 renes
2237 1782 2374 1815 mollio-

1353 1832 1421 1860 res,
1446 1819 1509 1853 sani
1535 1831 1664 1860 tamen,
1688 1824 1721 1854 &
1745 1821 1817 1854 sana
1840 1823 1918 1853 item
1944 1819 2042 1853 vesica
2064 1821 2373 1867 invenitur5⁴quam

1354 1876 1448 1906 quam
1472 1865 1610 1906 lapidem
1620 1865 1827 1905 continebat,
1850 1875 1953 1907 parvae
1968 1865 2062 1907 pullae
2073 1876 2171 1898 ovum
2181 1877 2372 1910 aequantetn,

1356 1907 1464 1943 forma
1488 1907 1525 1941 ad
1549 1909 1696 1948 ovalern,
1720 1908 1773 1942 sed
1801 1907 1991 1949 depressam,
2027 1908 2218 1949 accedente,
2243 1909 2373 1956 superfi-

1357 1952 1405 1984 cie
1429 1951 1520 1985 valde
1544 1950 1644 1994 aspera
1661 1975 1674 1991 ,
1696 1953 1803 1987 colore
1829 1961 1954 1989 autem,
1981 1963 2045 1984 non
2068 1952 2246 1994 albicante,
2277 1968 2313 1990 ut
2338 1958 2373 1991 in

1358 2004 1496 2037 patruo,
1521 1993 1572 2030 sed
1596 1995 1750 2028 subrufo.
1843 1994 1998 2029 Thorace
2021 1995 2344 2039 reclus0‚pulmones
2359 2023 2372 2040 ,

1359 2036 1416 2073 nisi
1441 2037 1528 2080 quod
1552 2037 1729 2078 rubebant,
1754 2037 1925 2073 secundum
1948 2048 2095 2072 naturam
2128 2044 2245 2082 reperti
2278 2044 2371 2078 sunt:

1361 2092 1418 2115 cor
1441 2091 1614 2123 magnum,
1637 2082 1672 2116 in
1696 2081 1823 2124 ejusque
1845 2080 1960 2115 dextro
1970 2083 2232 2117 ventriculoleve
2243 2097 2373 2123 concre-

1363 2125 1463 2158 tionis
1489 2123 1652 2167 polyposae
1676 2123 1961 2162 inchoamentum3
1987 2125 2113 2168 sanguis
2137 2128 2224 2160 enim
2245 2132 2291 2164 ita
2305 2140 2373 2169 erat

1364 2167 1483 2202 fluidus
1498 2190 1506 2205 ‚
1530 2178 1565 2202 ut
1590 2167 1688 2212 paulo
1714 2177 1785 2201 ante
1808 2179 1881 2202 cum
1906 2167 1991 2202 forte
2015 2180 2119 2205 ramus
2142 2170 2256 2206 iliacus
2289 2175 2373 2211 seca-

1362 2221 1459 2250 retur,
1470 2222 1534 2244 non
1547 2211 1630 2244 secus
1642 2220 1736 2254 atque
1747 2223 1786 2244 ex
1797 2214 1921 2247 vivente
1934 2211 2077 2253 homine,
2085 2224 2262 2257 erumperet
2276 2245 2282 2250 .

1362 2255 1485 2301 Granio
1508 2253 1660 2294 exseectO,
1684 2254 1793 2290 Crassa
1827 2265 1960 2290 meninx
1975 2298 1979 2301 ξ
1994 2258 2141 2298 apparuit
2175 2269 2344 2299 corrugata
2359 2287 2373 2304 ,

1365 2298 1422 2334 iub
1446 2298 1555 2333 Tenui
1581 2307 1685 2331 autem
1709 2299 1793 2330 intra
1819 2299 1937 2332 cerebri
1963 2299 2071 2332 sulcos·
2089 2299 2232 2342 stagnans
2269 2299 2373 2342 ferum

1366 2341 1442 2374 adeo
1465 2340 1660 2383 limpidum,
1685 2350 1719 2375 ut
1744 2350 1815 2376 ante
1839 2339 1937 2383 hujus
1951 2343 2110 2384 meningis
2121 2344 2373 2388 sectionemffi,

1360 2394 1446 2418 trum
1470 2383 1668 2426 pellucidum
1691 2384 1946 2427 repraesentaret.
1970 2383 2051 2427 Ejus
2075 2388 2168 2428 copia
2196 2389 2253 2423 seri
2269 2391 2372 2434 major

1357 2429 1390 2460 in
1414 2427 1569 2467 dexterO,
1591 2438 1687 2472 quam
1709 2428 1743 2460 in
1766 2427 1890 2463 sinistro
1912 2428 2031 2461 cerebri
2054 2426 2281 2473 hemisphaerio
2314 2435 2372 2472 csse

1357 2470 1541 2506 videbatur.
1568 2469 1738 2517 Ejusmodi
1761 2483 1825 2514 quo
1850 2482 1886 2503 ue
1909 2470 2011 2507 serum
2031 2473 2067 2507 in
2089 2473 2264 2514 majoribus
2296 2490 2371 2514 ven,

1357 2515 1484 2549 triculis
1507 2515 1712 2557 compertum
1734 2513 1777 2548 est
1799 2524 1816 2547 a
1863 2518 1970 2553 uncias
1993 2514 2092 2556 duas,
2118 2517 2224 2552 &hoc
2238 2522 2370 2564 quidem

1359 2557 1437 2593 salso
1461 2566 1525 2591 erat
1549 2556 1674 2599 sapore.
1700 2555 1771 2594 Etfi
1793 2568 1868 2591 vero
1891 2569 1929 2599 CX
1954 2569 1992 2593 co
2015 2560 2106 2592 omni
2130 2559 2197 2594 sero
2218 2566 2370 2606 quodju-

1359 2612 1405 2634 tra
1429 2602 1575 2637 cranium
1599 2599 1688 2641 fuit,
1710 2611 1774 2637 non
1798 2601 1969 2642 multum,
2002 2600 2114 2636 sinceri
2150 2608 2329 2647 praesertim
2352 2635 2365 2652 ,

1357 2645 1471 2687 colligi
1497 2644 1626 2687 potuit3
1650 2645 1684 2677 in
1708 2654 1771 2678 tres
1794 2652 1900 2680 tamen
1922 2654 2027 2691 partes
2052 2644 2191 2685 divisum
2206 2651 2246 2686 est
2261 2664 2269 2685 .-
2286 2665 2369 2697 qua-

1358 2700 1428 2724 rum
1451 2701 1483 2721 ea
1507 2699 1576 2731 quae
1600 2690 1667 2731 igni
1692 2688 1735 2723 est
1758 2687 1925 2730 impofita,
1951 2690 1984 2723 in
2009 2701 2098 2724 auras
2122 2700 2191 2727 tota
2204 2696 2283 2729 abiit
2298 2709 2307 2735 3
2325 2698 2371 2730 al-

1358 2741 1446 2772 tera,
1472 2730 1605 2766 admisto
1628 2731 1745 2774 spiritu
1768 2731 1841 2767 salis
1865 2733 2058 2768 ammoniaci
2082 2736 2113 2767 ἃ
2150 2736 2211 2770 levi
2245 2741 2368 2782 agitata

1357 2776 1580 2809 commotione
1604 2774 1673 2822 est)
1699 2777 1731 2807 &
1755 2774 1907 2812 nonnihil
1931 2775 2117 2819 sanguinis,
2141 2781 2227 2822 quod
2242 2784 2268 2816 ei
2281 2782 2368 2820 forte

1357 2821 1484 2858 inerat,
1507 2818 1595 2850 brevi
1621 2824 1659 2851 ad
1682 2816 1817 2856 fundum
1840 2819 2080 2861 praecipitavit3
2115 2826 2208 2858 tertia
2242 2838 2316 2860 vero
2351 2840 2368 2864 a

1358 2861 1476 2904 spiritu
1500 2861 1625 2893 vitrioli
1650 2861 1772 2897 nullam
1797 2860 1878 2904 passa
1890 2862 1931 2896 est
1943 2863 2164 2899 turbationem
2179 2894 2184 2901 .
2202 2871 2366 2906 Caeterum

1358 2907 1392 2938 in
1415 2904 1594 2940 ventriculo
1618 2903 1751 2939 dextero
1773 2905 1883 2947 plexus
1906 2905 2088 2940 Choroides
2111 2911 2277 2948 vesiculam
2311 2915 2368 2949 ha-

1361 2948 1431 2982 buit
1456 2949 1602 2983 avellanae
1626 2946 1875 2991 magnitudine,
1900 2960 1974 2984 curn
1998 2950 2032 2982 in
2055 2950 2366 2998 sinislroparvasha-

1360 2992 1466 3027 beret.
1490 2993 1628 3027 Arteriae
1652 2991 1788 3034 denique
1811 3000 1881 3025 tum
1891 2992 2061 3027 Car-otides
2074 3019 2087 3036 ,
2109 3000 2367 3037 tuerertebra-

1362 3036 1405 3068 les
1421 3036 1582 3082 ’interiore
1604 3037 1637 3068 in
1661 3036 1769 3068 tunica
1794 3034 1912 3080 ubique
1936 3037 2121 3079 corpuscula
2161 3042 2366 3083 ostendebant,

1363 3078 1520 3120 disjecta,
1545 3079 1639 3118 alba,
1662 3076 1775 3116 firma3
1800 3077 1851 3112 sed
1876 3090 1939 3112 non
1965 3079 2072 3115 eadem
2095 3083 2293 3121 firmitudine
2326 3102 2366 3122 o-

1363 3123 1469 3157 mnia5
1496 3122 1642 3164 pleraque
1665 3123 1751 3155 enim
1776 3120 1813 3155 ad
1836 3123 2097 3167 cartilagineam‚
2121 3129 2365 3177 aliquadumta,

1362 3174 1441 3205 xat,
1464 3166 1502 3199 ad
1526 3165 1640 3198 oss'eam
1665 3163 1874 3199 accedebant.
2276 3167 2281 3170 '

1405 3220 1435 3251 3.
1463 3209 1600 3252 Duplici
1626 3207 1825 3251 potiffirnum
1849 3209 1962 3243 morbo
1986 3211 2127 3248 afflictus
2149 3214 2192 3249 est
2223 3220 2341 3255 Ζῃῃῑυς
2356 3246 2364 3261 ‚

1359 3263 1523 3294 utroque,
1546 3262 1582 3285 ut
1606 3251 1755 3293 videtur,
1779 3251 2002 3289 haereditario.
2027 3256 2086 3291 Sed
2110 3258 2195 3301 quod
2219 3263 2258 3296 ad
2281 3264 2363 3306 lapi-

1360 3296 1432 3329 dem
1457 3295 1563 3329 vesicae
1589 3297 1725 3333 attinet,
1748 3295 1927 3330 videbimus
1952 3299 2016 3334 alio
2039 3300 2111 3336 loco
2134 3305 2149 3344 ζ
2169 3315 2185 3335 c
2204 3308 2235 3346 ).
2263 3307 2362 3344 Nunc

1362 3349 1488 3372 tantum
1511 3338 1600 3382 quod
1623 3336 1659 3371 ad
1684 3350 1751 3371 eam
1777 3340 1918 3380 attinet,
1941 3344 2087 3385 quamvis
2112 3345 2336 3388 imperfefftam

1359 3393 1421 3424 qua
1443 3382 1615 3429 consectus
1632 3380 1697 3431 cst,
1718 3382 1937 3425 apoplexiam.
1961 3386 2068 3431 Hujus
2090 3389 2213 3425 causam
2241 3375 2364 3428 Valsal1

1359 3436 1397 3457 va
1421 3426 1454 3457 in
1478 3423 1575 3460 effuso
1598 3428 1664 3458 sero
1688 3424 1902 3468 indagandam
1926 3428 2362 3472 {ibiexistimavit.Et011·m

1360 3467 1509 3515 quidem,
1534 3468 1611 3502 sicut
1635 3479 1673 3500 cx
1696 3467 1817 3503 schedis
1839 3469 1934 3513 ipsius
1957 3471 2079 3514 didici,
2106 3475 2228 3517 multa,
2253 3483 2286 3513 δε
2311 3493 2361 3515 va..

1360 3515 1405 3544 ria
1429 3512 1486 3544 sibi
1511 3512 1659 3544 tentanda
1683 3512 1889 3547 constituerat
1912 3517 1998 3548 circa
2018 3518 2190 3560 apoplexiae
2213 3523 2359 3560 causam:

1364 3566 1474 3591 utrum
1499 3566 1533 3588 ea
1556 3554 1666 3588 induci
1689 3566 1754 3589 arte
1779 3557 1894 3599 possit,
1917 3558 2098 3603 injiciendo
2113 3564 2149 3595 in
2171 3568 2298 3599 arterias
2308 3568 2362 3603 be.

1365 3600 1495 3634 uiarum
1518 3599 1686 3632 Caroticlcs
1711 3598 1785 3640 lias,
1809 3602 1943 3637 aurillas
1958 3614 2024 3638 res:
2049 3614 2175 3645 utrum,
2198 3610 2361 3649 iislieatis

2241 3663 2321 3686 aste·

310 3696 2361 3729 ΜἫ

370 3744 379 3775 (
397 3744 413 3769 d
428 3743 442 3772 )
460 3745 524 3767 Part.
541 3751 554 3767 2
579 3744 603 3767 S.
621 3749 643 3767 1⁴
662 3749 676 3765 n
698 3750 720 3771 9.
782 3745 796 3773 ζ
810 3753 822 3768 e
841 3743 849 3776 3
865 3744 922 3769 Diss.
941 3745 971 3769 de
989 3748 1052 3772 Dura
1068 3747 1150 3772 Matre
1170 3746 1183 3775 §
1212 3755 1247 3775 ιφ.

1312 3749 1418 3773 εαὶῃ.
1436 3749 1458 3771 6.
1478 3747 1577 3777 &seqq.

1641 3748 1747 3777 (b)n.
1766 3759 1791 3779 7.
1853 3753 2062 3787 (c)Epist·4²·
