2498 4075
320 232 420 291 450

334 307 852 411 Emvrrota
895 301 2004 407 ANAToMmo-MEDICA
2043 337 2270 409 LXX„

402 472 635 529 Pertinet
667 468 738 522 ad
771 467 1021 532 promissa
1056 463 1112 519 in
1144 481 1389 520 extrema
1423 463 1650 531 Epistola
1685 462 1880 518 LXVI.
1922 464 2180 531 simulque
2231 470 2233 472 ’

667 534 736 588 ad
769 532 1024 600 quosdam
1061 534 1273 586 Ventris
1296 572 1310 595 ,

409 656 488 691 Uod
512 657 550 691 de
574 654 731 689 absolutis
756 652 814 687 hac
837 654 933 687 etiarn
957 650 1072 694 hyeme
1096 650 1268 686 Diffefflo-

420 701 535 736 nibus,
561 698 903 733 &Exercitationibus
915 696 1107 738 gratularis;
1131 695 1268 737 agnosco

422 743 680 778 benevolentiam
705 751 777 782 erga
802 752 851 774 me
876 749 985 773 tuam.
1012 740 1058 772 At
1080 737 1172 772 fimul
1198 736 1267 771 sen-

273 791 326 825 tio
350 802 418 833 quo
442 797 592 828 praeterea
615 784 736 827 specht
760 783 816 818 ista
841 783 1015 826 gratulatio
1041 805 1051 819 ‚
1082 793 1197 823 nempe
1231 790 1267 815 ut

258 834 448 867 >¹admoneat
460 829 540 873 quid
564 830 596 861 in
611 829 755 861 extrema
768 827 912 870 Epistola
926 825 1129 867 promiserim
1143 825 1266 858 LXVI.

279 889 330 910 me
356 875 523 918 postquam
546 872 620 905 illas
643 869 841 904 absolvissem
862 894 870 908 .
901 868 959 903 esse
983 867 1143 902 facturum
1169 893 1176 900 .
1210 870 1267 917 A}-

270 931 375 963 quum
400 917 556 960 postulas,
580 924 682 955 neque
705 915 932 951 committam,
957 923 991 945 ut
1005 911 1127 953 flagites
1142 937 1150 944 .
1175 912 1267 948 Qum

273 964 435 997 continuo
459 957 599 1001 promiffi
626 958 687 990 mei
711 956 865 991 summam
889 967 952 988 non
966 956 1137 996 complebo
1151 955 1268 994 solum,

273 1017 385 1039 verum
408 1005 508 1038 etiarn
532 1001 706 1036 cumulabo
729 1025 737 1032 .
774 1000 936 1033 Historias
959 1000 1046 1032 enim
1070 997 1269 1040 singulorum

272 1060 344 1090 quae
370 1050 437 1090 post
459 1046 550 1080 illam
574 1045 610 1078 ad
623 1053 655 1078 te
680 1042 803 1077 missam
820 1042 997 1085 Epistolam
1023 1041 1095 1075 sunt
1119 1054 1134 1075 a
1158 1043 1267 1074 mein-

274 1092 403 1135 spedsta,
427 1089 619 1124 cadaverum
635 1113 643 1126 ‚
668 1086 779 1131 quales
803 1099 847 1121 eae
870 1096 996 1127 cunque
1018 1084 1079 1117 sint
1101 1108 1115 1125 ‚
1136 1084 1270 1127 perscri-

275 1137 377 1175 bam3
400 1144 584 1177 quanquam
612 1131 718 1173 aliqua
741 1142 795 1172 per
819 1130 849 1164 se
871 1129 971 1172 digna
994 1127 1038 1177 est.
1058 1140 1129 1171 quae
1153 1127 1271 1161 scriba-

276 1189 355 1217 tur5
379 1179 419 1212 sic
445 1178 637 1211 ulteriorum
662 1176 697 1208 in
719 1175 774 1208 illa
787 1174 897 1208 Uvula
923 1171 1137 1215 perquirenda
1161 1170 1272 1205 [εᾶἰο-

281 1234 360 1257 num
383 1222 456 1261 quis
480 1222 584 1254 exitus
607 1218 725 1256 fuerit,
751 1216 941 1260 cognosces.

325 1278 355 1298 2.
381 1265 536 1306 Quinque
559 1263 699 1295 omnino
731 1260 861 1295 fuerunt
885 1259 1035 1293 cadavera
1068 1258 1127 1292 hac
1161 1257 1275 1300 hyeme

278 1308 410 1343 dissecta
425 1333 433 1345 ‚
457 1307 659 1340 Exercitatis
682 1303 946 1340 Profectoribus,
969 1302 1276 1346 nedumJuvenibus

258 1374 263 1378 ·
283 1349 443 1386 Studiosis
464 1361 548 1392 quos
572 1351 752 1382 Anatomen
774 1345 923 1380 docerem
947 1367 956 1383 ‚
981 1343 1242 1386 frequentiffimis
1264 1368 1276 1386 ‚

260 1393 550 1440 inspicientibus.
577 1393 721 1426 Primum
745 1392 778 1424 in
802 1390 1008 1424 Nosocomio
1030 1388 1148 1422 setium
1171 1388 1212 1422 est
1223 1400 1277 1422 an-

259 1448 315 1473 >te
337 1437 479 1472 medium
504 1435 716 1471 Decembrem
740 1435 782 1467 A.
811 1443 901 1475 1759.
1016 1475 1022 1482 .

262 1500 265 1502 ·
325 1493 357 1526 3.
383 1479 617 1514 MULIERIS
640 1476 795 1512 herniosae
810 1502 820 1517 ‚
842 1476 928 1511 &ob
941 1476 1023 1510 hoci
1050 1474 1118 1509 sum
1142 1473 1275 1509 inflam-

279 1526 427 1560 matione
449 1522 674 1557 intestinorum
698 1520 831 1554 sublatae
856 1544 865 1561 ‚
885 1531 958 1554 cum
982 1520 1014 1552 vi
1031 1530 1099 1552 cera
1124 1519 1275 1561 pleraque

282 1566 490 1604 detraxissent
507 1591 515 1606 ‚
540 1574 574 1599 ut
597 1573 702 1607 partes
726 1575 763 1597 ex
786 1564 914 1607 reliquo
935 1573 1071 1605 corpore
1094 1561 1254 1596 sumerent
1265 1568 1291 1598 ,‘

279 1624 359 1657 quas
381 1611 421 1644 ad
446 1610 625 1643 anatomica
648 1609 804 1642 elementa
820 1632 827 1645 .
849 1617 885 1642 ut
911 1607 991 1640 mihi
1016 1616 1083 1639 mos
1116 1606 1157 1639 est
1182 1631 1190 1644 ,
1219 1605 1278 1654 *de-

282 1652 489 1690 monstranda
514 1660 723 1693 appararent;
744 1650 829 1685 nihil
852 1650 908 1683 nisi
934 1652 1063 1691 Caput,
1087 1650 1118 1683 δι
1140 1649 1276 1696 Genita-

280 1700 351 1739 lia,
373 1697 438 1739 ipse
460 1696 668 1729 examinavi.
799 1692 1069 1727 CEREBRUM
1094 1713 1103 1729 ,
1136 1692 1188 1725 etsi
1223 1690 1280 1724 fir-

283 1748 375 1777 mum
398 1748 465 1774 erat
480 1763 489 1777 ,
512 1740 580 1772 imo
602 1737 850 1779 duriusculum‚·
871 1746 979 1770 tamen
1013 1736 1098 1769 intra
1120 1734 1279 1768 Laterales

285 1783 486 1820 ventriculos
510 1780 720 1816 Choroidurn
757 1781 911 1822 plexuum
932 1791 1003 1813 eam
1034 1778 1133 1821 ipsam
1155 1787 1280 1821 partem

286 1841 351 1872 qua
375 1827 404 1861 se
430 1826 468 1860 ad
493 1826 645 1867 angulum
669 1823 790 1858 sursum
811 1822 988 1856 refleftunt
1009 1841 1019 1857 2
1044 1831 1080 1856 ut
1104 1820 1281 1856 Thalamos

285 1872 434 1915 operiant
459 1880 632 1903 nervorum
646 1869 847 1910 Opticorum
859 1890 872 1907 ,
895 1865 1048 1900 obsessam
1059 1866 1211 1908 utrinque
1225 1864 1281 1898 ha-

277 1915 405 1950 bebant
429 1924 543 1947 acervo
565 1910 708 1956 quodam
731 1909 818 1954 quasi
843 1912 929 1944 muci
955 1933 964 1948 ‚
1002 1909 1119 1944 cinerei
1142 1908 1281 1942 obsoleti

284 1959 430 1998 coloris,
451 1958 483 1989 in
508 1954 700 1997 sphaeroidis
722 1953 859 1995 figuram
873 1953 1095 1989 conformati,
1118 1951 1285 1985 transversi

285 2003 388 2044 digiti
412 1999 614 2034 craffitudine
629 2024 636 2030 .
661 1996 759 2031 Nihil
783 2008 889 2032 autem
913 2007 981 2030 erat
1003 1995 1089 2031 aliud
1107 2019 1117 2034 ‚
1142 1995 1200 2029 nifi
1224 1995 1286 2037 hy-

287 2045 439 2080 datidum
463 2054 591 2077 acervus
610 2068 619 2082 ‚
641 2053 712 2085 quae
735 2041 766 2074 ei
790 2040 986 2085 potissimum
1010 2041 1162 2083 plexuum
1186 2040 1286 2081 parti,

286 2088 586 2133 quantumvisgnon
610 2098 646 2119 ea
668 2084 781 2127 copia,
805 2084 890 2118 haud
913 2095 987 2117 raro
1009 2083 1111 2117 solent
1134 2082 1285 2116 insidere.

279 2127 283 2131 ¹
425 2132 464 2164 In
487 2129 700 2164 Genitalibus
721 2128 901 2171 quidquam
924 2138 990 2161 non
1013 2127 1077 2161 fuit
1111 2125 1199 2168 quod
1231 2125 1286 2159 ad-

293 2176 467 2211 notatione
489 2173 625 2216 dignum
649 2171 726 2206 eslet
750 2197 759 2205 .
792 2172 907 2216 Itaque
930 2181 1084 2205 annexam
1107 2170 1284 2204 urinariam

285 2219 429 2255 ,vesicam
445 2244 452 2252 ,
474 2228 546 2260 quae
569 2217 603 2249 in
628 2216 831 2250 recontraeta
856 2223 942 2253 erat,
969 2213 1198 2256 urethramque
1215 2223 1286 2254 per-

292 2263 399 2299 ίεωί,
425 2262 470 2294 Et
492 2262 528 2294 in
551 2259 634 2295 facie
655 2258 787 2303 quidem
809 2260 896 2294 illius
920 2259 1075 2292 interiore
1100 2257 1285 2299 priusquam

297 2307 336 2342 ad
359 2304 522 2340 orificium
546 2304 679 2347 propius
693 2302 879 2341 accederet,
902 2303 978 2335 duas
1001 2310 1114 2342 praeter
1137 2310 1287 2334 naturam

296 2350 451 2386 exstantes
474 2359 607 2389 parvas,
631 2345 866 2384 subrotundas‚
889 2344 1061 2387 depressas,
1084 2343 1253 2390 subrubras
1276 2366 1289 2383 ‚

289 2396 389 2429 Jaeves
412 2390 498 2433 quasi
525 2390 688 2434 glandulas
713 2389 936 2431 conspeximus
960 2400 971 2427 3
995 2388 1030 2421 ad
1054 2388 1159 2429 ipsum
1183 2395 1288 2420 autern

295 2438 463 2473 orificium
491 2460 497 2468 ,

298 2492 372 2516 mus
394 2478 480 2522 quod
505 2478 555 2511 vel
581 2480 695 2511 leviter
719 2478 916 2518 promineret
940 2500 947 2507 .
981 2476 1092 2517 Atque
1115 2484 1151 2507 ut
1174 2474 1295 2506 intelli-

259 2560 267 2562 ,
298 2536 357 2569 gas
373 2547 383 2561 ‚
407 2532 502 2564 quam
528 2531 668 2555 attente.
693 2522 723 2553 δε
746 2518 919 2562 diligenter
941 2517 1140 2561 quaefiverirn
1164 2528 1175 2556 3
1210 2528 1296 2550 meos

301 2568 416 2602 oculos
441 2564 558 2597 lineola
582 2563 729 2607 quaedam
752 2563 883 2595 insolita
909 2574 972 2594 non
996 2559 1082 2603 fugit
1105 2582 1114 2597 ‚
1147 2572 1218 2602 quae
1242 2571 1296 2602 per

310 2610 502 2644 interiorem
524 2630 536 2647 ,
568 2606 842 2650 posterioremque
866 2606 1003 2638 urcthrae
1035 2604 1234 2646 superficiem
1259 2604 1297 2637 ad

283 2650 444 2688 'tra&urn
469 2663 529 2692 pro
553 2649 688 2683 urethrae
714 2650 873 2682 brevitate
897 2660 960 2681 non
974 2648 1134 2681 modicum
1159 2648 1242 2680 tetfra
1256 2646 1301 2679 se·

311 2696 452 2731 cundum
477 2694 715 2736 longitudinem
740 2692 970 2728 descendebat,
994 2694 1024 2724 &
1047 2691 1152 2725 medio
1175 2692 1207 2722 in
1231 2701 1304 2729 cur-

300 2741 345 2780 :l'u
369 2736 521 2773 nonnihil
547 2739 643 2769 latior
667 2736 782 2772 fiebat.
807 2735 865 2768 Sed
889 2747 921 2767 ea
945 2735 1062 2768 lineola
1087 2745 1150 2767 non
1176 2735 1233 2767 nisi
1257 2735 1304 2765 in-

306 2783 360 2819 fra
384 2779 523 2816 urethrae
548 2781 683 2813 initium
709 2778 983 2820 ipsaincipiebat,
1007 2777 1202 2820 humilisque
1227 2777 1307 2810 adeo

313 2836 382 2862 erat
408 2852 417 2865 ‚
450 2833 488 2858 ut
513 2825 598 2856 inter
620 2823 813 2866 nigricantia
840 2823 891 2855 illa
916 2833 987 2864 quae
1012 2821 1124 2864 saepius
1158 2832 1213 2862 per
1233 2832 1305 2853 ure-

303 2869 419 2908 zhram
444 2867 634 2901 muliebrem
661 2865 1000 2909 paralleladescendere
1025 2865 1169 2898 videmus
1181 2863 1305 2906 sangui-

302 2915 375 2951 ἵετε
401 2910 548 2948 vascula,
572 2911 692 2953 percipi
719 2911 771 2942 vix
797 2908 920 2952 posset:
944 2920 1015 2949 quae
1039 2908 1208 2941 humilitas
1233 2930 1242 2944 ‚
1275 2910 1306 2940 &

304 2960 393 2994 sedes
418 2966 497 2989 num
522 2953 559 2987 ad
583 2965 649 2987 eam
665 2954 822 2995 pertinere
834 2952 927 2993 poffit
950 2963 1022 2993 quae
1047 2952 1140 2985 nobis
1151 2951 1305 2992 descripta

306 3003 374 3043 est,
400 2999 572 3034 Uvulam,
596 2998 695 3031 etiam
722 3004 847 3029 tacente
871 3006 942 3034 me,
965 2996 1142 3038 intelligis.

351 3058 383 3086 4.
411 3039 593 3075 Secundum
619 3039 751 3073 cadaver
775 3062 785 3076 ‚
820 3038 875 3072 sub
898 3040 1030 3071 initium
1054 3042 1095 3071 A.
1123 3041 1216 3081 1760.
1242 3038 1307 3071 ibi-

309 3091 383 3124 dem
408 3083 571 3123 incisum,
595 3084 684 3125 plura
711 3094 782 3124 quae
808 3082 1061 3121 adnotarentur,
1082 3082 1179 3124 digna
1204 3082 1307 3115 obtu-

310 3136 373 3168 lit.-
396 3127 612 3173 quamobrem
637 3139 702 3160 mea
728 3137 856 3167 quoque
870 3126 1001 3167 longior
1023 3127 1084 3158 erit
1108 3124 1304 3165 descriptio.

357 3186 385 3216 ς.
410 3170 622 3217 ssAJULUs
647 3181 745 3203 annos
768 3179 860 3202 natus
883 3168 919 3202 ad
932 3169 1189 3211 quinquaginta,
1215 3168 1307 3202 biba—

320 3219 480 3254 affinius,
507 3217 537 3248 δι
562 3213 638 3247 hinc
663 3213 742 3255 saepe
767 3212 875 3245 ebrius
898 3235 906 3248 ‚
935 3212 1029 3245 multi
1053 3223 1182 3254 quoque
1205 3211 1271 3244 cibi
1298 3237 1307 3252 ,

315 3275 372 3298 nec
396 3270 502 3294 tamen
528 3259 643 3299 pravi,
668 3267 731 3289 non
756 3255 855 3288 modo
879 3266 943 3288 non
967 3264 1033 3288 erat
1045 3254 1308 3296 valetudinarius,

315 3308 367 3341 sed
392 3304 539 3338 hac-tenus
563 3300 676 3338 sanus,
701 3310 736 3333 ut
767 3299 806 3331 ab
828 3297 923 3332 sociis
946 3300 988 3330 ob
1000 3311 1033 3331 ea
1049 3310 1119 3340 quae
1142 3297 1309 3335 dicentur,

317 3350 427 3384 sedulo
452 3347 664 3386 interrogatis
688 3366 697 3380 ‚
732 3341 814 3375 nihil
841 3342 925 3375 aliud
952 3342 1025 3374 sciri
1050 3343 1194 3383 potuerit
1214 3364 1226 3381 ,
1251 3341 1310 3375 nisi

317 3391 495 3426 identidem
519 3388 556 3420 de
580 3387 717 3429 quadam
741 3386 883 3419 molestia
905 3387 995 3426 queri
1021 3384 1233 3423 consuevisse,
1255 3397 1312 3419 cu-

320 3438 370 3475 ius
393 3434 498 3467 sedem
524 3442 617 3464 manu
644 3429 812 3471 epigastrio
837 3428 988 3470 impolita
1013 3428 1051 3462 ad
1086 3428 1191 3462 cordis
1226 3428 1311 3461 scro-

319 3476 466 3513 biculum
490 3473 694 3515 designabat.
722 3473 752 3505 is
776 3474 877 3514 igitur
900 3482 972 3503 curn
996 3481 1058 3504 tres
1082 3480 1158 3505 ante‘
1192 3471 1311 3504 menses

321 3525 355 3556 in
380 3519 620 3554 Nosocomium
655 3514 785 3549 venisset
821 3524 951 3557 propter
974 3513 1093 3548 febrem
1119 3516 1312 3547 Tetti-anam

323 3567 535 3599 continuam·²
558 3560 616 3593 hac
628 3559 783 3596 cessante,
807 3558 968 3590 obnoxius
982 3556 1049 3589 fieri
1073 3559 1174 3600 coepit
1186 3558 1317 3590 alimen-

324 3609 437 3643 torum
461 3604 720 3638 vomitionibus.-
744 3612 813 3644 quae
826 3611 972 3642 tempore
985 3602 1093 3642 aliquo
1116 3601 1319 3640 intermislo,

326 3653 487 3683 redierunt
512 3650 630 3680 iterum
646 3669 659 3685 ,
681 3657 737 3678 nec
762 3644 865 3686 postea
890 3643 926 3676 ad
940 3644 1015 3676 vitae
1041 3643 1136 3685 usque
1160 3643 1253 3676 finem
1266 3645 1319 3677 de-

327 3693 465 3725 sierunt.
494 3694 606 3731 Itaque
630 3687 682 3721 etfi
708 3687 790 3721 nihil
815 3699 977 3730 unquam,
1000 3685 1055 3718 nifi
1078 3699 1147 3729 quae
1171 3687 1318 3723 sumeret,

332 3746 426 3776 eaque
449 3736 506 3768 sinc
535 3734 602 3766 ullo
628 3731 714 3765 malo
738 3731 871 3770 sapore,
894 3740 948 3763 aut
981 3728 1079 3762 odore
1114 3732 1284 3763 evomebat
1307 3753 1320 3770 ,

331 3787 391 3811 uno
415 3786 550 3821 excepto
575 3777 726 3817 generoso
751 3775 830 3809 vino
851 3773 938 3817 quod
964 3772 1131 3815 mosaicum
1168 3784 1281 3807 vocant
1308 3799 1319 3815 ,

530 2444 584 2468 aut
607 2436 689 2467 intra
714 2432 775 2467 hoc
799 2432 880 2466 nihil
904 2432 1029 2473 prorsus
1052 2430 1156 2465 videre
1181 2431 1308 2472 potui--

1336 533 1392 585 δε
1424 530 1682 586 Thoracis
1716 531 1971 583 Morbos.

1320 660 1435 695 praeter
1446 651 1533 695 quod
1547 679 1556 693 ‚
1578 650 1715 686 cardiaci
1730 649 1863 686 remedii
1875 651 1948 685 loeo
1960 650 2074 684 datum
2088 673 2098 688 ,
2122 650 2204 685 nihil
2216 651 2313 695 quid·

1319 706 1417 740 quam
1440 705 1515 730 toto
1536 695 1655 729 ultimo
1677 695 1756 728 vitae
1780 693 1883 729 mense
1908 695 2045 736 potuit,
2068 694 2151 729 unde
2175 696 2309 735 viveret,

1318 740 1476 779 retinere;
1494 744 1604 772 'tamen
1627 739 1671 772 ob
1693 737 1728 771 id
1749 737 1856 779 ipsum
1881 739 1980 771 macie
2004 736 2146 779 summa,
2171 739 2203 771 &
2226 738 2314 772 febre

1317 783 1457 821 iterum,
1481 781 1532 816 sed
1556 782 1641 815 lenta
1662 806 1670 821 ‚
1703 780 1822 824 pressus
1843 803 1852 819 ,
1888 781 1928 815 ad
1974 779 2073 814 finem
2117 783 2316 824 properabat

1318 825 1428 864 suum,
1454 836 1517 859 non
1541 824 1579 858 de
1604 825 1721 858 ventris
1744 834 1870 858 tumore
1881 823 1970 863 ullo,
1995 832 2050 859 aut
2072 822 2184 859 dolore
2195 825 2228 858 in
2241 825 2318 858 No-

1317 869 1461 903 socomio
1484 879 1626 910 unquam
1648 866 1858 910 conquestus,
1889 878 1990 910 neque
2014 868 2179 910 pulsibus,
2200 878 2315 911 praeter

1318 913 1457 955 aliquam
1471 922 1701 954 nonnunquam
1716 911 1978 945 intermissionem
1990 933 1999 948 ,
2014 910 2197 954 quidquam
2208 912 2315 946 osten-

1317 956 1468 990 dentibus
1490 953 1577 998 quod
1602 954 1809 997 peculiariter
1830 953 2013 997 displiceret
2038 979 2046 988 .
2080 956 2178 989 Vana
2202 957 2312 990 omnia

1318 998 1450 1034 fuerunt
1473 996 1663 1032 intrinsecus
1688 1020 1699 1036 ,
1734 998 1788 1032 aut
1823 998 2013 1031 extrinsecus
2048 996 2088 1031 ad
2119 999 2317 1033 vomitiones

1320 1041 1563 1084 compescendas
1586 1040 1753 1075 adhibita.
1779 1041 1870 1078 Quin
1894 1040 2177 1084 argentumipsurn
2195 1043 2322 1080 vivum,

1320 1086 1409 1130 quod
1434 1096 1500 1120 uno
1521 1085 1650 1119 circiter
1673 1093 1745 1118 ante
1767 1085 1897 1118 obitum
1920 1084 2047 1123 mense,
2070 1096 2147 1119 cum
2160 1086 2248 1120 alvus
2261 1088 2322 1120 mi-

1322 1131 1409 1164 nime
1442 1127 1631 1171 respondens
1655 1129 1760 1162 Iliacae
1793 1126 1940 1170 passionis
1970 1133 2094 1162 metum
2129 1129 2288 1164 incuteret
2311 1151 2321 1167 ‚

1324 1175 1424 1207 trium
1448 1173 1616 1207 unciarum
1638 1171 1776 1215 pondere
1799 1170 1911 1205 datum
1933 1170 2040 1205 fuerat
2066 1193 2077 1210 ‚
2111 1182 2216 1215 neque
2240 1179 2320 1216 pr'o-

1325 1216 1407 1253 fuit,
1432 1226 1533 1258 neque
1557 1216 1662 1258 postea
1687 1226 1762 1248 cum
1784 1214 1935 1256 clysteres
1945 1213 2185 1258 dejicerentur,
2208 1228 2323 1259 aquo·

1324 1271 1422 1303 quam
1445 1260 1552 1294 visum
1574 1258 1640 1297 est;
1666 1269 1851 1301 quanquam
1874 1256 1988 1292 famuli
2012 1269 2087 1293 curn
2111 1259 2201 1292 alvus
2215 1258 2322 1301 postea

1325 1301 1475 1337 nonnihil
1498 1301 1628 1337 reddere
1649 1299 1836 1344 incepisset,
1859 1313 1933 1335 cum
1957 1300 2090 1337 faecibus
2107 1301 2327 1343 exiiffe,cre-

1327 1347 1500 1381 diderunt.
1634 1345 1832 1379 MORTUI
1855 1345 1993 1388 denique
2019 1345 2152 1380 cadaver
2173 1357 2247 1380 cum
2271 1347 2328 1380 in-

1328 1390 1505 1433 spicerem,
1530 1388 1568 1432 ad
1590 1400 1658 1423 earn
1682 1389 1816 1422 maciem
1842 1387 2003 1424 redafium
2026 1389 2118 1425 vidi,
2141 1397 2177 1422 ut
2201 1391 2236 1422 in
2249 1389 2327 1424 dor-

1329 1435 1364 1468 so
1388 1443 1556 1470 manuum,
1579 1434 1610 1465 δε
1634 1431 1750 1475 pedum
1774 1433 1946 1474 metacarpi
1969 1458 1977 1473 ,
2010 1435 2042 1466 &
2077 1431 2237 1466 metatarfi
2260 1432 2326 1467 ossa

1326 1477 1476 1520 praeclare
1500 1475 1624 1518 possent
1645 1474 1843 1512 demostrari,
1855 1476 1943 1510 oculi
1969 1485 2075 1510 autem
2098 1476 2141 1509 ob
2153 1476 2323 1518 pinguedi-

1326 1522 1374 1554 nis
1398 1529 1519 1561 atergo
1540 1518 1722 1558 defectum,
1745 1519 1825 1552 mire
1847 1518 2024 1553 introrsum
2049 1520 2181 1553 retracti
2205 1519 2302 1554 effent
2318 1543 2329 1560 ,

1327 1563 1394 1598 sani
1416 1572 1524 1597 tamen
1547 1587 1556 1603 ‚
1588 1561 1644 1596 etsi
1679 1563 1720 1596 ab
1742 1563 1855 1596 lobulo
1877 1562 2008 1596 finistrae
2023 1563 2192 1597 ‘auriculae
2215 1566 2322 1598 tenuis

1327 1607 1461 1641 annulus
1483 1617 1524 1639 ex
1546 1605 1712 1639 oricalcho
1735 1604 1894 1648 pendebat
1908 1630 1920 1647 ‚
1944 1607 2127 1646 indicium,
2151 1613 2188 1639 ut
2212 1606 2325 1648 saepius

1329 1651 1426 1690 solet,
1450 1649 1556 1683 morbi
1580 1650 1612 1684 in
1637 1649 1786 1691 proximo
1810 1649 1905 1683 oculo
1927 1651 2008 1684 olim
2033 1648 2209 1692 praegreffi.
2235 1651 2324 1685 Cum

1330 1693 1415 1727 forte
1438 1704 1473 1727 os
1496 1691 1622 1729 hiarets
1646 1703 1765 1732 paucos
1789 1691 1939 1734 superesse
1962 1693 2099 1732 dentes,
2122 1693 2327 1728 animadver-

1330 1738 1377 1770 ti.
1511 1736 1593 1769 Haec
1617 1737 1777 1772 exterius;
1799 1736 1971 1769 incidendo
1984 1746 2089 1770 autem
2101 1760 2111 1777 ‚
2134 1737 2168 1768 in
2181 1736 2308 1770 Ventre
2321 1761 2332 1777 ,

1332 1779 1503 1817 Thorace,
1527 1779 1648 1821 Capite
1668 1788 1703 1811 ea
1724 1776 1920 1821 deprehendi
1943 1804 1952 1819 ‚
1982 1791 2054 1823 quae
2076 1802 2086 1818 ‚
2111 1779 2151 1812 ab
2175 1779 2238 1813 hoc
2262 1781 2330 1813 ini-

1337 1825 1421 1857 tium
1444 1823 1561 1857 ducens
1587 1847 1597 1859 ,
1631 1831 1778 1855 accurate
1812 1821 1988 1856 describam
2009 1849 2019 1858 .
2151 1823 2332 1857 Cerebrum

1337 1866 1493 1901 dissecans
1505 1892 1515 1908 ‚
1537 1867 1570 1899 in
1583 1864 1784 1899 Lateralibus
1794 1867 1980 1900 ventriculis
2006 1877 2095 1909 aquae
2107 1865 2310 1909 aliquantum
2322 1889 2332 1905 ‚

1335 1912 1370 1944 in
1394 1910 1541 1953 plexibus
1564 1918 1672 1943 autem
1692 1907 1915 1943 Choroidibus
1938 1922 1976 1944 eo
1999 1910 2167 1954 ipsovloco
2201 1911 2259 1944 ubi
2295 1912 2332 1945 in

1338 1954 1500 1996 superiore
1523 1952 1673 1987 cadavere
1697 1951 1871 1994 plurimas,
1895 1963 1990 1986 unam
2014 1954 2126 1987 saltem
2138 1952 2331 1995 hydatidem

1340 1997 1430 2036 vidi,
1456 1996 1509 2030 sed
1534 1995 1737 2037 majusculam
1753 2017 1762 2033 ‚
1786 2007 1858 2038 quae
1882 2007 2012 2030 mucum
2037 1998 2156 2039 pariter
2180 2010 2196 2031 a
2219 2000 2327 2040 primo

1339 2041 1574 2075 mentiebatur:
1601 2049 1670 2073 turn
1698 2039 1860 2073 Pinealem
1883 2040 2067 2081 glandulam
2091 2040 2263 2083 exiguam,
2279 2041 2331 2078 sed

1338 2095 1403 2118 non
1427 2085 1578 2127 exiguum
1603 2094 1662 2124 pro
1684 2094 1718 2115 ea
1742 2084 1899 2125 parvitate
1922 2083 2146 2127 corpusculum
2169 2086 2255 2119 intus
2279 2085 2336 2119 ha-

1339 2128 1489 2164 bentem,
1513 2127 1662 2161 abnormi
1684 2124 1811 2169 figura,
1834 2126 1949 2160 durum
1963 2151 1972 2165 ‚
2003 2138 2069 2161 non
2093 2126 2220 2162 friabile
2242 2154 2251 2168 ‚
2274 2141 2331 2163 co-

1336 2171 1406 2205 lore
1430 2169 1580 2204 subflavo
1603 2168 1772 2203 obsoleto.
1789 2171 1932 2212 vSpinalis
1955 2170 2092 2204 medulla
2120 2185 2130 2209 3
2155 2182 2228 2205 nam
2252 2171 2336 2207 hanc

1335 2226 1484 2258 quoque,
1507 2217 1537 2248 &
1559 2213 1738 2248 nobiliores
1760 2213 1903 2256 quosque
1929 2225 2043 2248 nervos
2055 2214 2116 2249 suis
2129 2217 2163 2249 in
2187 2215 2338 2255 sedibus,

1337 2266 1374 2292 ut
1397 2257 1510 2292 solitus
1534 2257 1623 2296 sum,
1647 2255 2078 2300 ostendebam-Discipulis;
2101 2257 2191 2292 valde
2213 2269 2280 2292 erat
2293 2260 2341 2292 la-

1337 2313 1396 2335 xa.
1532 2301 1570 2334 In
1592 2298 1745 2334 Thorace
1767 2312 1823 2334 cor
1849 2300 1918 2335 vidi
1944 2300 2009 2335 fine
2031 2301 2121 2343 ulla,
2143 2311 2178 2336 ut
2190 2304 2341 2346 expedia-

1339 2345 1415 2378 bam
1430 2370 1439 2385 ‚
1462 2343 1680 2390 pinguedine3
1703 2343 1753 2377 sed
1767 2367 1776 2382 ,
1800 2343 1888 2386 quod
1912 2356 1975 2378 non
1988 2345 2195 2386 expectabam
2218 2347 2252 2379 in
2270 2346 2342 2379 viro

1341 2388 1518 2432 praesertim
1541 2398 1631 2429 cujus
1654 2397 1785 2429 procera
1806 2390 1914 2429 potius
1938 2399 2004 2421 erat
2016 2388 2155 2427 statura,
2178 2392 2208 2423 δι
2231 2388 2343 2423 vitain

1344 2432 1513 2467 laboribus
1535 2429 1729 2469 attollendi,
1757 2433 1788 2464 δι
1810 2429 1936 2464 ferendi
1960 2443 2055 2466 onera
2078 2432 2201 2474 semper
2224 2433 2345 2472 fuerat,

1344 2475 1451 2509 cordis
1472 2486 1541 2508 earn
1553 2475 1745 2517 parvitatem
1758 2473 1879 2508 offendi
1904 2487 2000 2518 quarn
2022 2476 2056 2509 in
2068 2477 2186 2510 adultis
2198 2481 2341 2519 unq'nam

1346 2517 1540 2560 conspexisse
1564 2529 1629 2552 non
1653 2518 1808 2558 memini,·
1831 2521 1919 2559 pueri
1944 2520 2031 2552 enim
2052 2531 2106 2553 cor
2133 2519 2304 2554 videbatur
2328 2542 2341 2559 ,

1348 2573 1413 2595 non
1437 2562 1520 2601 viri,
1544 2564 1573 2594 &
1597 2562 1748 2594 omnibus
1771 2561 1902 2603 quidem
1927 2561 2203 2600 dimenfionibus‚
2226 2563 2342 2601 &his‚

1352 2606 1588 2649 proportione,
1614 2604 1824 2646 respondente
1848 2605 2212 2649 parietumfftenuitate.
2237 2608 2345 2640 Caete-

1353 2659 1425 2681 rum
1449 2658 1563 2690 praeter
1586 2659 1680 2683 venas
1704 2659 1775 2690 quae
1798 2650 1831 2681 in
1854 2647 1960 2682 cordis
1983 2648 2149 2691 superficie
2174 2650 2295 2684 alicubi
2313 2663 2346 2684 e·

1356 2701 1426 2725 rant
1450 2691 1598 2725 varicosae
1615 2718 1623 2730 ‚
1647 2690 1728 2724 nihil
1751 2701 1864 2730 extra,
1889 2691 1971 2725 nihil
1996 2693 2084 2725 intus
2095 2694 2169 2729 vitii
2182 2695 2344 2735 occurrit,

1358 2746 1394 2769 ut
1419 2745 1519 2776 neque
1543 2736 1576 2768 in
1599 2737 1711 2768 Aortae
1724 2735 1860 2769 valvulis
1875 2761 1885 2776 ‚
1907 2734 1998 2776 cujus
2022 2746 2127 2770 tamen
2153 2747 2285 2772 truncus
2298 2739 2348 2770 vi-

1358 2778 1491 2811 debatur
1515 2777 1573 2811 esle
1595 2777 1748 2811 dilatatus
1762 2801 1769 2808 .
1902 2780 2088 2821 Antequam
2099 2780 2138 2814 de
2151 2781 2273 2814 Ventre
2296 2780 2349 2815 di-

1358 2833 1419 2858 co,
1441 2822 1590 2855 omittere
1612 2820 1665 2854 hic
1689 2832 1835 2864 nequeo,
1861 2822 2070 2864 diaphragma
2094 2826 2128 2856 in
2151 2825 2255 2858 centri
2279 2824 2349 2860 sui,

1357 2874 1392 2898 ut
1416 2875 1555 2903 vocant,
1578 2866 1685 2898 nervei
1710 2874 1798 2906 parte
1821 2866 1950 2899 deXtera
1963 2864 2084 2901 factum
2098 2866 2188 2901 fuisse
2202 2867 2348 2906 osseum,

1358 2917 1414 2941 aut
1436 2918 1521 2941 certe
1548 2908 1592 2942 ibi
1617 2909 1701 2941 inter
1725 2909 1865 2949 pleuram
1883 2933 1895 2949 ‚
1928 2911 1957 2942 δέ
1980 2911 2192 2953 peritonaeum
2227 2910 2348 2945 osseam

1358 2952 1511 2985 laminam
1534 2950 1625 2985 fuisse
1649 2963 1711 2985 non
1725 2951 1803 2985 adeo
1815 2961 1941 2987 tenuem
1954 2976 1964 2992 ‚
1989 2952 2234 2998 sesquidigitum
2247 2955 2350 2989 trans-

1358 2993 1483 3029 versum
1526 2996 1655 3037 longam
1677 3020 1686 3034 ‚
1723 2995 1774 3028 sed
1804 2996 1964 3037 angustam
2004 2999 2144 3039 quodam
2177 2998 2350 3042 praesertim

1358 3049 1457 3081 prope
1480 3039 1616 3072 alterurn
1639 3050 1818 3072 extremum
1842 3040 1913 3073 loco
1934 3050 1946 3078 ⁷·
1981 3042 2019 3074 ad
2043 3051 2220 3075 extremum
2244 3053 2350 3079 autem

1357 3082 1493 3115 alterurn
1517 3094 1583 3124 quo
1607 3084 1708 3125 magis
1731 3081 1850 3116 accedit
1874 3106 1883 3121 ‚
1917 3096 1954 3117 eo
1977 3085 2072 3119 latior
2096 3084 2132 3118 fit
2156 3109 2168 3125 ,
2201 3084 2250 3120 sed
2274 3086 2354 3119 nus-

1356 3136 1452 3167 quam
1476 3126 1683 3160 latitudinem
1707 3125 1830 3167 superat
1854 3128 1952 3169 apicis
1973 3128 2070 3170 digiti
2085 3129 2232 3165 minimi3
2258 3128 2351 3162 affer-

1357 3170 1433 3201 vavi
1454 3170 1563 3205 enim,
1587 3172 1617 3202 ὅτ,
1639 3181 1712 3203 curn
1738 3170 1804 3202 haec
1828 3170 1997 3204 scriberem
2012 3197 2020 3210 ‚
2046 3172 2103 3205 sub
2125 3173 2231 3206 oculis
2254 3171 2353 3206 habea

1359 3211 1434 3245 barn
1447 3235 1455 3244 .
1587 3212 1712 3246 Venter
1735 3213 1892 3256 denique,
1915 3213 2096 3249 fiintestina
2109 3238 2118 3253 ‚
2142 3218 2172 3248 δε
2188 3216 2356 3250 ventricu-

1360 3255 1428 3288 lum
1452 3255 1630 3297 praesertim
1652 3279 1663 3294 ,
1697 3257 1834 3299 excipias
1858 3280 1867 3295 ‚
1892 3256 1978 3291 nihil
2002 3257 2102 3293 ferme
2124 3258 2242 3292 habuit
2265 3259 2356 3301 quod

1360 3308 1425 3331 non
1450 3298 1523 3331 effet
1546 3300 1629 3332 intra
1651 3309 1772 3332 naturae
1797 3302 1950 3335 modum.
1975 3303 2129 3336 Intestina
2152 3303 2205 3335 hic
2230 3302 2298 3335 illic
2322 3315 2356 3335 e-

1360 3351 1430 3374 rant
1455 3342 1552 3375 livida
1577 3343 1699 3389 macula
1737 3342 1910 3384 distineta‚·
1934 3346 2030 3378 mitto
2052 3346 2084 3379 id
2107 3345 2196 3387 quod
2219 3357 2258 3379 ex
2280 3357 2352 3378 nar-

1361 3394 1428 3417 rata
1451 3385 1602 3418 diuturna
1634 3386 1805 3428 rejectione
1845 3389 2071 3422 alimentorum
2108 3388 2320 3431 consequitur
2344 3412 2354 3427 ,

1361 3436 1475 3468 praeter
1499 3427 1627 3462 solitum
1650 3432 1818 3471 tenuiora,
1842 3430 1952 3465 Crassa
1975 3444 2126 3475 quoque·²
2150 3431 2199 3465 sed
2225 3432 2290 3467 haec
2318 3433 2357 3465 ad

1361 3471 1522 3519 breviores
1544 3481 1670 3504 tantum
1697 3474 1816 3506 traftus
1833 3497 1841 3511 ,
1868 3486 1923 3507 nec
1946 3473 2011 3508 sine
2033 3476 2240 3509 recrementis
2263 3499 2271 3513 ‚
2309 3474 2360 3509 scd

1368 3516 1554 3556 perpaucis.
1581 3517 1626 3547 At
1652 3518 1849 3550 ventriculus
1871 3518 2002 3551 insolita
2027 3521 2061 3551 in
2088 3519 2157 3552 sede
2184 3541 2193 3555 ‚
2225 3521 2256 3551 &
2279 3520 2360 3551 mira

1368 3558 1592 3605 longitudine,
1615 3567 1709 3600 atque
1732 3559 1912 3595 inflexione
1935 3561 2150 3604 spefflaculum
2175 3563 2267 3596 nobis
2281 3573 2361 3604 prae-

1371 3600 1443 3632 buit
1468 3602 1675 3634 inusitatum.
1702 3601 1863 3644 Incipiens
1886 3606 1970 3638 enim
1996 3605 2077 3638 uncle
2100 3606 2178 3639 solet
2222 3608 2236 3643 (
2257 3616 2359 3647 neque

1372 3646 1456 3675 enim
1482 3643 1532 3676 hic
1557 3643 1726 3691 oesophagi
1750 3648 1926 3689 quidquam
1952 3650 1984 3681 in
2018 3658 2161 3682 ventrem
2192 3647 2359 3682 descende-

1372 3696 1419 3719 rat
1444 3691 1453 3725 )
1479 3698 1532 3728 per
1555 3687 1713 3720 sinistrum
1737 3691 1856 3723 ventris
1880 3691 1961 3725 latus
1985 3693 2069 3724 reeta
2092 3692 2131 3726 ad
2155 3692 2247 3734 pub-is
2264 3690 2364 3733 usque

1372 3740 1407 3761 os
1431 3730 1457 3763 se
1483 3731 1672 3764 extendebat
1692 3753 1699 3767 ‚
1722 3733 1797 3765 inde
1821 3743 1927 3766 autem
1954 3735 1982 3767 se
2006 3734 2173 3769 refleftens
2209 3734 2329 3767 sursum
2355 3755 2365 3771 ‚

1372 3783 1406 3805 ac
1431 3773 1655 3815 dextrorsum,
1680 3776 1713 3807 in
1736 3776 1932 3812 Duodenum
1959 3777 2145 3813 intestinum
2170 3776 2331 3811 desinebat
2355 3801 2362 3808 .

2238 3823 2279 3854 La
2290 3823 2332 3853 ti-
