2498 4075
500 105 510 121 ι

377 231 532 296 Epist.
565 231 726 286 Anat.
763 230 980 286 Medica
1015 229 1211 286 LXIV.
1247 228 1364 283 Art·
1398 231 1555 293 1218.
1577 245 1652 293 ¹9·
1675 231 1828 285 &202

128 319 205 349 nes,
227 311 258 344 δέ
280 309 409 353 pulsus,
433 311 605 354 syncopem
619 332 628 346 ‚
649 311 849 352 internasque
875 309 1125 352 haemorrhagias

126 352 376 398 considerarem.
402 352 438 388 Id
462 355 483 387 fi
509 354 605 387 facias
614 364 628 393 ;
645 364 716 397 quat
738 353 777 388 ad
800 353 1044 397 Sepulchretum
1066 355 1123 389 ad-

125 396 204 436 das,
230 408 292 429 non
317 402 413 439 plruca
437 396 587 431 habebis.

172 451 221 480 17.
248 442 430 486 Antequam
453 440 491 474 de
514 439 694 482 improvisis
716 440 875 474 mortibus
886 452 915 476 „a
935 440 1063 485 Magnae
1076 452 1123 475 ar.

125 484 246 524 tei-iae„
281 493 335 517 aut
360 496 376 517 a
399 483 505 517 cordis
529 483 803 526 aneurysmatibus
818 506 827 521 ‚
854 483 1031 526 horumque
1063 496 1117 518 ru-

125 527 238 569 ptione
262 525 418 561 scribendi
441 525 537 560 finem
562 526 700 566 faciam
723 527 804 561 illud
834 525 961 564 fortasse
995 538 1033 560 ex
1068 539 1117 561 me

124 569 245 612 quaere's
268 594 276 608 ‚
310 582 348 602 an
374 573 456 604 inter
479 571 613 604 Veteres
634 580 764 613 quoque
798 569 945 613 accidisse
977 569 1047 604 illas
1077 572 1117 605 ab

124 613 237 646 iisdem
260 612 357 646 causis
380 636 393 653 ,
425 622 554 656 putem.
580 613 689 648 Plures
712 614 785 647 sane
814 623 891 648 tune
915 614 1011 646 etiam
1037 625 1121 647 mor·

124 665 198 690 tuos
222 665 350 698 repente
373 655 455 696 esse,
479 656 586 700 negari
611 668 675 689 non
700 659 828 697 potest,
859 657 946 701 quod
981 656 1051 691 aliis
1083 658 1122 692 ad

124 699 158 731 te
181 699 316 732 Litteris
339 698 403 742 (b)
425 701 558 733 memini
590 697 755 733 ostendisse
777 722 788 737 ,
821 703 854 735 δι
886 711 968 733 nunc
1002 700 1121 734 confir-

125 752 240 780 mare,
263 741 377 784 siopus
388 742 484 783 esset,
510 743 611 777 velex
622 743 781 777 Cicerone
804 743 874 787 ipso
898 742 1017 785 possem
1032 770 1039 783 ,
1062 755 1120 778 cu-

122 782 175 826 J'us
197 784 264 819 haec
288 796 401 827 nempe
426 786 497 819 sunt
520 786 613 819 verba
636 787 724 825 (c).·
745 788 809 819 At.
831 787 988 830 repentina
1022 794 1120 821 morte

118 828 238 870 periit.
261 828 353 878 Qod
366 827 396 870 fi
418 827 487 872 effer
510 829 556 863 ita
573 827 720 872 fastum;
744 837 847 863 tamen
871 840 906 864 ea
928 839 976 863 res
994 838 1121 871 propter

128 870 300 904 multorum
321 870 471 912 ejusmodi
492 880 622 906 mortem
636 897 644 910 ,
661 872 745 915 satis
772 871 900 915 firmam
929 874 1038 907 veneni
1064 871 1120 914 su-

120 911 295 955 spicionem
316 924 374 947 non
397 913 542 950 haberet.
567 916 675 958 Igitur
697 915 779 948 inter
803 914 993 958 improvisas
1003 917 1122 949 multo-

122 967 195 989 rum
218 966 336 990 mortes
358 968 417 992 cur
438 957 505 999 ejus
528 970 659 1003 quoque
683 959 804 1001 generis
825 959 864 992 de
895 971 962 1000 quo
992 960 1122 993 diceba-

124 1010 220 1040 πως,
255 1009 332 1034 tunc
364 1001 533 1044 contigiffe
555 1023 564 1039 ‚
598 1012 663 1035 non
696 1005 877 1045 putemus?
909 1001 1002 1036 Num
1036 1001 1121 1036 forte

120 1038 209 1084 quod
232 1043 272 1076 iis
293 1045 495 1087 temporibus
518 1045 558 1079 ab
581 1044 646 1079 illis
669 1046 834 1082 animum,
856 1046 1032 1088 corpusque
1064 1045 1121 1079 ab·-

120 1085 295 1127 stinerent,
320 1099 336 1121 a
358 1088 475 1131 quibus
497 1087 641 1123 homines
664 1088 715 1123 his
738 1088 849 1122 nostris
863 1098 928 1121 non
941 1088 1121 1121 abstinent?

120 1129 170 1170 At
193 1141 231 1163 ex
253 1141 364 1165 eorum
389 1131 560 1172 historiis,
582 1130 740 1174 librisque
761 1130 885 1165 constat
909 1153 919 1168 ,
952 1132 1001 1165 vel
1027 1132 1121 1173 longe

120 1173 228 1208 minus
260 1172 442 1209 abstinuisse
466 1199 475 1208 .
513 1176 559 1209 Et
588 1176 737 1217 quamvis
769 1185 809 1208 ex
839 1174 952 1209 iisdem
986 1175 1122 1210 minime

120 1215 267 1254 constet,
289 1217 319 1252 se
340 1219 392 1253 lue
418 1219 564 1253 Venerea
586 1216 744 1257 infecisse,
779 1222 852 1259 quae
885 1218 1050 1261 postquam
1084 1219 1124 1252 ab

119 1260 273 1294 America
296 1260 425 1295 tandem
448 1262 482 1296 in
507 1263 582 1295 alias
604 1262 752 1304 regiones
774 1261 868 1295 allata
894 1260 979 1300 fuit,
1002 1272 1065 1296 una
1085 1273 1124 1295 ex

118 1311 173 1336 tot
194 1303 294 1338 caufis
316 1304 383 1345 ipsa
404 1316 535 1349 quoque
559 1305 599 1339 est
623 1305 780 1339 vitiorum
802 1304 910 1338 cordis
932 1328 944 1344 ‚
976 1307 1008 1337 δι
1038 1314 1124 1339 arte-

119 1346 271 1387 riarum,
292 1347 497 1389 illiusrnodi;
516 1355 621 1382 tamen
645 1360 719 1382 cum
743 1348 865 1382 caeteris
896 1346 1016 1382 horum
1046 1359 1123 1383 cau-

122 1388 163 1422 sis
186 1390 236 1423 vel
260 1391 365 1433 magis
386 1402 484 1433 quam
505 1390 605 1426 nostri
616 1391 783 1429 homines,
809 1391 1017 1425 abuterentur
1034 1416 1044 1431 ,
1066 1401 1123 1425 cur

120 1434 230 1475 pravis
252 1445 362 1469 earum
371 1433 537 1470 effestibus
547 1446 611 1468 non
625 1434 663 1468 ad
676 1435 814 1477 eundem
838 1434 974 1469 modun-i
983 1434 1122 1468 obnoxii

121 1475 220 1510 essent
251 1499 262 1514 ‚
307 1477 393 1513 haud
436 1478 538 1512 video
577 1502 586 1511 .
639 1479 754 1512 Tanto
798 1486 903 1512 autem
946 1477 980 1512 id
1014 1480 1122 1512 minus

122 1520 219 1553 video
242 1514 317 1555 ci‘im
341 1532 448 1556 earum
473 1522 511 1556 ad
534 1520 594 1556 hos
626 1522 757 1556 morbos
788 1519 1034 1563 dispositionum
1069 1532 1123 1554 ve-

116 1563 170 1596 nit
193 1564 227 1595 in
250 1574 413 1604 mentem,
435 1576 512 1608 quas
537 1577 553 1598 a
577 1565 764 1607 primordiis
786 1564 884 1607 usque
908 1573 1122 1606 extare,cum

119 1604 270 1640 Lancifio
295 1620 344 1641 me
377 1608 454 1642 alias
488 1608 578 1648 (d)
610 1607 798 1650 agnovisse,
828 1608 1011 1641 memineris
1033 1632 1041 1641 .
1079 1608 1123 1640 Iis

119 1651 205 1683 enim
229 1649 493 1693 dispofitionibus
526 1651 601 1692 quis
634 1652 790 1684 Veterum
822 1662 958 1693 corpora
986 1651 1123 1684 omnino

115 1692 247 1727 caruisse
270 1716 279 1731 ‚
314 1695 512 1728 contendat?
536 1697 651 1736 Itaque
673 1705 729 1727 eos
752 1706 769 1727 a
793 1704 842 1727 me
876 1695 1007 1735 probari
1041 1692 1122 1728 faci-

114 1736 146 1769 le
168 1735 427 1781 intelligis‚fqui
450 1736 532 1772 illud
568 1736 656 1779 quod
689 1746 726 1771 tu
753 1759 767 1776 ‚
798 1737 1017 1779 quaerentibus
1041 1761 1050 1777 ,
1083 1737 1122 1772 ad

115 1778 254 1813 eundem
286 1778 354 1815 fere
387 1780 522 1816 modum
564 1778 821 1823 respondendum
863 1780 922 1815 esse
943 1804 954 1821 ,
993 1780 1121 1815 censue.

119 1831 216 1856 runt.
1004 1842 1007 1844 —

83 1862 84 1865 ’
170 1866 218 1899 18.
240 1866 377 1911 Jamque
409 1867 492 1901 hane
527 1877 614 1900 eram
648 1865 829 1908 Epistolam
864 1866 1088 1909 obsignaturus
1112 1894 1123 1909 ,

120 1919 194 1942 cum
226 1911 352 1945 occasio
384 1907 459 1944 data
492 1909 537 1944 est
561 1908 833 1943 observationem
865 1909 1003 1944 habendi
1050 1922 1123 1952 quae

120 1952 158 1986 ad
182 1953 324 1988 Litteras
348 1955 500 1989 attineret
524 1954 558 1986 in
590 1953 710 1996 quibus
742 1953 783 1987 de
816 1952 967 1995 pulsuum
999 1955 1088 1987 vitiis
1112 1978 1122 1995 ,

117 1998 149 2029 δε
172 1995 211 2029 de
234 1998 325 2031 aurita
358 1996 582 2040 magnitudine
613 1995 720 2029 cordis
746 2019 754 2033 ,
786 2004 822 2036 ut
856 1997 892 2030 in
922 1996 972 2031 his
1004 1996 1078 2040 ipsis
1109 2018 1121 2036 ‚

117 2039 224 2073 aflum
247 2040 344 2074 esset.
370 2041 466 2076 Illam
489 2041 589 2083 igitur
611 2037 674 2074 huc
700 2039 899 2073 adscribam.

164 2092 213 2124 19.
247 2084 281 2116 V
306 2084 322 2116 Ι
346 2082 379 2116 R
423 2095 521 2117 annos
564 2091 658 2116 natus
693 2081 731 2117 ad
769 2082 935 2125 sexaginta
957 2105 968 2121 ,
1002 2082 1120 2117 adven-

116 2135 209 2161 tante
233 2126 287 2160 die
315 2126 378 2160 VI.
403 2127 478 2160 Kal.
502 2125 650 2160 Februar.
676 2137 760 2159 anno
782 2127 844 2160 hoc
871 2127 1020 2177 ¹75921'n
1044 2127 1121 2160 No-

115 2170 261 2204 socomio
284 2167 454 2204 decesserat
478 2170 563 2203 inter
593 2167 734 2203 difficilis
767 2168 987 2212 respirationis
1020 2181 1129 2213 angu-.

114 2213 189 2248 stias
213 2237 222 2245 .
256 2213 308 2247 Ibi
344 2224 509 2257 nunquam
537 2238 546 2253 ,
578 2210 636 2245 nisi
670 2213 709 2246 de
738 2212 788 2246 his
811 2234 821 2250 ,
861 2213 986 2255 questus
1017 2223 1083 2247 erat
1109 2240 1119 2255 ,

115 2268 175 2295 nec
198 2256 364 2290 levaminis
387 2257 566 2300 quidquam
590 2280 601 2295 ,
634 2254 693 2289 nisi
718 2267 736 2290 a
767 2266 855 2289 venae
891 2256 1032 2291 sectione
1068 2269 1128 2290 re->

115 2302 234 2335 tulerat
255 2323 268 2340 ,
300 2300 398 2342 idque
427 2302 459 2334 δι
501 2300 656 2341 exiguum
680 2322 688 2337 .
735 2301 765 2332 &
798 2299 893 2333 breve
918 2324 926 2332 .
977 2301 1119 2335 Decimo

116 2354 190 2378 ante
212 2343 416 2377 obitum'die
452 2343 559 2385 pulsus
595 2344 650 2375 vix
684 2341 768 2376 ullus
800 2343 921 2386 percipi
954 2352 1081 2386 poterat
1107 2369 1118 2384 ‚

115 2388 222 2421 multo
246 2398 354 2421 autem
375 2387 481 2420 minus
504 2386 630 2420 cunffis
652 2386 710 2427 qui
733 2384 870 2420 insecuti
896 2385 970 2420 sunt
993 2410 1005 2427 ,
1045 2386 1118 2421 die-

115 2432 174 2465 bus
198 2452 207 2467 ,
239 2442 312 2465 cum
337 2430 438 2465 homo
463 2440 567 2463 tamen
592 2429 629 2462 ad
665 2438 846 2462 extremum
881 2430 978 2472 usque
1012 2441 1116 2464 mente

114 2475 260 2518 viguerit
285 2498 296 2514 ‚
328 2474 431 2506 libens
470 2474 660 2506 alimentum
697 2472 865 2514 sumpserit
888 2497 896 2512 ,
930 2474 963 2505 in
995 2473 1115 2507 lectulo

116 2519 148 2552 se
173 2529 302 2551 movere
327 2517 491 2557 valuerit,
523 2517 624 2559 quin,
649 2514 669 2547 fi
696 2516 848 2549 ultimum
863 2517 1001 2558 excipias
1015 2517 1115 2557 diem,

115 2561 240 2602 semper
263 2560 515 2602 quotiescunque
538 2559 642 2601 major
677 2558 772 2592 solito
806 2559 1028 2601 respirationis
1062 2572 1116 2593 an-

116 2605 220 2648 gustia
243 2614 393 2646 cogeret,
419 2604 543 2644 impetu
567 2601 707 2644 quodam
733 2602 762 2636 se
786 2603 822 2637 ad
847 2602 1015 2638 sedendum
1038 2615 1117 2637 con-

115 2650 213 2682 tinuo
235 2657 381 2691 erigere.
406 2648 514 2680 Facies
546 2656 612 2680 erat
645 2656 683 2679 ex
713 2647 813 2680 rubro
846 2647 989 2680 violacea
1007 2670 1016 2678 .
1050 2648 1117 2680 Ni-

1154 524 1408 567 suspicabantur
1434 549 1443 557 .

2008 243 2104 294 425

1174 308 1226 343 hil·
1245 308 1332 351 quod
1358 309 1541 344 morbosum
1563 308 1637 343 ess'et
1661 332 1671 348 ,
1701 310 1927 354 expefforabat
1943 335 1954 352 ‚
1988 311 2045 345 nisi
2082 312 2170 354 quod

1174 352 1276 387 biduo
1298 361 1369 385 ante
1394 363 1529 387 mortem
1553 352 1720 395 sanguinea
1745 354 1871 398 aliquot
1895 354 1989 396 sputa
2013 366 2170 398 apparue-

1174 404 1250 430 runt
1273 416 1281 426 .
1306 396 1391 438 Qiae
1415 406 1492 430 vero
1515 395 1553 429 ad
1575 397 1670 430 initia
1694 397 1827 439 morbi,
1848 397 2018 441 causasque
2050 401 2169 433 attine-

1173 447 1268 475 rent,
1292 450 1364 472 cum
1385 438 1486 473 homo
1506 439 1581 475 esset
1604 440 1801 482 alienigena,
1823 440 2071 484 quaerentimihi
2095 440 2167 484 post

1175 491 1314 516 mortem
1346 482 1424 517 seire
1454 494 1518 517 nou
1551 483 1646 517 licuit
1669 506 1678 514 .
1715 483 1862 518 Bibacem
1895 494 2000 519 tamen
2043 482 2168 525 fuisse.v

1567 525 1978 569 VENTREM,
2008 529 2040 561 δι
2072 526 2169 561 Tho-

1168 579 1272 603 racem
1299 569 1460 602 Mediavia
1492 568 1595 603 noster
1629 580 1704 603 cum
1738 571 1908 611 aperuisset
1944 574 1979 606 in
2014 570 2168 608 Nosocoe
2203 578 2207 580 ’

1173 613 1265 650 mio3
1288 612 1322 644 in
1347 612 1446 645 altero
1469 622 1604 654 aquam,
1628 612 1675 646 sed
1689 614 1793 648 multo
1808 615 1877 655 plus
1900 615 1933 647 in
1959 615 2065 657 primo
2089 613 2168 648 fuis-

1172 655 1202 689 se
1225 680 1234 694 ,
1266 656 1401 694 retulit,
1424 656 1708 698 ventriculumque
1733 657 1930 698 peramplum
1945 671 1952 678 ·
1978 659 2011 691 in
2035 658 2167 691 Thora-

1170 710 1206 732 ce
1229 707 1334 731 autem
1358 698 1543 739 pulmonem
1567 698 1735 733 dexterum
1759 702 1844 733 arete
1868 701 1905 734 ad
1929 701 2073 742 pleuram
2109 700 2168 734 ad-

1170 739 1317 776 haefiffe.
1351 741 1457 778 Quem
1478 751 1552 775 cum
1577 742 1705 776 sinistro
1727 764 1739 782 ‚
1775 745 1806 776 δι
1829 746 1952 777 caeteris
1974 755 2046 785 quae
2077 745 2166 777 intra.

1170 782 1356 818 Thoracem
1379 783 1471 820 sunt,
1493 795 1532 817 ex
1555 786 1594 818 iis
1617 795 1725 819 autem
1748 797 1819 829 quae
1842 786 1916 820 sunt
1949 787 1983 819 in
2008 787 2131 820 Ventre
2157 810 2169 827 ,

1171 828 1290 867 Magna
1314 826 1406 864 vasa,
1429 829 1461 860 δε
1482 827 1641 870 quidquid
1664 827 1729 862 fere
1752 829 1789 863 ad
1813 830 1966 863 urinarias
1981 853 1990 869 ,
2011 832 2042 864 δε
2075 829 2185 871 ζωῇ,

1171 872 1249 904 tales
1274 879 1377 911 partes
1400 870 1538 910 attinet,
1561 871 1599 906 ad
1624 883 1693 908 me,
1718 881 1753 905 ut
1785 873 1940 913 petieram
1962 894 1974 911 ,
2008 871 2168 907 afferenda.

1171 915 1296 948 curavit
1311 938 1319 953 ‚
1342 915 1375 946 in
1401 913 1581 954 Gymnafio
1604 915 1788 949 Anatomen
1820 915 1991 950 docentem
2014 941 2021 948 .
2059 917 2167 957 Igitur

1173 956 1365 999 inspeximus
1387 955 1582 998 diligenter:
1606 969 1707 1001 neque
1730 961 1763 993 in
1787 959 1992 1001 pulmonibus
2026 958 2169 993 morbosi

1172 999 1351 1042 quidquam
1374 999 1532 1035 vidimus.
1557 1000 1774 1036 Pericardium
1797 1011 1864 1036 erat
1895 1003 2068 1036 dilatatum
2090 1025 2100 1040 ,
2135 1005 2170 1037 δε

1174 1044 1265 1077 sicuti
1299 1043 1471 1077 sluffliatio
1503 1044 1668 1079 indicabat
1691 1067 1702 1083 ,
1735 1045 1903 1080 humorem
1942 1046 2131 1080 continebat
2153 1068 2169 1086 ,

1173 1088 1229 1129 qui
1252 1097 1331 1128 aqua
1355 1098 1418 1120 non
1444 1088 1545 1122 multa
1568 1087 1652 1127 fuit,
1676 1100 1774 1131 eaque
1807 1089 1893 1123 flava
1917 1103 1926 1122 :
1959 1101 2026 1132 quo
2056 1090 2169 1123 colore

1173 1138 1210 1163 ut
1233 1128 1335 1175 serum
1359 1129 1471 1168 fuisse,
1492 1131 1670 1172 dixerunt,
1690 1131 1791 1165 emiffi
1814 1145 1830 1166 e
1853 1134 1980 1166 vivente
1991 1131 2168 1174 sanguinis,

1173 1173 1218 1206 ita
1243 1184 1319 1207 mox
1343 1174 1532 1207 interiorem
1555 1173 1676 1209 disset-‘u
1696 1175 1822 1213 cordis,
1844 1176 1877 1209 ὅτ
1899 1177 2087 1210 arteriarum
2119 1173 2170 1208 fa-

1173 1217 1256 1250 ciem
1288 1217 1408 1260 ubique
1452 1215 1606 1252 inferaani
1640 1218 1925 1253 animadvertimus
1949 1245 1956 1252 .
1989 1220 2059 1253 Cor
2101 1230 2170 1252 ma-

1174 1271 1296 1302 gnum,
1326 1259 1392 1303 ejus
1426 1259 1576 1294 omnibus
1609 1261 1714 1295 caveis
1735 1282 1745 1300 ,
1781 1272 1842 1295 una
1875 1271 2008 1304 excepta
2045 1260 2168 1295 sinistra

1174 1303 1317 1338 auricula
1342 1328 1352 1343 ‚
1399 1304 1603 1345 amplificatis
1624 1326 1634 1342 ‚
1669 1315 1734 1338 non
1767 1313 1876 1339 tamen
1907 1314 2077 1341 extenuata
2114 1316 2171 1348 pa·

1174 1347 1293 1380 rietum
1335 1345 1534 1381 craffitudine
1566 1359 1580 1388 ;
1622 1349 1690 1382 imo
1734 1348 1822 1382 au&a
1856 1348 1964 1390 paffim
1999 1361 2087 1392 aeque
2133 1360 2172 1384 ac

1175 1389 1381 1432 longitudine
1424 1391 1458 1423 in
1503 1391 1655 1428 omnibus
1689 1391 1796 1426 cordis
1818 1392 1966 1435 partibus
1991 1415 2000 1431 ,
2034 1395 2064 1426 &
2087 1403 2167 1435 prae-

1173 1434 1266 1475 cipue
1290 1434 1323 1467 in
1345 1434 1506 1469 columnis
1522 1459 1529 1466 .
1555 1435 1767 1478 Amplificata
1789 1434 1984 1471 manifestius
2005 1437 2040 1470 in
2062 1436 2171 1479 longi-

1173 1476 1321 1511 tudinem
1336 1502 1346 1518 ,
1370 1479 1401 1510 δε
1423 1477 1635 1512 latitudinem
1655 1478 1795 1513 auricula
1818 1478 1970 1521 dextera,
1994 1479 2061 1523 ipsa
2085 1492 2172 1522 quo-

1173 1531 1236 1561 que
1259 1522 1427 1553 interiores
1450 1521 1587 1556 lacertos
1610 1521 2049 1560 craffiores‚&exstantiores
2065 1523 2174 1557 osten-

1174 1563 1268 1596 debat
1287 1587 1294 1594 .
1320 1563 1455 1607 Sanguis
1477 1566 1510 1597 in
1533 1576 1569 1598 ea
1593 1565 1738 1606 multus,
1770 1574 1805 1600 ut
1838 1567 1871 1600 in
1904 1577 2044 1611 utroque
2076 1568 2173 1601 etiam

1175 1607 1379 1645 ventriculo,
1402 1606 1492 1648 isque
1513 1609 1730 1650 nigerrimus,
1752 1609 2062 1651 &semiconcretus‚
2087 1610 2173 1644 nihil

1175 1660 1288 1688 tamen,
1303 1650 1453 1694 polypofi
1478 1650 1597 1685 habens
1613 1676 1622 1684 .
1644 1651 1860 1688 Valvularum
1892 1654 2057 1696 utriusque
2091 1663 2176 1691 arte-

1173 1694 1230 1726 riae
1253 1704 1383 1736 aggeres
1407 1695 1509 1736 magis
1542 1693 1730 1733 exstabant3
1768 1695 1819 1730 sed
1851 1708 2040 1740 quanquam
2074 1709 2174 1740 prope

1173 1747 1269 1770 unam
1293 1737 1541 1772 Semilunarium
1564 1737 1642 1773 offei
1664 1738 1832 1782 quidpiam
1855 1750 1942 1779 erat;
1976 1741 2056 1776 nihil
2089 1739 2178 1782 ejus-

1174 1779 1265 1814 modi
1289 1781 1322 1813 in
1346 1781 1412 1814 ulla
1435 1781 1563 1815 valvula
1585 1780 1718 1825 usquam
1740 1783 1805 1818 fuit
1820 1785 1888 1818 ..In
1913 1785 2019 1828 aliqua
2041 1796 2081 1819 ex
2104 1786 2174 1819 val-

1174 1824 1258 1857 vulis
1279 1835 1352 1866 quae
1374 1835 1461 1858 venae
1483 1823 1581 1858 Cavae
1604 1826 1737 1861 orificio
1751 1826 1977 1869 subjiciuntur
1997 1854 2005 1869 ,
2029 1830 2176 1872 itemque

1173 1868 1209 1899 in
1234 1867 1352 1901 minori
1379 1867 1511 1900 Mitrali
1533 1869 1694 1912 quandam
1731 1870 1849 1905 alicubi
1882 1872 2040 1907 duritiem
2073 1875 2178 1907 carti-

1174 1910 1332 1952 lagineam
1356 1911 1664 1948 animadvertimus.
1689 1914 1770 1947 Non
1802 1915 1937 1950 dilatata
1970 1917 2098 1950 inventa
2129 1917 2175 1951 est

1174 1954 1295 1987 arteria
1320 1955 1522 1988 Pulmonaris
1544 1978 1557 1995 ‚
1590 1967 1655 1990 non
1680 1958 1800 2000 Magna
1816 1981 1826 1991 .
1851 1960 1890 1994 In
1915 1960 1976 1994 hac
1999 1970 2105 1995 autem
2134 1960 2177 1995 ad

1173 1998 1287 2031 Iliacas
1309 1997 1407 2040 usque
1429 1997 1580 2037 differita,
1603 2003 1636 2034 δι
1657 1999 1776 2036 detersa
1794 2026 1802 2041 ,
1821 2002 1877 2036 etsi
1911 2004 2074 2038 albedines
2108 2005 2175 2043 511ae

1173 2039 1364 2083 quibusdam
1387 2040 1470 2075 locis
1491 2053 1555 2075 non
1579 2043 1733 2083 deerant,
1755 2045 1875 2080 indicia
1899 2045 2005 2081 futuri
2025 2048 2120 2088 ossis;
2140 2059 2178 2081 re

1173 2094 1278 2117 tamen
1303 2095 1374 2118 vera
1398 2083 1476 2118 offei
1500 2085 1585 2120 nihil
1608 2088 1693 2126 fuit;
1718 2087 1741 2121 si
1765 2099 1865 2123 unum
1890 2092 2030 2132 excipias
2053 2091 2176 2131 locum,

1172 2139 1309 2170 eumque
1334 2130 1445 2169 procul
1469 2140 1484 2161 a
1508 2130 1628 2171 corde,
1650 2134 1682 2165 ὃς
1703 2143 1860 2174 parvum.
1886 2133 1984 2173 Quod
2006 2135 2172 2179 reliquum

1170 2170 1216 2220 es't
1239 2194 1248 2207 ,
1281 2172 1420 2204 urinaria
1445 2169 1568 2213 vesica,
1590 2186 1688 2217 quarn
1710 2174 1803 2210 simul
1825 2187 1899 2211 curn
1922 2179 1963 2211 iis
1983 2178 2023 2213 de
2056 2179 2184 2222 quibus

1170 2214 1295 2248 dietum
1319 2214 1392 2254 est,
1433 2215 1583 2250 Partibus
1617 2227 1691 2252 ante
1729 2218 1988 2261 septuagesimam
2024 2232 2041 2253 a
2071 2233 2184 2257 morte

1171 2257 1285 2308 horam
1307 2257 1454 2300 inspexi,
1478 2269 1519 2292 ex
1542 2258 1707 2305 sublivido
1729 2263 1834 2296 virere
1857 2263 1921 2304 jam
1936 2267 2173 2308 coeperat3sed

1169 2309 1312 2335 exterius
1336 2301 1461 2340 solum;
1484 2303 1619 2339 interius
1642 2306 1730 2340 enim
1758 2305 1929 2341 secundum
1965 2318 2114 2343 naturam
2146 2312 2177 2345 se

1168 2343 1310 2378 habebat
1323 2368 1343 2394 ,²
1358 2353 1393 2378 ut
1418 2356 1457 2378 ex
1479 2357 1518 2379 eo
1538 2358 1669 2392 quoque
1690 2349 1859 2392 cognosces
1882 2352 1969 2394 quod
2004 2364 2082 2387 cum
2117 2366 2177 2388 ex-

1169 2398 1287 2430 ponere
1311 2387 1364 2421 hic
1389 2391 1496 2429 paucis
1518 2399 1583 2423 non
1607 2392 1741 2433 poflim3
1763 2396 1999 2437 opportuniore
2022 2398 2053 2430 &
2090 2405 2177 2433 teni-

1167 2441 1267 2472 pore,
1292 2433 1325 2463 Ec
1349 2432 1424 2464 loco
1446 2435 1509 2472 (e)
1532 2443 1600 2466 non
1620 2437 1773 2470 omittam
1791 2461 1798 2470 .

1201 2484 1261 2524 ¹ao.
1288 2475 1474 2517 Intelligis,
1495 2487 1573 2509 cum>
1592 2476 1674 2512 hanc
1698 2478 1868 2515 historiam
1892 2481 2062 2524 adjicerem
2078 2509 2090 2526 ,
2112 2491 2173 2528 pti-0*

1167 2515 1261 2550 blicis
1285 2516 1378 2551 fuisse
1402 2529 1450 2552 me
1473 2521 1754 2564 occupationibus
1775 2523 1972 2562 distentum.
1997 2530 2172 2568 Quamob-

1167 2571 1321 2638 ssffienon
1344 2561 1515 2597 miraberis
1534 2588 1548 2604 ‚
1583 2565 1670 2607 quod
1694 2565 1784 2610 super
1806 2580 1843 2602 ea
1863 2569 1948 2604 nihil:
1968 2571 2171 2609 addiderim.

1520 2658 1533 2679 N

217 2849 703 2916 EPISTOLA

765 2849 1830 2942 ANATOMICO-MEDICA
1882 2861 2081 2930 LXV.

561 2983 654 3037 Ad
689 2983 957 3049 plerosque
990 2985 1177 3037 attinet
1213 2960 1423 3040 Ventris
1456 2987 1711 3047 Morbos.

252 3112 328 3147 Uod
351 3114 384 3147 in
408 3114 568 3149 Thoracis
590 3114 720 3148 Morbis
741 3112 801 3147 feci
816 3138 824 3152 ‚
847 3111 1012 3147 idemfiin
1025 3114 1115 3147 Ven-

262 3159 320 3189 tris
343 3157 471 3191 Morbis
493 3158 595 3192 facere
617 3169 680 3191 non
705 3166 819 3199 potero
836 3176 847 3193 ‚
870 3165 906 3190 ut
927 3168 1006 3198 quas
1028 3169 1044 3189 a
1065 3168 1115 3190 me

267 3200 384 3234 horum
417 3201 667 3235 Observationes
698 3201 841 3243 expeetas
864 3223 873 3238 ‚
914 3211 1024 3233 ornnes
1064 3199 1114 3234 his

261 3244 331 3276 unis
352 3244 548 3285 complefilar
573 3244 733 3280 Litteris;
757 3253 788 3277 at
812 3252 897 3276 certe
919 3254 1049 3282 operam
1059 3243 1113 3277 da-

116 3289 182 3327 bo,
206 3296 243 3321 ut
266 3297 363 3329 quam
387 3287 591 3328 paucioribus
622 3296 735 3329 potero
759 3309 771 3327 ‚
800 3286 1067 3327 comprehendam
1101 3310 1110 3321 .

116 3331 236 3372 Neque
261 3331 345 3363 enim
367 3330 429 3364 illae
454 3331 562 3363 multae
588 3329 680 3368 sunt,
713 3334 744 3364 δι
777 3331 934 3371 pleraeque
968 3330 1076 3363 breves
1098 3352 1108 3360 .

115 3373 183 3408 Sed
226 3381 263 3406 ut
305 3384 388 3405 raras
430 3373 604 3407 novissimis
653 3376 742 3406 annis
795 3371 970 3406 occasiones
1012 3372 1108 3407 habui

116 3426 267 3450 mortuos
290 3427 328 3450 ex
351 3417 489 3450 Ventris
513 3415 734 3450 affeffionibus
757 3413 949 3453 dissecandi;
979 3417 1022 3449 ita
1056 3416 1111 3450 sae-

118 3472 159 3503 pe
183 3461 215 3492 in
239 3471 274 3498 ea
296 3457 399 3492 incidi
423 3471 494 3502 quae
518 3460 573 3492 alii
596 3460 736 3499 interea,
761 3468 816 3492 aut
851 3468 940 3492 antea
972 3458 1110 3500 ejusmo-

117 3504 151 3537 di
176 3510 311 3545 corpora
336 3502 471 3536 secantes
492 3525 505 3542 ,
535 3502 811 3544 deprehenderunt
837 3527 844 3534 .
879 3503 988 3541 Qare
1011 3504 1111 3537 utSe-

119 3546 289 3591 pulchreto
321 3546 412 3587 possis
441 3545 554 3579 addere
578 3571 586 3585 ‚
623 3546 755 3579 subinde
786 3547 839 3578 illa
859 3571 870 3586 ‚
901 3546 1110 3588 quemadmo-

203 3589 368 3632 Morgagni
389 3590 423 3623 de
445 3589 512 3622 Sed.
537 3589 579 3622 θ
603 3588 689 3631 Caus.
713 3589 812 3623 Morb.
839 3590 938 3624 Tom.
966 3591 1011 3623 II.

1167 3117 1244 3151 dum
1268 3119 1301 3150 in
1327 3118 1420 3168 missis
1444 3117 1484 3168 ad
1505 3129 1536 3152 te
1560 3121 1712 3163 Epistolis
1735 3122 1895 3169 feceram,
1919 3130 2060 3172 ipsarum
2092 3132 2161 3169 fere

1165 3161 1288 3194 servato
1312 3162 1428 3196 ordine
1443 3185 1454 3202 ,
1475 3164 1625 3197 indicabo
1640 3190 1647 3197 .

1208 3215 1236 3236 2.
1262 3205 1305 3237 Et
1330 3206 1493 3255 primum,
1517 3208 1602 3250 quod
1626 3208 1663 3242 ad
1688 3211 1792 3245 Jaesam
1815 3215 1932 3248 attinet
1956 3219 2157 3255 Deglutitio-

1163 3258 1257 3286 nem,
1278 3247 1363 3286 legas
1387 3248 1483 3282 velim
1511 3276 1520 3289 ,
1552 3253 1677 3292 qualem
1702 3257 1876 3296 angustiam
1909 3261 1940 3293 in
1974 3255 2042 3294 imo
2072 3264 2157 3297 ceso-

1161 3289 1273 3341 pha-go·
1291 3291 1331 3323 ab
1362 3292 1648 3328 intumescentibus
1680 3295 1773 3339 hujus
1804 3302 1923 3335 tunicis
1946 3326 1956 3341 ‚
2000 3309 2065 3338 nec‘
2089 3309 2157 3341 sine*

1161 3333 1290 3383 indiciis
1313 3334 1483 3375 praegress‘ae
1508 3337 1627 3384 ibidem
1651 3341 1872 3376 excrescentiae
1896 3368 1907 3384 ‚
1953 3341 2153 3383 animadver-

1160 3386 1236 3409 terit
1271 3377 1350 3410 Abr.
1381 3379 1514 3413 Vaterus
1538 3388 1547 3422 (
1572 3392 1589 3411 a
1605 3383 1626 3422 )
1647 3403 1658 3418 γ
1690 3393 1781 3422 tum,
1806 3387 1863 3419 nisi
1888 3399 1978 3423 antea
2002 3392 2119 3426 videris
2141 3417 2156 3434 ,

1160 3431 1231 3462 quae
1262 3432 1299 3470 ex
1333 3422 1479 3463 pluribus
1512 3421 1785 3461 Observatoribus
1819 3431 1918 3465 relata
1956 3433 2028 3467 sunt
2069 3438 2155 3479 apud

1163 3462 1313 3512 Amplisl'.
1349 3465 1558 3499 Swietenium
1590 3468 1681 3510 (b)
1710 3470 1747 3504 de
1781 3474 1854 3512 gula
1877 3497 1886 3511 ‚
1918 3476 2028 3510 eodem
2052 3499 2063 3515 ,Δ
2097 3491 2152 3515 aut

1160 3506 1320 3542 superiore
1364 3510 1459 3541 etiam
1504 3509 1576 3544 loco
1619 3515 1805 3556 perangusta
1837 3527 1847 3553 3
1890 3518 1979 3562 quod
2031 3525 2153 3559 tuuicae

1160 3548 1254 3584 essent
1299 3551 1333 3583 in
1386 3551 1577 3588 sciri-hosam
1607 3558 1708 3633 ‚I-Issf¹
1731 3561 1890 3634 hvomicis
1943 3561 2094 3600 refertam
2138 3593 2152 3610 ,

2055 3620 2110 3645 aut

178 3790 192 3853 ἑ
208 3790 223 3815 b
243 3789 251 3816 l
266 3791 337 3826 Epist.
355 3793 395 3814 ²6.
412 3798 436 3815 n.
455 3798 474 3816 i.
528 3793 548 3826 ‘t
563 3800 575 3816 e
590 3793 604 3821 )
619 3794 691 3827 Qrat.
710 3800 754 3821 pto
770 3794 799 3817 A.
816 3793 947 3822 Cluentio.

209 3830 225 3846 a
241 3822 255 3851 )
271 3823 333 3853 Disp.
348 3822 378 3846 de
392 3823 488 3853 Deglut-
504 3823 581 3848 Diffie.
599 3822 622 3847 8:
637 3823 727 3853 impeti.
742 3824 802 3850 Hist.
818 3831 839 3853 3.

1009 3790 1023 3824 ζ
1038 3795 1054 3818 d
1069 3793 1079 3821 l
1096 3798 1166 3826 Epist.
1183 3806 1220 3826 27.
1238 3806 1260 3822 n.
1278 3803 1298 3823 ⁴.

901 3826 912 3850 <
927 3824 941 3849 b
957 3825 965 3856 )
982 3827 1122 3853 comment.
1139 3830 1162 3853 in
1181 3830 1264 3855 Βεπιειῐιι
1284 3833 1346 3859 Apu.
1365 3832 1389 3862 §-
1409 3839 1461 3862 797.

1360 3802 1373 3829 (
1389 3810 1400 3825 e
1415 3801 1429 3829 )
1445 3802 1497 3828 vid.
1515 3804 1588 3835 Epist.
1602 3809 1642 3831 66.
1658 3814 1681 3832 n.
1699 3814 1736 3832 ιο,
