2498 4075
295 131 393 176 ptio,
415 133 448 171 ,ὃζ
470 129 649 173 plurimum
674 137 779 163 tamen
803 138 890 174 aquae
913 131 946 163 in
977 127 1140 172 utriusque
1173 130 1304 164 thorace

294 184 457 215 repertum
480 173 522 207 est
539 199 546 205 .
684 174 846 216 Intelligis
870 184 1020 217 quoque,
1043 173 1211 207 cumidem
1223 175 1303 207 Hel·

294 217 433 255 wichius
457 220 526 257 (n)
550 215 684 249 viciffim
707 228 772 250 non
796 217 979 256 dubitavit,
1001 215 1116 258 quibus
1141 217 1301 251 illiusmo-

295 260 330 298 di
353 262 548 302 interruptio
570 257 609 291 fit
624 283 632 295 ,
660 259 719 292 hos
742 271 817 293 vero
841 259 982 293 thoracis
1004 258 1152 303 hydrope
1167 262 1300 294 iabora-

295 315 349 340 re,
373 303 557 344 intelligis,
584 304 716 345 inquam
733 326 744 343 ,
770 304 840 346 plus
863 302 965 335 videri
988 314 1085 345 quam
1097 303 1275 347 arqunmsrt
1291 326 1300 342 ,

290 347 438 381 tribuisse
462 346 630 388 permulti-s
653 345 812 389 quidem,
835 355 871 379 ut
896 345 986 388 supra
1010 346 1192 381 indicatum
1223 347 1265 380 est
1287 370 1296 384 ‚

292 389 607 429 observationibus,
629 401 704 432 quas
727 392 760 422 &
783 389 834 422 sua
859 389 923 430 ipse
945 388 1116 424 confirmat
1140 390 1249 425 habita
1263 391 1297 423 in

293 434 432 475 quadam
458 434 632 470 Matrona,
657 435 688 465 &
713 433 850 465 aliorum
875 433 908 464 in
935 434 1056 473 altera,
1092 436 1123 465 &
1157 443 1191 467 tu
1225 435 1294 466 aliis

286 475 480 508 confirmare
504 485 614 517 potes,
639 475 738 517 iisque
762 476 953 510 nominatim
978 486 1054 518 quas
1077 477 1111 508 in
1137 478 1295 510 Tinetore

290 517 407 552 habuit
431 519 620 552 Vallisnerii
645 518 742 554 nostri
768 520 901 552 Patruus
923 522 1012 560 (o),
1039 521 1117 552 &in
1130 521 1295 562 viroquo-

283 560 364 595 dam
389 561 529 596 Illussris
555 560 740 600 Buchnerus
764 564 865 604 (p),
891 561 942 595 sed
963 574 1032 605 quae
1045 572 1171 602 tamen,
1195 572 1231 596 ut
1244 575 1298 595 ve-

283 616 327 642 ,rae
349 604 443 646 sunt,
466 607 512 638 ita
536 616 599 637 non
624 604 769 644 faciunt,
793 606 870 647 quin
897 605 959 638 1⁴11ae
984 607 1104 648 pariter
1135 616 1213 638 verae
1235 606 1296 638 sint

284 659 360 690 quas
399 648 553 691 opposuit
595 649 791 682 Reimannus
811 671 824 688 ,
868 660 964 691 eaque
1006 648 1178 690 praesertim
1222 661 1293 693 qua:

287 691 455 729 Medicum
479 690 770 728 exercitatissimum
790 691 1018 737 JO.Jacobum
1030 693 1201 727 Vicarium
1226 696 1290 735 (q)

283 745 323 766 eo
352 734 526 770 adduxerat
541 757 552 773 ,
575 743 611 767 ut
635 733 678 766 ob
700 734 782 767 istud
807 735 840 766 in
865 736 978 776 primis
1002 734 1147 776 fignum,
1178 735 1287 778 jurare

280 776 312 816 se
335 777 441 820 poss‘e,
463 776 601 810 crederet
615 799 628 816 ,
652 774 867 818 infallibiliter
888 789 1000 820 agrum
1023 777 1154 820 hydrope
1182 779 1288 821 pesso-

285 822 332 859 ris
355 819 518 859 laborare,
543 819 632 862 cujus
656 821 778 853 mortui
804 830 915 862 aperto
937 820 1069 854 thorace
1080 824 1197 855 cumin
1209 821 1287 856 dex-

284 872 378 903 tero,
401 862 587 904 sinistroque
612 860 706 903 hujus
729 874 871 897 cavonec
883 863 1060 898 drachmam
1073 876 1166 898 unam
1178 877 1286 908 aqute,

280 916 339 942 auc
358 906 422 948 seri
445 906 627 944 invenirem
653 916 814 949 nunquam
839 905 912 940 satis
937 907 1287 951 laudandaingenuita.

278 959 309 982 te
334 948 539 983 mirabundus
560 950 775 996 exclamavit,
800 960 893 993 quam
912 948 1047 993 fallacia
1063 951 1140 994 sunt
1160 952 1289 996 subinde

278 992 486 1035 diagnostical
510 993 589 1028 Non
614 1003 664 1026 me
690 994 800 1035 sugit,
826 1005 922 1035 quam
949 999 1170 1037 exceptionem
1183 996 1288 1039 postea

281 1037 535 1078 excogitaverit,
561 1035 685 1079 signum
708 1035 857 1071 videlicet
880 1037 962 1072 illud
988 1049 1051 1070 non
1075 1040 1202 1080 valere,
1226 1038 1286 1073 nisi

277 1079 372 1122 pedes
397 1079 464 1125 post
487 1079 616 1121 ipsum,
641 1091 704 1116 non
729 1091 800 1116 ante
823 1080 926 1122 ipsum
952 1083 1166 1115 intumuerint
1183 1106 1196 1123 ,
1229 1094 1285 1115 nec

280 1134 376 1165 quam
402 1123 566 1165 ingeniose
589 1122 767 1157 studuerint
791 1124 845 1156 alii
870 1124 970 1162 huic,
992 1125 1173 1168 caeterisque
1196 1125 1284 1168 obje-

279 1167 342 1200 etis
368 1178 382 1198 a
406 1167 588 1200 Reimanno
612 1166 905 1201 observationibus
930 1180 1113 1202 occurrere.
1140 1168 1198 1202 Sed
1231 1181 1285 1202 ne-

279 1220 342 1252 que
366 1210 587 1253 exceptionem
612 1211 703 1243 illam
727 1210 785 1245 esse
809 1210 904 1244 video
928 1213 981 1252 qui
1018 1211 1165 1255 sequatur
1185 1235 1193 1250 ‚
1227 1224 1282 1248 nec

279 1251 362 1286 mihi
390 1255 540 1291 animus,
568 1264 624 1288 nec
649 1265 731 1294 opus
757 1253 798 1287 est
820 1265 903 1287 meas
929 1255 1028 1288 facere
1053 1256 1168 1289 alienas
1192 1257 1287 1297 lites,

278 1308 346 1330 eam
369 1297 613 1337 exceptionem,
637 1306 690 1329 aut
714 1297 815 1336 alias,
841 1307 934 1341 atque
958 1299 1033 1332 alias
1056 1300 1287 1341 examinando,

279 1351 354 1374 cum
376 1340 424 1372 vel
449 1341 537 1382 ipse,
560 1339 682 1373 etiamsi
707 1351 773 1372 non
794 1344 982 1375 examinatae
996 1344 1212 1386 accipiantur,
1235 1355 1289 1379 ex-

281 1385 473 1427 ceptionum
498 1383 626 1419 istarum
640 1395 789 1425 numerus
801 1384 875 1418 satis
890 1384 1052 1427 ostendat,
1076 1398 1174 1429 quam
1187 1387 1289 1429 saepe,

282 1429 315 1461 &
338 1439 437 1470 quam
463 1427 557 1460 facile
581 1427 664 1460 illud
688 1427 725 1460 de
747 1439 813 1470 quo
836 1428 1021 1471 loquimur,
1044 1429 1189 1472 fignum,
1213 1440 1288 1472 aut,

281 1470 417 1504 {imavis
431 1497 438 1508 ‚
462 1470 528 1515 ejus
538 1470 718 1507 fimilitudo
731 1471 821 1513 poffit
833 1473 930 1507 etiam
951 1473 1055 1507 bonos
1066 1474 1211 1507 Medieos
1234 1474 1287 1507 de-

279 1516 407 1557 cipere,
431 1523 466 1547 ut
490 1517 522 1547 in
545 1514 664 1549 morbis
685 1515 896 1556 pulmonum,
918 1515 1048 1557 cordis,
1072 1519 1193 1551 arteriae
1215 1518 1287 1550 Ma—

281 1569 375 1600 gnae,
398 1557 593 1600 pericardii,
616 1557 911 1601 &inspasmodicis
935 1558 1198 1595 suffocationibus
1210 1573 1286 1603 quas

280 1612 345 1635 non
369 1601 462 1634 semel
487 1601 556 1636 vidi
581 1601 688 1647 eadem
713 1603 819 1635 exacte
843 1602 921 1635 hora
939 1626 951 1642 ,
976 1614 1039 1636 non
1065 1605 1166 1639 modo
1201 1605 1284 1638 intra

281 1655 342 1682 non
367 1644 459 1691 breve
483 1644 624 1688 >spatium
648 1646 761 1682 unius,
787 1656 840 1679 aut
865 1646 999 1681 duarum
1015 1658 1118 1690 „aut
1141 1649 1242 1681 trium
1267 1660 1283 1680 a

278 1688 387 1764 primo
410 1691 521 1724 somno
545 1688 721 1729 horarum,
745 1700 925 1732 recurrere,
949 1700 1013 1725 non
1036 1699 1101 1730 jam
1126 1690 1186 1724 hos
1198 1703 1283 1725 mor-

300 1743 360 1774 os,
385 1732 435 1767 sed
458 1744 570 1775 aquam
595 1734 626 1765 in
651 1734 828 1772 alterutro,
850 1742 905 1765 aut
930 1742 1064 1776 utroque
1079 1732 1220 1769 thoracis
1231 1746 1281 1767 ca-

279 1787 323 1810 ’vo
349 1775 427 1816 esse,
451 1786 585 1818 putent.
613 1776 833 1811 Quamobrem
857 1787 956 1818 neque
979 1775 1042 1810 hoc
1065 1777 1187 1820 signum
1220 1780 1281 1812 erit

278 1830 334 1862 per
361 1819 389 1852 se
409 1843 421 1859 ,
446 1823 476 1852 ἃ
500 1819 563 1852 fine
587 1819 694 1852 crebra
722 1819 947 1861 hesitatione,
972 1821 1077 1853 morbi
1102 1821 1196 1865 hujus
1218 1833 1283 1855 ma..

275 1864 361 1896 xime
374 1864 545 1906 proprium
556 1886 565 1902 ‚
582 1875 655 1897 cum
668 1866 699 1896 in
714 1864 787 1896 aliis
798 1874 924 1906 quoque
936 1862 1098 1897 interdum
1110 1874 1260 1907 appareat
1271 1889 1283 1906 ,

276 1919 414 1950 cumque
438 1907 522 1941 haud
547 1919 639 1947 raro,
664 1917 700 1942 ut
723 1907 769 1939 vel
785 1906 921 1947 nostrae,
945 1910 976 1940 δε
996 1908 1154 1943 Valsalvae
1165 1908 1284 1941 confir-

276 1960 364 1987 mant
387 1950 664 1990 Observationes,
689 1953 721 1983 in
745 1952 786 1983 iis
807 1950 948 1985 defuerit
970 1975 981 1991 ,
1015 1952 1047 1983 in
1072 1951 1187 1993 quibus
1211 1951 1284 1994 post

273 2005 411 2030 mortem
439 1993 522 2028 hunc
547 1993 694 2029 morbum
708 1992 819 2031 fuisse,
848 1993 1043 2036 perspeftum
1056 1994 1208 2028 est.Non
1222 1997 1282 2029 erit

274 2046 380 2073 tamen
404 2037 699 2077 contemnendum,
722 2037 743 2072 fi
769 2037 805 2070 ad
832 2038 916 2078 alia,
939 2047 975 2071 ut
998 2038 1094 2079 dixi,
1119 2037 1147 2071 se
1171 2038 1281 2080 adjun-

273 2085 356 2115 xerit
377 2106 388 2123 ,
412 2082 529 2125 quibus
554 2082 751 2124 potiffimum
775 2092 853 2125 aqua
877 2082 911 2114 in
935 2080 1065 2117 thorace
1080 2081 1199 2125 aggesta
1212 2082 1282 2127 ple-

274 2136 406 2169 rumque
433 2125 510 2158 solet
533 2125 702 2166 significari
718 2150 725 2156 .

319 2180 367 2205 12.
397 2170 492 2201 MUt
506 2170 585 2202 IER
609 2178 775 2216 annorum¹
790 2168 1013 2212 septuaginta,
1036 2171 1278 2213 temperamenti

271 2214 432 2255 sanguinei
448 2237 457 2251 ,Ἰ
482 2213 629 2254 pinguis,
655 2212 732 2246 dum
755 2212 826 2245 filio
849 2213 1023 2255 pleuritico
1048 2215 1158 2248 affidue
1182 2214 1278 2247 inser-

271 2260 380 2297 viret,
406 2256 578 2299 pleuritide
603 2258 634 2288 ’ἐς
658 2256 725 2298 ipsa
748 2266 916 2300 correpta,
941 2257 1061 2291 multos
1085 2258 1229 2300 postdies
1240 2258 1278 2291 ab

271 2300 331 2335 hac
356 2300 452 2334 libera
476 2298 569 2333 evasit
591 2299 653 2332 sine
678 2298 740 2331 ulla
764 2301 901 2333 materiae
924 2301 1200 2343 expectoratione.
1217 2301 1276 2335 Sed

274 2343 447 2388 pleuritidi
471 2345 630 2378 continuo
654 2341 791 2376 sncceffit
815 2346 848 2375 in
872 2343 990 2377 sinistra
1015 2344 1158 2378 thoracis
1188 2355 1275 2387 parte

272 2390 379 2423 sensus
403 2387 542 2429 ingentis
566 2385 796 2427 oppreffionis3
819 2394 854 2419 ut
880 2387 914 2418 in
947 2387 1030 2420 le<fto
1060 2388 1178 2428 spirare
1211 2398 1275 2420 non

272 2431 398 2475 posset,
423 2429 479 2464 nisi
504 2431 538 2462 in
563 2428 730 2462 dexterum
753 2429 882 2462 cubaret
907 2431 988 2463 latus
1012 2455 1019 2462 .
1055 2429 1279 2464 Catarrhalem

272 2474 442 2518 exspuebat
465 2474 654 2512 materiam,
677 2471 767 2505 valde
779 2470 906 2505 sitiebat
920 2500 928 2513 ,
952 2473 1092 2508 tumidos
1104 2473 1282 2507 artusinfe³

274 2519 376 2552 riores
399 2516 534 2551 habebat
548 2541 554 2550 ,
569 2515 622 2549 Ad
643 2514 736 2557 haec,
759 2526 897 2558 quatuor
921 2517 990 2559 post
1014 2517 1168 2551 mensibus
1184 2540 1193 2555 ‚
1217 2519 1280 2551 im-

272 2564 375 2597 manis
400 2560 519 2595 acceffit
541 2559 725 2599 diarrhoea,
749 2571 819 2601 quae
844 2559 985 2594 crebrius
1009 2561 1042 2593 in
1067 2561 1131 2594 dies
1146 2573 1279 2603 urgens,

273 2616 336 2640 tres
360 2604 478 2639 menses
501 2602 664 2647 perstitit.
692 2603 786 2637 Toto
810 2602 871 2637 hoc
896 2604 1052 2646 temporis
1064 2604 1169 2647 spatio
1182 2604 1280 2638 febris

273 2659 360 2684 certa
385 2646 542 2692 periodo,
563 2658 636 2681 cum
660 2645 808 2688 frigore,
829 2647 955 2688 calore,
978 2651 1010 2683 &
1032 2647 1145 2680 dolore
1168 2651 1283 2691 capitis

273 2692 477 2733 recurrebat;
503 2689 609 2732 pulsus
633 2699 741 2736 autern
766 2700 830 2723 erat
858 2689 977 2731 durus,
999 2694 1031 2724 δε
1063 2692 1145 2724 celer
1178 2717 1185 2724 .
1219 2694 1284 2727 His

274 2736 426 2772 omnibus
451 2734 688 2779 perstantibus,
717 2734 854 2776 septimo
878 2734 915 2766 ab
939 2737 1066 2768 ineunte
1090 2736 1204 2769 morbo
1216 2748 1288 2768 exa-

273 2781 330 2814 ἃο
352 2778 476 2821 mense,
500 2779 629 2813 interiit
647 2803 654 2812 .
791 2778 995 2812 VENTRE
1031 2789 1140 2821 aperto
1158 2803 1170 2820 ,
1204 2779 1288 2822 jecur

273 2822 458 2857 subcinereo
480 2821 612 2862 colore,
636 2830 747 2854 caetera
771 2820 901 2854 sanum:
927 2821 999 2855 sana
1023 2834 1150 2866 quoque
1166 2824 1285 2865 reliqua

273 2868 406 2900 inventa
430 2865 500 2899 sunt
524 2865 665 2903 viscera,
689 2863 746 2898 nisi
771 2863 858 2906 quod
882 2866 914 2896 in
941 2875 1104 2906 pancreate
1125 2876 1188 2899 erat
1200 2879 1294 2909 quae-·

276 2909 352 2944 dam
377 2910 492 2942 arteria
518 2907 556 2941 ad
580 2906 695 2940 osseam
720 2906 871 2940 duritiem
891 2907 1062 2950 perducta,
1085 2909 1286 2953 cujusimtio

278 2953 404 2994 sanguis
428 2952 493 2995 ipse
516 2959 708 2990 concretus,
732 2950 846 2984 deinde
880 2951 943 2985 sola
977 2952 1138 2995 sanguinis
1172 2953 1285 2987 fibi-osa

276 2996 446 3030 substantia
471 2993 597 3028 densata
620 2993 866 3028 continebatur.
1000 2999 1038 3029 In
1064 2996 1224 3031 Thoracis
1235 3010 1286 3030 ca-

274 3050 317 3074 vo
339 3039 470 3074 dextero
494 3038 619 3073 nullum
654 3037 786 3081 prorsus
820 3038 937 3072 vitium
960 3065 967 3072 .
1006 3040 1174 3074 Sinistrum
1209 3053 1285 3073 vero

277 3094 364 3125 aquae
389 3083 517 3127 plenum
541 3082 575 3115 in
598 3093 658 3124 qua
683 3080 843 3115 filamenta
854 3082 938 3122 quasi
951 3083 1095 3125 quaedam
1110 3085 1280 3118 natabant.

278 3127 397 3160 Pulmo
421 3135 526 3161 autem
550 3127 583 3158 in
607 3137 643 3159 ea
667 3136 744 3168 aqua
767 3125 882 3158 illaesus
897 3148 904 3161 ‚
930 3127 1076 3160 nonnihil
1116 3128 1285 3163 dumtaxat

278 3168 434 3204 flaccidus
447 3193 454 3201 .
480 3171 518 3202 In
532 3167 639 3202 cordis
653 3169 833 3202 ventriculo
843 3168 973 3202 dextero
988 3181 1101 3214 magna
1116 3173 1286 3206 concretio

278 3213 433 3256 polyposa
450 3235 460 3253 ‚
482 3224 551 3255 quae
574 3212 647 3245 inde
671 3211 701 3245 se
722 3213 755 3245 in
777 3223 888 3245 venam
909 3214 1030 3246 Cavam
1052 3215 1260 3249 extendebat.

326 3267 374 3300 13.
398 3257 452 3289 Ne
477 3255 644 3297 pleuritidi
670 3254 832 3289 succeffiffe
846 3266 1030 3298 empyema‚
1055 3259 1160 3292 credas
1175 3283 1187 3299 ,
1210 3269 1285 3292 cum

279 3308 391 3332 caetera
415 3298 607 3338 ostendunt,
633 3309 702 3333 tum
726 3310 806 3338 aqua
828 3300 966 3342 plurima
990 3311 1062 3335 cum
1074 3301 1285 3346 ejusdemmo-

280 3341 314 3376 di
338 3341 510 3376 filamentis
534 3354 549 3375 a
571 3342 718 3383 gravibus
741 3342 884 3376 thoracis
910 3343 1219 3380 inflammationibus
1253 3346 1287 3380 in

281 3385 343 3420 hoc
366 3386 498 3428 reperiri
522 3385 615 3420 solita
637 3385 865 3425 confirmabit,
890 3386 944 3420 ubi
967 3386 1005 3421 de
1028 3390 1069 3422 iis
1105 3389 1284 3423 inflamma-

279 3429 427 3463 tionibus
450 3441 595 3472 agemus.
731 3431 899 3474 Sanguinis
923 3441 1027 3465 autem
1051 3432 1282 3467 fibrosamsub-

881 54 1046 108 Liber
1071 54 1137 106 II.
1174 53 1265 108 De·
1294 52 1497 108 Morbis
1529 55 1795 110 Thoracis

1352 130 1497 164 stantiam
1520 133 1554 165 in
1577 132 1690 165 arteria
1712 132 1817 176 aliqua
1843 134 2016 167 coercitam
2030 142 2101 174 ,ut
2125 135 2160 169 in
2182 136 2240 171 ista
2271 137 2353 172 ossea

1352 174 1479 214 fuerat,
1501 174 1623 209 densari
1644 175 1724 209 adeo
1740 200 1753 216 ,
1775 185 1812 210 ut
1835 178 1921 210 viam
1955 176 2091 220 denique
2125 178 2268 222 sanguini
2298 183 2353 215 in-

1354 218 1513 251 tercludat
1536 220 1593 262 qui
1617 231 1632 251 a
1658 228 1750 261 tergo
1772 220 1937 264 sequitur,
1961 231 2071 262 nempe
2095 222 2175 255 illud
2193 224 2240 258 ,est
2261 224 2352 268 quod

1353 262 1443 294 annis
1467 261 1680 303 superioribus
1703 262 1814 296 docuit
1838 264 1890 296 Cl-
1913 262 2097 306 Chirurgus
2123 268 2244 301 Petitus
2267 271 2350 308 (r).

1354 304 1453 346 Qod
1480 316 1556 338 vero
1579 315 1690 338 contra
1712 316 1806 349 atque
1830 308 1863 339 in
1887 306 2021 341 foemina
2042 306 2081 339 de
2105 321 2165 351 qua
2188 312 2351 353 pauloan-

1349 357 1380 380 te
1403 349 1528 382 distum
1549 349 1594 383 est
1614 349 1716 391 (s),
1739 352 1772 382 δι’
1796 350 1982 394 plerumque
2004 349 2071 383 fieri
2094 353 2194 393 iolet,
2216 365 2280 387 non
2312 356 2348 389 in

1348 392 1427 437 illud
1452 392 1563 426 mulier
1588 391 1715 427 cubaret
1738 393 1820 426 latus
1840 393 1927 435 quod
1940 405 2017 436 aqua
2030 403 2094 427 erat
2106 396 2256 439 plenum,
2278 397 2349 431 for-

1346 436 1423 468 sitan
1447 435 1537 469 causa
1561 435 1728 477 quaerenda
1755 435 1818 474 est3
1841 436 1863 469 fi
1887 449 1950 470 non
1975 439 2008 470 in
2034 437 2221 473 mediastino
2258 442 2348 485 quod

1345 479 1543 514 incumbenti
1567 490 1654 521 aquae
1676 478 1731 514 hic
1754 478 1881 513 fortasse
1903 482 2003 522 magis
2026 479 2195 521 resisteret,
2219 486 2251 517 in
2267 486 2347 519 late-

1351 533 1382 555 re
1405 522 1476 565 ipso
1499 522 1672 566 opposito,
1696 522 1783 565 quod
1805 534 1878 556 cum
1901 524 2025 566 prorsus
2047 525 2118 557 effer
2143 538 2276 562 vacuum
2299 529 2347 563 se-

1350 577 1406 603 ro,
1433 566 1513 599 ferre
1536 567 1627 598 illam
1651 566 1775 608 posset,
1798 566 1835 598 ab
1856 567 2057 601 incumbente
2080 580 2157 611 aqua
2190 571 2310 605 factam
2331 596 2346 613 ‚

1348 608 1395 643 sni
1418 612 1487 643 cavi
1509 609 1786 649 diminutionem,
1807 621 1902 652 quam
1926 622 1990 642 non
2015 621 2139 652 poterat
2165 614 2197 645 in
2235 618 2344 657 priore

1347 651 1502 694 foemina,
1527 655 1649 696 quippe
1673 657 1703 686 δι
1727 653 1834 698 ipsum
1866 664 1944 697 aqua
1977 654 2027 688 sua
2062 655 2252 700 impeditum
2282 660 2343 693 ali-

1343 707 1403 738 qua
1428 709 1466 730 ex
1490 707 1600 739 parte.

1385 750 1431 781 14.
1461 741 1647 774 MULIER
1671 740 1965 782 quinquagenaria,
1985 752 2122 783 corpore
2155 744 2342 787 mediocri,

1337 784 1443 816 colore
1467 782 1610 825 pallido,
1631 794 1706 816 cum
1728 794 1844 816 annum
1868 784 1971 826 ipsum
1995 784 2131 826 dyspnea
2157 788 2342 832 laborasset,

1340 827 1434 860 aneto
1458 827 1585 861 tandem
1611 826 1726 859 morbo
1748 828 1780 859 in
1806 827 2001 860 Bononienie
2026 830 2261 866 Nosocomium
2284 846 2342 868 ex-

1340 879 1430 912 cepta
1452 870 1494 907 est
1517 872 1547 904 S.
1573 871 1688 904 Mariae
1711 869 1749 904 de
1774 872 1872 903 Vita.
1898 870 2080 913 Respiratio
2103 884 2167 907 crat
2203 879 2340 910 maxime

1340 913 1522 955 laboriosa,
1544 913 1611 948 sitis
1635 915 1765 955 ingens,
1790 914 1896 956 pulsus
1923 915 2127 949 mediocriter
2156 919 2238 951 celer
2262 944 2273 960 ,
2307 924 2339 954 δε

1338 957 1473 1002 parvus.-
1496 970 1561 1000 quo
1584 959 1617 992 in
1642 956 1707 991 dies
1731 959 1830 999 magis
1853 956 2041 998 deficiente,
2066 972 2147 1001 :egra
2181 963 2305 996 interiit
2327 990 2336 997 .

1471 1002 1685 1035 VENTRIS
1709 1002 1827 1034 viscera
1851 1004 1959 1034 omnia
1982 1003 2339 1044 egregiesehabebant.

1468 1047 1507 1077 In
1531 1044 1693 1079 Thoracis
1717 1056 1843 1087 quoque
1866 1043 1988 1079 finisti-0
2001 1057 2076 1078 cavo
2089 1046 2178 1081 sanus
2191 1060 2257 1082 erat
2268 1052 2340 1092 pul-

1338 1100 1416 1129 mo,
1440 1091 1471 1121 &
1497 1087 1636 1131 undique
1659 1100 1677 1121 a
1700 1087 1794 1120 costis
1819 1087 1938 1122 solutus
1961 1104 1970 1126 3
2006 1089 2054 1122 sed
2087 1091 2119 1123 in
2156 1091 2339 1134 sesquilibra

1336 1132 1481 1165 subsalsa?
1506 1143 1594 1174 aquae
1619 1131 1766 1164 natabat.
1793 1132 1905 1164 Pulmo
1930 1133 2248 1174 autemdexteranfte
2261 1138 2340 1170 adeo

1337 1177 1454 1217 pleurae
1477 1174 1681 1213 adhaerebat,
1708 1184 1743 1208 ut
1766 1184 1862 1207 unum
1887 1177 2114 1210 continuatum
2130 1191 2247 1219 corpus
2260 1192 2336 1215 cum

1337 1219 1395 1252 hac
1418 1218 1576 1251 efficeret:
1602 1220 1709 1261 itaque
1732 1216 1815 1250 nihil
1842 1230 1928 1261 aquae
1953 1220 1991 1252 ab
2015 1219 2074 1252 hac
2097 1232 2184 1263 parte
2209 1224 2340 1266 conspe-

1337 1263 1427 1297 {tum
1451 1262 1514 1300 est3
1538 1260 1594 1294 nifi
1618 1261 1705 1305 quod
1726 1273 1765 1294 ex
1788 1260 1901 1294 infimo
1926 1263 2096 1304 pulmone,
2122 1263 2197 1298 dum
2232 1268 2340 1301 cultro

1340 1318 1356 1339 a
1373 1307 1486 1349 ,pleura
1509 1305 1723 1345 divideretur,
1750 1305 1907 1342 lacerato,
1931 1305 2080 1339 nonnihil
2107 1312 2264 1342 emanavit
2295 1311 2339 1344 se-

1340 1350 1387 1382 ri.
1414 1353 1451 1383 In
1475 1348 1569 1384 corde
1594 1360 1655 1382 tres
1689 1348 1851 1391 polyposae
1886 1352 2104 1384 concretiones
2130 1376 2142 1392 ,
2174 1351 2338 1389 densatum

1340 1405 1470 1428 mucum
1493 1394 1623 1433 colore,
1647 1395 1676 1426 ἃ
1703 1391 1817 1438 habitu
1842 1391 2030 1432 referente53
2054 1395 2087 1427 in
2111 1397 2198 1429 venis
2231 1406 2337 1433 autem

1338 1436 1474 1477 crassus,
1498 1440 1529 1470 δε
1552 1436 1689 1470 viscidus
1714 1436 1838 1477 sanguis
1861 1436 2007 1481 inventus
2029 1438 2072 1471 est
2087 1463 2094 1471 .
2209 1449 2211 1451 ·

1388 1492 1435 1523 15.
1462 1479 1553 1521 Qid
1576 1480 1666 1514 fuisse
1689 1478 1830 1511 dicemus
1854 1481 1973 1520 cauiae,
1995 1492 2051 1514 cur
2085 1493 2220 1522 paucum
2258 1484 2338 1520 adeo

1339 1524 1464 1566 serum,
1488 1524 1509 1557 fi
1533 1535 1604 1557 curn
1629 1522 1843 1564 superioribus
1854 1521 1995 1557 historiis
2007 1525 2170 1564 confer-253
2195 1527 2291 1571 idque
2301 1531 2337 1562 in

1338 1570 1435 1601 altera
1459 1567 1625 1601 dumtaxat
1649 1566 1793 1598 thoracis
1815 1577 1905 1598 cavea
1927 1590 1939 1606 ,
1971 1569 2109 1601 maxime
2143 1569 2337 1609 laboriosam

1337 1612 1576 1654 respirationem
1602 1608 1762 1642 efficeret?
1786 1612 1839 1642 An
1862 1609 1947 1651 quod
1971 1610 2337 1658 salinisimbuturnpar-

1335 1657 1467 1695 titulis,
1492 1655 1679 1695 pulmonum
1691 1663 1755 1684 non
1770 1661 1835 1684 tam
1848 1653 1941 1694 copia
1954 1665 2107 1694 premeret
2122 1680 2135 1696 ,
2158 1669 2252 1698 quam
2265 1671 2337 1692 acu-

1335 1700 1393 1731 leis
1417 1697 1501 1742 quafi
1525 1696 1713 1740 quibusdam
1737 1694 2060 1738 subindeirritando,
2082 1700 2336 1743 constringeret?

1335 1743 1411 1775 Hoc
1436 1742 1515 1775 nosti
1539 1741 1783 1786 Albertinumss
1806 1747 1821 1771 t
1841 1743 1855 1780 )
1879 1738 1940 1772 suis
1964 1739 2082 1774 fretum
2104 1742 2338 1778 observationi-

1333 1786 1390 1819 bus
1413 1784 1574 1825 docuisse,
1598 1788 1630 1818 δε
1654 1795 1707 1826 per
1730 1781 1884 1824 ejusmodi
1910 1782 2021 1817 salium
2045 1786 2246 1821 irritamenta
2269 1787 2339 1821 dif-

1336 1830 1452 1862 ficilem
1475 1827 1638 1870 explicaffe
1663 1826 1901 1868 respirationem
1925 1827 1963 1858 ab
1986 1826 2085 1862 effuso
2109 1830 2175 1863 sero
2197 1842 2254 1864 non
2265 1833 2337 1865 adeo

1335 1873 1434 1907 multo
1448 1896 1461 1913 ,
1484 1871 1535 1905 sed
1559 1884 1596 1905 eo
1619 1869 1744 1917 torpido
1758 1893 1770 1909 ,
1792 1881 1831 1902 ac
1851 1870 1966 1911 intense
1989 1869 2088 1912 flavo.
2108 1874 2193 1907 Tale
2204 1875 2336 1918 quidem

1335 1919 1368 1949 in
1393 1917 1555 1958 proposita
1578 1914 1764 1947 distet-tione
1789 1924 1852 1945 non
1875 1912 2084 1952 describitur;
2110 1916 2160 1950 sed
2194 1927 2300 1952 tamen
2322 1943 2336 1960 ,

1332 1960 1368 1996 id
1392 1958 1481 2003 quod
1502 1960 1535 1991 in
1560 1959 1631 1991 aliis
1656 1968 1718 1988 non
1743 1955 1916 2002 adnotatur
1936 1979 1947 1997 ,
1974 1958 2148 2001 fiibsolfiim
2180 1961 2302 1995 dicitur
2325 1988 2334 1995 .

1465 2003 1626 2043 Expectas
1650 2001 1800 2039 sortasse,
1824 2009 1859 2032 ut
1886 2000 1946 2033 huc
1970 2001 2082 2034 addam
2116 2012 2183 2036 tam
2216 2007 2337 2039 are-cam

1334 2048 1425 2080 illam
1447 2045 1579 2079 alterius
1603 2044 1788 2086 pulmonis,
1812 2046 1843 2075 δε
1866 2044 1983 2085 pleurce
2006 2045 2218 2081 cohaesionem
2240 2073 2246 2080 .
2276 2049 2335 2083 Sed

1333 2100 1461 2134 quantae
1485 2088 1545 2121 sint
1569 2088 1641 2120 lites
1664 2086 1702 2118 de
1727 2086 1847 2125 noxia,
1871 2088 2051 2132 aninnoxia
2063 2089 2237 2124 cohaesione
2251 2091 2333 2130 hac,

1333 2135 1379 2167 ve]
1407 2144 1470 2167 uno
1493 2131 1638 2175 inspecto
1663 2127 1870 2172 Sepulchreto
1895 2132 1970 2162 scire
1996 2141 2084 2172 potes
2107 2159 2114 2164 .
2149 2134 2227 2167 Inde
2250 2138 2336 2169 enirn

1332 2178 1577 2220 Hippocrates,
1600 2174 1649 2207 seu
1674 2173 1773 2206 mavis
1800 2174 1947 2215 antiquus
1972 2176 2096 2208 Auetor
2120 2179 2163 2209 H.
2191 2177 2267 2210 libri
2300 2181 2336 2213 de

1329 2220 1451 2257 Morbis
1473 2222 1543 2259 (u)
1566 2229 1634 2251 eam
1651 2239 1660 2254 ,
1685 2217 1772 2249 Salio
1798 2217 1989 2258 interprete,
2009 2219 2166 2260 pulmonis
2190 2222 2229 2254 ad
2252 2222 2337 2255 latus

1325 2262 1504 2309 prolapsum
1527 2261 1679 2300 vocavit,
1702 2259 1836 2300 indeque
1868 2260 2061 2295 laboriosam
2096 2262 2146 2295 res
2168 2265 2336 2300 irationem

1328 2307 1486 2342 deduxit:
1510 2317 1565 2338 nec
1591 2304 1693 2337 solum
1717 2314 1754 2335 ex
1778 2303 1925 2343 vulnere,
1950 2306 2048 2338 etiam
2072 2319 2087 2339 a
2110 2275 2285 2351 Chirurgis
2297 2308 2336 2343 ad

1331 2364 1389 2395 pus
1412 2347 1633 2390 educendum,
1656 2346 1805 2386 inflifft0>
1828 2346 1879 2378 sed
1904 2346 1941 2378 ab
1964 2348 2086 2381 interna
2110 2362 2238 2394 quoque
2261 2364 2336 2386 cau-

1333 2396 1363 2429 sa
1387 2395 1467 2427 oriri
1493 2392 1613 2426 dicitur
1637 2393 1669 2423 &
1693 2390 1762 2429 ibi,
1785 2392 1817 2422 &
1844 2391 1877 2422 in
1900 2389 1985 2424 libro
2008 2391 2043 2424 de
2067 2395 2177 2432 Locis,
2204 2395 2258 2428 ubi
2283 2395 2334 2428 di-

1331 2438 1407 2472 sm:C
1431 2437 1613 2479 pulmonem
1638 2432 1821 2467 resiccatum
1844 2433 2152 2477 lateriadhaerescere
2175 2436 2334 2478 humido,

1331 2481 1486 2523 scriptum
1510 2478 1576 2519 est,
1599 2480 1630 2510 ὃς
1655 2477 1767 2510 liccam
1792 2476 1999 2518 pleuritidem
2022 2476 2143 2518 facere,
2167 2481 2256 2523 quod
2279 2481 2335 2515 etsi

1331 2524 1546 2566 quadantenus
1569 2522 1725 2561 invertit,
1747 2519 1832 2553 idem
1855 2529 1959 2553 tamen
1996 2521 2209 2557 Boerhaavius
2243 2528 2257 2565 (
2278 2536 2301 2559 x
2320 2529 2335 2566 )

1332 2569 1466 2604 docuit,
1492 2577 1564 2599 cum
1587 2576 1647 2606 qua
1663 2561 2038 2606 sedesfuitpleuriticlis,
2061 2566 2130 2606 ibi,
2155 2568 2221 2608 ait,
2247 2568 2335 2610 pleu-

1334 2623 1422 2649 ram,
1449 2607 1725 2652 imperspirabilem
1748 2607 1922 2646 redditam,
1952 2606 2096 2647 pulmoni
2127 2609 2194 2649 ejus
2225 2611 2335 2645 lateris

1335 2654 1503 2690 adhaerere.
1532 2655 1628 2684 Porro
1653 2653 1889 2693 Hippocratem
1913 2649 2009 2683 secuti
2034 2651 2104 2685 sunt
2129 2654 2184 2685 alii
2207 2677 2219 2694 ,
2250 2653 2334 2688 hanc

1336 2698 1465 2741 quidem
1488 2694 1696 2729 adhaefionem
1720 2694 1810 2726 aliter
1831 2693 2045 2735 explicantes,
2068 2695 2101 2729 id
2136 2696 2178 2729 est
2215 2698 2336 2741 viscido

1338 2752 1495 2780 aegrorum
1520 2739 1710 2782 pulmonum
1735 2737 1803 2771 sero
1826 2735 2046 2779 tranfitdante,
2071 2741 2102 2771 Sc
2123 2739 2260 2784 glutinis
2283 2742 2336 2775 vi-

1339 2779 1402 2818 ce‘m
1422 2783 1575 2826 praebente
1599 2783 1631 2814 in
1651 2780 1808 2823 pellaris,
1844 2777 1879 2813 oh
1912 2780 2121 2824 interceptum
2148 2783 2301 2825 spiritum
2322 2809 2335 2826 ,

1337 2828 1440 2869 quiete
1462 2828 1503 2860 Θ
1526 2824 1734 2869 compressione
1757 2828 1810 2866 (y
1834 2826 1866 2861 )‚
1890 2832 1944 2856 aut
1968 2827 2084 2866 quando
2107 2827 2267 2867 pulmones
2302 2831 2336 2862 in

1336 2881 1480 2913 magnam
1502 2869 1678 2912 excrescunt
1701 2867 1831 2904 molem,
1857 2864 1893 2899 ob
1931 2868 2140 2913 catari-hosam
2172 2872 2336 2906 materiam

1337 2913 1541 2954 imbibitum,
1565 2914 1601 2948 ἐφ
1624 2913 1671 2946 ita
1682 2921 1740 2944 mx
1761 2918 1923 2944 moventur
1944 2912 2035 2953 (z),
2056 2912 2109 2956 st'd
2135 2915 2288 2946 tamenab
2300 2926 2334 2947 ea

1335 2955 1538 2997 cohaefione,
1560 2958 1594 2989 in
1617 2956 1756 2989 mortuis
1779 2950 1987 2996 deprehensa,
2011 2954 2175 2989 difficilem
2199 2970 2258 3000 qua
2269 2959 2334 2991 vivi

1336 3001 1549 3042 urgebantur,
1574 2999 1779 3044 spirationem
1805 3005 1998 3038 repetentes.
2130 3003 2253 3034 Contra
2278 3002 2335 3035 alii

1337 3044 1417 3078 hanc
1430 3044 1503 3077 inde
1516 3045 1615 3086 repeti
1626 3040 1710 3085 posse
1721 3064 1730 3079 ‚
1755 3049 1868 3089 negant
1880 3063 1892 3079 ,
1905 3051 1968 3072 non
1983 3041 2048 3077 suas
2061 3053 2185 3077 tantum
2196 3067 2205 3082 ‚
2221 3044 2267 3078 sed
2279 3045 2335 3078 ad-

1337 3087 1530 3121 versantium
1552 3097 1678 3130 quoque
1698 3085 1931 3117 observationes
1955 3085 2174 3128 proferentcs;
2206 3089 2334 3131 quando

1336 3129 1421 3164 idem
1432 3132 1486 3174 qui
1501 3131 1596 3168 modo
1607 3129 1729 3165 causam
1743 3126 1906 3161 asthmatis
1926 3129 2102 3164 multorum
2122 3142 2277 3165 annorum
2299 3134 2334 3165 in

1337 3173 1459 3208 summa
1484 3174 1674 3216 pulmonum
1697 3171 1887 3217 cum-costis
1909 3173 2086 3207 cohaesione
2111 3174 2260 3209 invenisse
2285 3175 2334 3216 se,

1337 3218 1459 3251 dixerat
1483 3221 1546 3257 (a)
1561 3242 1571 3258 ,
1595 3217 1751 3250 continuo
1762 3214 1997 3256 latetur‚fimili
2007 3220 2093 3251 modo
2103 3218 2335 3263 annexosfitiffie

1332 3261 1495 3304 pulmones
1517 3263 1548 3294 in
1562 3274 1598 3295 eo
1608 3262 1662 3302 qui
1687 3259 1826 3301 egregius
1839 3260 2053 3306 tonitium-sor
2067 3260 2201 3304 fuerat,
2227 3264 2334 3305 itaque

1338 3304 1487 3348 ejusmodi
1509 3304 1703 3346 odhaefionem
1733 3312 1771 3336 ex
1802 3300 1971 3349 rgeceffitare
2006 3304 2120 3345 asthma
2155 3315 2213 3338 non
2247 3307 2335 3340 inve-

1338 3347 1429 3381 here.
1455 3349 1543 3381 Huic
1567 3358 1643 3380 vero
1667 3355 1718 3379 tot
1741 3347 1918 3378 conhmiles
1943 3347 2013 3379 sunt
2036 3347 2270 3383 observationes
2302 3353 2334 3384 δε

1339 3393 1473 3424 aliorum
1498 3414 1507 3429 ‚
1542 3395 1574 3425 &
1598 3389 1710 3424 nostrae
1734 3414 1746 3430 ,
1780 3399 1815 3423 ut
1839 3390 1988 3423 brevitati
2023 3392 2055 3423 in
2079 3403 2110 3424 re
2144 3394 2334 3436 pervulgata

1333 3435 1560 3469 consulendum
1584 3443 1731 3477 putemus
1755 3459 1762 3466 .
1796 3434 1885 3472 Quin
1908 3435 2072 3476 pulmones
2107 3435 2334 3512 undiquehnon

2196 3492 2234 3512 co
2264 3491 2290 3512 is

398 3577 413 3607 )
429 3576 473 3602 cit.
491 3576 549 3601 Obs.
567 3586 603 3608 32-
666 3578 674 3607 (
691 3587 705 3602 o
720 3579 733 3607 )
751 3579 812 3609 Eph.
830 3582 864 3604 N.
881 3581 909 3605 C.
927 3582 997 3605 Cent.
1015 3582 1038 3605 8.
1056 3583 1114 3607 Obs.
1130 3593 1170 3615 74.

396 3609 410 3636 )
427 3609 509 3642 Mem.
526 3608 556 3632 de
572 3608 669 3633 1’Acad.
687 3611 718 3634 R.
734 3609 774 3634 des
789 3612 827 3635 Sc.
847 3613 877 3635 A.
898 3618 963 3641 173¹.
1026 3612 1089 3643 (s)
1107 3623 1130 3639 n.
1149 3624 1187 3640 10.

400 3638 482 3700 ))Vid.
500 3638 622 3667 Sepulchr.
641 3639 657 3662 1.
675 3646 696 3662 2.
716 3641 741 3663 S.
755 3649 776 3664 ι.
791 3641 816 3666 in
833 3642 915 3665 Sel-iol.
931 3641 960 3665 ad
980 3641 1040 3669 Qbs.
1058 3647 1096 3673 67.

339 3581 350 3603 (
363 3586 380 3602 n

341 3612 351 3634 (
371 3617 382 3632 r

341 3639 391 3701 ((ῖὲ
435 3668 496 3694 sest.
512 3668 564 3694 ead*-
580 3668 638 3694 Obs.
655 3672 693 3698 ⁶⁴·
712 3669 737 3702 §.
756 3679 779 3699 9·
841 3673 852 3697 <
868 3673 908 3701 a)
926 3671 986 3697 lbid.
1007 3672 1029 3702 §.
1046 3675 1069 3697 8.

1234 3586 1248 3614 (
1262 3585 1308 3615 ρ)
1324 3587 1431 3612 Eorund·
1449 3587 1506 3613 Aa.
1523 3589 1596 3612 Tom.
1610 3590 1631 3612 6.
1650 3587 1707 3612 obs,
1717 3598 1754 3618 50·

1249 3615 1257 3642 (
1276 3623 1285 3639 t
1301 3616 1315 3644 )
1332 3619 1472 3642 Comment.
1489 3619 1518 3643 de
1535 3620 1627 3644 Bonon.
1646 3620 1681 3642 Sc.
1701 3620 1756 3643 inst.
1774 3620 1849 3643 Tom.
1870 3629 1891 3644 1.
1908 3621 1934 3644 in
1954 3621 2041 3650 opusc.

1161 3648 1175 3676 (
1191 3655 1206 3671 x
1223 3644 1233 3677 )
1250 3646 1358 3672 Praeieet.
1376 3650 1406 3674 ad
1424 3649 1500 3674 Instit.
1523 3650 1545 3679 §.
1562 3653 1617 3673 606.

1818 3590 1871 3618 (q)
1889 3591 1993 3615 Eorundss
2003 3591 2073 3615 Cent.
2085 3599 2105 3615 1.
2116 3590 2202 3620 Obs.3.
2216 3590 2240 3614 in
2249 3590 2332 3615 Schol.

1677 3650 1720 3680 (y
1734 3651 1748 3678 )
1768 3651 1890 3679 sepulchra
1909 3654 1934 3676 S.
1952 3651 1995 3676 cit.
2012 3652 2093 3676 schol.
2110 3652 2139 3675 ad
2157 3651 2213 3676 Obs.
2231 3654 2270 3679 63.
