<?xml version="1.0" encoding="UTF-8"?>
<!DOCTYPE html PUBLIC "-//W3C//DTD XHTML 1.0 Transitional//EN"
    "http://www.w3.org/TR/xhtml1/DTD/xhtml1-transitional.dtd">
<html xmlns="http://www.w3.org/1999/xhtml" xml:lang="en" lang="en">
 <head>
  <title>
</title>
<meta http-equiv="Content-Type" content="text/html;charset=utf-8" />
  <meta name='ocr-system' content='tesseract 3.04.00' />
  <meta name='ocr-capabilities' content='ocr_page ocr_carea ocr_par ocr_line ocrx_word'/>
</head>
<body>
  <div class='ocr_page' id='page_1' title='image "./desedibusetcausi00morg_0502.png"; bbox 0 0 2498 4075; ppageno 0'>
   <div class='ocr_carea' id='block_1_1' title="bbox 434 129 528 178">
    <p class='ocr_par' dir='ltr' id='par_1_1' title="bbox 434 129 528 178">
     <span class='ocr_line' id='line_1_1' title="bbox 434 129 528 178; baseline -0.011 -11"><span class='ocrx_word' id='word_1_1' title='bbox 434 129 528 178; x_wconf 67' lang='lat'>104</span> 
     </span>
    </p>
   </div>
   <div class='ocr_carea' id='block_1_2' title="bbox 326 185 1391 3448">
    <p class='ocr_par' dir='ltr' id='par_1_2' title="bbox 326 185 1365 832">
     <span class='ocr_line' id='line_1_2' title="bbox 326 185 1355 237; baseline -0.006 -9"><span class='ocrx_word' id='word_1_2' title='bbox 326 185 329 189; x_wconf 27' lang='lat' dir='ltr'><em>s</em></span> <span class='ocrx_word' id='word_1_3' title='bbox 363 196 465 237; x_wconf 57' lang='lat' dir='ltr'>&gt;quatri</span> <span class='ocrx_word' id='word_1_4' title='bbox 490 207 500 231; x_wconf 71' lang='grc' dir='ltr'>ς</span> <span class='ocrx_word' id='word_1_5' title='bbox 533 202 606 226; x_wconf 86' lang='lat' dir='ltr'>nam</span> <span class='ocrx_word' id='word_1_6' title='bbox 630 193 661 226; x_wconf 72' lang='lat' dir='ltr'>Sc</span> <span class='ocrx_word' id='word_1_7' title='bbox 684 191 784 235; x_wconf 82' lang='lat' dir='ltr'>vulgo</span> <span class='ocrx_word' id='word_1_8' title='bbox 815 188 847 223; x_wconf 84' lang='lat' dir='ltr'>id</span> <span class='ocrx_word' id='word_1_9' title='bbox 872 196 985 222; x_wconf 89' lang='lat' dir='ltr'>notum</span> <span class='ocrx_word' id='word_1_10' title='bbox 1008 198 1074 222; x_wconf 86' lang='lat' dir='ltr'>erat</span> <span class='ocrx_word' id='word_1_11' title='bbox 1096 212 1106 227; x_wconf 87' lang='lat'>,</span> <span class='ocrx_word' id='word_1_12' title='bbox 1129 192 1160 222; x_wconf 72' lang='grc' dir='ltr'>δι</span> <span class='ocrx_word' id='word_1_13' title='bbox 1184 189 1249 231; x_wconf 85' lang='lat' dir='ltr'>ejus</span> <span class='ocrx_word' id='word_1_14' title='bbox 1274 189 1355 223; x_wconf 89' lang='lat' dir='ltr'>mihi</span> 
     </span>
     <span class='ocr_line' id='line_1_3' title="bbox 366 231 1357 274; baseline -0.006 -3"><span class='ocrx_word' id='word_1_15' title='bbox 366 236 572 271; x_wconf 78' lang='lat' dir='ltr'>confirmavit</span> <span class='ocrx_word' id='word_1_16' title='bbox 598 235 742 269; x_wconf 87' lang='lat' dir='ltr'>Medicus</span> <span class='ocrx_word' id='word_1_17' title='bbox 766 259 775 274; x_wconf 89' lang='lat'>,</span> <span class='ocrx_word' id='word_1_18' title='bbox 799 244 864 266; x_wconf 88' lang='lat' dir='ltr'>non</span> <span class='ocrx_word' id='word_1_19' title='bbox 886 231 944 265; x_wconf 88' lang='lat' dir='ltr'>sibi</span> <span class='ocrx_word' id='word_1_20' title='bbox 969 231 1063 266; x_wconf 87' lang='lat' dir='ltr'>facile</span> <span class='ocrx_word' id='word_1_21' title='bbox 1086 244 1193 265; x_wconf 89' lang='lat' dir='ltr'>earum</span> <span class='ocrx_word' id='word_1_22' title='bbox 1216 235 1357 267; x_wconf 89' lang='lat' dir='ltr'>curatio-</span> 
     </span>
     <span class='ocr_line' id='line_1_4' title="bbox 368 274 1357 314; baseline -0.006 0"><span class='ocrx_word' id='word_1_23' title='bbox 368 291 448 314; x_wconf 87' lang='lat' dir='ltr'>num</span> <span class='ocrx_word' id='word_1_24' title='bbox 471 280 626 313; x_wconf 86' lang='lat' dir='ltr'>honorem</span> <span class='ocrx_word' id='word_1_25' title='bbox 648 278 871 311; x_wconf 64' lang='lat' dir='ltr'>detraGiurus.</span> <span class='ocrx_word' id='word_1_26' title='bbox 896 274 1030 309; x_wconf 88' lang='lat' dir='ltr'>Easdem</span> <span class='ocrx_word' id='word_1_27' title='bbox 1054 276 1209 309; x_wconf 87' lang='lat' dir='ltr'>nimirum</span> <span class='ocrx_word' id='word_1_28' title='bbox 1221 278 1288 309; x_wconf 86' lang='lat' dir='ltr'>vias</span> <span class='ocrx_word' id='word_1_29' title='bbox 1310 277 1357 308; x_wconf 85' lang='lat' dir='ltr'>sa-</span> 
     </span>
     <span class='ocr_line' id='line_1_5' title="bbox 364 317 1360 361; baseline -0.007 -4"><span class='ocrx_word' id='word_1_30' title='bbox 364 325 410 357; x_wconf 84' lang='lat' dir='ltr'>tis</span> <span class='ocrx_word' id='word_1_31' title='bbox 433 323 491 357; x_wconf 86' lang='lat' dir='ltr'>fibi</span> <span class='ocrx_word' id='word_1_32' title='bbox 514 320 702 354; x_wconf 86' lang='lat' dir='ltr'>reseraverat</span> <span class='ocrx_word' id='word_1_33' title='bbox 725 329 838 353; x_wconf 86' lang='lat' dir='ltr'>natura</span> <span class='ocrx_word' id='word_1_34' title='bbox 861 329 914 361; x_wconf 91' lang='lat' dir='ltr'>per</span> <span class='ocrx_word' id='word_1_35' title='bbox 936 329 1013 360; x_wconf 87' lang='lat' dir='ltr'>quas</span> <span class='ocrx_word' id='word_1_36' title='bbox 1037 317 1206 353; x_wconf 88' lang='lat' dir='ltr'>humorem</span> <span class='ocrx_word' id='word_1_37' title='bbox 1228 321 1263 352; x_wconf 92' lang='lat' dir='ltr'>in</span> <span class='ocrx_word' id='word_1_38' title='bbox 1284 329 1360 351; x_wconf 87' lang='lat' dir='ltr'>ven-</span> 
     </span>
     <span class='ocr_line' id='line_1_6' title="bbox 366 361 1359 408; baseline -0.004 -9"><span class='ocrx_word' id='word_1_39' title='bbox 366 375 417 400; x_wconf 89' lang='lat' dir='ltr'>tre</span> <span class='ocrx_word' id='word_1_40' title='bbox 439 365 637 408; x_wconf 81' lang='lat' dir='ltr'>stagnantem</span> <span class='ocrx_word' id='word_1_41' title='bbox 661 363 861 400; x_wconf 82' lang='lat' dir='ltr'>resorberet,</span> <span class='ocrx_word' id='word_1_42' title='bbox 883 361 1010 403; x_wconf 87' lang='lat' dir='ltr'>alioque</span> <span class='ocrx_word' id='word_1_43' title='bbox 1037 361 1218 395; x_wconf 79' lang='lat' dir='ltr'>amandaret</span> <span class='ocrx_word' id='word_1_44' title='bbox 1240 385 1253 402; x_wconf 87' lang='lat'>‚</span> <span class='ocrx_word' id='word_1_45' title='bbox 1285 364 1359 403; x_wconf 85' lang='lat' dir='ltr'>qui-</span> 
     </span>
     <span class='ocr_line' id='line_1_7' title="bbox 366 403 1361 447; baseline -0.009 -5"><span class='ocrx_word' id='word_1_46' title='bbox 366 409 426 443; x_wconf 87' lang='lat' dir='ltr'>bus</span> <span class='ocrx_word' id='word_1_47' title='bbox 458 411 491 442; x_wconf 88' lang='lat' dir='ltr'>in</span> <span class='ocrx_word' id='word_1_48' title='bbox 528 407 714 442; x_wconf 81' lang='lat' dir='ltr'>Mercatore</span> <span class='ocrx_word' id='word_1_49' title='bbox 748 406 806 438; x_wconf 88' lang='lat' dir='ltr'>illo</span> <span class='ocrx_word' id='word_1_50' title='bbox 829 403 952 437; x_wconf 87' lang='lat' dir='ltr'>Meadii</span> <span class='ocrx_word' id='word_1_51' title='bbox 985 407 999 443; x_wconf 87' lang='lat'><strong>(</strong></span> <span class='ocrx_word' id='word_1_52' title='bbox 1021 416 1046 447; x_wconf 62' lang='lat' dir='ltr'><em>z</em></span> <span class='ocrx_word' id='word_1_53' title='bbox 1066 407 1081 443; x_wconf 88' lang='lat'>&gt;</span> <span class='ocrx_word' id='word_1_54' title='bbox 1105 406 1157 439; x_wconf 75' lang='lat' dir='ltr'>usa</span> <span class='ocrx_word' id='word_1_55' title='bbox 1181 405 1223 438; x_wconf 80' lang='lat' dir='ltr'>est</span> <span class='ocrx_word' id='word_1_56' title='bbox 1245 430 1254 444; x_wconf 90' lang='lat'><strong>,</strong></span> <span class='ocrx_word' id='word_1_57' title='bbox 1287 416 1361 437; x_wconf 78' lang='lat' dir='ltr'>cum</span> 
     </span>
     <span class='ocr_line' id='line_1_8' title="bbox 365 446 1363 494; baseline -0.005 -9"><span class='ocrx_word' id='word_1_58' title='bbox 365 463 460 494; x_wconf 84' lang='lat' dir='ltr'>aquas</span> <span class='ocrx_word' id='word_1_59' title='bbox 483 461 593 488; x_wconf 88' lang='lat' dir='ltr'>omnes</span> <span class='ocrx_word' id='word_1_60' title='bbox 614 473 623 488; x_wconf 92' lang='lat'>,</span> <span class='ocrx_word' id='word_1_61' title='bbox 657 448 809 492; x_wconf 82' lang='lat' dir='ltr'>postridie</span> <span class='ocrx_word' id='word_1_62' title='bbox 833 458 886 488; x_wconf 85' lang='lat' dir='ltr'>per</span> <span class='ocrx_word' id='word_1_63' title='bbox 908 446 1090 481; x_wconf 80' lang='lat' dir='ltr'>abdominis</span> <span class='ocrx_word' id='word_1_64' title='bbox 1114 447 1363 490; x_wconf 82' lang='lat' dir='ltr'>perforationem</span> 
     </span>
     <span class='ocr_line' id='line_1_9' title="bbox 365 490 1364 534; baseline -0.006 -6"><span class='ocrx_word' id='word_1_65' title='bbox 365 495 543 529; x_wconf 85' lang='lat' dir='ltr'>educendas</span> <span class='ocrx_word' id='word_1_66' title='bbox 564 516 574 532; x_wconf 91' lang='lat'><strong>,</strong></span> <span class='ocrx_word' id='word_1_67' title='bbox 610 494 701 526; x_wconf 54' lang='lat' dir='ltr'>noste</span> <span class='ocrx_word' id='word_1_68' title='bbox 724 490 790 534; x_wconf 91' lang='lat' dir='ltr'>ipsa</span> <span class='ocrx_word' id='word_1_69' title='bbox 823 501 886 523; x_wconf 83' lang='lat' dir='ltr'>una</span> <span class='ocrx_word' id='word_1_70' title='bbox 907 491 939 523; x_wconf 90' lang='lat' dir='ltr'>in</span> <span class='ocrx_word' id='word_1_71' title='bbox 973 490 1045 524; x_wconf 89' lang='lat' dir='ltr'>vasa</span> <span class='ocrx_word' id='word_1_72' title='bbox 1068 493 1187 524; x_wconf 89' lang='lat' dir='ltr'>iterum</span> <span class='ocrx_word' id='word_1_73' title='bbox 1209 492 1330 533; x_wconf 85' lang='lat' dir='ltr'>recepit</span> <span class='ocrx_word' id='word_1_74' title='bbox 1354 512 1364 527; x_wconf 92' lang='lat'><strong>,</strong></span> 
     </span>
     <span class='ocr_line' id='line_1_10' title="bbox 366 534 1365 580; baseline -0.005 -9"><span class='ocrx_word' id='word_1_75' title='bbox 366 540 401 572; x_wconf 85' lang='lat' dir='ltr'>in</span> <span class='ocrx_word' id='word_1_76' title='bbox 426 537 528 580; x_wconf 87' lang='lat' dir='ltr'>iisque</span> <span class='ocrx_word' id='word_1_77' title='bbox 551 537 686 570; x_wconf 85' lang='lat' dir='ltr'>retinuit</span> <span class='ocrx_word' id='word_1_78' title='bbox 709 559 717 566; x_wconf 89' lang='lat'>.</span> <span class='ocrx_word' id='word_1_79' title='bbox 751 535 876 567; x_wconf 90' lang='lat' dir='ltr'>Verum</span> <span class='ocrx_word' id='word_1_80' title='bbox 898 544 972 567; x_wconf 91' lang='lat' dir='ltr'>cum</span> <span class='ocrx_word' id='word_1_81' title='bbox 996 534 1104 568; x_wconf 88' lang='lat' dir='ltr'>eadem</span> <span class='ocrx_word' id='word_1_82' title='bbox 1128 544 1241 568; x_wconf 88' lang='lat' dir='ltr'>natura</span> <span class='ocrx_word' id='word_1_83' title='bbox 1265 545 1365 576; x_wconf 84' lang='lat' dir='ltr'>neque</span> 
     </span>
     <span class='ocr_line' id='line_1_11' title="bbox 364 577 1365 626; baseline -0.007 -11"><span class='ocrx_word' id='word_1_84' title='bbox 364 592 420 626; x_wconf 87' lang='lat' dir='ltr'>per</span> <span class='ocrx_word' id='word_1_85' title='bbox 443 581 472 615; x_wconf 87' lang='lat' dir='ltr'>se</span> <span class='ocrx_word' id='word_1_86' title='bbox 495 603 504 618; x_wconf 84' lang='lat'>‚</span> <span class='ocrx_word' id='word_1_87' title='bbox 538 592 639 623; x_wconf 88' lang='lat' dir='ltr'>neque</span> <span class='ocrx_word' id='word_1_88' title='bbox 661 577 787 612; x_wconf 81' lang='lat' dir='ltr'>blandis</span> <span class='ocrx_word' id='word_1_89' title='bbox 818 577 1040 610; x_wconf 84' lang='lat' dir='ltr'>invitamentis</span> <span class='ocrx_word' id='word_1_90' title='bbox 1058 599 1067 615; x_wconf 91' lang='lat'>‚</span> <span class='ocrx_word' id='word_1_91' title='bbox 1091 589 1191 619; x_wconf 88' lang='lat' dir='ltr'>neque</span> <span class='ocrx_word' id='word_1_92' title='bbox 1213 577 1310 619; x_wconf 89' lang='lat' dir='ltr'>paulo</span> <span class='ocrx_word' id='word_1_93' title='bbox 1332 588 1365 609; x_wconf 91' lang='lat' dir='ltr'>a-</span> 
     </span>
     <span class='ocr_line' id='line_1_12' title="bbox 364 621 1364 662; baseline -0.007 -4"><span class='ocrx_word' id='word_1_94' title='bbox 364 625 524 660; x_wconf 84' lang='lat' dir='ltr'>crioribus</span> <span class='ocrx_word' id='word_1_95' title='bbox 548 623 682 657; x_wconf 88' lang='lat' dir='ltr'>stimulis</span> <span class='ocrx_word' id='word_1_96' title='bbox 705 621 842 654; x_wconf 80' lang='lat' dir='ltr'>excitata</span> <span class='ocrx_word' id='word_1_97' title='bbox 865 621 1041 662; x_wconf 83' lang='lat' dir='ltr'>quidquam</span> <span class='ocrx_word' id='word_1_98' title='bbox 1065 621 1196 653; x_wconf 91' lang='lat' dir='ltr'>molitur</span> <span class='ocrx_word' id='word_1_99' title='bbox 1220 642 1230 657; x_wconf 91' lang='lat'>‚</span> <span class='ocrx_word' id='word_1_100' title='bbox 1254 631 1330 652; x_wconf 90' lang='lat' dir='ltr'>num</span> <span class='ocrx_word' id='word_1_101' title='bbox 1350 642 1364 659; x_wconf 89' lang='lat'><strong><em>,</em></strong></span> 
     </span>
     <span class='ocr_line' id='line_1_13' title="bbox 361 662 1363 710; baseline -0.008 -8"><span class='ocrx_word' id='word_1_102' title='bbox 361 667 430 710; x_wconf 86' lang='lat' dir='ltr'>ipsa</span> <span class='ocrx_word' id='word_1_103' title='bbox 453 667 657 702; x_wconf 88' lang='lat' dir='ltr'>adversante,</span> <span class='ocrx_word' id='word_1_104' title='bbox 681 665 853 700; x_wconf 86' lang='lat' dir='ltr'>acerrime,</span> <span class='ocrx_word' id='word_1_105' title='bbox 876 665 907 696; x_wconf 86' lang='lat'>&amp;</span> <span class='ocrx_word' id='word_1_106' title='bbox 929 663 1104 705; x_wconf 82' lang='lat' dir='ltr'>periculose</span> <span class='ocrx_word' id='word_1_107' title='bbox 1117 663 1276 705; x_wconf 81' lang='lat' dir='ltr'>agendum</span> <span class='ocrx_word' id='word_1_108' title='bbox 1297 662 1363 695; x_wconf 85' lang='lat' dir='ltr'>est?</span> 
     </span>
     <span class='ocr_line' id='line_1_14' title="bbox 361 705 1365 752; baseline -0.006 -7"><span class='ocrx_word' id='word_1_109' title='bbox 361 722 403 746; x_wconf 82' lang='lat' dir='ltr'>an</span> <span class='ocrx_word' id='word_1_110' title='bbox 429 713 556 752; x_wconf 86' lang='lat' dir='ltr'>potius,</span> <span class='ocrx_word' id='word_1_111' title='bbox 580 709 636 742; x_wconf 85' lang='lat' dir='ltr'>ubi</span> <span class='ocrx_word' id='word_1_112' title='bbox 659 709 770 741; x_wconf 89' lang='lat' dir='ltr'>omnia</span> <span class='ocrx_word' id='word_1_113' title='bbox 795 707 1007 749; x_wconf 80' lang='lat' dir='ltr'>permittant,</span> <span class='ocrx_word' id='word_1_114' title='bbox 1031 717 1046 738; x_wconf 91' lang='lat' dir='ltr'>a</span> <span class='ocrx_word' id='word_1_115' title='bbox 1074 718 1119 740; x_wconf 80' lang='lat' dir='ltr'>uae</span> <span class='ocrx_word' id='word_1_116' title='bbox 1142 705 1304 741; x_wconf 82' lang='lat' dir='ltr'>emiffione</span> <span class='ocrx_word' id='word_1_117' title='bbox 1327 718 1365 739; x_wconf 88' lang='lat' dir='ltr'>u-</span> 
     </span>
     <span class='ocr_line' id='line_1_15' title="bbox 363 749 1365 792; baseline -0.006 -4"><span class='ocrx_word' id='word_1_118' title='bbox 363 756 497 788; x_wconf 85' lang='lat' dir='ltr'>tendum</span> <span class='ocrx_word' id='word_1_119' title='bbox 519 753 579 790; x_wconf 92' lang='lat' dir='ltr'>est,</span> <span class='ocrx_word' id='word_1_120' title='bbox 604 750 728 786; x_wconf 84' lang='lat' dir='ltr'>auxilio</span> <span class='ocrx_word' id='word_1_121' title='bbox 752 751 913 792; x_wconf 86' lang='lat' dir='ltr'>primum,</span> <span class='ocrx_word' id='word_1_122' title='bbox 935 758 972 782; x_wconf 91' lang='lat' dir='ltr'>ut</span> <span class='ocrx_word' id='word_1_123' title='bbox 995 751 1045 783; x_wconf 84' lang='lat' dir='ltr'>exi</span> <span class='ocrx_word' id='word_1_124' title='bbox 1077 751 1175 784; x_wconf 88' lang='lat' dir='ltr'>imare</span> <span class='ocrx_word' id='word_1_125' title='bbox 1202 749 1304 790; x_wconf 79' lang='lat' dir='ltr'>licet,</span> <span class='ocrx_word' id='word_1_126' title='bbox 1326 750 1365 783; x_wconf 90' lang='lat' dir='ltr'>ab</span> 
     </span>
     <span class='ocr_line' id='line_1_16' title="bbox 364 794 804 832; baseline -0.016 0"><span class='ocrx_word' id='word_1_127' title='bbox 364 798 474 832; x_wconf 86' lang='lat' dir='ltr'>eadem</span> <span class='ocrx_word' id='word_1_128' title='bbox 498 806 612 830; x_wconf 88' lang='lat' dir='ltr'>natura</span> <span class='ocrx_word' id='word_1_129' title='bbox 636 794 804 827; x_wconf 85' lang='lat' dir='ltr'>indicato?</span> 
     </span>
    </p>

    <p class='ocr_par' dir='ltr' id='par_1_3' title="bbox 360 835 1386 2492">
     <span class='ocr_line' id='line_1_17' title="bbox 407 835 1366 884; baseline -0.004 -11"><span class='ocrx_word' id='word_1_130' title='bbox 407 852 459 884; x_wconf 86' lang='lat'>33.</span> <span class='ocrx_word' id='word_1_131' title='bbox 486 839 586 876; x_wconf 83' lang='lat' dir='ltr'>Quod</span> <span class='ocrx_word' id='word_1_132' title='bbox 610 839 698 872; x_wconf 89' lang='lat' dir='ltr'>enim</span> <span class='ocrx_word' id='word_1_133' title='bbox 721 836 880 871; x_wconf 86' lang='lat' dir='ltr'>umbilico</span> <span class='ocrx_word' id='word_1_134' title='bbox 902 835 1036 871; x_wconf 88' lang='lat' dir='ltr'>immani</span> <span class='ocrx_word' id='word_1_135' title='bbox 1060 848 1149 878; x_wconf 85' lang='lat' dir='ltr'>aquae</span> <span class='ocrx_word' id='word_1_136' title='bbox 1175 836 1207 869; x_wconf 90' lang='lat' dir='ltr'>vi</span> <span class='ocrx_word' id='word_1_137' title='bbox 1231 845 1366 879; x_wconf 89' lang='lat' dir='ltr'>apert0,</span> 
     </span>
     <span class='ocr_line' id='line_1_18' title="bbox 363 879 1369 928; baseline -0.007 -9"><span class='ocrx_word' id='word_1_138' title='bbox 363 883 525 928; x_wconf 79' lang='lat' dir='ltr'>egrediens</span> <span class='ocrx_word' id='word_1_139' title='bbox 550 883 617 916; x_wconf 84' lang='lat' dir='ltr'>haec</span> <span class='ocrx_word' id='word_1_140' title='bbox 639 882 768 915; x_wconf 83' lang='lat' dir='ltr'>ascitem</span> <span class='ocrx_word' id='word_1_141' title='bbox 793 879 923 914; x_wconf 84' lang='lat' dir='ltr'>solverit</span> <span class='ocrx_word' id='word_1_142' title='bbox 943 903 957 921; x_wconf 83' lang='grc'>,</span> <span class='ocrx_word' id='word_1_143' title='bbox 992 892 1055 913; x_wconf 92' lang='lat' dir='ltr'>non</span> <span class='ocrx_word' id='word_1_144' title='bbox 1079 880 1112 913; x_wconf 91' lang='lat' dir='ltr'>id</span> <span class='ocrx_word' id='word_1_145' title='bbox 1135 881 1241 923; x_wconf 90' lang='lat' dir='ltr'>primo</span> <span class='ocrx_word' id='word_1_146' title='bbox 1261 903 1271 917; x_wconf 92' lang='lat'><em>‚</em></span> <span class='ocrx_word' id='word_1_147' title='bbox 1295 880 1369 921; x_wconf 89' lang='lat' dir='ltr'>opi-</span> 
     </span>
     <span class='ocr_line' id='line_1_19' title="bbox 364 923 1367 967; baseline -0.008 -5"><span class='ocrx_word' id='word_1_148' title='bbox 364 940 450 967; x_wconf 87' lang='lat' dir='ltr'>nor,</span> <span class='ocrx_word' id='word_1_149' title='bbox 475 926 668 962; x_wconf 89' lang='lat' dir='ltr'>Benivenius</span> <span class='ocrx_word' id='word_1_150' title='bbox 685 946 694 962; x_wconf 83' lang='lat'><strong>,</strong></span> <span class='ocrx_word' id='word_1_151' title='bbox 718 927 749 957; x_wconf 90' lang='lat'>&amp;</span> <span class='ocrx_word' id='word_1_152' title='bbox 774 923 831 957; x_wconf 87' lang='lat' dir='ltr'>alii</span> <span class='ocrx_word' id='word_1_153' title='bbox 855 934 935 965; x_wconf 86' lang='lat' dir='ltr'>quos</span> <span class='ocrx_word' id='word_1_154' title='bbox 947 926 1096 957; x_wconf 88' lang='lat' dir='ltr'>Donatus</span> <span class='ocrx_word' id='word_1_155' title='bbox 1120 927 1129 962; x_wconf 97' lang='lat'>(</span> <span class='ocrx_word' id='word_1_156' title='bbox 1154 934 1172 955; x_wconf 90' lang='lat' dir='ltr'>a</span> <span class='ocrx_word' id='word_1_157' title='bbox 1196 926 1230 962; x_wconf 88' lang='lat'>),</span> <span class='ocrx_word' id='word_1_158' title='bbox 1255 923 1367 955; x_wconf 88' lang='lat' dir='ltr'>&amp;Ga-</span> 
     </span>
     <span class='ocr_line' id='line_1_20' title="bbox 362 965 1366 1009; baseline -0.009 -3"><span class='ocrx_word' id='word_1_159' title='bbox 362 970 577 1006; x_wconf 88' lang='lat' dir='ltr'>belchoverus</span> <span class='ocrx_word' id='word_1_160' title='bbox 599 972 614 1009; x_wconf 92' lang='lat'><strong>(</strong></span> <span class='ocrx_word' id='word_1_161' title='bbox 635 967 653 1000; x_wconf 84' lang='lat' dir='ltr'><em>b</em></span> <span class='ocrx_word' id='word_1_162' title='bbox 675 972 690 1008; x_wconf 91' lang='lat'>)</span> <span class='ocrx_word' id='word_1_163' title='bbox 711 966 862 1006; x_wconf 87' lang='lat' dir='ltr'>laudant,</span> <span class='ocrx_word' id='word_1_164' title='bbox 886 966 1036 1001; x_wconf 89' lang='lat' dir='ltr'>viderunt</span> <span class='ocrx_word' id='word_1_165' title='bbox 1056 978 1067 1004; x_wconf 80' lang='lat'>3</span> <span class='ocrx_word' id='word_1_166' title='bbox 1090 965 1143 1000; x_wconf 90' lang='lat' dir='ltr'>sed</span> <span class='ocrx_word' id='word_1_167' title='bbox 1167 966 1262 1009; x_wconf 86' lang='lat' dir='ltr'>prisci</span> <span class='ocrx_word' id='word_1_168' title='bbox 1285 965 1366 998; x_wconf 90' lang='lat' dir='ltr'>olim</span> 
     </span>
     <span class='ocr_line' id='line_1_21' title="bbox 361 1009 1369 1054; baseline -0.007 -5"><span class='ocrx_word' id='word_1_169' title='bbox 361 1015 511 1051; x_wconf 88' lang='lat' dir='ltr'>homines</span> <span class='ocrx_word' id='word_1_170' title='bbox 535 1035 544 1051; x_wconf 89' lang='lat'>‚</span> <span class='ocrx_word' id='word_1_171' title='bbox 576 1013 740 1054; x_wconf 85' lang='lat' dir='ltr'>iidemque</span> <span class='ocrx_word' id='word_1_172' title='bbox 764 1010 958 1044; x_wconf 76' lang='lat' dir='ltr'>adnotarunt</span> <span class='ocrx_word' id='word_1_173' title='bbox 976 1032 987 1050; x_wconf 87' lang='lat'>,</span> <span class='ocrx_word' id='word_1_174' title='bbox 1010 1009 1126 1053; x_wconf 89' lang='lat' dir='ltr'>quibus</span> <span class='ocrx_word' id='word_1_175' title='bbox 1148 1009 1241 1042; x_wconf 79' lang='lat' dir='ltr'>simul</span> <span class='ocrx_word' id='word_1_176' title='bbox 1264 1009 1369 1042; x_wconf 88' lang='lat' dir='ltr'>omnis</span> 
     </span>
     <span class='ocr_line' id='line_1_22' title="bbox 361 1053 1369 1102; baseline -0.008 -10"><span class='ocrx_word' id='word_1_177' title='bbox 361 1065 612 1102; x_wconf 84' lang='lat' dir='ltr'>prorumperet,</span> <span class='ocrx_word' id='word_1_178' title='bbox 635 1067 687 1089; x_wconf 91' lang='lat' dir='ltr'>eos</span> <span class='ocrx_word' id='word_1_179' title='bbox 711 1055 795 1088; x_wconf 91' lang='lat' dir='ltr'>mori</span> <span class='ocrx_word' id='word_1_180' title='bbox 815 1067 825 1091; x_wconf 83' lang='lat'>;</span> <span class='ocrx_word' id='word_1_181' title='bbox 847 1054 965 1096; x_wconf 91' lang='lat' dir='ltr'>quibus</span> <span class='ocrx_word' id='word_1_182' title='bbox 989 1065 1064 1086; x_wconf 89' lang='lat' dir='ltr'>vero</span> <span class='ocrx_word' id='word_1_183' title='bbox 1098 1053 1274 1095; x_wconf 85' lang='lat' dir='ltr'>paulatim,</span> <span class='ocrx_word' id='word_1_184' title='bbox 1299 1062 1369 1093; x_wconf 86' lang='lat' dir='ltr'>par-</span> 
     </span>
     <span class='ocr_line' id='line_1_23' title="bbox 361 1096 1368 1140; baseline -0.011 -4"><span class='ocrx_word' id='word_1_185' title='bbox 361 1104 466 1136; x_wconf 84' lang='lat' dir='ltr'>titeve</span> <span class='ocrx_word' id='word_1_186' title='bbox 488 1102 614 1140; x_wconf 85' lang='lat' dir='ltr'>exiret,</span> <span class='ocrx_word' id='word_1_187' title='bbox 638 1109 749 1132; x_wconf 89' lang='lat' dir='ltr'>eorum</span> <span class='ocrx_word' id='word_1_188' title='bbox 772 1097 896 1137; x_wconf 88' lang='lat' dir='ltr'>aliquos</span> <span class='ocrx_word' id='word_1_189' title='bbox 917 1096 1150 1130; x_wconf 88' lang='lat' dir='ltr'>convalescere.</span> <span class='ocrx_word' id='word_1_190' title='bbox 1178 1097 1292 1138; x_wconf 90' lang='lat' dir='ltr'>Itaque</span> <span class='ocrx_word' id='word_1_191' title='bbox 1314 1105 1368 1127; x_wconf 88' lang='lat' dir='ltr'>na-</span> 
     </span>
     <span class='ocr_line' id='line_1_24' title="bbox 360 1138 1369 1185; baseline -0.011 -5"><span class='ocrx_word' id='word_1_192' title='bbox 360 1156 470 1180; x_wconf 84' lang='lat' dir='ltr'>turam</span> <span class='ocrx_word' id='word_1_193' title='bbox 494 1144 577 1177; x_wconf 62' lang='lat' dir='ltr'>rec-Oce</span> <span class='ocrx_word' id='word_1_194' title='bbox 599 1151 788 1185; x_wconf 84' lang='lat' dir='ltr'>operantem</span> <span class='ocrx_word' id='word_1_195' title='bbox 823 1140 977 1179; x_wconf 86' lang='lat' dir='ltr'>Medici,</span> <span class='ocrx_word' id='word_1_196' title='bbox 1011 1148 1047 1173; x_wconf 91' lang='lat' dir='ltr'>ut</span> <span class='ocrx_word' id='word_1_197' title='bbox 1078 1138 1181 1172; x_wconf 88' lang='lat' dir='ltr'>solent</span> <span class='ocrx_word' id='word_1_198' title='bbox 1201 1161 1211 1176; x_wconf 87' lang='lat'>,</span> <span class='ocrx_word' id='word_1_199' title='bbox 1242 1139 1369 1171; x_wconf 90' lang='lat' dir='ltr'>imitari</span> 
     </span>
     <span class='ocr_line' id='line_1_25' title="bbox 362 1179 1370 1232; baseline -0.008 -10"><span class='ocrx_word' id='word_1_200' title='bbox 362 1196 541 1232; x_wconf 86' lang='lat' dir='ltr'>potuerunt</span> <span class='ocrx_word' id='word_1_201' title='bbox 564 1208 575 1225; x_wconf 89' lang='lat'><em>‚</em></span> <span class='ocrx_word' id='word_1_202' title='bbox 606 1188 636 1227; x_wconf 69' lang='grc' dir='ltr'>ὃς</span> <span class='ocrx_word' id='word_1_203' title='bbox 660 1186 879 1227; x_wconf 86' lang='lat' dir='ltr'>Hippocrates</span> <span class='ocrx_word' id='word_1_204' title='bbox 911 1187 922 1222; x_wconf 92' lang='lat'>(</span> <span class='ocrx_word' id='word_1_205' title='bbox 946 1194 961 1216; x_wconf 89' lang='lat' dir='ltr'>c</span> <span class='ocrx_word' id='word_1_206' title='bbox 985 1185 995 1220; x_wconf 95' lang='lat'>)</span> <span class='ocrx_word' id='word_1_207' title='bbox 1028 1181 1142 1216; x_wconf 89' lang='lat' dir='ltr'>deinde</span> <span class='ocrx_word' id='word_1_208' title='bbox 1163 1202 1173 1219; x_wconf 88' lang='lat'>‚</span> <span class='ocrx_word' id='word_1_209' title='bbox 1198 1193 1231 1215; x_wconf 91' lang='lat' dir='ltr'>ac</span> <span class='ocrx_word' id='word_1_210' title='bbox 1256 1179 1370 1214; x_wconf 90' lang='lat' dir='ltr'>Celsus</span> 
     </span>
     <span class='ocr_line' id='line_1_26' title="bbox 361 1224 1371 1276; baseline -0.007 -12"><span class='ocrx_word' id='word_1_211' title='bbox 361 1234 383 1276; x_wconf 88' lang='lat'><em>(</em></span> <span class='ocrx_word' id='word_1_212' title='bbox 401 1233 419 1264; x_wconf 87' lang='lat' dir='ltr'>d</span> <span class='ocrx_word' id='word_1_213' title='bbox 439 1236 455 1273; x_wconf 92' lang='lat'><em>)</em></span> <span class='ocrx_word' id='word_1_214' title='bbox 477 1240 624 1265; x_wconf 80' lang='lat' dir='ltr'>monere,</span> <span class='ocrx_word' id='word_1_215' title='bbox 648 1240 685 1263; x_wconf 90' lang='lat' dir='ltr'>ne</span> <span class='ocrx_word' id='word_1_216' title='bbox 707 1228 813 1260; x_wconf 84' lang='lat' dir='ltr'>omnis</span> <span class='ocrx_word' id='word_1_217' title='bbox 837 1224 930 1271; x_wconf 70' lang='lat' dir='ltr'>simul</span> <span class='ocrx_word' id='word_1_218' title='bbox 955 1237 1035 1268; x_wconf 88' lang='lat' dir='ltr'>aqua</span> <span class='ocrx_word' id='word_1_219' title='bbox 1059 1227 1227 1259; x_wconf 84' lang='lat' dir='ltr'>emittatur</span> <span class='ocrx_word' id='word_1_220' title='bbox 1248 1235 1261 1264; x_wconf 89' lang='grc'>,·</span> <span class='ocrx_word' id='word_1_221' title='bbox 1283 1235 1371 1257; x_wconf 89' lang='lat' dir='ltr'>mor-</span> 
     </span>
     <span class='ocr_line' id='line_1_27' title="bbox 362 1268 1370 1312; baseline -0.011 -2"><span class='ocrx_word' id='word_1_222' title='bbox 362 1274 497 1312; x_wconf 82' lang='lat' dir='ltr'>tiferum</span> <span class='ocrx_word' id='word_1_223' title='bbox 521 1274 606 1307; x_wconf 88' lang='lat' dir='ltr'>enirn</span> <span class='ocrx_word' id='word_1_224' title='bbox 630 1272 663 1306; x_wconf 90' lang='lat' dir='ltr'>id</span> <span class='ocrx_word' id='word_1_225' title='bbox 687 1269 766 1304; x_wconf 81' lang='lat' dir='ltr'>esse:</span> <span class='ocrx_word' id='word_1_226' title='bbox 791 1279 882 1310; x_wconf 71' lang='lat' dir='ltr'>cuius</span> <span class='ocrx_word' id='word_1_227' title='bbox 906 1269 951 1302; x_wconf 90' lang='lat' dir='ltr'>rei</span> <span class='ocrx_word' id='word_1_228' title='bbox 974 1269 1079 1302; x_wconf 82' lang='lat' dir='ltr'>causas</span> <span class='ocrx_word' id='word_1_229' title='bbox 1095 1269 1171 1302; x_wconf 88' lang='lat' dir='ltr'>Viri</span> <span class='ocrx_word' id='word_1_230' title='bbox 1196 1268 1370 1302; x_wconf 74' lang='lat' dir='ltr'>Doc&#39;tino-</span> 
     </span>
     <span class='ocr_line' id='line_1_28' title="bbox 364 1311 1370 1356; baseline -0.013 -1"><span class='ocrx_word' id='word_1_231' title='bbox 364 1321 428 1356; x_wconf 81' lang='lat' dir='ltr'>stra</span> <span class='ocrx_word' id='word_1_232' title='bbox 451 1319 510 1353; x_wconf 91' lang='lat' dir='ltr'>hac</span> <span class='ocrx_word' id='word_1_233' title='bbox 532 1325 627 1350; x_wconf 81' lang='lat' dir='ltr'>aetate</span> <span class='ocrx_word' id='word_1_234' title='bbox 650 1314 836 1356; x_wconf 85' lang='lat' dir='ltr'>complures</span> <span class='ocrx_word' id='word_1_235' title='bbox 858 1311 1073 1352; x_wconf 82' lang='lat' dir='ltr'>exposuerunt</span> <span class='ocrx_word' id='word_1_236' title='bbox 1087 1335 1100 1352; x_wconf 89' lang='lat'>,</span> <span class='ocrx_word' id='word_1_237' title='bbox 1122 1314 1154 1345; x_wconf 72' lang='grc' dir='ltr'>δε</span> <span class='ocrx_word' id='word_1_238' title='bbox 1175 1312 1207 1344; x_wconf 90' lang='lat' dir='ltr'>in</span> <span class='ocrx_word' id='word_1_239' title='bbox 1231 1312 1273 1344; x_wconf 89' lang='lat' dir='ltr'>iis</span> <span class='ocrx_word' id='word_1_240' title='bbox 1286 1311 1370 1344; x_wconf 89' lang='lat' dir='ltr'>Ver-</span> 
     </span>
     <span class='ocr_line' id='line_1_29' title="bbox 364 1353 1371 1404; baseline -0.011 -7"><span class='ocrx_word' id='word_1_241' title='bbox 364 1375 468 1400; x_wconf 85' lang='lat' dir='ltr'>nevus</span> <span class='ocrx_word' id='word_1_242' title='bbox 489 1361 598 1404; x_wconf 87' lang='lat' dir='ltr'>junior</span> <span class='ocrx_word' id='word_1_243' title='bbox 620 1361 634 1398; x_wconf 91' lang='grc'>(</span> <span class='ocrx_word' id='word_1_244' title='bbox 656 1370 670 1392; x_wconf 84' lang='grc' dir='ltr'><strong><em>ε</em></strong></span> <span class='ocrx_word' id='word_1_245' title='bbox 693 1361 729 1398; x_wconf 84' lang='grc'>),</span> <span class='ocrx_word' id='word_1_246' title='bbox 750 1354 949 1389; x_wconf 86' lang='lat' dir='ltr'>Werlhofius</span> <span class='ocrx_word' id='word_1_247' title='bbox 972 1353 1077 1398; x_wconf 87' lang='lat' dir='ltr'><em>(f),</em></span> <span class='ocrx_word' id='word_1_248' title='bbox 1102 1355 1273 1394; x_wconf 86' lang='lat' dir='ltr'>Meadius(</span> <span class='ocrx_word' id='word_1_249' title='bbox 1289 1365 1313 1395; x_wconf 80' lang='lat' dir='ltr'><em>g</em></span> <span class='ocrx_word' id='word_1_250' title='bbox 1335 1357 1371 1394; x_wconf 88' lang='lat'>)‚</span> 
     </span>
     <span class='ocr_line' id='line_1_30' title="bbox 364 1398 1374 1451; baseline -0.019 -8"><span class='ocrx_word' id='word_1_251' title='bbox 364 1403 529 1451; x_wconf 78' lang='lat' dir='ltr'>copiosius</span> <span class='ocrx_word' id='word_1_252' title='bbox 552 1412 657 1437; x_wconf 87' lang='lat' dir='ltr'>autem</span> <span class='ocrx_word' id='word_1_253' title='bbox 682 1402 733 1437; x_wconf 83' lang='lat'><em>111,</em></span> <span class='ocrx_word' id='word_1_254' title='bbox 758 1399 908 1434; x_wconf 78' lang='lat' dir='ltr'>Senacius</span> <span class='ocrx_word' id='word_1_255' title='bbox 933 1398 988 1441; x_wconf 81' lang='lat' dir='ltr'>(h</span> <span class='ocrx_word' id='word_1_256' title='bbox 1010 1402 1052 1439; x_wconf 56' lang='grc' dir='ltr'>χ.</span> <span class='ocrx_word' id='word_1_257' title='bbox 1084 1398 1238 1440; x_wconf 83' lang='lat' dir='ltr'>Qorum</span> <span class='ocrx_word' id='word_1_258' title='bbox 1269 1399 1374 1439; x_wconf 76' lang='lat' dir='ltr'>expli..</span> 
     </span>
     <span class='ocr_line' id='line_1_31' title="bbox 363 1440 1374 1490; baseline -0.013 -3"><span class='ocrx_word' id='word_1_259' title='bbox 363 1453 510 1487; x_wconf 88' lang='lat' dir='ltr'>cationes</span> <span class='ocrx_word' id='word_1_260' title='bbox 539 1459 578 1481; x_wconf 88' lang='lat' dir='ltr'>ea</span> <span class='ocrx_word' id='word_1_261' title='bbox 617 1455 748 1490; x_wconf 87' lang='lat' dir='ltr'>quoque</span> <span class='ocrx_word' id='word_1_262' title='bbox 785 1441 976 1476; x_wconf 83' lang='lat' dir='ltr'>confirmare</span> <span class='ocrx_word' id='word_1_263' title='bbox 1018 1440 1144 1475; x_wconf 87' lang='lat' dir='ltr'>videtur</span> <span class='ocrx_word' id='word_1_264' title='bbox 1178 1441 1374 1475; x_wconf 87' lang='lat' dir='ltr'>Observatio</span> 
     </span>
     <span class='ocr_line' id='line_1_32' title="bbox 368 1482 1371 1536; baseline -0.012 -9"><span class='ocrx_word' id='word_1_265' title='bbox 368 1501 381 1536; x_wconf 89' lang='lat'><strong>(</strong></span> <span class='ocrx_word' id='word_1_266' title='bbox 405 1496 416 1530; x_wconf 79' lang='lat' dir='ltr'>i</span> <span class='ocrx_word' id='word_1_267' title='bbox 438 1499 452 1536; x_wconf 85' lang='lat'>)</span> <span class='ocrx_word' id='word_1_268' title='bbox 484 1492 596 1527; x_wconf 77' lang='lat' dir='ltr'>omnis</span> <span class='ocrx_word' id='word_1_269' title='bbox 615 1513 627 1530; x_wconf 85' lang='lat'><em>‚</em></span> <span class='ocrx_word' id='word_1_270' title='bbox 659 1487 721 1522; x_wconf 87' lang='lat' dir='ltr'>fine</span> <span class='ocrx_word' id='word_1_271' title='bbox 747 1487 847 1520; x_wconf 83' lang='lat' dir='ltr'>animi</span> <span class='ocrx_word' id='word_1_272' title='bbox 877 1482 1005 1519; x_wconf 69' lang='lat' dir='ltr'>defeetu</span> <span class='ocrx_word' id='word_1_273' title='bbox 1038 1484 1160 1518; x_wconf 68' lang='lat' dir='ltr'>eductae</span> <span class='ocrx_word' id='word_1_274' title='bbox 1195 1484 1338 1518; x_wconf 81' lang='lat' dir='ltr'>materiae</span> <span class='ocrx_word' id='word_1_275' title='bbox 1362 1506 1371 1522; x_wconf 88' lang='lat'>‚</span> 
     </span>
     <span class='ocr_line' id='line_1_33' title="bbox 365 1525 1375 1576; baseline -0.014 -2"><span class='ocrx_word' id='word_1_276' title='bbox 365 1540 419 1574; x_wconf 85' lang='lat' dir='ltr'>sed</span> <span class='ocrx_word' id='word_1_277' title='bbox 442 1538 485 1572; x_wconf 89' lang='lat' dir='ltr'>ob</span> <span class='ocrx_word' id='word_1_278' title='bbox 509 1534 604 1576; x_wconf 84' lang='lat' dir='ltr'>hujus</span> <span class='ocrx_word' id='word_1_279' title='bbox 635 1531 842 1565; x_wconf 78' lang='lat' dir='ltr'>tenacitatem</span> <span class='ocrx_word' id='word_1_280' title='bbox 866 1528 950 1561; x_wconf 89' lang='lat' dir='ltr'>lente</span> <span class='ocrx_word' id='word_1_281' title='bbox 974 1527 1056 1561; x_wconf 87' lang='lat' dir='ltr'>adeo</span> <span class='ocrx_word' id='word_1_282' title='bbox 1078 1549 1087 1564; x_wconf 95' lang='lat'>‚</span> <span class='ocrx_word' id='word_1_283' title='bbox 1120 1537 1156 1561; x_wconf 87' lang='lat' dir='ltr'>ut</span> <span class='ocrx_word' id='word_1_284' title='bbox 1181 1537 1245 1562; x_wconf 86' lang='lat' dir='ltr'>tres</span> <span class='ocrx_word' id='word_1_285' title='bbox 1275 1525 1375 1560; x_wconf 89' lang='lat' dir='ltr'>ferme</span> 
     </span>
     <span class='ocr_line' id='line_1_34' title="bbox 364 1570 1376 1621; baseline -0.015 -4"><span class='ocrx_word' id='word_1_286' title='bbox 364 1585 456 1621; x_wconf 77' lang='lat' dir='ltr'>horae</span> <span class='ocrx_word' id='word_1_287' title='bbox 477 1580 539 1614; x_wconf 88' lang='lat' dir='ltr'>sint</span> <span class='ocrx_word' id='word_1_288' title='bbox 565 1575 736 1618; x_wconf 78' lang='lat' dir='ltr'>impensae:</span> <span class='ocrx_word' id='word_1_289' title='bbox 762 1572 849 1615; x_wconf 86' lang='lat' dir='ltr'>quod</span> <span class='ocrx_word' id='word_1_290' title='bbox 874 1572 980 1604; x_wconf 89' lang='lat' dir='ltr'>minus</span> <span class='ocrx_word' id='word_1_291' title='bbox 1004 1572 1068 1605; x_wconf 90' lang='lat' dir='ltr'>tibi</span> <span class='ocrx_word' id='word_1_292' title='bbox 1092 1571 1210 1604; x_wconf 88' lang='lat' dir='ltr'>mirum</span> <span class='ocrx_word' id='word_1_293' title='bbox 1235 1570 1376 1612; x_wconf 88' lang='lat' dir='ltr'>accidet,</span> 
     </span>
     <span class='ocr_line' id='line_1_35' title="bbox 367 1613 1376 1662; baseline -0.014 -1"><span class='ocrx_word' id='word_1_294' title='bbox 367 1628 426 1662; x_wconf 79' lang='lat' dir='ltr'>nbi</span> <span class='ocrx_word' id='word_1_295' title='bbox 473 1636 511 1657; x_wconf 82' lang='lat' dir='ltr'>ex</span> <span class='ocrx_word' id='word_1_296' title='bbox 542 1622 594 1655; x_wconf 85' lang='lat' dir='ltr'>Cl.</span> <span class='ocrx_word' id='word_1_297' title='bbox 627 1618 813 1660; x_wconf 78' lang='lat' dir='ltr'>Targionio</span> <span class='ocrx_word' id='word_1_298' title='bbox 846 1613 935 1661; x_wconf 52' lang='lat' dir='ltr'>(se)</span> <span class='ocrx_word' id='word_1_299' title='bbox 976 1615 1104 1647; x_wconf 87' lang='lat' dir='ltr'>noveris</span> <span class='ocrx_word' id='word_1_300' title='bbox 1127 1635 1137 1651; x_wconf 85' lang='lat'>‚</span> <span class='ocrx_word' id='word_1_301' title='bbox 1178 1613 1271 1648; x_wconf 78' lang='lat' dir='ltr'>fuiss&#39;e</span> <span class='ocrx_word' id='word_1_302' title='bbox 1313 1613 1376 1656; x_wconf 86' lang='lat' dir='ltr'>hy-</span> 
     </span>
     <span class='ocr_line' id='line_1_36' title="bbox 365 1657 1376 1712; baseline -0.012 -10"><span class='ocrx_word' id='word_1_303' title='bbox 365 1669 540 1712; x_wconf 82' lang='lat' dir='ltr'>dropicum</span> <span class='ocrx_word' id='word_1_304' title='bbox 564 1688 572 1702; x_wconf 86' lang='lat'>,</span> <span class='ocrx_word' id='word_1_305' title='bbox 602 1663 656 1697; x_wconf 84' lang='lat' dir='ltr'>cui</span> <span class='ocrx_word' id='word_1_306' title='bbox 688 1671 756 1694; x_wconf 84' lang='lat' dir='ltr'>tam</span> <span class='ocrx_word' id='word_1_307' title='bbox 789 1658 882 1693; x_wconf 88' lang='lat' dir='ltr'>densa</span> <span class='ocrx_word' id='word_1_308' title='bbox 913 1657 1053 1700; x_wconf 77' lang='lat' dir='ltr'>gelatina</span> <span class='ocrx_word' id='word_1_309' title='bbox 1085 1665 1227 1691; x_wconf 89' lang='lat' dir='ltr'>ventrem</span> <span class='ocrx_word' id='word_1_310' title='bbox 1259 1657 1376 1698; x_wconf 87' lang='lat' dir='ltr'>imple-</span> 
     </span>
     <span class='ocr_line' id='line_1_37' title="bbox 367 1699 1375 1751; baseline -0.016 -4"><span class='ocrx_word' id='word_1_311' title='bbox 367 1715 426 1748; x_wconf 75' lang='lat' dir='ltr'>bat</span> <span class='ocrx_word' id='word_1_312' title='bbox 449 1736 459 1751; x_wconf 87' lang='lat'>,</span> <span class='ocrx_word' id='word_1_313' title='bbox 505 1708 592 1743; x_wconf 89' lang='lat' dir='ltr'>nulla</span> <span class='ocrx_word' id='word_1_314' title='bbox 627 1715 663 1739; x_wconf 84' lang='lat' dir='ltr'>ut</span> <span class='ocrx_word' id='word_1_315' title='bbox 698 1712 765 1737; x_wconf 89' lang='lat' dir='ltr'>arte</span> <span class='ocrx_word' id='word_1_316' title='bbox 806 1702 845 1734; x_wconf 90' lang='lat' dir='ltr'>ab</span> <span class='ocrx_word' id='word_1_317' title='bbox 888 1699 1158 1742; x_wconf 80' lang='lat' dir='ltr'>experientiffimo</span> <span class='ocrx_word' id='word_1_318' title='bbox 1202 1700 1375 1741; x_wconf 85' lang='lat' dir='ltr'>Chirurgo</span> 
     </span>
     <span class='ocr_line' id='line_1_38' title="bbox 367 1743 1376 1797; baseline -0.017 -4"><span class='ocrx_word' id='word_1_319' title='bbox 367 1757 460 1792; x_wconf 82' lang='lat' dir='ltr'>educi</span> <span class='ocrx_word' id='word_1_320' title='bbox 488 1751 631 1797; x_wconf 83' lang='lat' dir='ltr'>potuerit</span> <span class='ocrx_word' id='word_1_321' title='bbox 657 1773 663 1781; x_wconf 95' lang='lat'><strong><em>.</em></strong></span> <span class='ocrx_word' id='word_1_322' title='bbox 700 1747 762 1780; x_wconf 85' lang='lat' dir='ltr'>Sed</span> <span class='ocrx_word' id='word_1_323' title='bbox 792 1743 879 1779; x_wconf 88' lang='lat' dir='ltr'>nulla</span> <span class='ocrx_word' id='word_1_324' title='bbox 903 1754 950 1776; x_wconf 89' lang='lat' dir='ltr'>res</span> <span class='ocrx_word' id='word_1_325' title='bbox 980 1744 1080 1785; x_wconf 83' lang='lat' dir='ltr'>magis</span> <span class='ocrx_word' id='word_1_326' title='bbox 1102 1744 1176 1776; x_wconf 88' lang='lat' dir='ltr'>illas</span> <span class='ocrx_word' id='word_1_327' title='bbox 1206 1743 1376 1778; x_wconf 83' lang='lat' dir='ltr'>confirma-</span> 
     </span>
     <span class='ocr_line' id='line_1_39' title="bbox 369 1785 1378 1839; baseline -0.016 -5"><span class='ocrx_word' id='word_1_328' title='bbox 369 1805 421 1836; x_wconf 89' lang='lat' dir='ltr'>vit</span> <span class='ocrx_word' id='word_1_329' title='bbox 452 1794 685 1839; x_wconf 73' lang='lat' dir='ltr'>explicationes</span> <span class='ocrx_word' id='word_1_330' title='bbox 719 1813 729 1829; x_wconf 89' lang='lat'>‚</span> <span class='ocrx_word' id='word_1_331' title='bbox 773 1799 869 1831; x_wconf 84' lang='lat' dir='ltr'>quam</span> <span class='ocrx_word' id='word_1_332' title='bbox 901 1786 1073 1820; x_wconf 86' lang='lat' dir='ltr'>secundum</span> <span class='ocrx_word' id='word_1_333' title='bbox 1113 1787 1195 1829; x_wconf 85' lang='lat' dir='ltr'>ipsas</span> <span class='ocrx_word' id='word_1_334' title='bbox 1237 1785 1378 1820; x_wconf 87' lang='lat' dir='ltr'>feliciter</span> 
     </span>
     <span class='ocr_line' id='line_1_40' title="bbox 368 1829 1376 1881; baseline -0.01 -9"><span class='ocrx_word' id='word_1_335' title='bbox 368 1845 552 1881; x_wconf 60' lang='lat' dir='ltr'>excooitata</span> <span class='ocrx_word' id='word_1_336' title='bbox 584 1838 671 1870; x_wconf 90' lang='lat' dir='ltr'>ratio</span> <span class='ocrx_word' id='word_1_337' title='bbox 704 1834 812 1868; x_wconf 88' lang='lat' dir='ltr'>omnis</span> <span class='ocrx_word' id='word_1_338' title='bbox 846 1829 940 1864; x_wconf 85' lang='lat' dir='ltr'>simul</span> <span class='ocrx_word' id='word_1_339' title='bbox 975 1841 1064 1872; x_wconf 83' lang='lat' dir='ltr'>aquae</span> <span class='ocrx_word' id='word_1_340' title='bbox 1104 1830 1236 1874; x_wconf 78' lang='lat' dir='ltr'>innoxie</span> <span class='ocrx_word' id='word_1_341' title='bbox 1279 1832 1376 1863; x_wconf 86' lang='lat' dir='ltr'>emit-</span> 
     </span>
     <span class='ocr_line' id='line_1_41' title="bbox 366 1872 1379 1926; baseline -0.02 -1"><span class='ocrx_word' id='word_1_342' title='bbox 366 1872 473 1925; x_wconf 57' lang='lat' dir='ltr'>tendi}</span> <span class='ocrx_word' id='word_1_343' title='bbox 496 1909 509 1926; x_wconf 85' lang='lat'><em>,</em></span> <span class='ocrx_word' id='word_1_344' title='bbox 553 1881 708 1915; x_wconf 87' lang='lat' dir='ltr'>nimirum</span> <span class='ocrx_word' id='word_1_345' title='bbox 732 1903 745 1919; x_wconf 77' lang='grc'>,,</span> <span class='ocrx_word' id='word_1_346' title='bbox 784 1874 942 1910; x_wconf 84' lang='lat' dir='ltr'>abdomen</span> <span class='ocrx_word' id='word_1_347' title='bbox 976 1884 1041 1907; x_wconf 89' lang='lat' dir='ltr'>non</span> <span class='ocrx_word' id='word_1_348' title='bbox 1075 1873 1173 1907; x_wconf 92' lang='lat' dir='ltr'>modo</span> <span class='ocrx_word' id='word_1_349' title='bbox 1208 1873 1379 1916; x_wconf 89' lang='lat' dir='ltr'>postquam</span> 
     </span>
     <span class='ocr_line' id='line_1_42' title="bbox 370 1915 1381 1969; baseline -0.021 -3"><span class='ocrx_word' id='word_1_350' title='bbox 370 1930 479 1969; x_wconf 82' lang='lat' dir='ltr'>emissa</span> <span class='ocrx_word' id='word_1_351' title='bbox 513 1927 558 1962; x_wconf 90' lang='lat' dir='ltr'>est</span> <span class='ocrx_word' id='word_1_352' title='bbox 581 1949 593 1967; x_wconf 82' lang='lat'>‚</span> <span class='ocrx_word' id='word_1_353' title='bbox 626 1923 714 1968; x_wconf 87' lang='lat' dir='ltr'>quod</span> <span class='ocrx_word' id='word_1_354' title='bbox 747 1924 778 1955; x_wconf 73' lang='grc' dir='ltr'>δε</span> <span class='ocrx_word' id='word_1_355' title='bbox 811 1919 959 1954; x_wconf 88' lang='lat' dir='ltr'>laudatus</span> <span class='ocrx_word' id='word_1_356' title='bbox 992 1918 1165 1967; x_wconf 75' lang='lat' dir='ltr'>Verneyus</span> <span class='ocrx_word' id='word_1_357' title='bbox 1199 1915 1283 1966; x_wconf 73' lang='lat' dir='ltr'>(l)</span> <span class='ocrx_word' id='word_1_358' title='bbox 1312 1916 1381 1958; x_wconf 77' lang='lat' dir='ltr'>post</span> 
     </span>
     <span class='ocr_line' id='line_1_43' title="bbox 369 1959 1382 2012; baseline -0.021 0"><span class='ocrx_word' id='word_1_359' title='bbox 369 1977 554 2012; x_wconf 78' lang='lat' dir='ltr'>uberiorem</span> <span class='ocrx_word' id='word_1_360' title='bbox 590 1969 791 2004; x_wconf 62' lang='lat' dir='ltr'>eductionem</span> <span class='ocrx_word' id='word_1_361' title='bbox 832 1963 963 2006; x_wconf 82' lang='lat' dir='ltr'>jubebat</span> <span class='ocrx_word' id='word_1_362' title='bbox 993 1985 1004 2001; x_wconf 88' lang='lat'>,</span> <span class='ocrx_word' id='word_1_363' title='bbox 1047 1959 1154 1994; x_wconf 81' lang='lat' dir='ltr'>fasciis</span> <span class='ocrx_word' id='word_1_364' title='bbox 1186 1959 1382 2002; x_wconf 84' lang='lat' dir='ltr'>adstringen-</span> 
     </span>
     <span class='ocr_line' id='line_1_44' title="bbox 371 2003 1382 2060; baseline -0.015 -10"><span class='ocrx_word' id='word_1_365' title='bbox 371 2022 450 2060; x_wconf 82' lang='lat' dir='ltr'>d0‚</span> <span class='ocrx_word' id='word_1_366' title='bbox 483 2026 600 2051; x_wconf 87' lang='lat' dir='ltr'>verum</span> <span class='ocrx_word' id='word_1_367' title='bbox 633 2013 731 2046; x_wconf 88' lang='lat' dir='ltr'>etiam</span> <span class='ocrx_word' id='word_1_368' title='bbox 755 2035 764 2051; x_wconf 89' lang='lat'><em>‚</em></span> <span class='ocrx_word' id='word_1_369' title='bbox 796 2007 894 2050; x_wconf 90' lang='lat' dir='ltr'>idque</span> <span class='ocrx_word' id='word_1_370' title='bbox 930 2003 1108 2048; x_wconf 69' lang='lat' dir='ltr'>praesertim</span> <span class='ocrx_word' id='word_1_371' title='bbox 1131 2028 1142 2045; x_wconf 89' lang='lat'><strong><em>,</em></strong></span> <span class='ocrx_word' id='word_1_372' title='bbox 1176 2005 1281 2046; x_wconf 84' lang='lat' dir='ltr'>magis</span> <span class='ocrx_word' id='word_1_373' title='bbox 1315 2014 1382 2036; x_wconf 88' lang='lat' dir='ltr'>ma-</span> 
     </span>
     <span class='ocr_line' id='line_1_45' title="bbox 372 2047 1383 2109; baseline -0.007 -22"><span class='ocrx_word' id='word_1_374' title='bbox 372 2064 486 2109; x_wconf 51' lang='lat' dir='ltr'>gisque</span> <span class='ocrx_word' id='word_1_375' title='bbox 518 2060 596 2093; x_wconf 75' lang='lat' dir='ltr'>dum</span> <span class='ocrx_word' id='word_1_376' title='bbox 627 2054 775 2089; x_wconf 85' lang='lat' dir='ltr'>educitur</span> <span class='ocrx_word' id='word_1_377' title='bbox 799 2076 806 2084; x_wconf 91' lang='lat'><strong><em>.</em></strong></span> <span class='ocrx_word' id='word_1_378' title='bbox 840 2051 916 2092; x_wconf 83' lang='lat' dir='ltr'>Qa</span> <span class='ocrx_word' id='word_1_379' title='bbox 953 2049 1079 2082; x_wconf 90' lang='lat' dir='ltr'>ratione</span> <span class='ocrx_word' id='word_1_380' title='bbox 1114 2049 1143 2081; x_wconf 91' lang='lat' dir='ltr'>is</span> <span class='ocrx_word' id='word_1_381' title='bbox 1173 2048 1230 2097; x_wconf 79' lang='lat' dir='ltr'>qui</span> <span class='ocrx_word' id='word_1_382' title='bbox 1261 2047 1383 2089; x_wconf 88' lang='lat' dir='ltr'>primus</span> 
     </span>
     <span class='ocr_line' id='line_1_46' title="bbox 375 2090 1382 2143; baseline -0.012 -8"><span class='ocrx_word' id='word_1_383' title='bbox 375 2113 407 2143; x_wconf 61' lang='grc' dir='ltr'>ὅ(</span> <span class='ocrx_word' id='word_1_384' title='bbox 440 2102 642 2141; x_wconf 65' lang='lat' dir='ltr'>excogitavit</span> <span class='ocrx_word' id='word_1_385' title='bbox 667 2121 676 2136; x_wconf 88' lang='lat'>‚</span> <span class='ocrx_word' id='word_1_386' title='bbox 709 2101 741 2131; x_wconf 88' lang='lat'>&amp;</span> <span class='ocrx_word' id='word_1_387' title='bbox 775 2094 925 2129; x_wconf 83' lang='lat' dir='ltr'>adhibuit</span> <span class='ocrx_word' id='word_1_388' title='bbox 960 2092 1107 2126; x_wconf 86' lang='lat' dir='ltr'>Medicus</span> <span class='ocrx_word' id='word_1_389' title='bbox 1130 2091 1267 2125; x_wconf 86' lang='lat' dir='ltr'>eximius</span> <span class='ocrx_word' id='word_1_390' title='bbox 1291 2090 1382 2124; x_wconf 86' lang='lat' dir='ltr'>Mea-</span> 
     </span>
     <span class='ocr_line' id='line_1_47' title="bbox 376 2134 1383 2189; baseline -0.012 -11"><span class='ocrx_word' id='word_1_391' title='bbox 376 2154 448 2187; x_wconf 69' lang='lat' dir='ltr'>fflus</span> <span class='ocrx_word' id='word_1_392' title='bbox 480 2154 490 2189; x_wconf 88' lang='lat'>(</span> <span class='ocrx_word' id='word_1_393' title='bbox 516 2142 579 2184; x_wconf 68' lang='grc' dir='ltr'>ἧι)</span> <span class='ocrx_word' id='word_1_394' title='bbox 613 2154 687 2176; x_wconf 89' lang='lat' dir='ltr'>cum</span> <span class='ocrx_word' id='word_1_395' title='bbox 722 2141 801 2174; x_wconf 89' lang='lat' dir='ltr'>alios</span> <span class='ocrx_word' id='word_1_396' title='bbox 825 2160 834 2176; x_wconf 89' lang='lat'><em>‚</em></span> <span class='ocrx_word' id='word_1_397' title='bbox 871 2146 943 2171; x_wconf 88' lang='lat' dir='ltr'>tum</span> <span class='ocrx_word' id='word_1_398' title='bbox 975 2138 1135 2179; x_wconf 81' lang='lat' dir='ltr'>praecipue</span> <span class='ocrx_word' id='word_1_399' title='bbox 1168 2134 1333 2168; x_wconf 87' lang='lat' dir='ltr'>mulierem</span> <span class='ocrx_word' id='word_1_400' title='bbox 1367 2144 1383 2166; x_wconf 91' lang='lat' dir='ltr'>a</span> 
     </span>
     <span class='ocr_line' id='line_1_48' title="bbox 374 2176 1384 2237; baseline -0.015 -12"><span class='ocrx_word' id='word_1_401' title='bbox 374 2197 408 2232; x_wconf 73' lang='lat' dir='ltr'>se</span> <span class='ocrx_word' id='word_1_402' title='bbox 439 2191 640 2237; x_wconf 83' lang='lat' dir='ltr'>persanatam</span> <span class='ocrx_word' id='word_1_403' title='bbox 673 2190 830 2219; x_wconf 88' lang='lat' dir='ltr'>memorat</span> <span class='ocrx_word' id='word_1_404' title='bbox 854 2204 865 2221; x_wconf 90' lang='lat'>‚</span> <span class='ocrx_word' id='word_1_405' title='bbox 899 2180 952 2213; x_wconf 89' lang='lat' dir='ltr'>cui</span> <span class='ocrx_word' id='word_1_406' title='bbox 977 2177 1073 2221; x_wconf 77' lang='lat' dir='ltr'>simul</span> <span class='ocrx_word' id='word_1_407' title='bbox 1103 2180 1144 2212; x_wconf 56' lang='grc' dir='ltr'><em>Θ</em></span> <span class='ocrx_word' id='word_1_408' title='bbox 1173 2176 1271 2221; x_wconf 84' lang='lat' dir='ltr'>semel</span> <span class='ocrx_word' id='word_1_409' title='bbox 1302 2188 1384 2219; x_wconf 86' lang='lat' dir='ltr'>aqua</span> 
     </span>
     <span class='ocr_line' id='line_1_49' title="bbox 376 2221 1386 2276; baseline -0.017 -5"><span class='ocrx_word' id='word_1_410' title='bbox 376 2239 485 2276; x_wconf 83' lang='lat' dir='ltr'>omnis</span> <span class='ocrx_word' id='word_1_411' title='bbox 513 2230 622 2268; x_wconf 80' lang='lat' dir='ltr'>emissa</span> <span class='ocrx_word' id='word_1_412' title='bbox 655 2230 698 2264; x_wconf 88' lang='lat' dir='ltr'>est</span> <span class='ocrx_word' id='word_1_413' title='bbox 732 2225 842 2270; x_wconf 90' lang='lat' dir='ltr'>pondo</span> <span class='ocrx_word' id='word_1_414' title='bbox 873 2224 1029 2257; x_wconf 85' lang='lat' dir='ltr'>librarum</span> <span class='ocrx_word' id='word_1_415' title='bbox 1052 2222 1219 2265; x_wconf 79' lang='lat' dir='ltr'>sexaginta</span> <span class='ocrx_word' id='word_1_416' title='bbox 1252 2245 1261 2260; x_wconf 89' lang='lat'><strong>‚</strong></span> <span class='ocrx_word' id='word_1_417' title='bbox 1304 2221 1386 2254; x_wconf 88' lang='lat' dir='ltr'>alte-</span> 
     </span>
     <span class='ocr_line' id='line_1_50' title="bbox 378 2263 1386 2320; baseline -0.019 -6"><span class='ocrx_word' id='word_1_418' title='bbox 378 2295 447 2320; x_wconf 72' lang='lat' dir='ltr'>ram</span> <span class='ocrx_word' id='word_1_419' title='bbox 472 2288 579 2313; x_wconf 82' lang='lat' dir='ltr'>autem</span> <span class='ocrx_word' id='word_1_420' title='bbox 611 2284 711 2308; x_wconf 89' lang='lat' dir='ltr'>annos</span> <span class='ocrx_word' id='word_1_421' title='bbox 733 2272 785 2304; x_wconf 85' lang='lat' dir='ltr'>sex</span> <span class='ocrx_word' id='word_1_422' title='bbox 805 2292 814 2307; x_wconf 93' lang='lat'>‚</span> <span class='ocrx_word' id='word_1_423' title='bbox 850 2269 881 2300; x_wconf 89' lang='lat'>&amp;</span> <span class='ocrx_word' id='word_1_424' title='bbox 905 2266 1024 2308; x_wconf 78' lang='lat' dir='ltr'>septem</span> <span class='ocrx_word' id='word_1_425' title='bbox 1058 2264 1176 2298; x_wconf 85' lang='lat' dir='ltr'>menses</span> <span class='ocrx_word' id='word_1_426' title='bbox 1210 2263 1386 2303; x_wconf 88' lang='lat' dir='ltr'>servatam,</span> 
     </span>
     <span class='ocr_line' id='line_1_51' title="bbox 379 2308 1385 2366; baseline -0.014 -11"><span class='ocrx_word' id='word_1_427' title='bbox 379 2339 419 2362; x_wconf 70' lang='lat' dir='ltr'>ex</span> <span class='ocrx_word' id='word_1_428' title='bbox 441 2335 504 2366; x_wconf 85' lang='lat' dir='ltr'>qua</span> <span class='ocrx_word' id='word_1_429' title='bbox 527 2330 601 2354; x_wconf 86' lang='lat' dir='ltr'>toto</span> <span class='ocrx_word' id='word_1_430' title='bbox 624 2318 688 2351; x_wconf 88' lang='lat' dir='ltr'>illo</span> <span class='ocrx_word' id='word_1_431' title='bbox 708 2312 865 2356; x_wconf 87' lang='lat' dir='ltr'>temporis</span> <span class='ocrx_word' id='word_1_432' title='bbox 879 2309 1002 2353; x_wconf 78' lang='lat' dir='ltr'>spatio,</span> <span class='ocrx_word' id='word_1_433' title='bbox 1025 2308 1229 2345; x_wconf 85' lang='lat' dir='ltr'>incredibili,</span> <span class='ocrx_word' id='word_1_434' title='bbox 1255 2308 1313 2341; x_wconf 88' lang='lat' dir='ltr'>nisi</span> <span class='ocrx_word' id='word_1_435' title='bbox 1337 2318 1385 2341; x_wconf 86' lang='lat' dir='ltr'>res</span> 
     </span>
     <span class='ocr_line' id='line_1_52' title="bbox 379 2351 1385 2405; baseline -0.021 0"><span class='ocrx_word' id='word_1_436' title='bbox 379 2373 466 2405; x_wconf 77' lang='lat' dir='ltr'>inter</span> <span class='ocrx_word' id='word_1_437' title='bbox 488 2373 600 2398; x_wconf 90' lang='lat' dir='ltr'>omnes</span> <span class='ocrx_word' id='word_1_438' title='bbox 623 2358 763 2393; x_wconf 88' lang='lat' dir='ltr'>Londini</span> <span class='ocrx_word' id='word_1_439' title='bbox 789 2354 972 2391; x_wconf 82' lang='lat' dir='ltr'>constaret,</span> <span class='ocrx_word' id='word_1_440' title='bbox 995 2354 1089 2394; x_wconf 86' lang='lat' dir='ltr'>copia</span> <span class='ocrx_word' id='word_1_441' title='bbox 1115 2351 1230 2384; x_wconf 70' lang='lat' dir='ltr'>edusta</span> <span class='ocrx_word' id='word_1_442' title='bbox 1253 2352 1318 2389; x_wconf 85' lang='lat' dir='ltr'>est,</span> <span class='ocrx_word' id='word_1_443' title='bbox 1342 2351 1385 2384; x_wconf 78' lang='lat' dir='ltr'>li-</span> 
     </span>
     <span class='ocr_line' id='line_1_53' title="bbox 380 2392 1384 2448; baseline -0.022 -1"><span class='ocrx_word' id='word_1_444' title='bbox 380 2414 442 2448; x_wconf 76' lang='lat' dir='ltr'>brae</span> <span class='ocrx_word' id='word_1_445' title='bbox 474 2409 630 2443; x_wconf 89' lang='lat' dir='ltr'>nimirum</span> <span class='ocrx_word' id='word_1_446' title='bbox 653 2401 740 2436; x_wconf 71' lang='lat' dir='ltr'>mille</span> <span class='ocrx_word' id='word_1_447' title='bbox 772 2404 926 2439; x_wconf 76' lang='lat' dir='ltr'>nongentae</span> <span class='ocrx_word' id='word_1_448' title='bbox 948 2397 990 2429; x_wconf 53' lang='grc' dir='ltr'><em>θ</em></span> <span class='ocrx_word' id='word_1_449' title='bbox 1020 2394 1141 2437; x_wconf 71' lang='lat' dir='ltr'>viginti</span> <span class='ocrx_word' id='word_1_450' title='bbox 1163 2419 1171 2427; x_wconf 96' lang='lat'>.</span> <span class='ocrx_word' id='word_1_451' title='bbox 1204 2392 1264 2427; x_wconf 90' lang='lat' dir='ltr'>Sed</span> <span class='ocrx_word' id='word_1_452' title='bbox 1287 2404 1384 2436; x_wconf 83' lang='lat' dir='ltr'>quam</span> 
     </span>
     <span class='ocr_line' id='line_1_54' title="bbox 379 2436 1385 2492; baseline -0.022 -2"><span class='ocrx_word' id='word_1_453' title='bbox 379 2465 476 2492; x_wconf 85' lang='lat' dir='ltr'>caute</span> <span class='ocrx_word' id='word_1_454' title='bbox 499 2453 566 2486; x_wconf 83' lang='lat' dir='ltr'>haec</span> <span class='ocrx_word' id='word_1_455' title='bbox 589 2450 651 2482; x_wconf 86' lang='lat' dir='ltr'>sint</span> <span class='ocrx_word' id='word_1_456' title='bbox 674 2448 705 2478; x_wconf 90' lang='lat'><strong>&amp;</strong></span> <span class='ocrx_word' id='word_1_457' title='bbox 728 2440 946 2482; x_wconf 87' lang='lat' dir='ltr'>suscipienda,</span> <span class='ocrx_word' id='word_1_458' title='bbox 970 2441 1000 2471; x_wconf 76' lang='grc' dir='ltr'>δι</span> <span class='ocrx_word' id='word_1_459' title='bbox 1022 2436 1166 2470; x_wconf 80' lang='lat' dir='ltr'>facienda</span> <span class='ocrx_word' id='word_1_460' title='bbox 1189 2460 1199 2476; x_wconf 91' lang='lat'>,</span> <span class='ocrx_word' id='word_1_461' title='bbox 1231 2437 1354 2470; x_wconf 83' lang='lat' dir='ltr'>nobiles</span> <span class='ocrx_word' id='word_1_462' title='bbox 1374 2459 1385 2475; x_wconf 90' lang='lat'>‚</span> 
     </span>
    </p>

    <p class='ocr_par' dir='ltr' id='par_1_4' title="bbox 382 2479 1391 2845">
     <span class='ocr_line' id='line_1_55' title="bbox 411 2479 1385 2534; baseline -0.022 0"><span class='ocrx_word' id='word_1_463' title='bbox 411 2511 467 2534; x_wconf 87' lang='lat' dir='ltr'>uos</span> <span class='ocrx_word' id='word_1_464' title='bbox 490 2494 636 2530; x_wconf 87' lang='lat' dir='ltr'>nominat</span> <span class='ocrx_word' id='word_1_465' title='bbox 650 2515 658 2529; x_wconf 92' lang='lat'>‚</span> <span class='ocrx_word' id='word_1_466' title='bbox 681 2489 767 2520; x_wconf 86' lang='lat' dir='ltr'>inter</span> <span class='ocrx_word' id='word_1_467' title='bbox 789 2483 913 2525; x_wconf 76' lang='lat' dir='ltr'>Anglos</span> <span class='ocrx_word' id='word_1_468' title='bbox 935 2481 1093 2522; x_wconf 83' lang='lat' dir='ltr'>Chirurgi</span> <span class='ocrx_word' id='word_1_469' title='bbox 1118 2479 1352 2523; x_wconf 88' lang='lat' dir='ltr'>proposuerunt</span> <span class='ocrx_word' id='word_1_470' title='bbox 1377 2493 1385 2513; x_wconf 73' lang='grc' dir='ltr'><strong><em>ε</em></strong></span> 
     </span>
     <span class='ocr_line' id='line_1_56' title="bbox 383 2513 1385 2584; baseline -0.02 -10"><span class='ocrx_word' id='word_1_471' title='bbox 383 2513 573 2584; x_wconf 71' lang='lat' dir='ltr'>&lt;luatiquam</span> <span class='ocrx_word' id='word_1_472' title='bbox 597 2539 628 2569; x_wconf 90' lang='lat'>&amp;</span> <span class='ocrx_word' id='word_1_473' title='bbox 651 2529 710 2574; x_wconf 86' lang='lat' dir='ltr'>ipsi</span> <span class='ocrx_word' id='word_1_474' title='bbox 735 2537 812 2562; x_wconf 90' lang='lat' dir='ltr'>nota</span> <span class='ocrx_word' id='word_1_475' title='bbox 836 2526 908 2560; x_wconf 80' lang='lat' dir='ltr'>esset</span> <span class='ocrx_word' id='word_1_476' title='bbox 932 2524 1109 2567; x_wconf 86' lang='lat' dir='ltr'>hydropica</span> <span class='ocrx_word' id='word_1_477' title='bbox 1123 2534 1216 2566; x_wconf 64' lang='lat' dir='ltr'>quae,</span> <span class='ocrx_word' id='word_1_478' title='bbox 1238 2523 1385 2564; x_wconf 87' lang='lat' dir='ltr'>disrupto</span> 
     </span>
     <span class='ocr_line' id='line_1_57' title="bbox 384 2558 1389 2621; baseline -0.023 1"><span class='ocrx_word' id='word_1_479' title='bbox 384 2558 442 2621; x_wconf 68' lang='lat' dir='ltr'>qer</span> <span class='ocrx_word' id='word_1_480' title='bbox 466 2585 495 2619; x_wconf 87' lang='lat' dir='ltr'>se</span> <span class='ocrx_word' id='word_1_481' title='bbox 525 2578 698 2615; x_wconf 83' lang='lat' dir='ltr'>abdomine</span> <span class='ocrx_word' id='word_1_482' title='bbox 722 2595 732 2611; x_wconf 85' lang='lat'>‚</span> <span class='ocrx_word' id='word_1_483' title='bbox 755 2574 787 2605; x_wconf 73' lang='grc' dir='ltr'>δε</span> <span class='ocrx_word' id='word_1_484' title='bbox 811 2570 948 2613; x_wconf 86' lang='lat' dir='ltr'>plurima</span> <span class='ocrx_word' id='word_1_485' title='bbox 973 2579 1054 2611; x_wconf 86' lang='lat' dir='ltr'>aqua</span> <span class='ocrx_word' id='word_1_486' title='bbox 1079 2564 1174 2600; x_wconf 83' lang='lat' dir='ltr'>effusa</span> <span class='ocrx_word' id='word_1_487' title='bbox 1197 2590 1207 2606; x_wconf 93' lang='lat'><strong>,</strong></span> <span class='ocrx_word' id='word_1_488' title='bbox 1241 2567 1389 2608; x_wconf 85' lang='lat' dir='ltr'>superstes</span> 
     </span>
     <span class='ocr_line' id='line_1_58' title="bbox 382 2601 1389 2669; baseline -0.021 -9"><span class='ocrx_word' id='word_1_489' title='bbox 382 2601 452 2669; x_wconf 50' lang='lat' dir='ltr'>{uit</span> <span class='ocrx_word' id='word_1_490' title='bbox 523 2625 576 2659; x_wconf 92' lang='lat' dir='ltr'>cui</span> <span class='ocrx_word' id='word_1_491' title='bbox 599 2619 735 2655; x_wconf 79' lang='lat' dir='ltr'>similem</span> <span class='ocrx_word' id='word_1_492' title='bbox 759 2614 889 2647; x_wconf 87' lang='lat' dir='ltr'>alteram</span> <span class='ocrx_word' id='word_1_493' title='bbox 911 2613 993 2653; x_wconf 80' lang='lat' dir='ltr'>leges</span> <span class='ocrx_word' id='word_1_494' title='bbox 1017 2623 1032 2643; x_wconf 89' lang='lat' dir='ltr'>a</span> <span class='ocrx_word' id='word_1_495' title='bbox 1055 2610 1199 2643; x_wconf 88' lang='lat' dir='ltr'>Nebelio</span> <span class='ocrx_word' id='word_1_496' title='bbox 1224 2609 1277 2652; x_wconf 89' lang='lat' dir='ltr'>(n</span> <span class='ocrx_word' id='word_1_497' title='bbox 1299 2613 1313 2650; x_wconf 92' lang='lat'>)</span> <span class='ocrx_word' id='word_1_498' title='bbox 1334 2608 1389 2643; x_wconf 86' lang='lat' dir='ltr'>de-</span> 
     </span>
     <span class='ocr_line' id='line_1_59' title="bbox 384 2652 1389 2715; baseline -0.017 -14"><span class='ocrx_word' id='word_1_499' title='bbox 384 2652 543 2715; x_wconf 67' lang='lat' dir='ltr'>stripiam</span> <span class='ocrx_word' id='word_1_500' title='bbox 565 2692 572 2698; x_wconf 90' lang='lat'>.</span> <span class='ocrx_word' id='word_1_501' title='bbox 607 2663 751 2703; x_wconf 86' lang='lat' dir='ltr'>Utrique</span> <span class='ocrx_word' id='word_1_502' title='bbox 774 2658 872 2691; x_wconf 88' lang='lat' dir='ltr'>nimis</span> <span class='ocrx_word' id='word_1_503' title='bbox 904 2655 1076 2688; x_wconf 88' lang='lat' dir='ltr'>distentum</span> <span class='ocrx_word' id='word_1_504' title='bbox 1099 2653 1256 2686; x_wconf 86' lang='lat' dir='ltr'>abdomen</span> <span class='ocrx_word' id='word_1_505' title='bbox 1288 2664 1389 2696; x_wconf 86' lang='lat' dir='ltr'>prope</span> 
     </span>
     <span class='ocr_line' id='line_1_60' title="bbox 384 2696 1389 2754; baseline -0.024 -3"><span class='ocrx_word' id='word_1_506' title='bbox 384 2715 583 2754; x_wconf 88' lang='lat' dir='ltr'>umbilicum</span> <span class='ocrx_word' id='word_1_507' title='bbox 618 2713 783 2747; x_wconf 82' lang='lat' dir='ltr'>crepuerat</span> <span class='ocrx_word' id='word_1_508' title='bbox 803 2726 809 2732; x_wconf 96' lang='lat'>.</span> <span class='ocrx_word' id='word_1_509' title='bbox 846 2701 947 2733; x_wconf 91' lang='lat' dir='ltr'>Porro</span> <span class='ocrx_word' id='word_1_510' title='bbox 969 2706 1080 2731; x_wconf 82' lang='lat' dir='ltr'>extant</span> <span class='ocrx_word' id='word_1_511' title='bbox 1113 2697 1181 2729; x_wconf 81' lang='lat' dir='ltr'>aliae</span> <span class='ocrx_word' id='word_1_512' title='bbox 1204 2707 1259 2738; x_wconf 88' lang='lat' dir='ltr'>per</span> <span class='ocrx_word' id='word_1_513' title='bbox 1281 2696 1389 2737; x_wconf 86' lang='lat' dir='ltr'>ipsum</span> 
     </span>
     <span class='ocr_line' id='line_1_61' title="bbox 385 2738 1388 2797; baseline -0.025 0"><span class='ocrx_word' id='word_1_514' title='bbox 385 2758 586 2797; x_wconf 83' lang='lat' dir='ltr'>umbilicum</span> <span class='ocrx_word' id='word_1_515' title='bbox 619 2752 732 2793; x_wconf 87' lang='lat' dir='ltr'>sponte</span> <span class='ocrx_word' id='word_1_516' title='bbox 755 2744 995 2786; x_wconf 87' lang='lat' dir='ltr'>erumpentium</span> <span class='ocrx_word' id='word_1_517' title='bbox 1030 2751 1183 2782; x_wconf 87' lang='lat' dir='ltr'>aquarum</span> <span class='ocrx_word' id='word_1_518' title='bbox 1204 2761 1213 2776; x_wconf 89' lang='lat'><strong><em>‚</em></strong></span> <span class='ocrx_word' id='word_1_519' title='bbox 1249 2738 1301 2773; x_wconf 90' lang='lat' dir='ltr'>sed</span> <span class='ocrx_word' id='word_1_520' title='bbox 1324 2739 1388 2773; x_wconf 90' lang='lat' dir='ltr'>fere</span> 
     </span>
     <span class='ocr_line' id='line_1_62' title="bbox 386 2782 1391 2845; baseline -0.012 -18"><span class='ocrx_word' id='word_1_521' title='bbox 386 2811 556 2845; x_wconf 63' lang='lat' dir='ltr'>nunquam</span> <span class='ocrx_word' id='word_1_522' title='bbox 580 2793 675 2831; x_wconf 65' lang='lat' dir='ltr'>simul</span> <span class='ocrx_word' id='word_1_523' title='bbox 699 2790 872 2827; x_wconf 83' lang='lat' dir='ltr'>omnium,</span> <span class='ocrx_word' id='word_1_524' title='bbox 896 2785 1002 2820; x_wconf 88' lang='lat' dir='ltr'>felices</span> <span class='ocrx_word' id='word_1_525' title='bbox 1025 2782 1302 2822; x_wconf 80' lang='lat' dir='ltr'>Observationes,</span> <span class='ocrx_word' id='word_1_526' title='bbox 1325 2795 1391 2816; x_wconf 92' lang='lat' dir='ltr'>non</span> 
     </span>
    </p>

    <p class='ocr_par' dir='ltr' id='par_1_5' title="bbox 384 2826 1391 3364">
     <span class='ocr_line' id='line_1_63' title="bbox 407 2826 1391 2883; baseline -0.022 -3"><span class='ocrx_word' id='word_1_527' title='bbox 407 2850 431 2883; x_wconf 88' lang='lat' dir='ltr'>b</span> <span class='ocrx_word' id='word_1_528' title='bbox 467 2846 533 2879; x_wconf 91' lang='lat' dir='ltr'>illis</span> <span class='ocrx_word' id='word_1_529' title='bbox 556 2839 657 2875; x_wconf 88' lang='lat' dir='ltr'>modo</span> <span class='ocrx_word' id='word_1_530' title='bbox 686 2844 768 2878; x_wconf 86' lang='lat' dir='ltr'>quos</span> <span class='ocrx_word' id='word_1_531' title='bbox 791 2830 883 2874; x_wconf 90' lang='lat' dir='ltr'>supra</span> <span class='ocrx_word' id='word_1_532' title='bbox 918 2829 1060 2863; x_wconf 73' lang='lat' dir='ltr'>diximus</span> <span class='ocrx_word' id='word_1_533' title='bbox 1080 2849 1090 2866; x_wconf 89' lang='lat'>‚</span> <span class='ocrx_word' id='word_1_534' title='bbox 1122 2826 1172 2859; x_wconf 92' lang='lat' dir='ltr'>sed</span> <span class='ocrx_word' id='word_1_535' title='bbox 1196 2828 1226 2858; x_wconf 69' lang='grc' dir='ltr'>ὅ(</span> <span class='ocrx_word' id='word_1_536' title='bbox 1258 2828 1298 2860; x_wconf 85' lang='lat' dir='ltr'>ab</span> <span class='ocrx_word' id='word_1_537' title='bbox 1322 2827 1391 2859; x_wconf 88' lang='lat' dir='ltr'>aliis</span> 
     </span>
     <span class='ocr_line' id='line_1_64' title="bbox 384 2862 1388 2932; baseline -0.018 -12"><span class='ocrx_word' id='word_1_538' title='bbox 384 2862 441 2932; x_wconf 56' lang='grc' dir='ltr'>ΞΟ</span> <span class='ocrx_word' id='word_1_539' title='bbox 465 2894 475 2929; x_wconf 92' lang='grc'>)</span> <span class='ocrx_word' id='word_1_540' title='bbox 500 2884 665 2930; x_wconf 70' lang='grc' dir='ltr'>ρτοάυέὶεε</span> <span class='ocrx_word' id='word_1_541' title='bbox 683 2904 690 2910; x_wconf 98' lang='grc'>.</span> <span class='ocrx_word' id='word_1_542' title='bbox 717 2877 789 2911; x_wconf 87' lang='lat' dir='ltr'>Nec</span> <span class='ocrx_word' id='word_1_543' title='bbox 811 2884 918 2908; x_wconf 86' lang='lat' dir='ltr'>tamen</span> <span class='ocrx_word' id='word_1_544' title='bbox 943 2871 1090 2907; x_wconf 85' lang='lat' dir='ltr'>Medici,</span> <span class='ocrx_word' id='word_1_545' title='bbox 1113 2879 1149 2903; x_wconf 90' lang='lat' dir='ltr'>ut</span> <span class='ocrx_word' id='word_1_546' title='bbox 1173 2868 1301 2904; x_wconf 88' lang='lat' dir='ltr'>ascitem</span> <span class='ocrx_word' id='word_1_547' title='bbox 1326 2869 1388 2918; x_wconf 82' lang='lat' dir='ltr'>sol-</span> 
     </span>
     <span class='ocr_line' id='line_1_65' title="bbox 387 2914 1387 2969; baseline -0.014 -10"><span class='ocrx_word' id='word_1_548' title='bbox 387 2940 502 2969; x_wconf 64' lang='lat' dir='ltr'>vel-ent</span> <span class='ocrx_word' id='word_1_549' title='bbox 523 2953 535 2969; x_wconf 78' lang='lat'>‚</span> <span class='ocrx_word' id='word_1_550' title='bbox 569 2926 692 2969; x_wconf 82' lang='lat' dir='ltr'>aperire</span> <span class='ocrx_word' id='word_1_551' title='bbox 715 2919 911 2954; x_wconf 88' lang='lat' dir='ltr'>umbilicum</span> <span class='ocrx_word' id='word_1_552' title='bbox 945 2922 1151 2958; x_wconf 84' lang='lat' dir='ltr'>perrexerunt</span> <span class='ocrx_word' id='word_1_553' title='bbox 1176 2935 1185 2950; x_wconf 91' lang='lat'>‚</span> <span class='ocrx_word' id='word_1_554' title='bbox 1215 2914 1387 2946; x_wconf 86' lang='lat' dir='ltr'>contrariis</span> 
     </span>
     <span class='ocr_line' id='line_1_66' title="bbox 390 2956 1386 3014; baseline -0.024 -3"><span class='ocrx_word' id='word_1_555' title='bbox 390 2979 448 3014; x_wconf 79' lang='lat' dir='ltr'>alii</span> <span class='ocrx_word' id='word_1_556' title='bbox 471 2965 766 3008; x_wconf 81' lang='lat' dir='ltr'>Observationibus</span> <span class='ocrx_word' id='word_1_557' title='bbox 791 2961 927 3005; x_wconf 83' lang='lat' dir='ltr'>permoti</span> <span class='ocrx_word' id='word_1_558' title='bbox 951 2982 960 2997; x_wconf 93' lang='lat'><em>‚</em></span> <span class='ocrx_word' id='word_1_559' title='bbox 986 2957 1178 3000; x_wconf 83' lang='lat' dir='ltr'>experientia</span> <span class='ocrx_word' id='word_1_560' title='bbox 1203 2966 1308 2990; x_wconf 87' lang='lat' dir='ltr'>autem</span> <span class='ocrx_word' id='word_1_561' title='bbox 1320 2956 1386 2997; x_wconf 87' lang='lat' dir='ltr'>ple-</span> 
     </span>
     <span class='ocr_line' id='line_1_67' title="bbox 391 3000 1387 3064; baseline -0.019 -13"><span class='ocrx_word' id='word_1_562' title='bbox 391 3023 486 3064; x_wconf 68' lang='lat' dir='ltr'>rique</span> <span class='ocrx_word' id='word_1_563' title='bbox 510 3014 636 3050; x_wconf 66' lang='lat' dir='ltr'>edocti,</span> <span class='ocrx_word' id='word_1_564' title='bbox 660 3016 787 3052; x_wconf 87' lang='lat' dir='ltr'>quanto</span> <span class='ocrx_word' id='word_1_565' title='bbox 799 3006 845 3040; x_wconf 92' lang='lat' dir='ltr'>ibi</span> <span class='ocrx_word' id='word_1_566' title='bbox 869 3002 999 3037; x_wconf 81' lang='lat' dir='ltr'>facilius</span> <span class='ocrx_word' id='word_1_567' title='bbox 1010 3001 1187 3038; x_wconf 85' lang='lat' dir='ltr'>abdomen,</span> <span class='ocrx_word' id='word_1_568' title='bbox 1209 3000 1387 3034; x_wconf 90' lang='lat' dir='ltr'>distenden-</span> 
     </span>
     <span class='ocr_line' id='line_1_68' title="bbox 390 3044 1389 3105; baseline -0.016 -13"><span class='ocrx_word' id='word_1_569' title='bbox 390 3077 425 3101; x_wconf 57' lang='grc' dir='ltr'>χρ</span> <span class='ocrx_word' id='word_1_570' title='bbox 448 3073 552 3105; x_wconf 71' lang='lat' dir='ltr'>aqua,</span> <span class='ocrx_word' id='word_1_571' title='bbox 577 3061 770 3090; x_wconf 86' lang='lat' dir='ltr'>extenuatur</span> <span class='ocrx_word' id='word_1_572' title='bbox 796 3074 806 3090; x_wconf 93' lang='lat'>,</span> <span class='ocrx_word' id='word_1_573' title='bbox 839 3057 931 3081; x_wconf 87' lang='lat' dir='ltr'>tanto</span> <span class='ocrx_word' id='word_1_574' title='bbox 953 3045 1117 3080; x_wconf 87' lang='lat' dir='ltr'>difficilius</span> <span class='ocrx_word' id='word_1_575' title='bbox 1139 3046 1170 3076; x_wconf 68' lang='grc' dir='ltr'>δε</span> <span class='ocrx_word' id='word_1_576' title='bbox 1193 3044 1308 3077; x_wconf 88' lang='lat' dir='ltr'>vulnus</span> <span class='ocrx_word' id='word_1_577' title='bbox 1331 3055 1389 3085; x_wconf 87' lang='lat' dir='ltr'>po-</span> 
     </span>
     <span class='ocr_line' id='line_1_69' title="bbox 390 3087 1386 3145; baseline -0.024 -4"><span class='ocrx_word' id='word_1_578' title='bbox 390 3110 453 3145; x_wconf 83' lang='lat' dir='ltr'>stea</span> <span class='ocrx_word' id='word_1_579' title='bbox 502 3115 559 3137; x_wconf 89' lang='lat' dir='ltr'>nec</span> <span class='ocrx_word' id='word_1_580' title='bbox 583 3110 678 3137; x_wconf 79' lang='lat' dir='ltr'>ram,</span> <span class='ocrx_word' id='word_1_581' title='bbox 699 3092 921 3130; x_wconf 89' lang='lat' dir='ltr'>consanescere</span> <span class='ocrx_word' id='word_1_582' title='bbox 941 3113 954 3130; x_wconf 83' lang='lat'><em>‚</em></span> <span class='ocrx_word' id='word_1_583' title='bbox 976 3092 1006 3121; x_wconf 73' lang='grc' dir='ltr'>δι</span> <span class='ocrx_word' id='word_1_584' title='bbox 1029 3090 1135 3121; x_wconf 89' lang='lat' dir='ltr'>minus</span> <span class='ocrx_word' id='word_1_585' title='bbox 1160 3087 1330 3120; x_wconf 88' lang='lat' dir='ltr'>commode</span> <span class='ocrx_word' id='word_1_586' title='bbox 1353 3088 1386 3118; x_wconf 91' lang='lat' dir='ltr'>in</span> 
     </span>
     <span class='ocr_line' id='line_1_70' title="bbox 388 3128 1388 3196; baseline -0.014 -21"><span class='ocrx_word' id='word_1_587' title='bbox 388 3130 559 3196; x_wconf 65' lang='lat' dir='ltr'>praes&#39;entia</span> <span class='ocrx_word' id='word_1_588' title='bbox 580 3140 749 3178; x_wconf 89' lang='lat' dir='ltr'>obturari,</span> <span class='ocrx_word' id='word_1_589' title='bbox 771 3148 810 3170; x_wconf 88' lang='lat' dir='ltr'>ne</span> <span class='ocrx_word' id='word_1_590' title='bbox 833 3136 904 3178; x_wconf 93' lang='lat' dir='ltr'>plus</span> <span class='ocrx_word' id='word_1_591' title='bbox 926 3144 1013 3176; x_wconf 84' lang='lat' dir='ltr'>aquae</span> <span class='ocrx_word' id='word_1_592' title='bbox 1027 3131 1189 3173; x_wconf 87' lang='lat' dir='ltr'>prodiret,</span> <span class='ocrx_word' id='word_1_593' title='bbox 1213 3142 1310 3172; x_wconf 84' lang='lat' dir='ltr'>quain</span> <span class='ocrx_word' id='word_1_594' title='bbox 1322 3128 1388 3162; x_wconf 90' lang='lat' dir='ltr'>fer-</span> 
     </span>
     <span class='ocr_line' id='line_1_71' title="bbox 388 3174 1387 3236; baseline -0.017 -15"><span class='ocrx_word' id='word_1_595' title='bbox 388 3208 424 3232; x_wconf 57' lang='lat' dir='ltr'>re</span> <span class='ocrx_word' id='word_1_596' title='bbox 448 3193 524 3236; x_wconf 75' lang='lat' dir='ltr'>aegri</span> <span class='ocrx_word' id='word_1_597' title='bbox 547 3188 629 3223; x_wconf 90' lang='lat' dir='ltr'>vires</span> <span class='ocrx_word' id='word_1_598' title='bbox 653 3184 794 3217; x_wconf 93' lang='lat' dir='ltr'>valerent</span> <span class='ocrx_word' id='word_1_599' title='bbox 817 3202 825 3217; x_wconf 81' lang='lat'>‚</span> <span class='ocrx_word' id='word_1_600' title='bbox 861 3188 962 3219; x_wconf 87' lang='lat' dir='ltr'>neque</span> <span class='ocrx_word' id='word_1_601' title='bbox 983 3187 1052 3209; x_wconf 90' lang='lat' dir='ltr'>eam</span> <span class='ocrx_word' id='word_1_602' title='bbox 1085 3174 1215 3208; x_wconf 87' lang='lat' dir='ltr'>demum</span> <span class='ocrx_word' id='word_1_603' title='bbox 1248 3183 1351 3206; x_wconf 89' lang='lat' dir='ltr'>totam</span> <span class='ocrx_word' id='word_1_604' title='bbox 1378 3195 1387 3209; x_wconf 95' lang='lat'>,</span> 
     </span>
     <span class='ocr_line' id='line_1_72' title="bbox 389 3214 1387 3278; baseline -0.021 -9"><span class='ocrx_word' id='word_1_605' title='bbox 389 3238 451 3274; x_wconf 81' lang='lat' dir='ltr'>nisi</span> <span class='ocrx_word' id='word_1_606' title='bbox 476 3227 740 3278; x_wconf 88' lang='lat' dir='ltr'>perincommode</span> <span class='ocrx_word' id='word_1_607' title='bbox 764 3234 849 3266; x_wconf 70' lang='lat' dir='ltr'>aegro</span> <span class='ocrx_word' id='word_1_608' title='bbox 870 3223 904 3254; x_wconf 88' lang='lat' dir='ltr'>in</span> <span class='ocrx_word' id='word_1_609' title='bbox 939 3229 1081 3252; x_wconf 87' lang='lat' dir='ltr'>ventrem</span> <span class='ocrx_word' id='word_1_610' title='bbox 1105 3219 1242 3252; x_wconf 88' lang='lat' dir='ltr'>cubante</span> <span class='ocrx_word' id='word_1_611' title='bbox 1263 3242 1270 3256; x_wconf 94' lang='lat'><em>‚</em></span> <span class='ocrx_word' id='word_1_612' title='bbox 1302 3214 1387 3258; x_wconf 85' lang='lat' dir='ltr'>posse</span> 
     </span>
     <span class='ocr_line' id='line_1_73' title="bbox 392 3258 1387 3317; baseline -0.023 -3"><span class='ocrx_word' id='word_1_613' title='bbox 392 3279 523 3317; x_wconf 86' lang='lat' dir='ltr'>detrahi</span> <span class='ocrx_word' id='word_1_614' title='bbox 545 3301 552 3308; x_wconf 89' lang='lat'><strong>.</strong></span> <span class='ocrx_word' id='word_1_615' title='bbox 587 3273 678 3306; x_wconf 88' lang='lat' dir='ltr'>Nam</span> <span class='ocrx_word' id='word_1_616' title='bbox 701 3267 789 3311; x_wconf 88' lang='lat' dir='ltr'>quod</span> <span class='ocrx_word' id='word_1_617' title='bbox 824 3264 931 3299; x_wconf 86' lang='lat' dir='ltr'>emitti</span> <span class='ocrx_word' id='word_1_618' title='bbox 957 3275 1011 3304; x_wconf 91' lang='lat' dir='ltr'>per</span> <span class='ocrx_word' id='word_1_619' title='bbox 1044 3262 1234 3296; x_wconf 87' lang='lat' dir='ltr'>umbilicum</span> <span class='ocrx_word' id='word_1_620' title='bbox 1259 3258 1387 3303; x_wconf 84' lang='lat' dir='ltr'>praesta-</span> 
     </span>
     <span class='ocr_line' id='line_1_74' title="bbox 391 3301 1385 3364; baseline -0.019 -10"><span class='ocrx_word' id='word_1_621' title='bbox 391 3334 442 3361; x_wconf 74' lang='lat' dir='ltr'>ret</span> <span class='ocrx_word' id='word_1_622' title='bbox 490 3321 565 3364; x_wconf 87' lang='lat' dir='ltr'>quia</span> <span class='ocrx_word' id='word_1_623' title='bbox 592 3316 632 3349; x_wconf 85' lang='lat' dir='ltr'>fic</span> <span class='ocrx_word' id='word_1_624' title='bbox 656 3312 775 3348; x_wconf 87' lang='lat' dir='ltr'>reclusa</span> <span class='ocrx_word' id='word_1_625' title='bbox 798 3320 876 3343; x_wconf 86' lang='lat' dir='ltr'>vena</span> <span class='ocrx_word' id='word_1_626' title='bbox 900 3306 1095 3340; x_wconf 88' lang='lat' dir='ltr'>Umbilicali</span> <span class='ocrx_word' id='word_1_627' title='bbox 1119 3304 1253 3348; x_wconf 85' lang='lat' dir='ltr'>aquosus</span> <span class='ocrx_word' id='word_1_628' title='bbox 1277 3315 1315 3337; x_wconf 86' lang='lat' dir='ltr'>ex</span> <span class='ocrx_word' id='word_1_629' title='bbox 1331 3301 1385 3336; x_wconf 90' lang='lat' dir='ltr'>he-</span> 
     </span>
    </p>

    <p class='ocr_par' dir='ltr' id='par_1_6' title="bbox 389 3345 1385 3448">
     <span class='ocr_line' id='line_1_75' title="bbox 416 3345 1384 3402; baseline -0.015 -9"><span class='ocrx_word' id='word_1_630' title='bbox 416 3345 465 3402; x_wconf 57' lang='lat' dir='ltr'>ate,</span> <span class='ocrx_word' id='word_1_631' title='bbox 487 3364 604 3398; x_wconf 77' lang='lat' dir='ltr'>humor</span> <span class='ocrx_word' id='word_1_632' title='bbox 628 3369 681 3401; x_wconf 90' lang='lat' dir='ltr'>per</span> <span class='ocrx_word' id='word_1_633' title='bbox 704 3357 793 3389; x_wconf 89' lang='lat' dir='ltr'>illam</span> <span class='ocrx_word' id='word_1_634' title='bbox 817 3363 880 3386; x_wconf 90' lang='lat' dir='ltr'>non</span> <span class='ocrx_word' id='word_1_635' title='bbox 902 3351 935 3383; x_wconf 87' lang='lat' dir='ltr'>in</span> <span class='ocrx_word' id='word_1_636' title='bbox 959 3359 1102 3383; x_wconf 88' lang='lat' dir='ltr'>ventrem</span> <span class='ocrx_word' id='word_1_637' title='bbox 1134 3346 1351 3396; x_wconf 78' lang='lat' dir='ltr'>effunderetur</span> <span class='ocrx_word' id='word_1_638' title='bbox 1375 3371 1384 3385; x_wconf 91' lang='lat'>,</span> 
     </span>
     <span class='ocr_line' id='line_1_76' title="bbox 389 3382 1385 3448; baseline -0.017 -10"><span class='ocrx_word' id='word_1_639' title='bbox 389 3382 443 3447; x_wconf 57' lang='lat' dir='ltr'>fed</span> <span class='ocrx_word' id='word_1_640' title='bbox 465 3420 481 3443; x_wconf 81' lang='lat' dir='ltr'>e</span> <span class='ocrx_word' id='word_1_641' title='bbox 503 3414 636 3448; x_wconf 89' lang='lat' dir='ltr'>corpore</span> <span class='ocrx_word' id='word_1_642' title='bbox 660 3399 851 3442; x_wconf 85' lang='lat' dir='ltr'>ejiceretur,</span> <span class='ocrx_word' id='word_1_643' title='bbox 875 3394 991 3437; x_wconf 87' lang='lat' dir='ltr'>opinio</span> <span class='ocrx_word' id='word_1_644' title='bbox 1014 3392 1079 3427; x_wconf 81' lang='lat' dir='ltr'>fuit</span> <span class='ocrx_word' id='word_1_645' title='bbox 1097 3403 1168 3435; x_wconf 68' lang='lat' dir='ltr'>quae</span> <span class='ocrx_word' id='word_1_646' title='bbox 1193 3391 1288 3424; x_wconf 88' lang='lat' dir='ltr'>serius</span> <span class='ocrx_word' id='word_1_647' title='bbox 1311 3398 1385 3422; x_wconf 88' lang='lat' dir='ltr'>nata</span> 
     </span>
    </p>
   </div>
   <div class='ocr_carea' id='block_1_3' title="bbox 950 101 1880 165">
    <p class='ocr_par' dir='ltr' id='par_1_7' title="bbox 950 101 1880 165">
     <span class='ocr_line' id='line_1_77' title="bbox 950 101 1880 165; baseline -0.003 0"><span class='ocrx_word' id='word_1_648' title='bbox 950 101 1106 165; x_wconf 80' lang='lat' dir='ltr'>Liber</span> <span class='ocrx_word' id='word_1_649' title='bbox 1138 112 1234 165; x_wconf 62' lang='grc' dir='ltr'>ΠΒ</span> <span class='ocrx_word' id='word_1_650' title='bbox 1263 107 1348 164; x_wconf 87' lang='lat' dir='ltr'>De</span> <span class='ocrx_word' id='word_1_651' title='bbox 1383 107 1588 162; x_wconf 81' lang='lat' dir='ltr'>Morbis</span> <span class='ocrx_word' id='word_1_652' title='bbox 1622 109 1833 162; x_wconf 85' lang='lat' dir='ltr'>Ventris</span> <span class='ocrx_word' id='word_1_653' title='bbox 1877 121 1880 125; x_wconf 85' lang='grc'><strong>’</strong></span> 
     </span>
    </p>
   </div>
   <div class='ocr_carea' id='block_1_4' title="bbox 1404 185 2440 3470">
    <p class='ocr_par' dir='ltr' id='par_1_8' title="bbox 1404 185 2424 1561">
     <span class='ocr_line' id='line_1_78' title="bbox 1404 185 2403 230; baseline -0.001 -9"><span class='ocrx_word' id='word_1_654' title='bbox 1404 200 1445 222; x_wconf 80' lang='lat' dir='ltr'>ex</span> <span class='ocrx_word' id='word_1_655' title='bbox 1466 185 1718 230; x_wconf 77' lang='lat' dir='ltr'>hypothesibus,</span> <span class='ocrx_word' id='word_1_656' title='bbox 1741 190 1773 220; x_wconf 90' lang='lat'><strong>&amp;</strong></span> <span class='ocrx_word' id='word_1_657' title='bbox 1795 199 1835 220; x_wconf 86' lang='lat' dir='ltr'>ex</span> <span class='ocrx_word' id='word_1_658' title='bbox 1858 185 2014 221; x_wconf 81' lang='lat' dir='ltr'>sententia</span> <span class='ocrx_word' id='word_1_659' title='bbox 2038 185 2240 230; x_wconf 85' lang='lat' dir='ltr'>quorundam</span> <span class='ocrx_word' id='word_1_660' title='bbox 2263 191 2275 227; x_wconf 76' lang='lat'>3</span> <span class='ocrx_word' id='word_1_661' title='bbox 2313 185 2403 226; x_wconf 69' lang='lat' dir='ltr'>cuius</span> 
     </span>
     <span class='ocr_line' id='line_1_79' title="bbox 1406 230 2405 271; baseline -0.002 -7"><span class='ocrx_word' id='word_1_662' title='bbox 1406 232 1557 264; x_wconf 86' lang='lat' dir='ltr'>meminit</span> <span class='ocrx_word' id='word_1_663' title='bbox 1579 232 1743 264; x_wconf 89' lang='lat' dir='ltr'>Avicenna</span> <span class='ocrx_word' id='word_1_664' title='bbox 1765 233 1820 271; x_wconf 85' lang='lat' dir='ltr'>(p</span> <span class='ocrx_word' id='word_1_665' title='bbox 1842 234 1877 270; x_wconf 88' lang='lat'>)‚</span> <span class='ocrx_word' id='word_1_666' title='bbox 1903 230 2062 264; x_wconf 84' lang='lat' dir='ltr'>nonnullis</span> <span class='ocrx_word' id='word_1_667' title='bbox 2087 231 2216 265; x_wconf 82' lang='lat' dir='ltr'>demum</span> <span class='ocrx_word' id='word_1_668' title='bbox 2240 230 2405 264; x_wconf 87' lang='lat' dir='ltr'>Observa-</span> 
     </span>
     <span class='ocr_line' id='line_1_80' title="bbox 1409 273 2404 311; baseline -0.002 -5"><span class='ocrx_word' id='word_1_669' title='bbox 1409 274 1557 307; x_wconf 85' lang='lat' dir='ltr'>tionibus</span> <span class='ocrx_word' id='word_1_670' title='bbox 1578 273 1762 307; x_wconf 84' lang='lat' dir='ltr'>confirmari</span> <span class='ocrx_word' id='word_1_671' title='bbox 1786 273 1852 306; x_wconf 91' lang='lat' dir='ltr'>visa</span> <span class='ocrx_word' id='word_1_672' title='bbox 1876 275 1938 307; x_wconf 88' lang='lat' dir='ltr'>est.</span> <span class='ocrx_word' id='word_1_673' title='bbox 1962 274 2152 308; x_wconf 87' lang='lat' dir='ltr'>Extiterunt</span> <span class='ocrx_word' id='word_1_674' title='bbox 2175 275 2283 311; x_wconf 88' lang='lat' dir='ltr'>enim,</span> <span class='ocrx_word' id='word_1_675' title='bbox 2308 283 2344 307; x_wconf 90' lang='lat' dir='ltr'>ut</span> <span class='ocrx_word' id='word_1_676' title='bbox 2368 273 2404 305; x_wconf 86' lang='lat' dir='ltr'>in</span> 
     </span>
     <span class='ocr_line' id='line_1_81' title="bbox 1411 315 2410 359; baseline -0.001 -10"><span class='ocrx_word' id='word_1_677' title='bbox 1411 316 1619 358; x_wconf 86' lang='lat' dir='ltr'>Sepulchreto</span> <span class='ocrx_word' id='word_1_678' title='bbox 1646 317 1730 359; x_wconf 80' lang='lat' dir='ltr'>(q)</span> <span class='ocrx_word' id='word_1_679' title='bbox 1753 315 1807 349; x_wconf 91' lang='lat' dir='ltr'>hic</span> <span class='ocrx_word' id='word_1_680' title='bbox 1830 315 1916 350; x_wconf 88' lang='lat' dir='ltr'>vides</span> <span class='ocrx_word' id='word_1_681' title='bbox 1936 339 1946 354; x_wconf 94' lang='lat'>,</span> <span class='ocrx_word' id='word_1_682' title='bbox 1977 319 2034 359; x_wconf 86' lang='lat' dir='ltr'>qui</span> <span class='ocrx_word' id='word_1_683' title='bbox 2058 328 2171 350; x_wconf 87' lang='lat' dir='ltr'>venam</span> <span class='ocrx_word' id='word_1_684' title='bbox 2193 317 2280 350; x_wconf 90' lang='lat' dir='ltr'>illam</span> <span class='ocrx_word' id='word_1_685' title='bbox 2302 341 2311 356; x_wconf 90' lang='lat'>,</span> <span class='ocrx_word' id='word_1_686' title='bbox 2341 315 2410 358; x_wconf 84' lang='lat' dir='ltr'>jam</span> 
     </span>
     <span class='ocr_line' id='line_1_82' title="bbox 1411 359 2408 400; baseline -0.002 -7"><span class='ocrx_word' id='word_1_687' title='bbox 1411 361 1492 393; x_wconf 90' lang='lat' dir='ltr'>olim</span> <span class='ocrx_word' id='word_1_688' title='bbox 1515 361 1548 392; x_wconf 92' lang='lat' dir='ltr'>in</span> <span class='ocrx_word' id='word_1_689' title='bbox 1572 360 1783 400; x_wconf 80' lang='lat' dir='ltr'>ligamentum</span> <span class='ocrx_word' id='word_1_690' title='bbox 1805 360 2005 393; x_wconf 69' lang='lat' dir='ltr'>contrastarn</span> <span class='ocrx_word' id='word_1_691' title='bbox 2022 382 2031 398; x_wconf 84' lang='lat'>‚</span> <span class='ocrx_word' id='word_1_692' title='bbox 2058 359 2173 394; x_wconf 82' lang='lat' dir='ltr'>affidua</span> <span class='ocrx_word' id='word_1_693' title='bbox 2195 359 2346 393; x_wconf 84' lang='lat' dir='ltr'>dixerunt</span> <span class='ocrx_word' id='word_1_694' title='bbox 2370 369 2408 391; x_wconf 89' lang='lat' dir='ltr'>a-</span> 
     </span>
     <span class='ocr_line' id='line_1_83' title="bbox 1412 402 2406 443; baseline -0.002 -7"><span class='ocrx_word' id='word_1_695' title='bbox 1412 414 1548 443; x_wconf 85' lang='lat' dir='ltr'>quarum</span> <span class='ocrx_word' id='word_1_696' title='bbox 1572 403 1733 436; x_wconf 88' lang='lat' dir='ltr'>alluvione</span> <span class='ocrx_word' id='word_1_697' title='bbox 1757 402 1961 443; x_wconf 79' lang='lat' dir='ltr'>emollitam,</span> <span class='ocrx_word' id='word_1_698' title='bbox 1984 403 2106 437; x_wconf 89' lang='lat' dir='ltr'>recludi</span> <span class='ocrx_word' id='word_1_699' title='bbox 2128 404 2244 436; x_wconf 88' lang='lat' dir='ltr'>iterum</span> <span class='ocrx_word' id='word_1_700' title='bbox 2260 427 2268 441; x_wconf 92' lang='lat'>,</span> <span class='ocrx_word' id='word_1_701' title='bbox 2290 405 2406 436; x_wconf 90' lang='lat' dir='ltr'>&amp;tum</span> 
     </span>
     <span class='ocr_line' id='line_1_84' title="bbox 1415 445 2406 489; baseline -0.002 -10"><span class='ocrx_word' id='word_1_702' title='bbox 1415 446 1517 480; x_wconf 89' lang='lat' dir='ltr'>serum</span> <span class='ocrx_word' id='word_1_703' title='bbox 1541 445 1580 479; x_wconf 92' lang='lat' dir='ltr'>ab</span> <span class='ocrx_word' id='word_1_704' title='bbox 1602 445 1715 486; x_wconf 83' lang='lat' dir='ltr'>hepate</span> <span class='ocrx_word' id='word_1_705' title='bbox 1727 445 1913 488; x_wconf 87' lang='lat' dir='ltr'>exsuperans</span> <span class='ocrx_word' id='word_1_706' title='bbox 1935 457 1990 489; x_wconf 92' lang='lat' dir='ltr'>per</span> <span class='ocrx_word' id='word_1_707' title='bbox 2002 447 2194 480; x_wconf 87' lang='lat' dir='ltr'>umbilicum</span> <span class='ocrx_word' id='word_1_708' title='bbox 2216 456 2406 483; x_wconf 83' lang='lat' dir='ltr'>excernere,</span> 
     </span>
     <span class='ocr_line' id='line_1_85' title="bbox 1414 488 2407 532; baseline -0.001 -10"><span class='ocrx_word' id='word_1_709' title='bbox 1414 489 1508 532; x_wconf 89' lang='lat' dir='ltr'>seque</span> <span class='ocrx_word' id='word_1_710' title='bbox 1529 488 1697 523; x_wconf 86' lang='lat' dir='ltr'>dilatatam</span> <span class='ocrx_word' id='word_1_711' title='bbox 1722 488 1799 522; x_wconf 89' lang='lat' dir='ltr'>adeo</span> <span class='ocrx_word' id='word_1_712' title='bbox 1823 498 1901 522; x_wconf 90' lang='lat' dir='ltr'>tunc</span> <span class='ocrx_word' id='word_1_713' title='bbox 1922 490 2097 530; x_wconf 78' lang='lat' dir='ltr'>invenisse,</span> <span class='ocrx_word' id='word_1_714' title='bbox 2120 499 2156 523; x_wconf 91' lang='lat' dir='ltr'>ut</span> <span class='ocrx_word' id='word_1_715' title='bbox 2178 488 2373 522; x_wconf 89' lang='lat' dir='ltr'>catheterem</span> <span class='ocrx_word' id='word_1_716' title='bbox 2397 510 2407 526; x_wconf 91' lang='lat'>‚</span> 
     </span>
     <span class='ocr_line' id='line_1_86' title="bbox 1415 530 2409 576; baseline -0.001 -11"><span class='ocrx_word' id='word_1_717' title='bbox 1415 535 1445 566; x_wconf 91' lang='lat'>&amp;</span> <span class='ocrx_word' id='word_1_718' title='bbox 1470 543 1606 573; x_wconf 88' lang='lat' dir='ltr'>pennam</span> <span class='ocrx_word' id='word_1_719' title='bbox 1629 532 1746 565; x_wconf 87' lang='lat' dir='ltr'>anseris</span> <span class='ocrx_word' id='word_1_720' title='bbox 1769 530 1970 571; x_wconf 88' lang='lat' dir='ltr'>admitteret,</span> <span class='ocrx_word' id='word_1_721' title='bbox 1994 533 2129 576; x_wconf 77' lang='lat' dir='ltr'>essetque</span> <span class='ocrx_word' id='word_1_722' title='bbox 2154 543 2232 575; x_wconf 89' lang='lat' dir='ltr'>aqua</span> <span class='ocrx_word' id='word_1_723' title='bbox 2256 532 2330 565; x_wconf 85' lang='lat' dir='ltr'>satis</span> <span class='ocrx_word' id='word_1_724' title='bbox 2351 543 2409 564; x_wconf 90' lang='lat' dir='ltr'>co-</span> 
     </span>
     <span class='ocr_line' id='line_1_87' title="bbox 1417 574 2410 618; baseline -0.002 -10"><span class='ocrx_word' id='word_1_725' title='bbox 1417 574 1504 618; x_wconf 87' lang='lat' dir='ltr'>piosa</span> <span class='ocrx_word' id='word_1_726' title='bbox 1527 576 1616 618; x_wconf 90' lang='lat' dir='ltr'>plena</span> <span class='ocrx_word' id='word_1_727' title='bbox 1637 601 1645 608; x_wconf 89' lang='lat'>.</span> <span class='ocrx_word' id='word_1_728' title='bbox 1683 577 1754 617; x_wconf 79' lang='lat' dir='ltr'>Ego</span> <span class='ocrx_word' id='word_1_729' title='bbox 1778 586 1853 608; x_wconf 82' lang='lat' dir='ltr'>vero</span> <span class='ocrx_word' id='word_1_730' title='bbox 1875 584 1911 609; x_wconf 91' lang='lat' dir='ltr'>ut</span> <span class='ocrx_word' id='word_1_731' title='bbox 1935 577 1968 608; x_wconf 92' lang='lat' dir='ltr'>in</span> <span class='ocrx_word' id='word_1_732' title='bbox 1992 577 2155 610; x_wconf 88' lang='lat' dir='ltr'>nonnullis</span> <span class='ocrx_word' id='word_1_733' title='bbox 2177 584 2319 617; x_wconf 89' lang='lat' dir='ltr'>apertam</span> <span class='ocrx_word' id='word_1_734' title='bbox 2341 599 2349 612; x_wconf 94' lang='lat'><strong>‚</strong></span> <span class='ocrx_word' id='word_1_735' title='bbox 2371 582 2410 607; x_wconf 89' lang='lat' dir='ltr'>ut</span> 
     </span>
     <span class='ocr_line' id='line_1_88' title="bbox 1418 614 2408 662; baseline -0.003 -10"><span class='ocrx_word' id='word_1_736' title='bbox 1418 619 1460 653; x_wconf 89' lang='lat' dir='ltr'>est</span> <span class='ocrx_word' id='word_1_737' title='bbox 1480 631 1497 651; x_wconf 85' lang='lat' dir='ltr'>a</span> <span class='ocrx_word' id='word_1_738' title='bbox 1521 619 1709 659; x_wconf 88' lang='lat' dir='ltr'>primordiis</span> <span class='ocrx_word' id='word_1_739' title='bbox 1728 642 1737 657; x_wconf 94' lang='lat'>,</span> <span class='ocrx_word' id='word_1_740' title='bbox 1770 616 1887 651; x_wconf 88' lang='lat' dir='ltr'>servari</span> <span class='ocrx_word' id='word_1_741' title='bbox 1910 619 2039 661; x_wconf 90' lang='lat' dir='ltr'>potius,</span> <span class='ocrx_word' id='word_1_742' title='bbox 2063 630 2161 662; x_wconf 89' lang='lat' dir='ltr'>quam</span> <span class='ocrx_word' id='word_1_743' title='bbox 2187 616 2291 651; x_wconf 89' lang='lat' dir='ltr'>rursus</span> <span class='ocrx_word' id='word_1_744' title='bbox 2314 614 2408 650; x_wconf 87' lang='lat' dir='ltr'>facile</span> 
     </span>
     <span class='ocr_line' id='line_1_89' title="bbox 1418 659 2411 705; baseline -0.003 -10"><span class='ocrx_word' id='word_1_745' title='bbox 1418 662 1571 701; x_wconf 81' lang='lat' dir='ltr'>reserari,</span> <span class='ocrx_word' id='word_1_746' title='bbox 1593 661 1819 697; x_wconf 86' lang='lat' dir='ltr'>concederem,</span> <span class='ocrx_word' id='word_1_747' title='bbox 1842 672 1944 704; x_wconf 89' lang='lat' dir='ltr'>neque</span> <span class='ocrx_word' id='word_1_748' title='bbox 1968 662 2037 705; x_wconf 87' lang='lat' dir='ltr'>post</span> <span class='ocrx_word' id='word_1_749' title='bbox 2049 672 2160 696; x_wconf 91' lang='lat' dir='ltr'>ortum</span> <span class='ocrx_word' id='word_1_750' title='bbox 2181 662 2214 694; x_wconf 90' lang='lat' dir='ltr'>in</span> <span class='ocrx_word' id='word_1_751' title='bbox 2236 659 2387 694; x_wconf 87' lang='lat' dir='ltr'>omnibus</span> <span class='ocrx_word' id='word_1_752' title='bbox 2401 685 2411 700; x_wconf 89' lang='lat'><em>,</em></span> 
     </span>
     <span class='ocr_line' id='line_1_90' title="bbox 1415 703 2412 748; baseline -0.004 -10"><span class='ocrx_word' id='word_1_753' title='bbox 1415 705 1687 748; x_wconf 86' lang='lat' dir='ltr'>quemadmodum</span> <span class='ocrx_word' id='word_1_754' title='bbox 1712 703 1894 738; x_wconf 88' lang='lat' dir='ltr'>Schultzius</span> <span class='ocrx_word' id='word_1_755' title='bbox 1918 708 1929 745; x_wconf 95' lang='lat'>(</span> <span class='ocrx_word' id='word_1_756' title='bbox 1953 704 2003 748; x_wconf 83' lang='lat' dir='ltr'>r)</span> <span class='ocrx_word' id='word_1_757' title='bbox 2027 706 2164 740; x_wconf 86' lang='lat' dir='ltr'>tradidit</span> <span class='ocrx_word' id='word_1_758' title='bbox 2183 730 2193 745; x_wconf 88' lang='lat'><em>,</em></span> <span class='ocrx_word' id='word_1_759' title='bbox 2215 704 2255 737; x_wconf 84' lang='lat' dir='ltr'>ab</span> <span class='ocrx_word' id='word_1_760' title='bbox 2277 703 2412 738; x_wconf 87' lang='lat' dir='ltr'>umbili-</span> 
     </span>
     <span class='ocr_line' id='line_1_91' title="bbox 1415 747 2411 789; baseline -0.004 -7"><span class='ocrx_word' id='word_1_761' title='bbox 1415 761 1455 782; x_wconf 88' lang='lat' dir='ltr'>co</span> <span class='ocrx_word' id='word_1_762' title='bbox 1480 747 1602 783; x_wconf 89' lang='lat' dir='ltr'>sursum</span> <span class='ocrx_word' id='word_1_763' title='bbox 1626 747 1745 782; x_wconf 89' lang='lat' dir='ltr'>retrahi</span> <span class='ocrx_word' id='word_1_764' title='bbox 1769 747 1805 781; x_wconf 90' lang='lat' dir='ltr'>ad</span> <span class='ocrx_word' id='word_1_765' title='bbox 1828 747 1937 789; x_wconf 79' lang='lat' dir='ltr'>jecur,</span> <span class='ocrx_word' id='word_1_766' title='bbox 1960 758 1995 782; x_wconf 86' lang='lat' dir='ltr'>ut</span> <span class='ocrx_word' id='word_1_767' title='bbox 2019 748 2162 782; x_wconf 88' lang='lat' dir='ltr'>adillum</span> <span class='ocrx_word' id='word_1_768' title='bbox 2186 749 2322 789; x_wconf 87' lang='lat' dir='ltr'>amplius</span> <span class='ocrx_word' id='word_1_769' title='bbox 2345 757 2411 779; x_wconf 84' lang='lat' dir='ltr'>non</span> 
     </span>
     <span class='ocr_line' id='line_1_92' title="bbox 1416 789 2411 835; baseline -0.004 -9"><span class='ocrx_word' id='word_1_770' title='bbox 1416 793 1605 835; x_wconf 88' lang='lat' dir='ltr'>perveniant</span> <span class='ocrx_word' id='word_1_771' title='bbox 1626 805 1635 828; x_wconf 77' lang='lat'>3</span> <span class='ocrx_word' id='word_1_772' title='bbox 1670 802 1734 824; x_wconf 92' lang='lat' dir='ltr'>non</span> <span class='ocrx_word' id='word_1_773' title='bbox 1758 791 1899 824; x_wconf 91' lang='lat' dir='ltr'>viderem</span> <span class='ocrx_word' id='word_1_774' title='bbox 1921 800 2026 825; x_wconf 87' lang='lat' dir='ltr'>tamen</span> <span class='ocrx_word' id='word_1_775' title='bbox 2049 814 2059 829; x_wconf 90' lang='lat'><em>‚</em></span> <span class='ocrx_word' id='word_1_776' title='bbox 2080 791 2246 835; x_wconf 88' lang='lat' dir='ltr'>quomodo</span> <span class='ocrx_word' id='word_1_777' title='bbox 2270 800 2308 823; x_wconf 85' lang='lat' dir='ltr'>ex</span> <span class='ocrx_word' id='word_1_778' title='bbox 2330 789 2411 823; x_wconf 87' lang='lat' dir='ltr'>Sinu</span> 
     </span>
     <span class='ocr_line' id='line_1_93' title="bbox 1417 833 2410 878; baseline -0.003 -9"><span class='ocrx_word' id='word_1_779' title='bbox 1417 847 1503 869; x_wconf 83' lang='lat' dir='ltr'>venae</span> <span class='ocrx_word' id='word_1_780' title='bbox 1527 844 1695 878; x_wconf 85' lang='lat' dir='ltr'>portarum</span> <span class='ocrx_word' id='word_1_781' title='bbox 1717 835 1822 868; x_wconf 87' lang='lat' dir='ltr'>serum</span> <span class='ocrx_word' id='word_1_782' title='bbox 1844 833 2010 868; x_wconf 85' lang='lat' dir='ltr'>dumtaxat</span> <span class='ocrx_word' id='word_1_783' title='bbox 2022 837 2202 877; x_wconf 87' lang='lat' dir='ltr'>acciperet‚·</span> <span class='ocrx_word' id='word_1_784' title='bbox 2224 833 2410 876; x_wconf 84' lang='lat' dir='ltr'>sanguinem</span> 
     </span>
     <span class='ocr_line' id='line_1_94' title="bbox 1419 876 2414 921; baseline -0.004 -9"><span class='ocrx_word' id='word_1_785' title='bbox 1419 879 1636 921; x_wconf 89' lang='lat' dir='ltr'>relinqueret.</span> <span class='ocrx_word' id='word_1_786' title='bbox 1663 878 1746 919; x_wconf 80' lang='lat' dir='ltr'>Qae</span> <span class='ocrx_word' id='word_1_787' title='bbox 1768 888 1831 910; x_wconf 91' lang='lat' dir='ltr'>non</span> <span class='ocrx_word' id='word_1_788' title='bbox 1855 886 1921 911; x_wconf 90' lang='lat' dir='ltr'>tam</span> <span class='ocrx_word' id='word_1_789' title='bbox 1934 888 2063 920; x_wconf 89' lang='lat' dir='ltr'>propter</span> <span class='ocrx_word' id='word_1_790' title='bbox 2087 879 2269 917; x_wconf 87' lang='lat' dir='ltr'>Platerum,</span> <span class='ocrx_word' id='word_1_791' title='bbox 2293 876 2414 910; x_wconf 87' lang='lat' dir='ltr'>&amp;Hil-</span> 
     </span>
     <span class='ocr_line' id='line_1_95' title="bbox 1419 921 2412 963; baseline -0.005 -7"><span class='ocrx_word' id='word_1_792' title='bbox 1419 922 1540 960; x_wconf 88' lang='lat' dir='ltr'>danum</span> <span class='ocrx_word' id='word_1_793' title='bbox 1562 921 1658 961; x_wconf 88' lang='lat' dir='ltr'>dico,</span> <span class='ocrx_word' id='word_1_794' title='bbox 1678 931 1774 963; x_wconf 86' lang='lat' dir='ltr'>quam</span> <span class='ocrx_word' id='word_1_795' title='bbox 1797 931 1929 963; x_wconf 88' lang='lat' dir='ltr'>propter</span> <span class='ocrx_word' id='word_1_796' title='bbox 1953 921 2176 962; x_wconf 83' lang='lat' dir='ltr'>Rolfincium‚</span> <span class='ocrx_word' id='word_1_797' title='bbox 2200 931 2337 962; x_wconf 85' lang='lat' dir='ltr'>utroque</span> <span class='ocrx_word' id='word_1_798' title='bbox 2360 930 2412 952; x_wconf 91' lang='lat' dir='ltr'>re-</span> 
     </span>
     <span class='ocr_line' id='line_1_96' title="bbox 1420 964 2411 1005; baseline -0.004 -6"><span class='ocrx_word' id='word_1_799' title='bbox 1420 967 1597 999; x_wconf 84' lang='lat' dir='ltr'>centiorem</span> <span class='ocrx_word' id='word_1_800' title='bbox 1620 991 1627 998; x_wconf 94' lang='lat'>.</span> <span class='ocrx_word' id='word_1_801' title='bbox 1664 965 1736 997; x_wconf 90' lang='lat' dir='ltr'>Nec</span> <span class='ocrx_word' id='word_1_802' title='bbox 1760 974 1865 997; x_wconf 88' lang='lat' dir='ltr'>tamen</span> <span class='ocrx_word' id='word_1_803' title='bbox 1889 964 2138 998; x_wconf 88' lang='lat' dir='ltr'>Observationes</span> <span class='ocrx_word' id='word_1_804' title='bbox 2160 975 2271 999; x_wconf 89' lang='lat' dir='ltr'>eorum</span> <span class='ocrx_word' id='word_1_805' title='bbox 2295 973 2375 1005; x_wconf 83' lang='lat' dir='ltr'>nego</span> <span class='ocrx_word' id='word_1_806' title='bbox 2400 975 2411 995; x_wconf 67' lang='lat' dir='ltr'>a</span> 
     </span>
     <span class='ocr_line' id='line_1_97' title="bbox 1420 1006 2409 1049; baseline -0.006 -7"><span class='ocrx_word' id='word_1_807' title='bbox 1420 1009 1472 1042; x_wconf 84' lang='lat' dir='ltr'>sed</span> <span class='ocrx_word' id='word_1_808' title='bbox 1495 1018 1622 1042; x_wconf 89' lang='lat' dir='ltr'>tantum</span> <span class='ocrx_word' id='word_1_809' title='bbox 1645 1007 1807 1048; x_wconf 83' lang='lat' dir='ltr'>suspicor,</span> <span class='ocrx_word' id='word_1_810' title='bbox 1832 1018 1895 1040; x_wconf 91' lang='lat' dir='ltr'>non</span> <span class='ocrx_word' id='word_1_811' title='bbox 1921 1018 2030 1041; x_wconf 88' lang='lat' dir='ltr'>venam</span> <span class='ocrx_word' id='word_1_812' title='bbox 2054 1008 2137 1049; x_wconf 89' lang='lat' dir='ltr'>ipsos</span> <span class='ocrx_word' id='word_1_813' title='bbox 2153 1006 2409 1044; x_wconf 87' lang='lat' dir='ltr'>Umbilicalem‚</span> 
     </span>
     <span class='ocr_line' id='line_1_98' title="bbox 1420 1048 2415 1093; baseline -0.005 -7"><span class='ocrx_word' id='word_1_814' title='bbox 1420 1051 1472 1086; x_wconf 81' lang='lat' dir='ltr'>sed</span> <span class='ocrx_word' id='word_1_815' title='bbox 1502 1052 1629 1086; x_wconf 88' lang='lat' dir='ltr'>thecam</span> <span class='ocrx_word' id='word_1_816' title='bbox 1653 1050 1753 1084; x_wconf 88' lang='lat' dir='ltr'>solum</span> <span class='ocrx_word' id='word_1_817' title='bbox 1784 1049 1929 1092; x_wconf 79' lang='lat' dir='ltr'>reperisse</span> <span class='ocrx_word' id='word_1_818' title='bbox 1952 1060 2115 1093; x_wconf 85' lang='lat' dir='ltr'>patentem</span> <span class='ocrx_word' id='word_1_819' title='bbox 2133 1073 2146 1091; x_wconf 87' lang='lat'><em>,</em></span> <span class='ocrx_word' id='word_1_820' title='bbox 2180 1053 2211 1084; x_wconf 70' lang='grc' dir='ltr'>δι</span> <span class='ocrx_word' id='word_1_821' title='bbox 2233 1061 2314 1093; x_wconf 87' lang='lat' dir='ltr'>aqua</span> <span class='ocrx_word' id='word_1_822' title='bbox 2347 1048 2415 1091; x_wconf 85' lang='lat' dir='ltr'>ple-</span> 
     </span>
     <span class='ocr_line' id='line_1_99' title="bbox 1422 1094 2416 1137; baseline -0.002 -9"><span class='ocrx_word' id='word_1_823' title='bbox 1422 1107 1518 1132; x_wconf 87' lang='lat' dir='ltr'>nam,</span> <span class='ocrx_word' id='word_1_824' title='bbox 1539 1106 1602 1137; x_wconf 86' lang='lat' dir='ltr'>qua</span> <span class='ocrx_word' id='word_1_825' title='bbox 1622 1094 1714 1127; x_wconf 87' lang='lat' dir='ltr'>theca</span> <span class='ocrx_word' id='word_1_826' title='bbox 1738 1106 1754 1127; x_wconf 89' lang='lat' dir='ltr'>a</span> <span class='ocrx_word' id='word_1_827' title='bbox 1777 1094 1942 1135; x_wconf 89' lang='lat' dir='ltr'>duplicato</span> <span class='ocrx_word' id='word_1_828' title='bbox 1966 1096 2143 1136; x_wconf 87' lang='lat' dir='ltr'>peritonaeo</span> <span class='ocrx_word' id='word_1_829' title='bbox 2175 1094 2231 1126; x_wconf 87' lang='lat' dir='ltr'>illa</span> <span class='ocrx_word' id='word_1_830' title='bbox 2256 1103 2335 1126; x_wconf 89' lang='lat' dir='ltr'>vena</span> <span class='ocrx_word' id='word_1_831' title='bbox 2359 1103 2416 1126; x_wconf 88' lang='lat' dir='ltr'>au-</span> 
     </span>
     <span class='ocr_line' id='line_1_100' title="bbox 1422 1135 2419 1181; baseline -0.003 -10"><span class='ocrx_word' id='word_1_832' title='bbox 1422 1148 1515 1181; x_wconf 83' lang='lat' dir='ltr'>getur</span> <span class='ocrx_word' id='word_1_833' title='bbox 1533 1162 1541 1170; x_wconf 94' lang='lat'><strong>.</strong></span> <span class='ocrx_word' id='word_1_834' title='bbox 1574 1139 1735 1171; x_wconf 84' lang='lat' dir='ltr'>Laxantur</span> <span class='ocrx_word' id='word_1_835' title='bbox 1757 1138 1843 1170; x_wconf 91' lang='lat' dir='ltr'>enim</span> <span class='ocrx_word' id='word_1_836' title='bbox 1875 1136 1966 1170; x_wconf 87' lang='lat' dir='ltr'>facile</span> <span class='ocrx_word' id='word_1_837' title='bbox 1989 1138 2021 1170; x_wconf 89' lang='lat' dir='ltr'>in</span> <span class='ocrx_word' id='word_1_838' title='bbox 2046 1136 2233 1180; x_wconf 86' lang='lat' dir='ltr'>hydropicis</span> <span class='ocrx_word' id='word_1_839' title='bbox 2257 1135 2419 1168; x_wconf 82' lang='lat' dir='ltr'>membra-</span> 
     </span>
     <span class='ocr_line' id='line_1_101' title="bbox 1422 1179 2414 1222; baseline -0.005 -7"><span class='ocrx_word' id='word_1_840' title='bbox 1422 1193 1495 1222; x_wconf 79' lang='lat' dir='ltr'>nae,</span> <span class='ocrx_word' id='word_1_841' title='bbox 1516 1191 1685 1222; x_wconf 85' lang='lat' dir='ltr'>carumque</span> <span class='ocrx_word' id='word_1_842' title='bbox 1700 1180 1903 1222; x_wconf 89' lang='lat' dir='ltr'>intercapedo</span> <span class='ocrx_word' id='word_1_843' title='bbox 1928 1179 2121 1214; x_wconf 84' lang='lat' dir='ltr'>redundante</span> <span class='ocrx_word' id='word_1_844' title='bbox 2134 1192 2215 1222; x_wconf 85' lang='lat' dir='ltr'>aqua</span> <span class='ocrx_word' id='word_1_845' title='bbox 2238 1179 2414 1222; x_wconf 87' lang='lat' dir='ltr'>impletur.</span> 
     </span>
     <span class='ocr_line' id='line_1_102' title="bbox 1422 1222 2418 1267; baseline -0.004 -9"><span class='ocrx_word' id='word_1_846' title='bbox 1422 1224 1573 1267; x_wconf 83' lang='lat' dir='ltr'>Adjuvat</span> <span class='ocrx_word' id='word_1_847' title='bbox 1604 1222 1685 1258; x_wconf 88' lang='lat' dir='ltr'>hanc</span> <span class='ocrx_word' id='word_1_848' title='bbox 1710 1234 1809 1256; x_wconf 89' lang='lat' dir='ltr'>meam</span> <span class='ocrx_word' id='word_1_849' title='bbox 1843 1222 2052 1265; x_wconf 83' lang='lat' dir='ltr'>suspicionem</span> <span class='ocrx_word' id='word_1_850' title='bbox 2085 1223 2281 1257; x_wconf 87' lang='lat' dir='ltr'>Observatio</span> <span class='ocrx_word' id='word_1_851' title='bbox 2302 1247 2311 1261; x_wconf 96' lang='lat'><strong><em>‚</em></strong></span> <span class='ocrx_word' id='word_1_852' title='bbox 2343 1232 2418 1264; x_wconf 79' lang='lat' dir='ltr'>quae</span> 
     </span>
     <span class='ocr_line' id='line_1_103' title="bbox 1422 1265 2418 1307; baseline -0.005 -6"><span class='ocrx_word' id='word_1_853' title='bbox 1422 1279 1487 1301; x_wconf 86' lang='lat' dir='ltr'>non</span> <span class='ocrx_word' id='word_1_854' title='bbox 1511 1267 1645 1300; x_wconf 83' lang='lat' dir='ltr'>Riolani</span> <span class='ocrx_word' id='word_1_855' title='bbox 1668 1266 1713 1300; x_wconf 85' lang='lat' dir='ltr'>est</span> <span class='ocrx_word' id='word_1_856' title='bbox 1732 1288 1743 1304; x_wconf 90' lang='lat'><strong>,</strong></span> <span class='ocrx_word' id='word_1_857' title='bbox 1779 1275 1816 1299; x_wconf 90' lang='lat' dir='ltr'>ut</span> <span class='ocrx_word' id='word_1_858' title='bbox 1838 1265 2022 1299; x_wconf 84' lang='lat' dir='ltr'>Rolfincius</span> <span class='ocrx_word' id='word_1_859' title='bbox 2046 1267 2179 1307; x_wconf 88' lang='lat' dir='ltr'>putabat</span> <span class='ocrx_word' id='word_1_860' title='bbox 2200 1277 2211 1304; x_wconf 82' lang='lat'>3</span> <span class='ocrx_word' id='word_1_861' title='bbox 2235 1265 2286 1299; x_wconf 89' lang='lat' dir='ltr'>sed</span> <span class='ocrx_word' id='word_1_862' title='bbox 2309 1274 2418 1298; x_wconf 89' lang='lat' dir='ltr'>tamen</span> 
     </span>
     <span class='ocr_line' id='line_1_104' title="bbox 1423 1307 2421 1353; baseline -0.005 -8"><span class='ocrx_word' id='word_1_863' title='bbox 1423 1311 1506 1353; x_wconf 90' lang='lat' dir='ltr'>apud</span> <span class='ocrx_word' id='word_1_864' title='bbox 1529 1311 1707 1344; x_wconf 86' lang='lat' dir='ltr'>Riolanuin</span> <span class='ocrx_word' id='word_1_865' title='bbox 1729 1308 1811 1351; x_wconf 86' lang='lat' dir='ltr'>(s)</span> <span class='ocrx_word' id='word_1_866' title='bbox 1835 1319 1923 1343; x_wconf 86' lang='lat' dir='ltr'>extat</span> <span class='ocrx_word' id='word_1_867' title='bbox 1944 1334 1952 1342; x_wconf 94' lang='lat'><strong>.</strong></span> <span class='ocrx_word' id='word_1_868' title='bbox 1986 1312 2022 1341; x_wconf 85' lang='lat' dir='ltr'>In</span> <span class='ocrx_word' id='word_1_869' title='bbox 2044 1310 2176 1351; x_wconf 81' lang='lat' dir='ltr'>quadam</span> <span class='ocrx_word' id='word_1_870' title='bbox 2208 1309 2335 1343; x_wconf 74' lang='lat' dir='ltr'>muliere</span> <span class='ocrx_word' id='word_1_871' title='bbox 2361 1307 2421 1348; x_wconf 81' lang='lat' dir='ltr'>hy-</span> 
     </span>
     <span class='ocr_line' id='line_1_105' title="bbox 1423 1348 2422 1396; baseline -0.006 -8"><span class='ocrx_word' id='word_1_872' title='bbox 1423 1354 1547 1396; x_wconf 80' lang='lat' dir='ltr'>dropica</span> <span class='ocrx_word' id='word_1_873' title='bbox 1569 1364 1647 1387; x_wconf 90' lang='lat' dir='ltr'>vena</span> <span class='ocrx_word' id='word_1_874' title='bbox 1674 1352 1907 1390; x_wconf 84' lang='lat' dir='ltr'>Umbilicalis‚</span> <span class='ocrx_word' id='word_1_875' title='bbox 1932 1353 2041 1395; x_wconf 85' lang='lat' dir='ltr'>inquit</span> <span class='ocrx_word' id='word_1_876' title='bbox 2066 1379 2075 1393; x_wconf 90' lang='lat'>‚</span> <span class='ocrx_word' id='word_1_877' title='bbox 2099 1353 2227 1386; x_wconf 67' lang='lat' dir='ltr'>inventa</span> <span class='ocrx_word' id='word_1_878' title='bbox 2243 1349 2314 1394; x_wconf 75' lang='lat' dir='ltr'>fuit</span> <span class='ocrx_word' id='word_1_879' title='bbox 2332 1348 2422 1393; x_wconf 71' lang='lat' dir='ltr'><em>fillu-</em></span> 
     </span>
     <span class='ocr_line' id='line_1_106' title="bbox 1424 1393 2422 1440; baseline -0.006 -9"><span class='ocrx_word' id='word_1_880' title='bbox 1424 1397 1505 1440; x_wconf 71' lang='lat' dir='ltr'>losu,</span> <span class='ocrx_word' id='word_1_881' title='bbox 1531 1397 1574 1430; x_wconf 58' lang='grc' dir='ltr'>ὠ·</span> <span class='ocrx_word' id='word_1_882' title='bbox 1591 1406 1649 1439; x_wconf 82' lang='lat' dir='ltr'>per</span> <span class='ocrx_word' id='word_1_883' title='bbox 1672 1407 1737 1430; x_wconf 77' lang='lat' dir='ltr'>eam</span> <span class='ocrx_word' id='word_1_884' title='bbox 1760 1406 1839 1438; x_wconf 77' lang='lat' dir='ltr'>aqua</span> <span class='ocrx_word' id='word_1_885' title='bbox 1862 1395 1942 1429; x_wconf 82' lang='lat' dir='ltr'>inter</span> <span class='ocrx_word' id='word_1_886' title='bbox 1960 1396 2161 1438; x_wconf 79' lang='lat' dir='ltr'>peritonaeum</span> <span class='ocrx_word' id='word_1_887' title='bbox 2184 1395 2226 1428; x_wconf 55' lang='grc' dir='ltr'>(φ</span> <span class='ocrx_word' id='word_1_888' title='bbox 2245 1393 2422 1427; x_wconf 83' lang='lat' dir='ltr'>abdominis</span> 
     </span>
     <span class='ocr_line' id='line_1_107' title="bbox 1425 1436 2423 1483; baseline -0.003 -10"><span class='ocrx_word' id='word_1_889' title='bbox 1425 1440 1578 1483; x_wconf 83' lang='lat' dir='ltr'>musculos</span> <span class='ocrx_word' id='word_1_890' title='bbox 1620 1437 1830 1483; x_wconf 74' lang='lat' dir='ltr'>effundebatur</span> <span class='ocrx_word' id='word_1_891' title='bbox 1853 1465 1859 1471; x_wconf 92' lang='lat'><em>.</em></span> <span class='ocrx_word' id='word_1_892' title='bbox 2001 1438 2058 1471; x_wconf 89' lang='lat' dir='ltr'>Sed</span> <span class='ocrx_word' id='word_1_893' title='bbox 2102 1437 2317 1473; x_wconf 87' lang='lat' dir='ltr'>diuturnioris</span> <span class='ocrx_word' id='word_1_894' title='bbox 2360 1436 2423 1478; x_wconf 86' lang='lat' dir='ltr'>hy-</span> 
     </span>
     <span class='ocr_line' id='line_1_108' title="bbox 1425 1479 2424 1526; baseline -0.004 -9"><span class='ocrx_word' id='word_1_895' title='bbox 1425 1483 1534 1526; x_wconf 90' lang='lat' dir='ltr'>dropis</span> <span class='ocrx_word' id='word_1_896' title='bbox 1566 1482 1671 1517; x_wconf 87' lang='lat' dir='ltr'>casum</span> <span class='ocrx_word' id='word_1_897' title='bbox 1695 1508 1705 1524; x_wconf 90' lang='lat'>,</span> <span class='ocrx_word' id='word_1_898' title='bbox 1738 1492 1772 1517; x_wconf 89' lang='lat' dir='ltr'>ut</span> <span class='ocrx_word' id='word_1_899' title='bbox 1807 1481 1913 1516; x_wconf 89' lang='lat' dir='ltr'>sumus</span> <span class='ocrx_word' id='word_1_900' title='bbox 1944 1482 2088 1525; x_wconf 88' lang='lat' dir='ltr'>polliciti</span> <span class='ocrx_word' id='word_1_901' title='bbox 2120 1486 2131 1522; x_wconf 90' lang='lat'>(</span> <span class='ocrx_word' id='word_1_902' title='bbox 2156 1489 2170 1515; x_wconf 82' lang='lat' dir='ltr'>t</span> <span class='ocrx_word' id='word_1_903' title='bbox 2191 1485 2206 1522; x_wconf 85' lang='lat'>)</span> <span class='ocrx_word' id='word_1_904' title='bbox 2225 1504 2235 1520; x_wconf 86' lang='lat'>‚</span> <span class='ocrx_word' id='word_1_905' title='bbox 2271 1479 2424 1522; x_wconf 87' lang='lat' dir='ltr'>subjicia-</span> 
     </span>
     <span class='ocr_line' id='line_1_109' title="bbox 1428 1538 1517 1561; baseline -0.022 0"><span class='ocrx_word' id='word_1_906' title='bbox 1428 1538 1517 1561; x_wconf 88' lang='lat' dir='ltr'>mus.</span> 
     </span>
    </p>

    <p class='ocr_par' dir='ltr' id='par_1_9' title="bbox 1425 1566 2440 2910">
     <span class='ocr_line' id='line_1_110' title="bbox 1470 1566 2425 1614; baseline -0.001 -14"><span class='ocrx_word' id='word_1_907' title='bbox 1470 1581 1522 1614; x_wconf 86' lang='lat'>34.</span> <span class='ocrx_word' id='word_1_908' title='bbox 1547 1569 1748 1603; x_wconf 86' lang='lat' dir='ltr'>VIRGINI</span> <span class='ocrx_word' id='word_1_909' title='bbox 1781 1580 1879 1603; x_wconf 88' lang='lat' dir='ltr'>annos</span> <span class='ocrx_word' id='word_1_910' title='bbox 1913 1569 2032 1611; x_wconf 79' lang='lat' dir='ltr'>viginti</span> <span class='ocrx_word' id='word_1_911' title='bbox 2074 1577 2157 1602; x_wconf 81' lang='lat' dir='ltr'>natae</span> <span class='ocrx_word' id='word_1_912' title='bbox 2189 1579 2263 1603; x_wconf 84' lang='lat' dir='ltr'>cum</span> <span class='ocrx_word' id='word_1_913' title='bbox 2297 1566 2425 1608; x_wconf 83' lang='lat' dir='ltr'>sanguis</span> 
     </span>
     <span class='ocr_line' id='line_1_111' title="bbox 1426 1610 2427 1657; baseline -0.005 -9"><span class='ocrx_word' id='word_1_914' title='bbox 1426 1625 1483 1657; x_wconf 89' lang='lat' dir='ltr'>per</span> <span class='ocrx_word' id='word_1_915' title='bbox 1506 1621 1634 1648; x_wconf 86' lang='lat' dir='ltr'>uterum</span> <span class='ocrx_word' id='word_1_916' title='bbox 1659 1613 1845 1654; x_wconf 88' lang='lat' dir='ltr'>respondere</span> <span class='ocrx_word' id='word_1_917' title='bbox 1867 1611 2001 1647; x_wconf 83' lang='lat' dir='ltr'>desiisset</span> <span class='ocrx_word' id='word_1_918' title='bbox 2024 1621 2096 1645; x_wconf 87' lang='lat' dir='ltr'>ante</span> <span class='ocrx_word' id='word_1_919' title='bbox 2120 1623 2217 1645; x_wconf 90' lang='lat' dir='ltr'>annos</span> <span class='ocrx_word' id='word_1_920' title='bbox 2240 1611 2341 1651; x_wconf 87' lang='lat' dir='ltr'>duos,</span> <span class='ocrx_word' id='word_1_921' title='bbox 2364 1610 2427 1643; x_wconf 87' lang='lat' dir='ltr'>do-</span> 
     </span>
     <span class='ocr_line' id='line_1_112' title="bbox 1427 1652 2429 1698; baseline -0.005 -8"><span class='ocrx_word' id='word_1_922' title='bbox 1427 1658 1510 1691; x_wconf 89' lang='lat' dir='ltr'>lores</span> <span class='ocrx_word' id='word_1_923' title='bbox 1533 1657 1571 1690; x_wconf 86' lang='lat' dir='ltr'>ad</span> <span class='ocrx_word' id='word_1_924' title='bbox 1594 1656 1840 1698; x_wconf 85' lang='lat' dir='ltr'>hypochondria</span> <span class='ocrx_word' id='word_1_925' title='bbox 1863 1657 2005 1698; x_wconf 87' lang='lat' dir='ltr'>primurn</span> <span class='ocrx_word' id='word_1_926' title='bbox 2029 1657 2096 1689; x_wconf 88' lang='lat' dir='ltr'>orti</span> <span class='ocrx_word' id='word_1_927' title='bbox 2119 1655 2190 1689; x_wconf 88' lang='lat' dir='ltr'>sunt</span> <span class='ocrx_word' id='word_1_928' title='bbox 2205 1677 2213 1692; x_wconf 92' lang='lat'>‚</span> <span class='ocrx_word' id='word_1_929' title='bbox 2240 1665 2310 1688; x_wconf 91' lang='lat' dir='ltr'>tum</span> <span class='ocrx_word' id='word_1_930' title='bbox 2334 1652 2429 1686; x_wconf 68' lang='lat' dir='ltr'>deim·</span> 
     </span>
     <span class='ocr_line' id='line_1_113' title="bbox 1425 1696 2428 1738; baseline -0.003 -5"><span class='ocrx_word' id='word_1_931' title='bbox 1425 1700 1465 1734; x_wconf 90' lang='lat' dir='ltr'>de</span> <span class='ocrx_word' id='word_1_932' title='bbox 1488 1708 1598 1732; x_wconf 91' lang='lat' dir='ltr'>venter</span> <span class='ocrx_word' id='word_1_933' title='bbox 1622 1700 1804 1732; x_wconf 89' lang='lat' dir='ltr'>intumuit.</span> <span class='ocrx_word' id='word_1_934' title='bbox 1829 1699 1926 1732; x_wconf 89' lang='lat' dir='ltr'>Hunc</span> <span class='ocrx_word' id='word_1_935' title='bbox 1949 1707 2135 1738; x_wconf 86' lang='lat' dir='ltr'>tumorem,</span> <span class='ocrx_word' id='word_1_936' title='bbox 2159 1699 2255 1731; x_wconf 89' lang='lat' dir='ltr'>variis</span> <span class='ocrx_word' id='word_1_937' title='bbox 2273 1696 2428 1731; x_wconf 82' lang='lat' dir='ltr'>incassum</span> 
     </span>
     <span class='ocr_line' id='line_1_114' title="bbox 1428 1740 2430 1783; baseline -0.004 -7"><span class='ocrx_word' id='word_1_938' title='bbox 1428 1743 1574 1777; x_wconf 88' lang='lat' dir='ltr'>remediis</span> <span class='ocrx_word' id='word_1_939' title='bbox 1597 1743 1650 1776; x_wconf 84' lang='lat' dir='ltr'>usa</span> <span class='ocrx_word' id='word_1_940' title='bbox 1674 1767 1683 1782; x_wconf 92' lang='lat'><em>‚</em></span> <span class='ocrx_word' id='word_1_941' title='bbox 1718 1753 1836 1776; x_wconf 86' lang='lat' dir='ltr'>annum</span> <span class='ocrx_word' id='word_1_942' title='bbox 1859 1743 1990 1775; x_wconf 90' lang='lat' dir='ltr'>circiter</span> <span class='ocrx_word' id='word_1_943' title='bbox 2023 1740 2088 1783; x_wconf 74' lang='lat' dir='ltr'>jam</span> <span class='ocrx_word' id='word_1_944' title='bbox 2112 1742 2229 1774; x_wconf 80' lang='lat' dir='ltr'>tulerat</span> <span class='ocrx_word' id='word_1_945' title='bbox 2254 1765 2262 1780; x_wconf 91' lang='lat'><em>‚</em></span> <span class='ocrx_word' id='word_1_946' title='bbox 2296 1752 2369 1775; x_wconf 92' lang='lat' dir='ltr'>cum</span> <span class='ocrx_word' id='word_1_947' title='bbox 2394 1741 2430 1772; x_wconf 88' lang='lat' dir='ltr'>in</span> 
     </span>
     <span class='ocr_line' id='line_1_115' title="bbox 1427 1783 2430 1826; baseline -0.004 -7"><span class='ocrx_word' id='word_1_948' title='bbox 1427 1786 1667 1820; x_wconf 90' lang='lat' dir='ltr'>Nosocomium</span> <span class='ocrx_word' id='word_1_949' title='bbox 1691 1785 1752 1819; x_wconf 89' lang='lat' dir='ltr'>hoc</span> <span class='ocrx_word' id='word_1_950' title='bbox 1778 1786 1970 1819; x_wconf 88' lang='lat' dir='ltr'>Patavinum</span> <span class='ocrx_word' id='word_1_951' title='bbox 1992 1793 2122 1826; x_wconf 82' lang='lat' dir='ltr'>excepta</span> <span class='ocrx_word' id='word_1_952' title='bbox 2134 1783 2194 1817; x_wconf 88' lang='lat' dir='ltr'>est.</span> <span class='ocrx_word' id='word_1_953' title='bbox 2220 1786 2334 1826; x_wconf 78' lang='lat' dir='ltr'>Ingens</span> <span class='ocrx_word' id='word_1_954' title='bbox 2353 1795 2430 1816; x_wconf 88' lang='lat' dir='ltr'>ven·</span> 
     </span>
     <span class='ocr_line' id='line_1_116' title="bbox 1427 1827 2430 1870; baseline -0.004 -7"><span class='ocrx_word' id='word_1_955' title='bbox 1427 1830 1487 1863; x_wconf 87' lang='lat' dir='ltr'>tris</span> <span class='ocrx_word' id='word_1_956' title='bbox 1522 1838 1587 1862; x_wconf 86' lang='lat' dir='ltr'>erat</span> <span class='ocrx_word' id='word_1_957' title='bbox 1612 1829 1738 1862; x_wconf 89' lang='lat' dir='ltr'>moles:</span> <span class='ocrx_word' id='word_1_958' title='bbox 1773 1840 1859 1870; x_wconf 81' lang='lat' dir='ltr'>aegra</span> <span class='ocrx_word' id='word_1_959' title='bbox 1883 1837 1990 1861; x_wconf 84' lang='lat' dir='ltr'>tamen</span> <span class='ocrx_word' id='word_1_960' title='bbox 2027 1827 2095 1861; x_wconf 85' lang='lat' dir='ltr'>haec</span> <span class='ocrx_word' id='word_1_961' title='bbox 2126 1839 2254 1870; x_wconf 88' lang='lat' dir='ltr'>quoque</span> <span class='ocrx_word' id='word_1_962' title='bbox 2275 1849 2284 1864; x_wconf 94' lang='lat'>‚</span> <span class='ocrx_word' id='word_1_963' title='bbox 2317 1835 2430 1870; x_wconf 82' lang='lat' dir='ltr'>totum</span> 
     </span>
     <span class='ocr_line' id='line_1_117' title="bbox 1431 1869 2432 1915; baseline -0.002 -9"><span class='ocrx_word' id='word_1_964' title='bbox 1431 1871 1570 1907; x_wconf 87' lang='lat' dir='ltr'>mensem</span> <span class='ocrx_word' id='word_1_965' title='bbox 1593 1884 1659 1915; x_wconf 90' lang='lat' dir='ltr'>quo</span> <span class='ocrx_word' id='word_1_966' title='bbox 1683 1872 1730 1905; x_wconf 92' lang='lat' dir='ltr'>ibi</span> <span class='ocrx_word' id='word_1_967' title='bbox 1753 1869 1840 1910; x_wconf 87' lang='lat' dir='ltr'>fuit,</span> <span class='ocrx_word' id='word_1_968' title='bbox 1862 1872 1979 1904; x_wconf 86' lang='lat' dir='ltr'>cubare</span> <span class='ocrx_word' id='word_1_969' title='bbox 2003 1872 2112 1914; x_wconf 92' lang='lat' dir='ltr'>potuit</span> <span class='ocrx_word' id='word_1_970' title='bbox 2135 1869 2233 1912; x_wconf 89' lang='lat' dir='ltr'>usque</span> <span class='ocrx_word' id='word_1_971' title='bbox 2263 1870 2302 1904; x_wconf 87' lang='lat' dir='ltr'>ad</span> <span class='ocrx_word' id='word_1_972' title='bbox 2327 1879 2432 1905; x_wconf 81' lang='lat' dir='ltr'>extre-</span> 
     </span>
     <span class='ocr_line' id='line_1_118' title="bbox 1433 1913 2432 1956; baseline -0.005 -6"><span class='ocrx_word' id='word_1_973' title='bbox 1433 1927 1544 1953; x_wconf 80' lang='lat' dir='ltr'>mum3</span> <span class='ocrx_word' id='word_1_974' title='bbox 1568 1915 1707 1949; x_wconf 86' lang='lat' dir='ltr'>cubabat</span> <span class='ocrx_word' id='word_1_975' title='bbox 1730 1925 1836 1948; x_wconf 89' lang='lat' dir='ltr'>autem</span> <span class='ocrx_word' id='word_1_976' title='bbox 1860 1915 2048 1956; x_wconf 89' lang='lat' dir='ltr'>plerumque</span> <span class='ocrx_word' id='word_1_977' title='bbox 2071 1915 2105 1946; x_wconf 89' lang='lat' dir='ltr'>in</span> <span class='ocrx_word' id='word_1_978' title='bbox 2129 1913 2290 1947; x_wconf 87' lang='lat' dir='ltr'>sinistrum</span> <span class='ocrx_word' id='word_1_979' title='bbox 2314 1914 2398 1948; x_wconf 91' lang='lat' dir='ltr'>latus</span> <span class='ocrx_word' id='word_1_980' title='bbox 2421 1937 2432 1945; x_wconf 86' lang='lat'>.</span> 
     </span>
     <span class='ocr_line' id='line_1_119' title="bbox 1436 1955 2434 2000; baseline -0.002 -8"><span class='ocrx_word' id='word_1_981' title='bbox 1436 1960 1576 1993; x_wconf 79' lang='lat' dir='ltr'>sitiebat</span> <span class='ocrx_word' id='word_1_982' title='bbox 1603 1985 1612 2000; x_wconf 94' lang='lat'>,</span> <span class='ocrx_word' id='word_1_983' title='bbox 1643 1958 1693 1992; x_wconf 89' lang='lat' dir='ltr'>sed</span> <span class='ocrx_word' id='word_1_984' title='bbox 1717 1969 1781 1991; x_wconf 89' lang='lat' dir='ltr'>non</span> <span class='ocrx_word' id='word_1_985' title='bbox 1805 1959 1947 1991; x_wconf 88' lang='lat' dir='ltr'>multum</span> <span class='ocrx_word' id='word_1_986' title='bbox 1968 1982 1978 1998; x_wconf 89' lang='lat'>,</span> <span class='ocrx_word' id='word_1_987' title='bbox 2009 1957 2068 1990; x_wconf 87' lang='lat' dir='ltr'>nisi</span> <span class='ocrx_word' id='word_1_988' title='bbox 2092 1968 2166 1990; x_wconf 90' lang='lat' dir='ltr'>cum</span> <span class='ocrx_word' id='word_1_989' title='bbox 2189 1955 2345 1991; x_wconf 84' lang='lat' dir='ltr'>febricula</span> <span class='ocrx_word' id='word_1_990' title='bbox 2368 1968 2434 1999; x_wconf 77' lang='lat' dir='ltr'>qua</span> 
     </span>
     <span class='ocr_line' id='line_1_120' title="bbox 1437 2000 2435 2042; baseline -0.004 -7"><span class='ocrx_word' id='word_1_991' title='bbox 1437 2005 1606 2036; x_wconf 84' lang='lat' dir='ltr'>tenebatur</span> <span class='ocrx_word' id='word_1_992' title='bbox 1630 2000 1743 2035; x_wconf 84' lang='lat' dir='ltr'>affidue</span> <span class='ocrx_word' id='word_1_993' title='bbox 1758 2027 1768 2041; x_wconf 91' lang='lat'><strong><em>‚</em></strong></span> <span class='ocrx_word' id='word_1_994' title='bbox 1792 2000 1956 2034; x_wconf 89' lang='lat' dir='ltr'>interdum</span> <span class='ocrx_word' id='word_1_995' title='bbox 1979 2000 2161 2042; x_wconf 83' lang='lat' dir='ltr'>augescebat</span> <span class='ocrx_word' id='word_1_996' title='bbox 2185 2025 2192 2032; x_wconf 92' lang='lat'><strong>.</strong></span> <span class='ocrx_word' id='word_1_997' title='bbox 2219 2002 2336 2034; x_wconf 87' lang='lat' dir='ltr'>Paucas</span> <span class='ocrx_word' id='word_1_998' title='bbox 2358 2001 2435 2042; x_wconf 73' lang='lat' dir='ltr'>qui-</span> 
     </span>
     <span class='ocr_line' id='line_1_121' title="bbox 1435 2043 2434 2083; baseline -0.004 -3"><span class='ocrx_word' id='word_1_999' title='bbox 1435 2047 1510 2080; x_wconf 89' lang='lat' dir='ltr'>dem</span> <span class='ocrx_word' id='word_1_1000' title='bbox 1531 2044 1681 2079; x_wconf 86' lang='lat' dir='ltr'>reddebat</span> <span class='ocrx_word' id='word_1_1001' title='bbox 1705 2046 1836 2081; x_wconf 86' lang='lat' dir='ltr'>urinas,</span> <span class='ocrx_word' id='word_1_1002' title='bbox 1860 2056 1917 2077; x_wconf 89' lang='lat' dir='ltr'>nec</span> <span class='ocrx_word' id='word_1_1003' title='bbox 1928 2053 2034 2083; x_wconf 84' lang='lat' dir='ltr'>tamen</span> <span class='ocrx_word' id='word_1_1004' title='bbox 2058 2044 2148 2077; x_wconf 88' lang='lat' dir='ltr'>valde</span> <span class='ocrx_word' id='word_1_1005' title='bbox 2160 2043 2326 2078; x_wconf 87' lang='lat' dir='ltr'>rubentes.</span> <span class='ocrx_word' id='word_1_1006' title='bbox 2352 2044 2434 2077; x_wconf 82' lang='lat' dir='ltr'>Sub-</span> 
     </span>
     <span class='ocr_line' id='line_1_122' title="bbox 1436 2086 2436 2129; baseline -0.002 -6"><span class='ocrx_word' id='word_1_1007' title='bbox 1436 2089 1511 2123; x_wconf 90' lang='lat' dir='ltr'>inde</span> <span class='ocrx_word' id='word_1_1008' title='bbox 1534 2088 1729 2129; x_wconf 87' lang='lat' dir='ltr'>querebatur</span> <span class='ocrx_word' id='word_1_1009' title='bbox 1766 2088 1804 2121; x_wconf 90' lang='lat' dir='ltr'>de</span> <span class='ocrx_word' id='word_1_1010' title='bbox 1827 2089 1867 2121; x_wconf 85' lang='lat' dir='ltr'>iis</span> <span class='ocrx_word' id='word_1_1011' title='bbox 1889 2087 1927 2121; x_wconf 87' lang='lat' dir='ltr'>de</span> <span class='ocrx_word' id='word_1_1012' title='bbox 1961 2087 2078 2129; x_wconf 88' lang='lat' dir='ltr'>quibus</span> <span class='ocrx_word' id='word_1_1013' title='bbox 2102 2087 2280 2120; x_wconf 89' lang='lat' dir='ltr'>indicatum</span> <span class='ocrx_word' id='word_1_1014' title='bbox 2302 2087 2369 2126; x_wconf 85' lang='lat' dir='ltr'>est,</span> <span class='ocrx_word' id='word_1_1015' title='bbox 2394 2086 2436 2121; x_wconf 87' lang='lat' dir='ltr'>ad</span> 
     </span>
     <span class='ocr_line' id='line_1_123' title="bbox 1435 2130 2435 2176; baseline -0.004 -9"><span class='ocrx_word' id='word_1_1016' title='bbox 1435 2131 1681 2176; x_wconf 84' lang='lat' dir='ltr'>hypochondria</span> <span class='ocrx_word' id='word_1_1017' title='bbox 1705 2130 1892 2169; x_wconf 90' lang='lat' dir='ltr'>doloribus,</span> <span class='ocrx_word' id='word_1_1018' title='bbox 1917 2132 1974 2173; x_wconf 89' lang='lat' dir='ltr'>qui</span> <span class='ocrx_word' id='word_1_1019' title='bbox 1998 2130 2176 2163; x_wconf 88' lang='lat' dir='ltr'>convulsivi</span> <span class='ocrx_word' id='word_1_1020' title='bbox 2206 2152 2214 2166; x_wconf 85' lang='lat'>,</span> <span class='ocrx_word' id='word_1_1021' title='bbox 2236 2141 2300 2163; x_wconf 89' lang='lat' dir='ltr'>non</span> <span class='ocrx_word' id='word_1_1022' title='bbox 2324 2140 2435 2164; x_wconf 86' lang='lat' dir='ltr'>tamen</span> 
     </span>
     <span class='ocr_line' id='line_1_124' title="bbox 1437 2173 2436 2212; baseline -0.002 -3"><span class='ocrx_word' id='word_1_1023' title='bbox 1437 2176 1605 2212; x_wconf 87' lang='lat' dir='ltr'>acerrimi,</span> <span class='ocrx_word' id='word_1_1024' title='bbox 1631 2174 1689 2208; x_wconf 88' lang='lat' dir='ltr'>esse</span> <span class='ocrx_word' id='word_1_1025' title='bbox 1713 2174 1905 2208; x_wconf 90' lang='lat' dir='ltr'>videbantur</span> <span class='ocrx_word' id='word_1_1026' title='bbox 1926 2198 1934 2206; x_wconf 90' lang='lat'><strong>.</strong></span> <span class='ocrx_word' id='word_1_1027' title='bbox 1962 2173 2040 2208; x_wconf 90' lang='lat' dir='ltr'>Non</span> <span class='ocrx_word' id='word_1_1028' title='bbox 2067 2175 2140 2206; x_wconf 86' lang='lat' dir='ltr'>unis</span> <span class='ocrx_word' id='word_1_1029' title='bbox 2163 2173 2319 2207; x_wconf 81' lang='lat' dir='ltr'>adhibitis</span> <span class='ocrx_word' id='word_1_1030' title='bbox 2345 2175 2436 2207; x_wconf 85' lang='lat' dir='ltr'>auxi-</span> 
     </span>
     <span class='ocr_line' id='line_1_125' title="bbox 1437 2216 2437 2259; baseline -0.003 -7"><span class='ocrx_word' id='word_1_1031' title='bbox 1437 2221 1490 2255; x_wconf 85' lang='lat' dir='ltr'>liis</span> <span class='ocrx_word' id='word_1_1032' title='bbox 1512 2242 1520 2256; x_wconf 90' lang='lat'>,</span> <span class='ocrx_word' id='word_1_1033' title='bbox 1555 2217 1639 2251; x_wconf 88' lang='lat' dir='ltr'>nihil</span> <span class='ocrx_word' id='word_1_1034' title='bbox 1663 2216 1846 2259; x_wconf 71' lang='lat' dir='ltr'>profectum</span> <span class='ocrx_word' id='word_1_1035' title='bbox 1871 2217 1914 2250; x_wconf 90' lang='lat' dir='ltr'>est</span> <span class='ocrx_word' id='word_1_1036' title='bbox 1935 2229 1945 2249; x_wconf 88' lang='lat'><em>:</em></span> <span class='ocrx_word' id='word_1_1037' title='bbox 1978 2216 2097 2251; x_wconf 83' lang='lat' dir='ltr'>lotium</span> <span class='ocrx_word' id='word_1_1038' title='bbox 2121 2217 2249 2249; x_wconf 71' lang='lat' dir='ltr'>auftum</span> <span class='ocrx_word' id='word_1_1039' title='bbox 2284 2217 2328 2251; x_wconf 90' lang='lat' dir='ltr'>est</span> <span class='ocrx_word' id='word_1_1040' title='bbox 2351 2228 2437 2250; x_wconf 89' lang='lat' dir='ltr'>nun-</span> 
     </span>
     <span class='ocr_line' id='line_1_126' title="bbox 1437 2260 2434 2305; baseline -0.002 -9"><span class='ocrx_word' id='word_1_1041' title='bbox 1437 2274 1536 2305; x_wconf 89' lang='lat' dir='ltr'>quam</span> <span class='ocrx_word' id='word_1_1042' title='bbox 1559 2285 1567 2292; x_wconf 95' lang='lat'><strong>.</strong></span> <span class='ocrx_word' id='word_1_1043' title='bbox 1601 2260 1640 2295; x_wconf 91' lang='lat' dir='ltr'>In</span> <span class='ocrx_word' id='word_1_1044' title='bbox 1664 2262 1729 2294; x_wconf 81' lang='lat' dir='ltr'>illis</span> <span class='ocrx_word' id='word_1_1045' title='bbox 1751 2261 1899 2304; x_wconf 70' lang='lat' dir='ltr'>quaedam</span> <span class='ocrx_word' id='word_1_1046' title='bbox 1933 2269 2024 2293; x_wconf 89' lang='lat' dir='ltr'>erant</span> <span class='ocrx_word' id='word_1_1047' title='bbox 2047 2272 2118 2302; x_wconf 82' lang='lat' dir='ltr'>quae</span> <span class='ocrx_word' id='word_1_1048' title='bbox 2144 2260 2323 2293; x_wconf 87' lang='lat' dir='ltr'>molestiam</span> <span class='ocrx_word' id='word_1_1049' title='bbox 2345 2272 2434 2294; x_wconf 89' lang='lat' dir='ltr'>crea-</span> 
     </span>
     <span class='ocr_line' id='line_1_127' title="bbox 1434 2302 2437 2346; baseline -0.003 -6"><span class='ocrx_word' id='word_1_1050' title='bbox 1434 2315 1525 2343; x_wconf 91' lang='lat' dir='ltr'>rent,</span> <span class='ocrx_word' id='word_1_1051' title='bbox 1551 2314 1586 2338; x_wconf 93' lang='lat' dir='ltr'>ut</span> <span class='ocrx_word' id='word_1_1052' title='bbox 1611 2305 1734 2346; x_wconf 78' lang='lat' dir='ltr'>gummi</span> <span class='ocrx_word' id='word_1_1053' title='bbox 1759 2304 1996 2337; x_wconf 88' lang='lat' dir='ltr'>ammoniacum</span> <span class='ocrx_word' id='word_1_1054' title='bbox 2019 2314 2093 2337; x_wconf 91' lang='lat' dir='ltr'>cum</span> <span class='ocrx_word' id='word_1_1055' title='bbox 2118 2302 2216 2336; x_wconf 89' lang='lat' dir='ltr'>resina</span> <span class='ocrx_word' id='word_1_1056' title='bbox 2241 2303 2437 2338; x_wconf 85' lang='lat' dir='ltr'>terebinthi-</span> 
     </span>
     <span class='ocr_line' id='line_1_128' title="bbox 1436 2346 2439 2392; baseline -0.002 -9"><span class='ocrx_word' id='word_1_1057' title='bbox 1436 2361 1496 2383; x_wconf 89' lang='lat' dir='ltr'>na:</span> <span class='ocrx_word' id='word_1_1058' title='bbox 1521 2348 1733 2392; x_wconf 88' lang='lat' dir='ltr'>quamobrem</span> <span class='ocrx_word' id='word_1_1059' title='bbox 1755 2349 1785 2380; x_wconf 88' lang='lat'>&amp;</span> <span class='ocrx_word' id='word_1_1060' title='bbox 1808 2346 1920 2381; x_wconf 83' lang='lat' dir='ltr'>omissa</span> <span class='ocrx_word' id='word_1_1061' title='bbox 1941 2346 2012 2380; x_wconf 89' lang='lat' dir='ltr'>sunt</span> <span class='ocrx_word' id='word_1_1062' title='bbox 2037 2371 2044 2378; x_wconf 94' lang='lat'>.</span> <span class='ocrx_word' id='word_1_1063' title='bbox 2078 2346 2261 2379; x_wconf 73' lang='lat' dir='ltr'>Novissime</span> <span class='ocrx_word' id='word_1_1064' title='bbox 2282 2358 2357 2380; x_wconf 84' lang='lat' dir='ltr'>curn</span> <span class='ocrx_word' id='word_1_1065' title='bbox 2390 2348 2439 2388; x_wconf 32' lang='lat' dir='ltr'>al,-</span> 
     </span>
     <span class='ocr_line' id='line_1_129' title="bbox 1437 2388 2439 2431; baseline -0.004 -5"><span class='ocrx_word' id='word_1_1066' title='bbox 1437 2404 1495 2426; x_wconf 87' lang='lat' dir='ltr'>vus</span> <span class='ocrx_word' id='word_1_1067' title='bbox 1518 2403 1556 2425; x_wconf 87' lang='lat' dir='ltr'>ex</span> <span class='ocrx_word' id='word_1_1068' title='bbox 1577 2391 1658 2425; x_wconf 88' lang='lat' dir='ltr'>dura</span> <span class='ocrx_word' id='word_1_1069' title='bbox 1681 2390 1762 2424; x_wconf 56' lang='lat' dir='ltr'>facia</span> <span class='ocrx_word' id='word_1_1070' title='bbox 1785 2389 1862 2424; x_wconf 82' lang='lat' dir='ltr'>esset</span> <span class='ocrx_word' id='word_1_1071' title='bbox 1887 2391 2011 2426; x_wconf 63' lang='lat' dir='ltr'>laxior,</span> <span class='ocrx_word' id='word_1_1072' title='bbox 2033 2388 2148 2423; x_wconf 86' lang='lat' dir='ltr'>foetida</span> <span class='ocrx_word' id='word_1_1073' title='bbox 2171 2390 2347 2431; x_wconf 86' lang='lat' dir='ltr'>liquamina</span> <span class='ocrx_word' id='word_1_1074' title='bbox 2370 2403 2439 2423; x_wconf 88' lang='lat' dir='ltr'>coe-</span> 
     </span>
     <span class='ocr_line' id='line_1_130' title="bbox 1438 2432 2438 2479; baseline -0.001 -11"><span class='ocrx_word' id='word_1_1075' title='bbox 1438 2443 1555 2479; x_wconf 87' lang='lat' dir='ltr'>perunt</span> <span class='ocrx_word' id='word_1_1076' title='bbox 1577 2434 1728 2471; x_wconf 84' lang='lat' dir='ltr'>effluere,</span> <span class='ocrx_word' id='word_1_1077' title='bbox 1754 2432 1803 2467; x_wconf 91' lang='lat' dir='ltr'>sed</span> <span class='ocrx_word' id='word_1_1078' title='bbox 1827 2445 1891 2469; x_wconf 86' lang='lat' dir='ltr'>non</span> <span class='ocrx_word' id='word_1_1079' title='bbox 1914 2434 2103 2476; x_wconf 85' lang='lat' dir='ltr'>purulenta.</span> <span class='ocrx_word' id='word_1_1080' title='bbox 2127 2432 2258 2467; x_wconf 87' lang='lat' dir='ltr'>Horum</span> <span class='ocrx_word' id='word_1_1081' title='bbox 2270 2432 2438 2476; x_wconf 83' lang='lat' dir='ltr'>persisten-</span> 
     </span>
     <span class='ocr_line' id='line_1_131' title="bbox 1438 2477 2438 2513; baseline -0.003 -1"><span class='ocrx_word' id='word_1_1082' title='bbox 1438 2490 1470 2512; x_wconf 91' lang='lat' dir='ltr'>te</span> <span class='ocrx_word' id='word_1_1083' title='bbox 1495 2478 1585 2512; x_wconf 86' lang='lat' dir='ltr'>fluxu</span> <span class='ocrx_word' id='word_1_1084' title='bbox 1607 2488 1681 2511; x_wconf 92' lang='lat' dir='ltr'>cum</span> <span class='ocrx_word' id='word_1_1085' title='bbox 1705 2487 1817 2510; x_wconf 89' lang='lat' dir='ltr'>venter</span> <span class='ocrx_word' id='word_1_1086' title='bbox 1850 2487 1914 2510; x_wconf 88' lang='lat' dir='ltr'>non</span> <span class='ocrx_word' id='word_1_1087' title='bbox 1938 2477 2130 2510; x_wconf 88' lang='lat' dir='ltr'>decresceret</span> <span class='ocrx_word' id='word_1_1088' title='bbox 2153 2498 2162 2513; x_wconf 87' lang='lat'>‚</span> <span class='ocrx_word' id='word_1_1089' title='bbox 2195 2480 2277 2510; x_wconf 85' lang='lat' dir='ltr'>vires</span> <span class='ocrx_word' id='word_1_1090' title='bbox 2303 2479 2337 2510; x_wconf 89' lang='lat' dir='ltr'>in</span> <span class='ocrx_word' id='word_1_1091' title='bbox 2371 2477 2438 2513; x_wconf 85' lang='lat' dir='ltr'>dies</span> 
     </span>
     <span class='ocr_line' id='line_1_132' title="bbox 1437 2518 2440 2564; baseline -0.003 -8"><span class='ocrx_word' id='word_1_1092' title='bbox 1437 2521 1687 2564; x_wconf 53' lang='lat' dir='ltr'>frangerentur,</span> <span class='ocrx_word' id='word_1_1093' title='bbox 1712 2522 1866 2554; x_wconf 90' lang='lat' dir='ltr'>nimirum</span> <span class='ocrx_word' id='word_1_1094' title='bbox 1881 2519 1913 2552; x_wconf 89' lang='lat' dir='ltr'>id</span> <span class='ocrx_word' id='word_1_1095' title='bbox 1938 2521 2054 2554; x_wconf 86' lang='lat' dir='ltr'>accidit</span> <span class='ocrx_word' id='word_1_1096' title='bbox 2066 2518 2154 2562; x_wconf 90' lang='lat' dir='ltr'>quod</span> <span class='ocrx_word' id='word_1_1097' title='bbox 2177 2520 2210 2552; x_wconf 94' lang='lat' dir='ltr'>in</span> <span class='ocrx_word' id='word_1_1098' title='bbox 2233 2530 2378 2553; x_wconf 84' lang='lat' dir='ltr'>extremo</span> <span class='ocrx_word' id='word_1_1099' title='bbox 2398 2521 2440 2553; x_wconf 89' lang='lat' dir='ltr'>li-</span> 
     </span>
     <span class='ocr_line' id='line_1_133' title="bbox 1441 2562 2437 2605; baseline -0.001 -6"><span class='ocrx_word' id='word_1_1100' title='bbox 1441 2567 1501 2599; x_wconf 90' lang='lat' dir='ltr'>bro</span> <span class='ocrx_word' id='word_1_1101' title='bbox 1526 2565 1588 2597; x_wconf 90' lang='lat' dir='ltr'>IV.</span> <span class='ocrx_word' id='word_1_1102' title='bbox 1613 2565 1648 2597; x_wconf 86' lang='lat' dir='ltr'>de</span> <span class='ocrx_word' id='word_1_1103' title='bbox 1670 2563 1790 2596; x_wconf 77' lang='lat' dir='ltr'>Morbis</span> <span class='ocrx_word' id='word_1_1104' title='bbox 1813 2565 2067 2605; x_wconf 84' lang='lat' dir='ltr'>praenunciatum</span> <span class='ocrx_word' id='word_1_1105' title='bbox 2091 2563 2128 2595; x_wconf 90' lang='lat' dir='ltr'>de</span> <span class='ocrx_word' id='word_1_1106' title='bbox 2151 2562 2335 2605; x_wconf 87' lang='lat' dir='ltr'>hydropico</span> <span class='ocrx_word' id='word_1_1107' title='bbox 2358 2563 2402 2596; x_wconf 81' lang='lat' dir='ltr'>est</span> <span class='ocrx_word' id='word_1_1108' title='bbox 2428 2577 2437 2598; x_wconf 89' lang='grc'>.·</span> 
     </span>
     <span class='ocr_line' id='line_1_134' title="bbox 1439 2604 2436 2649; baseline -0.006 -7"><span class='ocrx_word' id='word_1_1109' title='bbox 1439 2616 1475 2641; x_wconf 84' lang='lat' dir='ltr'>at</span> <span class='ocrx_word' id='word_1_1110' title='bbox 1496 2606 1550 2642; x_wconf 78' lang='lat' dir='ltr'>ubi</span> <span class='ocrx_word' id='word_1_1111' title='bbox 1572 2606 1669 2640; x_wconf 79' lang='lat' dir='ltr'>etiam</span> <span class='ocrx_word' id='word_1_1112' title='bbox 1691 2605 1783 2639; x_wconf 70' lang='lat' dir='ltr'>alvus</span> <span class='ocrx_word' id='word_1_1113' title='bbox 1804 2606 1893 2641; x_wconf 66' lang='lat' dir='ltr'>valde</span> <span class='ocrx_word' id='word_1_1114' title='bbox 1909 2605 2008 2649; x_wconf 82' lang='lat' dir='ltr'>fluida</span> <span class='ocrx_word' id='word_1_1115' title='bbox 2023 2604 2128 2649; x_wconf 76' lang='lat' dir='ltr'>fuerit</span> <span class='ocrx_word' id='word_1_1116' title='bbox 2150 2631 2158 2646; x_wconf 95' lang='lat'>‚</span> <span class='ocrx_word' id='word_1_1117' title='bbox 2182 2605 2321 2649; x_wconf 75' lang='lat' dir='ltr'>citiffime</span> <span class='ocrx_word' id='word_1_1118' title='bbox 2344 2608 2436 2640; x_wconf 77' lang='lat' dir='ltr'>mori.</span> 
     </span>
     <span class='ocr_line' id='line_1_135' title="bbox 1440 2649 2439 2694; baseline 0 -10"><span class='ocrx_word' id='word_1_1119' title='bbox 1440 2659 1494 2685; x_wconf 82' lang='lat' dir='ltr'>tur</span> <span class='ocrx_word' id='word_1_1120' title='bbox 1516 2650 1557 2684; x_wconf 57' lang='grc' dir='ltr'><em>Θ</em></span> <span class='ocrx_word' id='word_1_1121' title='bbox 1571 2650 1709 2693; x_wconf 82' lang='lat' dir='ltr'>sentiens</span> <span class='ocrx_word' id='word_1_1122' title='bbox 1731 2672 1739 2686; x_wconf 93' lang='lat'><em>‚</em></span> <span class='ocrx_word' id='word_1_1123' title='bbox 1772 2650 1814 2683; x_wconf 69' lang='lat'>&amp;⁶</span> <span class='ocrx_word' id='word_1_1124' title='bbox 1836 2649 1959 2692; x_wconf 77' lang='lat' dir='ltr'>loquens</span> <span class='ocrx_word' id='word_1_1125' title='bbox 1979 2674 1986 2681; x_wconf 96' lang='lat'>.</span> <span class='ocrx_word' id='word_1_1126' title='bbox 2020 2651 2135 2692; x_wconf 87' lang='lat' dir='ltr'>Itaque</span> <span class='ocrx_word' id='word_1_1127' title='bbox 2156 2651 2317 2683; x_wconf 85' lang='lat' dir='ltr'>constante</span> <span class='ocrx_word' id='word_1_1128' title='bbox 2341 2649 2439 2694; x_wconf 87' lang='lat' dir='ltr'>usque</span> 
     </span>
     <span class='ocr_line' id='line_1_136' title="bbox 1441 2691 2439 2732; baseline -0.002 -4"><span class='ocrx_word' id='word_1_1129' title='bbox 1441 2695 1480 2728; x_wconf 89' lang='lat' dir='ltr'>ad</span> <span class='ocrx_word' id='word_1_1130' title='bbox 1501 2694 1656 2728; x_wconf 89' lang='lat' dir='ltr'>ultimum</span> <span class='ocrx_word' id='word_1_1131' title='bbox 1680 2703 1804 2732; x_wconf 88' lang='lat' dir='ltr'>mente,</span> <span class='ocrx_word' id='word_1_1132' title='bbox 1830 2693 1959 2726; x_wconf 90' lang='lat' dir='ltr'>vivendi</span> <span class='ocrx_word' id='word_1_1133' title='bbox 1983 2692 2054 2726; x_wconf 90' lang='lat' dir='ltr'>finis</span> <span class='ocrx_word' id='word_1_1134' title='bbox 2077 2692 2120 2725; x_wconf 89' lang='lat' dir='ltr'>est</span> <span class='ocrx_word' id='word_1_1135' title='bbox 2144 2691 2245 2727; x_wconf 62' lang='lat' dir='ltr'>faetus</span> <span class='ocrx_word' id='word_1_1136' title='bbox 2262 2695 2346 2727; x_wconf 87' lang='lat' dir='ltr'>circa</span> <span class='ocrx_word' id='word_1_1137' title='bbox 2372 2705 2439 2726; x_wconf 88' lang='lat' dir='ltr'>me-</span> 
     </span>
     <span class='ocr_line' id='line_1_137' title="bbox 1441 2736 2440 2780; baseline -0.002 -8"><span class='ocrx_word' id='word_1_1138' title='bbox 1441 2737 1531 2772; x_wconf 86' lang='lat' dir='ltr'>dium</span> <span class='ocrx_word' id='word_1_1139' title='bbox 1555 2736 1768 2771; x_wconf 88' lang='lat' dir='ltr'>Decembrem</span> <span class='ocrx_word' id='word_1_1140' title='bbox 1792 2738 1833 2769; x_wconf 79' lang='lat' dir='ltr'>A.</span> <span class='ocrx_word' id='word_1_1141' title='bbox 1861 2746 1954 2780; x_wconf 89' lang='lat'>1744.</span> <span class='ocrx_word' id='word_1_1142' title='bbox 1981 2736 2138 2769; x_wconf 82' lang='lat' dir='ltr'>Postridie</span> <span class='ocrx_word' id='word_1_1143' title='bbox 2159 2758 2168 2773; x_wconf 87' lang='lat'>‚</span> <span class='ocrx_word' id='word_1_1144' title='bbox 2200 2748 2273 2770; x_wconf 90' lang='lat' dir='ltr'>cum</span> <span class='ocrx_word' id='word_1_1145' title='bbox 2298 2736 2365 2770; x_wconf 84' lang='lat' dir='ltr'>haec</span> <span class='ocrx_word' id='word_1_1146' title='bbox 2389 2748 2440 2771; x_wconf 88' lang='lat' dir='ltr'>ac-</span> 
     </span>
     <span class='ocr_line' id='line_1_138' title="bbox 1442 2778 2440 2824; baseline -0.002 -9"><span class='ocrx_word' id='word_1_1147' title='bbox 1442 2780 1612 2824; x_wconf 86' lang='lat' dir='ltr'>cepissem,</span> <span class='ocrx_word' id='word_1_1148' title='bbox 1633 2782 1663 2813; x_wconf 91' lang='lat'><strong>&amp;</strong></span> <span class='ocrx_word' id='word_1_1149' title='bbox 1686 2778 1944 2823; x_wconf 71' lang='lat' dir='ltr'>frequentissimis</span> <span class='ocrx_word' id='word_1_1150' title='bbox 1966 2779 2186 2813; x_wconf 88' lang='lat' dir='ltr'>Auditoribus</span> <span class='ocrx_word' id='word_1_1151' title='bbox 2209 2778 2416 2823; x_wconf 81' lang='lat' dir='ltr'>exposuissem</span> <span class='ocrx_word' id='word_1_1152' title='bbox 2430 2805 2440 2821; x_wconf 91' lang='lat'><strong><em>‚</em></strong></span> 
     </span>
     <span class='ocr_line' id='line_1_139' title="bbox 1443 2823 2439 2866; baseline 0 -9"><span class='ocrx_word' id='word_1_1153' title='bbox 1443 2824 1598 2857; x_wconf 87' lang='lat' dir='ltr'>nonnulla</span> <span class='ocrx_word' id='word_1_1154' title='bbox 1621 2834 1659 2856; x_wconf 84' lang='lat' dir='ltr'>ex</span> <span class='ocrx_word' id='word_1_1155' title='bbox 1681 2824 1720 2856; x_wconf 90' lang='lat' dir='ltr'>iis</span> <span class='ocrx_word' id='word_1_1156' title='bbox 1743 2823 1937 2866; x_wconf 83' lang='lat' dir='ltr'>praedicens‚</span> <span class='ocrx_word' id='word_1_1157' title='bbox 1963 2833 2033 2865; x_wconf 83' lang='lat' dir='ltr'>quae</span> <span class='ocrx_word' id='word_1_1158' title='bbox 2058 2834 2134 2856; x_wconf 88' lang='lat' dir='ltr'>mox</span> <span class='ocrx_word' id='word_1_1159' title='bbox 2157 2823 2214 2856; x_wconf 90' lang='lat' dir='ltr'>sub</span> <span class='ocrx_word' id='word_1_1160' title='bbox 2238 2835 2350 2857; x_wconf 89' lang='lat' dir='ltr'>eorum</span> <span class='ocrx_word' id='word_1_1161' title='bbox 2360 2835 2439 2857; x_wconf 86' lang='lat' dir='ltr'>ocu-</span> 
     </span>
     <span class='ocr_line' id='line_1_140' title="bbox 1440 2866 2436 2910; baseline -0.003 -8"><span class='ocrx_word' id='word_1_1162' title='bbox 1440 2868 1480 2902; x_wconf 87' lang='lat' dir='ltr'>lis</span> <span class='ocrx_word' id='word_1_1163' title='bbox 1513 2869 1643 2901; x_wconf 89' lang='lat' dir='ltr'>inventa</span> <span class='ocrx_word' id='word_1_1164' title='bbox 1676 2866 1746 2900; x_wconf 89' lang='lat' dir='ltr'>sunt</span> <span class='ocrx_word' id='word_1_1165' title='bbox 1766 2880 1789 2910; x_wconf 55' lang='lat'>3„</span> <span class='ocrx_word' id='word_1_1166' title='bbox 1807 2867 1951 2900; x_wconf 72' lang='lat' dir='ltr'>disseffio</span> <span class='ocrx_word' id='word_1_1167' title='bbox 1985 2866 2031 2899; x_wconf 88' lang='lat' dir='ltr'>ibi</span> <span class='ocrx_word' id='word_1_1168' title='bbox 2065 2866 2173 2899; x_wconf 90' lang='lat' dir='ltr'>statim</span> <span class='ocrx_word' id='word_1_1169' title='bbox 2207 2868 2334 2910; x_wconf 86' lang='lat' dir='ltr'>incepta</span> <span class='ocrx_word' id='word_1_1170' title='bbox 2370 2867 2436 2901; x_wconf 87' lang='lat' dir='ltr'>est.</span> 
     </span>
    </p>

    <p class='ocr_par' dir='ltr' id='par_1_10' title="bbox 1433 2908 2440 3462">
     <span class='ocr_line' id='line_1_141' title="bbox 1568 2908 2439 2952; baseline 0.002 -10"><span class='ocrx_word' id='word_1_1171' title='bbox 1568 2908 1855 2944; x_wconf 76' lang='lat' dir='ltr'>CADAVER</span> <span class='ocrx_word' id='word_1_1172' title='bbox 1879 2910 2083 2943; x_wconf 87' lang='lat' dir='ltr'>macilentum</span> <span class='ocrx_word' id='word_1_1173' title='bbox 2105 2919 2196 2950; x_wconf 81' lang='lat' dir='ltr'>erat,</span> <span class='ocrx_word' id='word_1_1174' title='bbox 2220 2910 2439 2952; x_wconf 89' lang='lat' dir='ltr'>superioribus</span> 
     </span>
     <span class='ocr_line' id='line_1_142' title="bbox 1437 2952 2440 3000; baseline 0 -12"><span class='ocrx_word' id='word_1_1175' title='bbox 1437 2954 1611 2998; x_wconf 84' lang='lat' dir='ltr'>praesertim</span> <span class='ocrx_word' id='word_1_1176' title='bbox 1634 2953 1794 3000; x_wconf 67' lang='lat' dir='ltr'>artubus3</span> <span class='ocrx_word' id='word_1_1177' title='bbox 1818 2964 1874 2987; x_wconf 90' lang='lat' dir='ltr'>nec</span> <span class='ocrx_word' id='word_1_1178' title='bbox 1896 2963 2003 2986; x_wconf 88' lang='lat' dir='ltr'>tamen</span> <span class='ocrx_word' id='word_1_1179' title='bbox 2028 2953 2204 2995; x_wconf 87' lang='lat' dir='ltr'>plurimum</span> <span class='ocrx_word' id='word_1_1180' title='bbox 2227 2979 2236 2987; x_wconf 83' lang='lat'><strong>.</strong></span> <span class='ocrx_word' id='word_1_1181' title='bbox 2269 2952 2440 2989; x_wconf 89' lang='lat' dir='ltr'>Inferiores</span> 
     </span>
     <span class='ocr_line' id='line_1_143' title="bbox 1439 2997 2438 3035; baseline -0.001 -3"><span class='ocrx_word' id='word_1_1182' title='bbox 1439 3008 1525 3032; x_wconf 88' lang='lat' dir='ltr'>artus</span> <span class='ocrx_word' id='word_1_1183' title='bbox 1548 2997 1612 3030; x_wconf 87' lang='lat' dir='ltr'>levi</span> <span class='ocrx_word' id='word_1_1184' title='bbox 1645 2997 1722 3030; x_wconf 91' lang='lat' dir='ltr'>adeo</span> <span class='ocrx_word' id='word_1_1185' title='bbox 1746 2997 1850 3029; x_wconf 73' lang='lat' dir='ltr'>asteffi</span> <span class='ocrx_word' id='word_1_1186' title='bbox 1875 3006 1964 3030; x_wconf 89' lang='lat' dir='ltr'>erant</span> <span class='ocrx_word' id='word_1_1187' title='bbox 1997 2997 2155 3031; x_wconf 74' lang='lat' dir='ltr'>oedemate</span> <span class='ocrx_word' id='word_1_1188' title='bbox 2180 3019 2188 3034; x_wconf 91' lang='lat'>,</span> <span class='ocrx_word' id='word_1_1189' title='bbox 2214 3006 2250 3030; x_wconf 88' lang='lat' dir='ltr'>ut</span> <span class='ocrx_word' id='word_1_1190' title='bbox 2274 2999 2352 3035; x_wconf 86' lang='lat' dir='ltr'>vix,</span> <span class='ocrx_word' id='word_1_1191' title='bbox 2377 2998 2438 3031; x_wconf 81' lang='lat' dir='ltr'>nisi</span> 
     </span>
     <span class='ocr_line' id='line_1_144' title="bbox 1438 3039 2438 3083; baseline -0.001 -8"><span class='ocrx_word' id='word_1_1192' title='bbox 1438 3042 1546 3083; x_wconf 83' lang='lat' dir='ltr'>digito</span> <span class='ocrx_word' id='word_1_1193' title='bbox 1581 3040 1723 3083; x_wconf 83' lang='lat' dir='ltr'>appresso</span> <span class='ocrx_word' id='word_1_1194' title='bbox 1743 3062 1755 3079; x_wconf 83' lang='lat'>‚</span> <span class='ocrx_word' id='word_1_1195' title='bbox 1788 3039 1989 3081; x_wconf 82' lang='lat' dir='ltr'>dignosceres</span> <span class='ocrx_word' id='word_1_1196' title='bbox 2014 3061 2022 3074; x_wconf 79' lang='lat'>‚</span> <span class='ocrx_word' id='word_1_1197' title='bbox 2055 3040 2152 3083; x_wconf 89' lang='lat' dir='ltr'>idque</span> <span class='ocrx_word' id='word_1_1198' title='bbox 2185 3051 2222 3073; x_wconf 91' lang='lat' dir='ltr'>ne</span> <span class='ocrx_word' id='word_1_1199' title='bbox 2246 3040 2284 3073; x_wconf 90' lang='lat' dir='ltr'>ad</span> <span class='ocrx_word' id='word_1_1200' title='bbox 2317 3040 2438 3074; x_wconf 75' lang='lat' dir='ltr'>summa</span> 
     </span>
     <span class='ocr_line' id='line_1_145' title="bbox 1438 3082 2437 3127; baseline 0 -9"><span class='ocrx_word' id='word_1_1201' title='bbox 1438 3084 1572 3127; x_wconf 90' lang='lat' dir='ltr'>quidem</span> <span class='ocrx_word' id='word_1_1202' title='bbox 1597 3084 1716 3118; x_wconf 89' lang='lat' dir='ltr'>femora</span> <span class='ocrx_word' id='word_1_1203' title='bbox 1741 3084 1966 3125; x_wconf 83' lang='lat' dir='ltr'>perveniebat.</span> <span class='ocrx_word' id='word_1_1204' title='bbox 1993 3084 2117 3117; x_wconf 82' lang='lat' dir='ltr'>Venter</span> <span class='ocrx_word' id='word_1_1205' title='bbox 2133 3082 2359 3125; x_wconf 79' lang='lat' dir='ltr'>ampliffirnus,</span> <span class='ocrx_word' id='word_1_1206' title='bbox 2384 3083 2437 3118; x_wconf 88' lang='lat' dir='ltr'>sed</span> 
     </span>
     <span class='ocr_line' id='line_1_146' title="bbox 1439 3126 2437 3170; baseline -0.001 -9"><span class='ocrx_word' id='word_1_1207' title='bbox 1439 3139 1504 3161; x_wconf 87' lang='lat' dir='ltr'>non</span> <span class='ocrx_word' id='word_1_1208' title='bbox 1528 3126 1632 3162; x_wconf 89' lang='lat' dir='ltr'>tensus</span> <span class='ocrx_word' id='word_1_1209' title='bbox 1652 3149 1661 3163; x_wconf 83' lang='lat'>‚</span> <span class='ocrx_word' id='word_1_1210' title='bbox 1693 3136 1729 3159; x_wconf 88' lang='lat' dir='ltr'>ut</span> <span class='ocrx_word' id='word_1_1211' title='bbox 1752 3138 1852 3169; x_wconf 90' lang='lat' dir='ltr'>neque</span> <span class='ocrx_word' id='word_1_1212' title='bbox 1877 3128 2047 3160; x_wconf 84' lang='lat' dir='ltr'>umbilicus</span> <span class='ocrx_word' id='word_1_1213' title='bbox 2070 3153 2078 3167; x_wconf 88' lang='lat'><strong><em>‚</em></strong></span> <span class='ocrx_word' id='word_1_1214' title='bbox 2102 3128 2251 3170; x_wconf 85' lang='lat' dir='ltr'>quamvis</span> <span class='ocrx_word' id='word_1_1215' title='bbox 2272 3128 2437 3170; x_wconf 86' lang='lat' dir='ltr'>promine-</span> 
     </span>
     <span class='ocr_line' id='line_1_147' title="bbox 1438 3168 2434 3212; baseline -0.001 -8"><span class='ocrx_word' id='word_1_1216' title='bbox 1438 3181 1505 3205; x_wconf 87' lang='lat' dir='ltr'>ret.</span> <span class='ocrx_word' id='word_1_1217' title='bbox 1639 3168 1770 3203; x_wconf 86' lang='lat' dir='ltr'>Pertuso</span> <span class='ocrx_word' id='word_1_1218' title='bbox 1793 3170 1830 3203; x_wconf 89' lang='lat' dir='ltr'>ad</span> <span class='ocrx_word' id='word_1_1219' title='bbox 1853 3171 1989 3204; x_wconf 88' lang='lat' dir='ltr'>alterum</span> <span class='ocrx_word' id='word_1_1220' title='bbox 2013 3172 2095 3204; x_wconf 86' lang='lat' dir='ltr'>latus</span> <span class='ocrx_word' id='word_1_1221' title='bbox 2116 3170 2300 3203; x_wconf 86' lang='lat' dir='ltr'>Abdomine</span> <span class='ocrx_word' id='word_1_1222' title='bbox 2323 3196 2331 3211; x_wconf 94' lang='lat'>,</span> <span class='ocrx_word' id='word_1_1223' title='bbox 2357 3182 2434 3212; x_wconf 87' lang='lat' dir='ltr'>pau-</span> 
     </span>
     <span class='ocr_line' id='line_1_148' title="bbox 1437 3213 2436 3255; baseline -0.002 -7"><span class='ocrx_word' id='word_1_1224' title='bbox 1437 3215 1530 3248; x_wconf 88' lang='lat' dir='ltr'>latim</span> <span class='ocrx_word' id='word_1_1225' title='bbox 1551 3214 1599 3247; x_wconf 88' lang='lat' dir='ltr'>vis</span> <span class='ocrx_word' id='word_1_1226' title='bbox 1622 3224 1710 3255; x_wconf 86' lang='lat' dir='ltr'>aquae</span> <span class='ocrx_word' id='word_1_1227' title='bbox 1733 3213 1842 3254; x_wconf 79' lang='lat' dir='ltr'>ingens</span> <span class='ocrx_word' id='word_1_1228' title='bbox 1865 3213 1972 3247; x_wconf 72' lang='lat' dir='ltr'>emiss‘a</span> <span class='ocrx_word' id='word_1_1229' title='bbox 1996 3215 2038 3247; x_wconf 84' lang='lat' dir='ltr'>est</span> <span class='ocrx_word' id='word_1_1230' title='bbox 2061 3239 2071 3255; x_wconf 93' lang='lat'><strong><em>,</em></strong></span> <span class='ocrx_word' id='word_1_1231' title='bbox 2103 3214 2135 3246; x_wconf 89' lang='lat' dir='ltr'>in</span> <span class='ocrx_word' id='word_1_1232' title='bbox 2160 3214 2306 3247; x_wconf 89' lang='lat' dir='ltr'>manibus</span> <span class='ocrx_word' id='word_1_1233' title='bbox 2337 3214 2436 3246; x_wconf 87' lang='lat' dir='ltr'>relin-</span> 
     </span>
     <span class='ocr_line' id='line_1_149' title="bbox 1437 3255 2433 3300; baseline -0.001 -9"><span class='ocrx_word' id='word_1_1234' title='bbox 1437 3258 1566 3300; x_wconf 86' lang='lat' dir='ltr'>quentis</span> <span class='ocrx_word' id='word_1_1235' title='bbox 1611 3257 1744 3290; x_wconf 87' lang='lat' dir='ltr'>eundem</span> <span class='ocrx_word' id='word_1_1236' title='bbox 1779 3255 1902 3289; x_wconf 89' lang='lat' dir='ltr'>sensum</span> <span class='ocrx_word' id='word_1_1237' title='bbox 1943 3269 2037 3299; x_wconf 86' lang='lat' dir='ltr'>quem</span> <span class='ocrx_word' id='word_1_1238' title='bbox 2073 3257 2226 3290; x_wconf 87' lang='lat' dir='ltr'>lixivium</span> <span class='ocrx_word' id='word_1_1239' title='bbox 2269 3258 2302 3289; x_wconf 88' lang='lat' dir='ltr'>in</span> <span class='ocrx_word' id='word_1_1240' title='bbox 2344 3256 2433 3298; x_wconf 83' lang='lat' dir='ltr'>quod</span> 
     </span>
     <span class='ocr_line' id='line_1_150' title="bbox 1438 3297 2431 3341; baseline -0.002 -7"><span class='ocrx_word' id='word_1_1241' title='bbox 1438 3313 1486 3335; x_wconf 84' lang='lat' dir='ltr'>eas</span> <span class='ocrx_word' id='word_1_1242' title='bbox 1509 3297 1682 3334; x_wconf 85' lang='lat' dir='ltr'>immififfes</span> <span class='ocrx_word' id='word_1_1243' title='bbox 1705 3324 1713 3332; x_wconf 90' lang='lat'><strong>.</strong></span> <span class='ocrx_word' id='word_1_1244' title='bbox 1746 3300 1829 3338; x_wconf 82' lang='lat' dir='ltr'>Quae</span> <span class='ocrx_word' id='word_1_1245' title='bbox 1853 3302 1956 3341; x_wconf 88' lang='lat' dir='ltr'>prima</span> <span class='ocrx_word' id='word_1_1246' title='bbox 1987 3300 2113 3334; x_wconf 81' lang='lat' dir='ltr'>effluxit</span> <span class='ocrx_word' id='word_1_1247' title='bbox 2138 3322 2148 3337; x_wconf 89' lang='lat'>‚</span> <span class='ocrx_word' id='word_1_1248' title='bbox 2182 3298 2321 3333; x_wconf 81' lang='lat' dir='ltr'>subflava</span> <span class='ocrx_word' id='word_1_1249' title='bbox 2346 3300 2431 3340; x_wconf 89' lang='lat' dir='ltr'>fuit,</span> 
     </span>
     <span class='ocr_line' id='line_1_151' title="bbox 1433 3341 2432 3386; baseline 0 -9"><span class='ocrx_word' id='word_1_1250' title='bbox 1433 3347 1468 3378; x_wconf 71' lang='grc' dir='ltr'>ἀ</span> <span class='ocrx_word' id='word_1_1251' title='bbox 1501 3346 1605 3378; x_wconf 87' lang='lat' dir='ltr'>tenuis</span> <span class='ocrx_word' id='word_1_1252' title='bbox 1623 3354 1645 3383; x_wconf 44' lang='grc' dir='ltr'>,ν</span> <span class='ocrx_word' id='word_1_1253' title='bbox 1667 3343 1788 3386; x_wconf 89' lang='lat' dir='ltr'>reliqua</span> <span class='ocrx_word' id='word_1_1254' title='bbox 1819 3345 1925 3377; x_wconf 85' lang='lat' dir='ltr'>minus</span> <span class='ocrx_word' id='word_1_1255' title='bbox 1947 3345 2050 3378; x_wconf 90' lang='lat' dir='ltr'>tenuis</span> <span class='ocrx_word' id='word_1_1256' title='bbox 2069 3367 2083 3384; x_wconf 83' lang='lat'><em>,</em></span> <span class='ocrx_word' id='word_1_1257' title='bbox 2120 3345 2150 3376; x_wconf 87' lang='lat'>&amp;</span> <span class='ocrx_word' id='word_1_1258' title='bbox 2173 3342 2259 3384; x_wconf 85' lang='lat' dir='ltr'>quasi</span> <span class='ocrx_word' id='word_1_1259' title='bbox 2293 3341 2397 3376; x_wconf 88' lang='lat' dir='ltr'>albida</span> <span class='ocrx_word' id='word_1_1260' title='bbox 2421 3369 2432 3377; x_wconf 86' lang='lat'><em>.</em></span> 
     </span>
     <span class='ocr_line' id='line_1_152' title="bbox 1439 3386 2431 3462; baseline -0.001 -41"><span class='ocrx_word' id='word_1_1261' title='bbox 1439 3388 1623 3431; x_wconf 86' lang='lat' dir='ltr'>Utramque</span> <span class='ocrx_word' id='word_1_1262' title='bbox 1657 3387 1691 3419; x_wconf 92' lang='lat' dir='ltr'>in</span> <span class='ocrx_word' id='word_1_1263' title='bbox 1723 3388 1866 3421; x_wconf 90' lang='lat' dir='ltr'>maximo</span> <span class='ocrx_word' id='word_1_1264' title='bbox 1904 3386 2045 3430; x_wconf 90' lang='lat' dir='ltr'>quodam</span> <span class='ocrx_word' id='word_1_1265' title='bbox 2077 3387 2146 3420; x_wconf 85' lang='lat' dir='ltr'>vase</span> <span class='ocrx_word' id='word_1_1266' title='bbox 2176 3386 2321 3419; x_wconf 67' lang='lat' dir='ltr'>relictam</span> <span class='ocrx_word' id='word_1_1267' title='bbox 2355 3397 2431 3462; x_wconf 48' lang='lat' dir='ltr'>cffm</span> 
     </span>
    </p>

    <p class='ocr_par' dir='ltr' id='par_1_11' title="bbox 2323 3439 2364 3470">
     <span class='ocr_line' id='line_1_153' title="bbox 2323 3439 2364 3470; baseline 0 -7"><span class='ocrx_word' id='word_1_1268' title='bbox 2323 3439 2364 3470; x_wconf 84' lang='lat' dir='ltr'>po</span> 
     </span>
    </p>
   </div>
   <div class='ocr_carea' id='block_1_5' title="bbox 390 3491 2432 3524">
    <p class='ocr_par' dir='ltr' id='par_1_12' title="bbox 390 3491 2432 3524">
     <span class='ocr_line' id='line_1_154' title="bbox 390 3491 2432 3524; baseline -0.006 -12"><span class='ocrx_word' id='word_1_1269' title='bbox 390 3491 2432 3524; x_wconf 72' lang='lat'><em>-..--———-——-———--—-----———-———--—·</em></span> 
     </span>
    </p>
   </div>
   <div class='ocr_carea' id='block_1_6' title="bbox 537 3558 888 3590">
    <p class='ocr_par' dir='ltr' id='par_1_13' title="bbox 537 3558 888 3590">
     <span class='ocr_line' id='line_1_155' title="bbox 537 3558 888 3590; baseline -0.026 0"><span class='ocrx_word' id='word_1_1270' title='bbox 537 3565 630 3590; x_wconf 87' lang='lat' dir='ltr'>Monit.</span> <span class='ocrx_word' id='word_1_1271' title='bbox 646 3561 715 3588; x_wconf 84' lang='lat' dir='ltr'>Med.</span> <span class='ocrx_word' id='word_1_1272' title='bbox 730 3569 751 3586; x_wconf 85' lang='lat' dir='ltr'>c.</span> <span class='ocrx_word' id='word_1_1273' title='bbox 767 3562 790 3584; x_wconf 86' lang='lat'>8.</span> <span class='ocrx_word' id='word_1_1274' title='bbox 807 3559 832 3583; x_wconf 88' lang='lat' dir='ltr'>in</span> <span class='ocrx_word' id='word_1_1275' title='bbox 848 3558 888 3582; x_wconf 84' lang='lat' dir='ltr'>fin.</span> 
     </span>
    </p>
   </div>
   <div class='ocr_carea' id='block_1_7' title="bbox 950 3550 1502 3586">
    <p class='ocr_par' dir='ltr' id='par_1_14' title="bbox 950 3550 1502 3586">
     <span class='ocr_line' id='line_1_156' title="bbox 950 3550 1502 3586; baseline -0.016 -4"><span class='ocrx_word' id='word_1_1276' title='bbox 950 3558 964 3586; x_wconf 90' lang='lat'>(</span> <span class='ocrx_word' id='word_1_1277' title='bbox 978 3557 1017 3586; x_wconf 81' lang='lat' dir='ltr'>a)</span> <span class='ocrx_word' id='word_1_1278' title='bbox 1032 3558 1067 3580; x_wconf 85' lang='lat' dir='ltr'>De</span> <span class='ocrx_word' id='word_1_1279' title='bbox 1083 3554 1153 3579; x_wconf 83' lang='lat' dir='ltr'>Med.</span> <span class='ocrx_word' id='word_1_1280' title='bbox 1170 3552 1228 3578; x_wconf 74' lang='lat' dir='ltr'>nist.</span> <span class='ocrx_word' id='word_1_1281' title='bbox 1245 3550 1335 3576; x_wconf 76' lang='lat' dir='ltr'>Mirab.</span> <span class='ocrx_word' id='word_1_1282' title='bbox 1351 3553 1367 3575; x_wconf 89' lang='lat'>1.</span> <span class='ocrx_word' id='word_1_1283' title='bbox 1386 3559 1410 3579; x_wconf 83' lang='lat'>4.</span> <span class='ocrx_word' id='word_1_1284' title='bbox 1428 3556 1448 3574; x_wconf 88' lang='lat' dir='ltr'>e.</span> <span class='ocrx_word' id='word_1_1285' title='bbox 1466 3556 1502 3574; x_wconf 86' lang='lat'>21.</span> 
     </span>
    </p>
   </div>
   <div class='ocr_carea' id='block_1_8' title="bbox 1191 3615 1729 3703">
    <p class='ocr_par' dir='ltr' id='par_1_15' title="bbox 1191 3615 1729 3703">
     <span class='ocr_line' id='line_1_157' title="bbox 1192 3615 1729 3671; baseline -0.007 -4"><span class='ocrx_word' id='word_1_1286' title='bbox 1192 3615 1239 3670; x_wconf 53' lang='lat' dir='ltr'>sgk1</span> <span class='ocrx_word' id='word_1_1287' title='bbox 1255 3643 1269 3671; x_wconf 87' lang='lat'>)</span> <span class='ocrx_word' id='word_1_1288' title='bbox 1287 3642 1365 3665; x_wconf 83' lang='lat' dir='ltr'>Prima</span> <span class='ocrx_word' id='word_1_1289' title='bbox 1382 3641 1495 3665; x_wconf 83' lang='lat' dir='ltr'>Raccolta</span> <span class='ocrx_word' id='word_1_1290' title='bbox 1511 3640 1533 3664; x_wconf 90' lang='lat' dir='ltr'>di</span> <span class='ocrx_word' id='word_1_1291' title='bbox 1551 3639 1644 3664; x_wconf 79' lang='lat' dir='ltr'>offerv.</span> <span class='ocrx_word' id='word_1_1292' title='bbox 1661 3641 1729 3665; x_wconf 89' lang='lat' dir='ltr'>Med.</span> 
     </span>
     <span class='ocr_line' id='line_1_158' title="bbox 1191 3670 1685 3703; baseline -0.008 -6"><span class='ocrx_word' id='word_1_1293' title='bbox 1191 3674 1205 3703; x_wconf 91' lang='lat'>(</span> <span class='ocrx_word' id='word_1_1294' title='bbox 1221 3682 1233 3697; x_wconf 83' lang='lat' dir='ltr'>o</span> <span class='ocrx_word' id='word_1_1295' title='bbox 1277 3673 1329 3696; x_wconf 69' lang='grc' dir='ltr'>Αίῖ.</span> <span class='ocrx_word' id='word_1_1296' title='bbox 1347 3674 1379 3695; x_wconf 88' lang='lat' dir='ltr'>N.</span> <span class='ocrx_word' id='word_1_1297' title='bbox 1398 3674 1425 3695; x_wconf 91' lang='lat' dir='ltr'>C.</span> <span class='ocrx_word' id='word_1_1298' title='bbox 1442 3673 1518 3695; x_wconf 88' lang='lat' dir='ltr'>Tom.</span> <span class='ocrx_word' id='word_1_1299' title='bbox 1534 3671 1557 3694; x_wconf 83' lang='lat'>8.</span> <span class='ocrx_word' id='word_1_1300' title='bbox 1573 3670 1629 3694; x_wconf 81' lang='lat' dir='ltr'>Obs.</span> <span class='ocrx_word' id='word_1_1301' title='bbox 1646 3678 1685 3700; x_wconf 86' lang='lat'>79.</span> 
     </span>
    </p>
   </div>
   <div class='ocr_carea' id='block_1_9' title="bbox 449 3570 1688 3747">
    <p class='ocr_par' dir='ltr' id='par_1_16' title="bbox 449 3570 1596 3628">
     <span class='ocr_line' id='line_1_159' title="bbox 449 3570 1596 3628; baseline -0.02 -6"><span class='ocrx_word' id='word_1_1302' title='bbox 449 3570 521 3628; x_wconf 47' lang='grc' dir='ltr'>ἓῗὲ</span> <span class='ocrx_word' id='word_1_1303' title='bbox 536 3596 597 3621; x_wconf 62' lang='lat' dir='ltr'>Sea.</span> <span class='ocrx_word' id='word_1_1304' title='bbox 616 3598 638 3618; x_wconf 86' lang='grc'>6.</span> <span class='ocrx_word' id='word_1_1305' title='bbox 655 3592 715 3621; x_wconf 72' lang='lat' dir='ltr'>aph.</span> <span class='ocrx_word' id='word_1_1306' title='bbox 733 3599 771 3619; x_wconf 87' lang='lat'>²7-</span> <span class='ocrx_word' id='word_1_1307' title='bbox 833 3590 847 3618; x_wconf 86' lang='lat'>(</span> <span class='ocrx_word' id='word_1_1308' title='bbox 862 3589 876 3612; x_wconf 83' lang='lat' dir='ltr'>d</span> <span class='ocrx_word' id='word_1_1309' title='bbox 892 3588 906 3616; x_wconf 85' lang='grc'>)</span> <span class='ocrx_word' id='word_1_1310' title='bbox 920 3589 956 3611; x_wconf 85' lang='lat' dir='ltr'>De</span> <span class='ocrx_word' id='word_1_1311' title='bbox 973 3587 1064 3611; x_wconf 87' lang='lat' dir='ltr'>Medic.</span> <span class='ocrx_word' id='word_1_1312' title='bbox 1081 3587 1098 3609; x_wconf 90' lang='lat' dir='ltr'>l.</span> <span class='ocrx_word' id='word_1_1313' title='bbox 1115 3592 1136 3609; x_wconf 87' lang='lat'>2.</span> <span class='ocrx_word' id='word_1_1314' title='bbox 1152 3592 1173 3609; x_wconf 88' lang='lat' dir='ltr'>c.</span> <span class='ocrx_word' id='word_1_1315' title='bbox 1190 3585 1215 3608; x_wconf 88' lang='lat'>8.</span> <span class='ocrx_word' id='word_1_1316' title='bbox 1592 3609 1596 3613; x_wconf 90' lang='lat'>.</span> 
     </span>
    </p>

    <p class='ocr_par' dir='ltr' id='par_1_17' title="bbox 449 3611 1616 3657">
     <span class='ocr_line' id='line_1_160' title="bbox 449 3611 1616 3657; baseline -0.018 -5"><span class='ocrx_word' id='word_1_1317' title='bbox 449 3627 492 3657; x_wconf 70' lang='lat' dir='ltr'>(f</span> <span class='ocrx_word' id='word_1_1318' title='bbox 506 3628 516 3656; x_wconf 90' lang='lat'><em>)</em></span> <span class='ocrx_word' id='word_1_1319' title='bbox 532 3629 670 3650; x_wconf 84' lang='lat' dir='ltr'>Commerc.</span> <span class='ocrx_word' id='word_1_1320' title='bbox 686 3622 770 3646; x_wconf 83' lang='lat' dir='ltr'>Litter.</span> <span class='ocrx_word' id='word_1_1321' title='bbox 791 3623 819 3643; x_wconf 83' lang='grc' dir='ltr'>Α.</span> <span class='ocrx_word' id='word_1_1322' title='bbox 837 3627 901 3648; x_wconf 80' lang='lat'>1735.</span> <span class='ocrx_word' id='word_1_1323' title='bbox 919 3617 994 3641; x_wconf 85' lang='lat' dir='ltr'>Hebd.</span> <span class='ocrx_word' id='word_1_1324' title='bbox 1012 3625 1049 3647; x_wconf 83' lang='lat'>37.</span> <span class='ocrx_word' id='word_1_1325' title='bbox 1067 3624 1089 3640; x_wconf 89' lang='lat' dir='ltr'>ri.</span> <span class='ocrx_word' id='word_1_1326' title='bbox 1105 3622 1129 3638; x_wconf 86' lang='lat'>2.</span> <span class='ocrx_word' id='word_1_1327' title='bbox 1252 3613 1265 3640; x_wconf 87' lang='lat'>)</span> <span class='ocrx_word' id='word_1_1328' title='bbox 1281 3619 1300 3635; x_wconf 89' lang='lat' dir='ltr'>c.</span> <span class='ocrx_word' id='word_1_1329' title='bbox 1318 3613 1338 3635; x_wconf 88' lang='lat'>8.</span> <span class='ocrx_word' id='word_1_1330' title='bbox 1357 3611 1423 3638; x_wconf 73' lang='lat' dir='ltr'>supra</span> <span class='ocrx_word' id='word_1_1331' title='bbox 1438 3611 1465 3634; x_wconf 83' lang='lat' dir='ltr'>ad</span> <span class='ocrx_word' id='word_1_1332' title='bbox 1483 3619 1504 3634; x_wconf 86' lang='lat' dir='ltr'>n.</span> <span class='ocrx_word' id='word_1_1333' title='bbox 1524 3617 1558 3638; x_wconf 81' lang='lat'>3²-</span> <span class='ocrx_word' id='word_1_1334' title='bbox 1576 3615 1616 3633; x_wconf 86' lang='lat' dir='ltr'>cit.</span> 
     </span>
    </p>

    <p class='ocr_par' dir='ltr' id='par_1_18' title="bbox 453 3648 1136 3687">
     <span class='ocr_line' id='line_1_161' title="bbox 453 3648 1136 3687; baseline -0.018 -6"><span class='ocrx_word' id='word_1_1335' title='bbox 453 3661 461 3687; x_wconf 89' lang='lat'><strong>(</strong></span> <span class='ocrx_word' id='word_1_1336' title='bbox 482 3659 492 3680; x_wconf 74' lang='grc' dir='ltr'>ι·</span> <span class='ocrx_word' id='word_1_1337' title='bbox 506 3658 519 3685; x_wconf 86' lang='grc'>)</span> <span class='ocrx_word' id='word_1_1338' title='bbox 535 3659 669 3679; x_wconf 87' lang='lat' dir='ltr'>Commerc.</span> <span class='ocrx_word' id='word_1_1339' title='bbox 687 3654 774 3677; x_wconf 81' lang='lat' dir='ltr'>Litter.</span> <span class='ocrx_word' id='word_1_1340' title='bbox 790 3653 820 3675; x_wconf 85' lang='lat' dir='ltr'>A.</span> <span class='ocrx_word' id='word_1_1341' title='bbox 839 3657 905 3679; x_wconf 72' lang='lat'>1745.</span> <span class='ocrx_word' id='word_1_1342' title='bbox 922 3648 999 3672; x_wconf 85' lang='lat' dir='ltr'>Hebd.</span> <span class='ocrx_word' id='word_1_1343' title='bbox 1018 3656 1054 3676; x_wconf 76' lang='lat'>5².</span> <span class='ocrx_word' id='word_1_1344' title='bbox 1071 3654 1095 3670; x_wconf 92' lang='lat' dir='ltr'>n.</span> <span class='ocrx_word' id='word_1_1345' title='bbox 1114 3653 1136 3675; x_wconf 78' lang='lat'>3.</span> 
     </span>
    </p>

    <p class='ocr_par' dir='ltr' id='par_1_19' title="bbox 453 3673 1419 3717">
     <span class='ocr_line' id='line_1_162' title="bbox 453 3673 1419 3717; baseline -0.018 -6"><span class='ocrx_word' id='word_1_1346' title='bbox 453 3688 496 3717; x_wconf 82' lang='grc' dir='ltr'>(η</span> <span class='ocrx_word' id='word_1_1347' title='bbox 515 3687 521 3713; x_wconf 89' lang='grc'>)</span> <span class='ocrx_word' id='word_1_1348' title='bbox 538 3687 596 3711; x_wconf 69' lang='lat' dir='ltr'>Eub.</span> <span class='ocrx_word' id='word_1_1349' title='bbox 613 3687 647 3709; x_wconf 82' lang='lat' dir='ltr'>N.</span> <span class='ocrx_word' id='word_1_1350' title='bbox 665 3685 693 3708; x_wconf 93' lang='lat' dir='ltr'>C.</span> <span class='ocrx_word' id='word_1_1351' title='bbox 711 3685 769 3707; x_wconf 83' lang='lat' dir='ltr'>Dec.</span> <span class='ocrx_word' id='word_1_1352' title='bbox 785 3689 807 3710; x_wconf 88' lang='lat'>3.</span> <span class='ocrx_word' id='word_1_1353' title='bbox 826 3682 855 3705; x_wconf 74' lang='lat' dir='ltr'>A.</span> <span class='ocrx_word' id='word_1_1354' title='bbox 874 3687 895 3707; x_wconf 80' lang='grc'>9.</span> <span class='ocrx_word' id='word_1_1355' title='bbox 912 3680 934 3702; x_wconf 67' lang='grc'>8(</span> <span class='ocrx_word' id='word_1_1356' title='bbox 953 3685 987 3702; x_wconf 79' lang='lat' dir='ltr'>io.</span> <span class='ocrx_word' id='word_1_1357' title='bbox 1004 3677 1062 3702; x_wconf 88' lang='lat' dir='ltr'>Obs.</span> <span class='ocrx_word' id='word_1_1358' title='bbox 1080 3684 1131 3701; x_wconf 79' lang='lat'>122.</span> <span class='ocrx_word' id='word_1_1359' title='bbox 1158 3703 1163 3709; x_wconf 50' lang='lat'><em>·</em></span> <span class='ocrx_word' id='word_1_1360' title='bbox 1251 3673 1260 3702; x_wconf 96' lang='lat'><em>)</em></span> <span class='ocrx_word' id='word_1_1361' title='bbox 1396 3702 1419 3706; x_wconf 44' lang='grc' dir='ltr'>Η</span> 
     </span>
    </p>

    <p class='ocr_par' dir='ltr' id='par_1_20' title="bbox 452 3700 1688 3747">
     <span class='ocr_line' id='line_1_163' title="bbox 452 3700 1688 3747; baseline -0.012 -6"><span class='ocrx_word' id='word_1_1362' title='bbox 452 3720 465 3745; x_wconf 70' lang='grc' dir='ltr'>ς</span> <span class='ocrx_word' id='word_1_1363' title='bbox 478 3725 494 3747; x_wconf 76' lang='lat' dir='ltr'>q</span> <span class='ocrx_word' id='word_1_1364' title='bbox 508 3719 520 3743; x_wconf 82' lang='lat'>&gt;</span> <span class='ocrx_word' id='word_1_1365' title='bbox 536 3714 596 3740; x_wconf 82' lang='lat' dir='ltr'>Obs.</span> <span class='ocrx_word' id='word_1_1366' title='bbox 614 3723 651 3745; x_wconf 83' lang='lat'>13.</span> <span class='ocrx_word' id='word_1_1367' title='bbox 667 3721 723 3739; x_wconf 78' lang='lat' dir='ltr'>eum</span> <span class='ocrx_word' id='word_1_1368' title='bbox 739 3711 818 3738; x_wconf 76' lang='lat' dir='ltr'>Schol-</span> <span class='ocrx_word' id='word_1_1369' title='bbox 836 3711 859 3735; x_wconf 75' lang='grc' dir='ltr'>δι</span> <span class='ocrx_word' id='word_1_1370' title='bbox 875 3709 935 3734; x_wconf 88' lang='lat' dir='ltr'>Obs.</span> <span class='ocrx_word' id='word_1_1371' title='bbox 949 3716 987 3738; x_wconf 81' lang='lat'>14.</span> <span class='ocrx_word' id='word_1_1372' title='bbox 1048 3709 1063 3737; x_wconf 71' lang='grc' dir='ltr'><strong>ζ</strong></span> <span class='ocrx_word' id='word_1_1373' title='bbox 1077 3715 1088 3732; x_wconf 81' lang='lat' dir='ltr'>r</span> <span class='ocrx_word' id='word_1_1374' title='bbox 1104 3707 1118 3736; x_wconf 89' lang='lat'>)</span> <span class='ocrx_word' id='word_1_1375' title='bbox 1133 3704 1192 3731; x_wconf 78' lang='lat' dir='ltr'>Diff.</span> <span class='ocrx_word' id='word_1_1376' title='bbox 1208 3703 1237 3730; x_wconf 81' lang='lat' dir='ltr'>de</span> <span class='ocrx_word' id='word_1_1377' title='bbox 1252 3702 1310 3729; x_wconf 86' lang='lat' dir='ltr'>vasis</span> <span class='ocrx_word' id='word_1_1378' title='bbox 1326 3702 1528 3728; x_wconf 80' lang='lat' dir='ltr'>Umbilie.naior.</span> <span class='ocrx_word' id='word_1_1379' title='bbox 1545 3700 1568 3726; x_wconf 74' lang='grc' dir='ltr'>δι</span> <span class='ocrx_word' id='word_1_1380' title='bbox 1583 3700 1688 3727; x_wconf 79' lang='lat' dir='ltr'>adultor.</span> 
     </span>
    </p>
   </div>
   <div class='ocr_carea' id='block_1_10' title="bbox 1565 3546 2286 3578">
    <p class='ocr_par' dir='ltr' id='par_1_21' title="bbox 1565 3546 2286 3578">
     <span class='ocr_line' id='line_1_164' title="bbox 1565 3546 2286 3578; baseline -0.003 -5"><span class='ocrx_word' id='word_1_1381' title='bbox 1565 3550 1578 3578; x_wconf 85' lang='lat'>(</span> <span class='ocrx_word' id='word_1_1382' title='bbox 1593 3548 1607 3573; x_wconf 84' lang='lat' dir='ltr'><em>b</em></span> <span class='ocrx_word' id='word_1_1383' title='bbox 1626 3549 1633 3577; x_wconf 86' lang='lat'><em>)</em></span> <span class='ocrx_word' id='word_1_1384' title='bbox 1649 3549 1709 3573; x_wconf 72' lang='lat' dir='ltr'>Sest.</span> <span class='ocrx_word' id='word_1_1385' title='bbox 1726 3549 1768 3574; x_wconf 88' lang='lat' dir='ltr'>hac</span> <span class='ocrx_word' id='word_1_1386' title='bbox 1785 3549 1909 3578; x_wconf 85' lang='lat' dir='ltr'>Sepulchr.</span> <span class='ocrx_word' id='word_1_1387' title='bbox 1927 3548 1952 3572; x_wconf 91' lang='lat' dir='ltr'>in</span> <span class='ocrx_word' id='word_1_1388' title='bbox 1968 3548 2047 3573; x_wconf 82' lang='lat' dir='ltr'>Schol.</span> <span class='ocrx_word' id='word_1_1389' title='bbox 2063 3547 2091 3573; x_wconf 81' lang='lat' dir='ltr'>ad</span> <span class='ocrx_word' id='word_1_1390' title='bbox 2110 3548 2132 3578; x_wconf 88' lang='lat'>§.</span> <span class='ocrx_word' id='word_1_1391' title='bbox 2151 3555 2172 3573; x_wconf 73' lang='grc' dir='ltr'>ι.</span> <span class='ocrx_word' id='word_1_1392' title='bbox 2189 3546 2246 3572; x_wconf 90' lang='lat' dir='ltr'>Obs.</span> <span class='ocrx_word' id='word_1_1393' title='bbox 2263 3549 2286 3571; x_wconf 88' lang='grc'>6.</span> 
     </span>
    </p>
   </div>
   <div class='ocr_carea' id='block_1_11' title="bbox 1277 3578 1893 3611">
    <p class='ocr_par' dir='ltr' id='par_1_22' title="bbox 1277 3578 1893 3611">
     <span class='ocr_line' id='line_1_165' title="bbox 1277 3578 1893 3611; baseline -0.003 -6"><span class='ocrx_word' id='word_1_1394' title='bbox 1277 3582 1291 3610; x_wconf 86' lang='grc'>(</span> <span class='ocrx_word' id='word_1_1395' title='bbox 1306 3591 1317 3605; x_wconf 84' lang='lat' dir='ltr'>e</span> <span class='ocrx_word' id='word_1_1396' title='bbox 1334 3582 1343 3611; x_wconf 90' lang='lat'><em>)</em></span> <span class='ocrx_word' id='word_1_1397' title='bbox 1361 3582 1439 3605; x_wconf 84' lang='lat' dir='ltr'>Mem.</span> <span class='ocrx_word' id='word_1_1398' title='bbox 1455 3580 1483 3604; x_wconf 87' lang='lat' dir='ltr'>de</span> <span class='ocrx_word' id='word_1_1399' title='bbox 1499 3578 1598 3603; x_wconf 19' lang='lat' dir='ltr'>l&#39;Aeadi</span> <span class='ocrx_word' id='word_1_1400' title='bbox 1618 3580 1648 3602; x_wconf 88' lang='lat' dir='ltr'>R.</span> <span class='ocrx_word' id='word_1_1401' title='bbox 1664 3580 1704 3603; x_wconf 88' lang='lat' dir='ltr'>des</span> <span class='ocrx_word' id='word_1_1402' title='bbox 1719 3581 1758 3604; x_wconf 86' lang='lat' dir='ltr'>Sc.</span> <span class='ocrx_word' id='word_1_1403' title='bbox 1777 3582 1806 3602; x_wconf 84' lang='grc' dir='ltr'>Α.</span> <span class='ocrx_word' id='word_1_1404' title='bbox 1825 3587 1893 3608; x_wconf 81' lang='lat'>¹703·</span> 
     </span>
    </p>
   </div>
   <div class='ocr_carea' id='block_1_12' title="bbox 1679 3608 2427 3731">
    <p class='ocr_par' dir='ltr' id='par_1_23' title="bbox 1679 3608 2265 3641">
     <span class='ocr_line' id='line_1_166' title="bbox 1679 3608 2265 3641; baseline -0.003 -8"><span class='ocrx_word' id='word_1_1405' title='bbox 1679 3611 1719 3638; x_wconf 86' lang='lat' dir='ltr'>(b</span> <span class='ocrx_word' id='word_1_1406' title='bbox 1736 3611 1749 3638; x_wconf 88' lang='lat'>)</span> <span class='ocrx_word' id='word_1_1407' title='bbox 1765 3609 1847 3634; x_wconf 67' lang='lat' dir='ltr'>Traite</span> <span class='ocrx_word' id='word_1_1408' title='bbox 1861 3610 1892 3633; x_wconf 87' lang='lat' dir='ltr'>du</span> <span class='ocrx_word' id='word_1_1409' title='bbox 1909 3611 1987 3634; x_wconf 84' lang='lat' dir='ltr'>Coeur</span> <span class='ocrx_word' id='word_1_1410' title='bbox 2003 3610 2018 3633; x_wconf 92' lang='lat' dir='ltr'>l.</span> <span class='ocrx_word' id='word_1_1411' title='bbox 2036 3618 2057 3638; x_wconf 86' lang='lat'>4.</span> <span class='ocrx_word' id='word_1_1412' title='bbox 2075 3608 2112 3633; x_wconf 86' lang='lat' dir='ltr'>ch.</span> <span class='ocrx_word' id='word_1_1413' title='bbox 2131 3616 2166 3633; x_wconf 67' lang='grc' dir='ltr'>ιι.</span> <span class='ocrx_word' id='word_1_1414' title='bbox 2184 3616 2209 3632; x_wconf 89' lang='lat' dir='ltr'>n.</span> <span class='ocrx_word' id='word_1_1415' title='bbox 2228 3615 2265 3641; x_wconf 48' lang='lat'>3.-</span> 
     </span>
    </p>

    <p class='ocr_par' dir='ltr' id='par_1_24' title="bbox 2069 3640 2287 3668">
     <span class='ocr_line' id='line_1_167' title="bbox 2069 3640 2287 3668; baseline -0.005 -6"><span class='ocrx_word' id='word_1_1416' title='bbox 2069 3640 2082 3668; x_wconf 85' lang='lat'>(</span> <span class='ocrx_word' id='word_1_1417' title='bbox 2098 3647 2122 3662; x_wconf 88' lang='lat' dir='ltr'>m</span> <span class='ocrx_word' id='word_1_1418' title='bbox 2139 3640 2151 3667; x_wconf 82' lang='grc'>)</span> <span class='ocrx_word' id='word_1_1419' title='bbox 2167 3647 2187 3662; x_wconf 83' lang='lat' dir='ltr'>c.</span> <span class='ocrx_word' id='word_1_1420' title='bbox 2206 3640 2229 3662; x_wconf 89' lang='lat'>8.</span> <span class='ocrx_word' id='word_1_1421' title='bbox 2245 3641 2287 3662; x_wconf 83' lang='lat' dir='ltr'>cit.</span> 
     </span>
    </p>

    <p class='ocr_par' dir='ltr' id='par_1_25' title="bbox 1748 3669 2261 3700">
     <span class='ocr_line' id='line_1_168' title="bbox 1748 3669 2261 3700; baseline -0.008 -6"><span class='ocrx_word' id='word_1_1422' title='bbox 1748 3670 1762 3699; x_wconf 90' lang='lat'>(</span> <span class='ocrx_word' id='word_1_1423' title='bbox 1776 3677 1793 3700; x_wconf 82' lang='lat' dir='ltr'>p</span> <span class='ocrx_word' id='word_1_1424' title='bbox 1810 3670 1823 3698; x_wconf 87' lang='lat'>)</span> <span class='ocrx_word' id='word_1_1425' title='bbox 1839 3670 1908 3694; x_wconf 73' lang='lat' dir='ltr'>trast.</span> <span class='ocrx_word' id='word_1_1426' title='bbox 1925 3669 1990 3698; x_wconf 84' lang='lat' dir='ltr'>supra</span> <span class='ocrx_word' id='word_1_1427' title='bbox 2005 3670 2035 3693; x_wconf 85' lang='lat' dir='ltr'>ad</span> <span class='ocrx_word' id='word_1_1428' title='bbox 2051 3677 2075 3693; x_wconf 88' lang='lat' dir='ltr'>n.</span> <span class='ocrx_word' id='word_1_1429' title='bbox 2092 3677 2128 3698; x_wconf 84' lang='lat'>30.</span> <span class='ocrx_word' id='word_1_1430' title='bbox 2146 3669 2186 3694; x_wconf 86' lang='lat' dir='ltr'>cit.</span> <span class='ocrx_word' id='word_1_1431' title='bbox 2203 3675 2223 3691; x_wconf 86' lang='lat' dir='ltr'>c.</span> <span class='ocrx_word' id='word_1_1432' title='bbox 2241 3676 2261 3697; x_wconf 84' lang='grc' dir='ltr'>ς.</span> 
     </span>
    </p>

    <p class='ocr_par' dir='ltr' id='par_1_26' title="bbox 1749 3698 2427 3731">
     <span class='ocr_line' id='line_1_169' title="bbox 1749 3698 2427 3731; baseline -0.006 -5"><span class='ocrx_word' id='word_1_1433' title='bbox 1749 3701 1764 3730; x_wconf 86' lang='grc'>(</span> <span class='ocrx_word' id='word_1_1434' title='bbox 1776 3700 1820 3731; x_wconf 84' lang='lat' dir='ltr'>s)</span> <span class='ocrx_word' id='word_1_1435' title='bbox 1836 3700 1995 3731; x_wconf 70' lang='lat' dir='ltr'>Anthropogr.</span> <span class='ocrx_word' id='word_1_1436' title='bbox 2003 3700 2019 3724; x_wconf 89' lang='lat'>1.</span> <span class='ocrx_word' id='word_1_1437' title='bbox 2030 3706 2081 3725; x_wconf 82' lang='lat' dir='ltr'>2.c.</span> <span class='ocrx_word' id='word_1_1438' title='bbox 2093 3705 2128 3724; x_wconf 66' lang='grc' dir='ltr'>ιι.</span> <span class='ocrx_word' id='word_1_1439' title='bbox 2188 3699 2203 3728; x_wconf 72' lang='grc' dir='ltr'>ί</span> <span class='ocrx_word' id='word_1_1440' title='bbox 2218 3704 2229 3723; x_wconf 76' lang='lat' dir='ltr'>t</span> <span class='ocrx_word' id='word_1_1441' title='bbox 2244 3702 2255 3727; x_wconf 86' lang='lat'><em>)</em></span> <span class='ocrx_word' id='word_1_1442' title='bbox 2271 3705 2341 3730; x_wconf 80' lang='lat' dir='ltr'>n.²9.</span> <span class='ocrx_word' id='word_1_1443' title='bbox 2352 3698 2377 3725; x_wconf 89' lang='lat' dir='ltr'>in</span> <span class='ocrx_word' id='word_1_1444' title='bbox 2385 3699 2427 3725; x_wconf 61' lang='lat' dir='ltr'>sin«</span> 
     </span>
    </p>
   </div>
   <div class='ocr_carea' id='block_1_13' title="bbox 1795 3640 2010 3671">
    <p class='ocr_par' dir='ltr' id='par_1_27' title="bbox 1795 3640 2010 3671">
     <span class='ocr_line' id='line_1_170' title="bbox 1795 3640 2010 3671; baseline -0.009 -7"><span class='ocrx_word' id='word_1_1445' title='bbox 1795 3641 1801 3667; x_wconf 75' lang='grc' dir='ltr'>ί</span> <span class='ocrx_word' id='word_1_1446' title='bbox 1821 3641 1830 3663; x_wconf 79' lang='lat' dir='ltr'><em>l</em></span> <span class='ocrx_word' id='word_1_1447' title='bbox 1846 3641 1855 3671; x_wconf 87' lang='lat'>)</span> <span class='ocrx_word' id='word_1_1448' title='bbox 1872 3641 1951 3664; x_wconf 88' lang='lat' dir='ltr'>Mem.</span> <span class='ocrx_word' id='word_1_1449' title='bbox 1967 3640 2010 3663; x_wconf 85' lang='lat' dir='ltr'>cit.</span> 
     </span>
    </p>
   </div>
  </div>
 </body>
</html>
