2498 4075
407 120 474 188 '46
950 118 1109 173 Liber
1140 117 1230 172 III.
1263 117 1349 172 De

341 200 529 243 Quanquam
541 196 627 233 nulla
637 198 671 232 in
689 196 763 241 ipsis
785 194 861 233 esset
884 197 1222 236 exulcerati03tamen
1234 199 1347 241 paulu-

340 241 410 277 lum
435 242 547 278 saniosi
572 243 632 276 seri
655 244 688 275 in
713 253 825 288 eorum
847 241 1028 275 interstitiis
1050 242 1269 284 conspicitur.
1292 244 1347 275 In-

339 284 464 321 dicium
497 297 627 329 quoque
660 285 771 319 saniofi
798 284 954 327 ejusmodi
987 285 1135 319 humoris
1168 287 1202 319 in
1224 286 1347 319 ventris

342 331 428 371 pelvi
454 329 743 363 animadvertitur.
769 328 882 361 Vefica
893 337 960 361 erat
983 330 1085 362 urinae
1097 330 1210 371 plena;
1232 340 1347 371 quam-

339 374 388 407 vis
411 376 532 407 nullam
555 374 643 406 intrs
666 372 799 406 haberet
821 370 983 405 laefionem
1009 396 1016 403 .
1039 373 1136 406 Obex
1160 382 1265 406 autern
1289 372 1348 414 qui

337 425 439 459 prope
465 418 621 454 vesicam,
645 416 815 456 Chirurgo
840 413 870 447 se
892 415 1055 450 obtulerat
1077 438 1087 453 ‚
1112 414 1197 449 nihil
1228 425 1293 448 erat
1318 427 1347 448 a·

337 459 407 494 liud
430 470 528 502 quam
552 469 654 494 unum
678 470 716 493 ex
740 457 956 491 foraminibus
980 470 1034 500 per
1068 470 1141 503 quae
1177 457 1282 492 semem
1315 470 1349 491 e-

336 503 506 546 greditur,
532 501 574 537 fic
598 503 793 541 dilatatum,
817 509 854 534 ut
877 502 912 535 in
934 502 1039 544 ipsum
1064 512 1226 535 extremus
1237 500 1348 535 cathe-

334 556 386 582 tet
409 546 437 580 se
460 546 654 589 conjecerit:
680 545 766 579 idern
790 546 877 578 enim
901 545 1031 587 specillo
1053 557 1182 589 quoque
1206 545 1345 583 accidit,

333 602 391 635 per
413 601 560 634 apertam
584 602 620 623 ex
646 599 738 633 parte
760 589 884 623 mortui
907 587 1070 623 urethram
1093 589 1132 623 ad
1155 600 1222 623 rem
1233 588 1348 631 explo-

336 635 470 669 randam
494 633 656 668 immisso.

383 679 412 712 8.
437 680 489 712 An
513 678 546 711 id
570 676 714 710 foramen
738 675 833 711 Sinus
855 673 920 708 fuit
954 676 1066 718 potius
1090 700 1100 717 ,
1132 676 1166 710 in
1190 675 1343 709 Seminali

334 723 505 756 caruncula
528 734 544 754 a
566 732 616 754 me
640 719 743 763 postea
766 719 965 759 descriptus,
988 721 1022 752 in
1047 731 1085 753 eo
1108 717 1241 753 homine
1264 730 1342 761 prae-

335 774 384 799 ter
410 764 542 799 modum
567 761 809 807 amplificatus?
831 761 920 795 Nam
944 761 965 795 fi
990 764 1071 796 alter
1093 761 1201 797 fuisset
1225 773 1263 795 ex
1295 763 1342 796 se-

307 809 435 843 *minis
457 809 608 843 ductibus
630 819 643 847 ,·
675 805 773 848 hujus
795 804 887 851 fluxu
913 805 1040 841 videtur
1073 805 1174 840 homo
1197 807 1341 841 laborare

331 851 495 887 debuisse.
519 854 620 893 Certe
643 859 751 883 autem
776 859 842 890 ejus
863 847 1029 884 orificium
1054 851 1147 884 Sinus
1170 862 1255 885 nunc
1280 851 1342 882 mi-

330 906 414 933 nus,
438 906 522 929 nunc
546 893 647 937 majus
671 895 839 933 occurrit,
862 892 951 935 quod
976 905 992 926 a
1023 893 1077 927 Cl.
1102 906 1232 937 quoque
1255 894 1343 927 Viro

337 940 489 974 Henrico
512 937 617 972 Baffio
640 936 705 980 (u)
731 937 925 970 adnotatum
949 937 1009 971 est.
1036 938 1096 971 Sed
1121 938 1200 971 mihi
1227 949 1344 980 exquo

330 985 442 1017 Sinum
466 983 507 1016 A.
538 993 628 1024 1719,
653 982 781 1024 vulgavi
803 982 818 1020 <
840 982 908 1021 x),
931 983 1106 1024 quotannis
1128 982 1163 1015 in
1179 980 1344 1020 Theatro,

331 1039 390 1061 nec
415 1039 479 1061 uno
503 1026 666 1061 interdum
689 1027 723 1058 in
747 1023 923 1065 cadavere,
946 1024 1152 1068 ostendenti,
1175 1034 1341 1066 nunquam

331 1072 471 1113 amplius
494 1071 639 1113 obtigit,
662 1067 750 1112 quod
774 1078 860 1101 nunc
885 1069 1088 1102 meminerim
1111 1091 1121 1107 ,
1155 1077 1191 1102 ut
1214 1069 1340 1101 seminis

329 1115 435 1152 ullum
457 1115 591 1150 ductum
614 1114 673 1157 qui
697 1113 731 1146 in
755 1110 1034 1152 illuminflueret‚
1058 1111 1341 1155 deprehenderem,

333 1161 443 1194 multo
468 1168 575 1192 autem
600 1158 706 1190 minus
729 1165 767 1190 ut
792 1155 954 1189 videretur
978 1181 987 1196 ,
1011 1157 1288 1198 quemadmodum
1314 1156 1343 1188 i·

330 1203 398 1248 psi,
420 1202 506 1236 hicce
529 1202 635 1235 hiatus
659 1197 714 1242 effe
735 1197 899 1240 aliquando
922 1198 1003 1232 levis
1023 1198 1158 1241 incisura
1172 1221 1181 1237 ,
1198 1198 1255 1242 seu
1271 1197 1343 1241 sul-

331 1259 389 1281 cus
407 1244 473 1289 posi
502 1242 751 1288 flaccescentium
781 1241 892 1275 harum
920 1242 1065 1284 partium
1090 1242 1212 1276 demum
1245 1252 1342 1284 appa-

329 1301 422 1325 rens.
444 1288 539 1329 Num
562 1298 662 1327 vero,
686 1284 961 1329 quemadmodum
985 1287 1079 1319 Sinus
1103 1286 1179 1325 ille,
1205 1288 1345 1329 itaquo-

329 1347 394 1378 que
417 1332 589 1368 caruncula
610 1331 696 1364 intra
720 1340 819 1371 quam
843 1328 912 1369 est,
936 1328 1133 1371 amplificata
1155 1328 1229 1363 esset
1251 1352 1260 1368 ,
1287 1328 1345 1363 fic-

328 1390 393 1421 que
417 1380 448 1411 &
472 1375 564 1409 Sinus
587 1374 753 1409 orificium
778 1374 922 1407 tenuiori
946 1370 1077 1407 sortasse
1101 1372 1260 1407 catheteri
1283 1373 1346 1407 ob-

330 1421 453 1467 jicere,
476 1423 508 1454 &
531 1420 632 1453 urinae
655 1415 902 1459 suppreffionem
927 1414 1030 1450 facere
1053 1416 1158 1460 posset
1182 1440 1194 1457 ,
1218 1414 1347 1450 tametsi

329 1468 400 1501 veri
427 1463 529 1498 simile
553 1461 596 1497 est
621 1474 631 1501 3
664 1471 772 1494 tamen
796 1472 871 1494 cum
896 1460 1049 1494 Valsalva
1085 1458 1171 1495 nihil
1196 1470 1347 1503 praeterea

332 1508 520 1548 addiderit,
546 1519 584 1540 eo
607 1505 766 1539 libentius
787 1505 820 1536 in
845 1504 955 1537 medio
978 1504 1160 1547 relinquam
1183 1526 1193 1542 ‚
1218 1505 1307 1547 quod
1330 1518 1340 1542 ;

330 1563 370 1589 ut
392 1552 519 1588 causam
542 1559 727 1592 praeteream
752 1558 768 1581 a
794 1546 964 1582 Walthero
988 1551 1041 1589 (y
1066 1551 1077 1586 )
1103 1558 1342 1586 memoratam3

330 1598 475 1642 graviter
499 1593 620 1628 affectis
644 1592 761 1626 vicinis
785 1591 955 1632 partibus,
979 1591 1059 1624 adeo
1083 1602 1148 1625 non
1172 1591 1343 1626 insolitum

330 1642 377 1677 est
401 1639 534 1674 vesicam
556 1639 590 1670 in
612 1634 802 1669 consensum
826 1633 911 1667 trahi
937 1656 947 1672 ‚
982 1635 1167 1677 lotiumque
1203 1647 1268 1668 non
1292 1647 1347 1669 ex-

333 1687 454 1731 pellere
479 1704 490 1723 ,
526 1690 564 1715 ut
588 1679 761 1714 Sennertus
784 1679 798 1716 <
820 1688 845 1720 z
867 1680 878 1715 )
903 1678 987 1711 inter
1011 1676 1101 1719 signa
1124 1678 1348 1713 inflammato-

334 1741 408 1765 rum
430 1726 660 1763 intestinorum
681 1720 743 1756 hoc
768 1721 959 1755 recensuerit
983 1733 991 1754 :
1028 1722 1108 1762 quin
1144 1722 1241 1756 etiam
1265 1724 1347 1756 olim

330 1774 454 1808 Caelius
480 1769 672 1805 Aurelianus
696 1764 761 1808 (a)
785 1765 869 1797 inter
892 1773 1008 1798 caetera
1031 1765 1123 1799 Ileon
1148 1767 1345 1799 comitantia

328 1819 415 1855 mala
436 1814 539 1859 veficae
563 1835 571 1851 ‚
606 1810 649 1845 ά*
669 1807 762 1853 officii
782 1808 904 1841 ventris
923 1805 1097 1850 perfeffam
1127 1808 1345 1847 abstinentiam

330 1861 448 1907 posuit
472 1885 479 1893 .
514 1858 640 1892 Verum
673 1855 712 1889 de
744 1851 958 1895 suppreffione
983 1851 1085 1885 urinae
1111 1852 1214 1885 alibi.

332 1907 437 1942 Nunc
461 1900 530 1939 istis
553 1901 679 1938 duabus
701 1896 862 1933 Valsalvae
887 1893 1189 1931 Observationibus
1219 1896 1346 1940 aliquot

335 1964 374 1988 ex
397 1950 513 1986 nostris
535 1947 764 1991 subjiciamus.
1264 1985 1272 1992 ι

361 2001 409 2038 ι9.
428 1992 615 2038 JUVENI
641 1989 790 2033 agricolae
813 1998 888 2023 cum
911 1994 985 2022 ante
1007 1996 1106 2021 annos
1129 1985 1249 2030 septem
1262 1993 1348 2018 mte-

333 2041 454 2076 stinum
477 2035 644 2079 delapsum
668 2032 745 2067 esset
767 2034 802 2065 in
828 2031 968 2066 scrotum
991 2031 1185 2071 dexterum,
1208 2028 1285 2064 hinc
1297 2040 1353 2062 au-

332 2094 401 2120 tem
423 2084 457 2117 in
481 2081 570 2114 suam
595 2077 699 2113 sedern
724 2075 920 2119 repositum,
946 2073 1137 2117 subligaculi
1161 2085 1223 2116 ope
1246 2081 1354 2107 reten-

334 2139 425 2167 tum,
452 2125 574 2159 nullam
598 2122 700 2157 donec
721 2118 818 2161 hujus
840 2130 905 2153 non
932 2116 1064 2152 omissus
1089 2118 1134 2152 est
1145 2116 1238 2154 usus,
1262 2125 1352 2150 attu-

337 2174 419 2208 lerat
443 2179 563 2205 noxam
587 2191 596 2202 .
631 2162 766 2198 Omisso
789 2171 894 2196 autern
917 2164 1058 2204 denique
1082 2183 1091 2199 ‚
1129 2161 1247 2195 accidit
1273 2184 1281 2199 ‚
1315 2168 1352 2192 ut

337 2227 415 2253 cum
438 2215 521 2248 duos
545 2210 610 2254 jam
633 2210 762 2244 circiter
787 2206 908 2240 menses
932 2215 1095 2239 teneretur
1125 2204 1351 2251 intermitten-

341 2261 433 2295 tibus
456 2257 629 2293 febribus,
651 2255 684 2286 &
708 2252 736 2285 se
760 2262 860 2293 nuper
884 2251 1005 2292 laganis
1021 2272 1029 2287 ‚
1053 2248 1186 2295 aliisque
1211 2247 1353 2291 ejusmo-

338 2305 373 2340 di
396 2300 501 2338 craffis
523 2310 562 2333 ex
585 2296 715 2332 subacta
738 2292 841 2327 farina
866 2293 983 2328 eduliis
1007 2292 1161 2336 implesset
1188 2305 1197 2329 ς
1233 2289 1355 2324 intesti-

340 2359 420 2383 num
444 2345 556 2380 eodem
580 2341 775 2375 relaberetur
801 2362 810 2371 .
842 2338 894 2370 Ex
919 2349 957 2369 eo
982 2336 1033 2370 die
1067 2338 1124 2378 qui
1148 2335 1213 2384 suit
1251 2332 1355 2383 pridie

339 2392 418 2428 Kal.
443 2385 648 2423 Novembres
680 2384 722 2415 A.
751 2389 844 2423 1705.
883 2381 1064 2412 vomitione
1096 2379 1219 2421 corripi
1251 2386 1355 2419 coepit

341 2445 458 2471 amarae
485 2431 646 2465 materiae.
672 2426 748 2459 Huc
772 2424 825 2456 die
849 2424 956 2456 morbi
980 2433 1096 2469 quarta
1120 2420 1278 2462 singultus
1301 2431 1354 2453 ac-

339 2478 453 2517 cessa,
476 2478 507 2508 &
531 2472 631 2506 scroti
656 2469 776 2503 dolor.
799 2466 899 2501 Hunc
924 2467 1073 2508 imposita
1108 2475 1235 2498 mataxa
1260 2489 1269 2504 ‚
1302 2474 1356 2497 ea-

342 2525 428 2558 lente
452 2519 569 2552 lixivio
592 2513 741 2551 imbuta,
764 2511 871 2544 levare
895 2509 962 2542 visa
985 2509 1049 2542 est.
1076 2508 1137 2541 Sed
1160 2519 1235 2541 cum
1249 2508 1357 2540 vomi-

342 2577 418 2606 tus,
440 2566 471 2598 &
496 2560 653 2603 singultus
678 2555 874 2599 perstarent,
898 2556 929 2586 &
956 2553 1076 2586 ventris
1111 2551 1239 2594 insuper
1263 2551 1358 2584 dolo-

342 2622 414 2648 res,
439 2618 474 2641 ac
499 2605 567 2639 fitis
582 2602 786 2643 affligerent,
811 2597 922 2631 illatus
947 2599 990 2630 est
1015 2598 1066 2629 die
1091 2595 1176 2628 sexta
1201 2597 1233 2627 in
1248 2596 1359 2628 Bono-

345 2651 454 2689 niense
478 2647 722 2683 Nosocomium
746 2643 776 2675 S.
801 2640 917 2674 Mariae
951 2640 989 2674 de
1014 2640 1124 2673 Morte
1150 2664 1155 2670 .
1197 2639 1265 2672 Ubi
1298 2649 1357 2672 nec

343 2695 506 2737 Chirurgi
532 2701 643 2726 manus
664 2686 844 2730 quidquam
877 2684 1028 2727 profuit,
1051 2685 1082 2716 &
1105 2681 1230 2717 Medici
1264 2682 1357 2715 auxi-

343 2742 389 2776 lia
412 2740 468 2774 vix
491 2738 637 2771 levamen
662 2729 794 2773 aliquod
819 2728 972 2762 attulere.
997 2726 1165 2769 Singultus
1176 2726 1261 2759 enim
1285 2724 1359 2758 sub-

343 2786 427 2820 latus
451 2782 514 2820 est,
539 2789 575 2814 ut
599 2777 744 2811 vomitus
768 2783 920 2816 quoque,
945 2770 998 2805 sed
1021 2770 1074 2804 hic
1100 2770 1196 2804 breve
1220 2769 1259 2803 ad
1275 2778 1358 2803 tem-

343 2839 405 2872 pus
429 2837 504 2860 cum
527 2821 733 2864 emplastrum
757 2816 845 2859 quod
872 2825 990 2850 vocant
1020 2815 1060 2850 de
1093 2814 1198 2849 crusta
1231 2815 1320 2856 panis
1344 2837 1353 2853 ‚

343 2871 471 2914 regioni
494 2864 653 2901 stomachi
677 2861 786 2896 fuisset
811 2859 1018 2898 adhibitum,
1040 2868 1152 2892 enema
1175 2866 1284 2892 autem
1306 2858 1356 2890 in-

342 2915 465 2959 je&um
488 2922 528 2944 ex
550 2910 629 2944 oleis
651 2907 809 2940 seminum
832 2905 915 2943 lini,
939 2906 970 2937 δι
992 2901 1115 2936 violato
1140 2926 1147 2935 .
1171 2902 1236 2935 Die
1259 2900 1358 2941 septi-

344 2970 400 2994 ma
424 2957 567 3000 primum
591 2950 683 2985 vidi.
709 2949 812 2982 Dolor
835 2950 868 2980 in
894 2947 1003 2982 scroto
1027 2955 1095 2979 erat
1118 2945 1225 2979 levior
1249 2969 1257 2978 .
1282 2944 1358 2977 Pul-

342 3004 396 3038 :sus
420 3002 527 3034 minus
551 3007 650 3040 quam
672 2993 742 3027 heri
768 2990 858 3025 fuiss'e
883 3012 892 3028 ‚
917 2990 1105 3025 audiveram
1129 3011 1138 3027 ‚
1173 2987 1324 3035 frequens
1348 2999 1359 3019 .-

343 3045 400 3081 fed
423 3042 585 3078 humilior
608 3063 620 3079 ,
652 3038 686 3071 ἃ.
724 3035 890 3069 infirmior
924 3046 1019 3077 quam
1043 3033 1204 3076 ejusmodi
1243 3032 1359 3077 juveni

344 3089 536 3126 conveniret
552 3110 559 3117 .
584 3083 661 3117 Sitis
684 3078 864 3124 perstabat.
891 3080 1010 3121 Neque
1033 3077 1123 3111 alvus
1146 3098 1155 3114 ‚
1189 3076 1249 3109 nisi
1273 3077 1358 3117 inje-

345 3135 408 3169 &is
431 3143 502 3174 quaa
527 3128 614 3163 dida
638 3125 711 3160 sunt
735 3147 744 3162 ‚
775 3123 855 3156 oleis
880 3144 888 3159 ,
925 3122 1018 3155 faeces
1042 3121 1194 3156 reddebat
1218 3144 1225 3151 .
1263 3119 1356 3156 Quin

344 3188 422 3213 curn
444 3174 542 3210 hodie
566 3178 710 3206 enemate
733 3169 781 3201 usi
805 3166 901 3200 essent
926 3178 964 3199 ex
987 3167 1223 3203 carminativa,
1249 3171 1285 3196 ut
1299 3172 1358 3195 vo-

343 3229 442 3260 cant,
463 3217 678 3253 decoffione,
700 3213 753 3247 cui
776 3209 1001 3252 despumatum
1025 3210 1088 3243 mel
1113 3207 1260 3242 additum
1282 3218 1356 3240 cum

344 3262 513 3300 drachmis
536 3260 658 3294 duabus
691 3255 854 3291 eleuuarii
886 3255 975 3296 quod
999 3254 1114 3287 dicunt
1151 3251 1357 3286 benedictam

345 3307 547 3344 laxativam3
572 3304 715 3337 vomitus
738 3298 836 3333 rediit
859 3309 1041 3331 amarorum
1065 3320 1078 3337 ,
1107 3299 1142 3331 in
1166 3294 1284 3338 quibus
1307 3305 1355 3327 te-

346 3363 395 3388 res
419 3350 620 3385 lumbricu83
646 3344 765 3387 injecta
789 3353 866 3376 vero
901 3342 958 3374 vix
980 3340 1108 3374 tandem
1144 3339 1261 3372 multas
1285 3340 1354 3385 post

349 3395 445 3430 horas
471 3393 593 3427 reddita
618 3390 691 3424 sunt
716 3412 723 3418 .
758 3388 822 3421 Die
845 3385 958 3419 oustava
982 3384 1159 3419 lumbricus
1183 3383 1264 3415 alter
1288 3393 1353 3423 eje-

342 3440 412 3473 ἂῃς
436 3437 498 3472 est.
524 3435 698 3470 Abdomen
722 3441 796 3464 cum
819 3428 943 3463 tensum
966 3428 1064 3465 esset,
1087 3427 1121 3462 id
1144 3426 1232 3468 quod
1255 3426 1356 3459 etiam

344 3480 449 3524 pridie
472 3481 700 3514 adnotaveram
725 3499 734 3513 ,
769 3478 797 3507 δέ
825 3473 880 3506 sub
903 3483 998 3507 manu
1034 3471 1181 3506 resonans
1203 3469 1291 3513 quasi
1316 3479 1354 3504 ut

342 3527 376 3561 in
400 3524 605 3567 tympanite‚
628 3531 697 3556 non
720 3528 786 3553 erat
809 3518 913 3551 tac'tus
938 3516 987 3550 vel
1010 3515 1109 3559 paulo
1131 3514 1277 3550 rudioris
1290 3515 1353 3549 im-

1381 116 1592 172 Morbis
1627 117 1841 172 Ventris

1398 197 1523 240 patiens
1546 207 1584 229 ne
1607 196 1642 228 in
1666 195 1838 238 epigastrio
1860 191 1995 237 quidem
2019 198 2031 233 ','
2056 193 2113 228 ubi
2135 194 2290 239 quosdam
2315 194 2406 240 quasi

1400 239 1522 274 morsus
1544 250 1626 281 aeger
1649 237 1824 272 sentiebat.
1848 239 1934 270 Cum
1959 248 2155 280 quaererem,
2179 250 2217 272 an
2241 241 2337 274 etiarn
2353 251 2407 273 ca-

1400 284 1526 316 lorem?
1549 282 1685 325 negabat
1700 307 1708 315 .
1733 281 1845 315 Pulsus
1869 280 2015 315 hesterno
2038 282 2071 313 in
2107 284 2229 316 caeteris
2261 283 2372 316 similis
2395 295 2406 319 3

1399 326 1450 360 sed
1474 335 1585 359 tamen
1612 327 1717 359 multo
1741 324 1962 367 frequentior.
1990 325 2116 367 Lingua
2142 325 2222 359 sicca
2243 352 2251 359 .
2279 328 2406 359 Urina-

1401 381 1474 403 rum
1499 370 1593 403 color
1619 368 1764 402 saturus.
1790 369 1855 401 Sub
1878 368 1981 401 oculis
2005 367 2090 401 livor
2106 395 2115 410 ,
2138 371 2170 401 δε
2193 370 2242 403 vel
2265 368 2327 404 fine
2339 367 2403 403 hoc

1400 413 1498 447 facies
1521 424 1592 455 quae
1617 415 1724 445 minus
1748 411 1907 454 placeret.
1935 411 2017 443 Nox
2039 413 2206 454 inquieta.
2339 414 2405 447 Die

1400 462 1485 489 nona
1506 457 1616 489 omnia
1639 454 1748 488 eadem
1773 467 1781 487 :
1807 456 1876 489 imo
1899 452 1997 488 facies
2019 477 2033 495 ,
2064 457 2096 488 δέ
2117 454 2225 498 pulsus
2249 455 2371 498 pejores
2397 480 2406 490 .

1397 500 1446 533 Hi
1469 502 1557 533 enim
1582 500 1631 532 vel
1656 499 1756 541 magis
1778 507 1866 532 erant
1889 497 2094 541 frequentes:
2117 509 2192 532 cum
2217 509 2322 533 autern
2335 511 2407 542 pre-

1399 552 1518 583 meres,
1543 544 1650 577 minus
1672 542 1874 580 resistebant,
1899 551 1954 574 aut
1979 540 2082 575 nihil.
2110 543 2172 574 Illa
2197 546 2234 576 ad
2258 553 2327 577 eam
2350 555 2403 577 ac..

1397 586 1528 620 cedebat
1552 597 1650 629 quam
1673 595 1790 619 vocant
1813 585 2103 628 Hippocraticam.
2127 586 2172 619 Et
2196 596 2269 619 cum
2295 587 2408 619 anxius

1400 630 1617 673 superioribus
1639 628 1753 663 diebus
1776 639 1858 671 aeger
1884 628 1958 662 esset
1982 653 1991 669 ,
2023 642 2058 664 ac
2083 640 2161 662 voce
2193 626 2299 664 flebili
2325 650 2334 668 ‚
2371 632 2405 662 &

1398 675 1566 718 corporis,
1592 673 1878 714 membrorumque
1901 671 1995 705 fitum
2020 681 2158 707 mutaret
2191 673 2369 707 identidem
2392 683 2404 709 3

1393 718 1463 752 haec
1486 718 1601 751 cunsta
1624 717 1727 758 magis
1750 715 2022 749 animadvertisses
2043 715 2102 750 hac
2123 716 2196 750 die.
2223 717 2313 750 Nam
2325 727 2406 758 prae-

1394 771 1443 796 ter
1465 761 1614 795 dolorem
1637 762 1670 793 in
1695 769 1769 793 toto
1792 769 1904 793 ventre
1926 758 2040 793 affidue
2066 760 2258 802 perstantem
2283 782 2292 797 ‚
2318 769 2407 792 mor-

1393 805 1484 840 suum
1508 803 1611 839 sensus
1634 803 1875 847 perintervalla
1898 800 2032 837 hicillic
2042 805 2226 839 recurrebat
2249 815 2323 838 curn
2333 802 2408 836 ubi-

1393 861 1475 893 que,
1501 858 1570 882 tum
1594 848 1628 880 in
1651 845 1822 889 epigastrio
1845 845 2020 888 praesertim
2035 871 2042 879 .
2069 848 2190 882 Nullus
2215 857 2305 886 erat3
2330 856 2404 879 nam

1395 892 1549 936 quaesivi3
1575 890 1700 934 pulsans
1723 889 1839 928 dolor,
1865 889 1954 922 nulla
1977 889 2111 932 usquam
2135 892 2277 933 pulsatio
2294 915 2301 922 .
2329 890 2404 923 Nec

1394 937 1490 971 dolor
1513 946 1610 979 quem
1635 935 1671 967 in
1696 933 1800 967 scroto
1825 941 1880 966 aut
1903 935 2052 974 proxima
2073 936 2195 970 ventris
2220 945 2310 979 parte
2334 934 2405 967 sen-

1396 981 1518 1018 tiebat,
1544 989 1610 1012 erat
1635 977 1686 1012 his
1709 977 1835 1011 ultimis
1859 975 1973 1010 diebus
1998 977 2178 1019 praecipuus
2203 1005 2211 1010 .
2237 978 2404 1014 Caeterum

1394 1035 1471 1060 cum
1495 1021 1623 1065 pulsum
1648 1031 1808 1055 tentarem
1832 1032 1843 1059 ,-
1870 1019 1984 1054 siccam
2007 1021 2141 1062 quidem
2166 1045 2175 1060 ,
2206 1025 2237 1055 &
2261 1021 2404 1063 asperam

1392 1077 1522 1104 cutem,
1548 1077 1605 1099 nec
1629 1075 1738 1099 tamen
1762 1076 1857 1106 aequo
1880 1064 2071 1098 calidiorem
2096 1064 2413 1099 animadvertebam.

1393 1112 1483 1145 Cibo
1508 1109 1638 1151 sumpto
1662 1132 1670 1147 ‚
1704 1107 1891 1142 meliuscule
1916 1107 2054 1141 habebat
2079 1132 2086 1140 .
2125 1110 2242 1142 Levari
2273 1119 2405 1151 quoque

1394 1155 1446 1196 se,
1469 1153 1621 1193 dicebat,
1637 1163 1788 1186 renemate
1812 1151 1872 1184 illo
1895 1162 1933 1184 ex
1958 1151 2037 1184 oleis
2062 1176 2070 1190 ‚
2106 1154 2137 1185 δι
2161 1153 2263 1195 pridie
2289 1177 2297 1192 ,
2329 1162 2408 1185 curn

1394 1197 1537 1232 inditum
1559 1196 1655 1233 esset,
1677 1195 1946 1241 confirmaverat.
1971 1195 2045 1228 Hac
2070 1205 2177 1228 autem
2201 1196 2252 1231 die
2274 1207 2349 1230 curn
2362 1196 2408 1229 al-

1396 1253 1505 1276 terum
1528 1240 1684 1283 injectum
1707 1237 1781 1272 esset
1803 1250 1843 1272 ex
1866 1249 1955 1280 Jure,
1980 1239 2013 1270 in
2036 1249 2103 1280 quo
2128 1237 2249 1274 semina
2280 1241 2411 1273 corian-

1396 1287 1449 1320 dri
1472 1285 1650 1319 bullierant
1675 1308 1685 1323 ‚
1716 1284 1748 1315 δε
1771 1281 1922 1316 saccharo
1946 1295 1955 1319 3
1979 1281 2055 1314 dum
2080 1282 2227 1316 redderet
2252 1310 2260 1324 ,
2295 1283 2407 1316 cibum

1397 1331 1546 1363 vomuit.
1568 1327 1634 1361 Sub
1658 1326 1820 1369 vesperam
1843 1325 2002 1358 dormivit
2027 1350 2034 1358 .
2075 1326 2285 1361 Postmodum
2318 1335 2354 1361 ut
2380 1325 2410 1359 se

1397 1373 1550 1410 haberet,
1573 1374 1814 1413 interrogatus,
1838 1372 1872 1403 in
1896 1370 2070 1411 epigastrio
2095 1372 2201 1405 nescio
2224 1370 2304 1413 quid
2338 1371 2414 1413 pul-

1398 1417 1466 1451 sare
1484 1442 1492 1456 ‚
1518 1418 1550 1449 &
1575 1416 1718 1457 aliquem
1741 1416 1776 1447 in
1801 1421 1913 1447 ventre
1938 1412 1994 1446 esse
2018 1412 2137 1447 caloris
2169 1414 2291 1448 sensum
2316 1436 2330 1454 ,
2362 1424 2414 1447 re·-

1399 1460 1551 1504 spondit.
1578 1459 1705 1491 Interea
1728 1460 1873 1491 vomitus
1895 1456 2060 1490 fluidioris
2096 1469 2193 1500 quam
2226 1458 2377 1494 hactenus,
2400 1478 2414 1495 ‚

1395 1505 1564 1543 mat'eriae‚
1586 1501 1748 1544 hujusque
1771 1499 1928 1534 subflavae
1954 1512 2006 1543 per
2034 1502 2207 1535 intervalla
2242 1501 2378 1535 vexabat
2401 1524 2410 1532 .

1394 1550 1475 1586 Quo
1498 1557 1600 1581 totam
1624 1546 1776 1584 norftem,
1799 1546 1967 1578 &caeteris
1989 1556 2060 1583 quae
2084 1547 2171 1578 clieta
2199 1545 2291 1583 sunt,
2317 1543 2416 1586 perfi-

1396 1592 1573 1628 stentibus,
1597 1600 1713 1628 mane,
1736 1590 1790 1624 die
1814 1588 1922 1622 morbi
1948 1588 2071 1633 decima
2097 1610 2112 1628 ,
2147 1590 2252 1622 vivere
2285 1587 2378 1621 desiit
2404 1611 2413 1620 .

1531 1633 1734 1668 VENTER
1759 1643 1910 1674 magnam
1934 1633 2000 1665 vim
2024 1632 2155 1665 eflusam
2179 1634 2294 1667 habuit
2332 1630 2415 1674 ejus-

1397 1678 1472 1714 dem
1495 1689 1569 1720 quae
1592 1677 1725 1710 vomitu
1749 1675 1984 1716 rejiciebatur,
2008 1677 2168 1709 materiae:
2192 1675 2414 1716 eademne&

1399 1722 1602 1758 ventriculus
1626 1745 1636 1760 ,
1671 1723 1703 1752 &
1727 1720 1859 1752 Tenuia
1884 1718 1922 1751 ad
1947 1717 2090 1751 herniam
2127 1718 2226 1760 usque
2261 1718 2415 1753 intestina

1399 1766 1492 1801 valde
1513 1773 1602 1798 erant
1626 1762 1788 1797 distenta.-
1813 1764 1845 1795 in
1870 1773 1973 1804 eoque
1995 1761 2144 1795 universo
2167 1763 2273 1796 tractu
2299 1774 2379 1796 unus
2403 1787 2415 1804 ,

1397 1809 1483 1845 haud
1509 1808 1666 1851 amplius,
1691 1807 1870 1852 lumbricus
1893 1803 1958 1838 fuit
1982 1805 2123 1838 duorum
2148 1803 2261 1840 fimilis
2284 1809 2340 1848 qui
2365 1806 2420 1839 in-

1396 1865 1447 1889 ter
1472 1852 1672 1889 vomendum
1695 1849 1793 1893 ejecti
1817 1849 1971 1882 fuerant.
1997 1848 2108 1883 Crassa
2132 1860 2238 1883 autem
2261 1849 2415 1884 intestina

1400 1907 1491 1933 erant
1516 1908 1637 1933 vacua,
1663 1897 1693 1928 &
1718 1892 1812 1934 alba,
1836 1894 1867 1925 &
1891 1894 1982 1925 lana.
2008 1893 2110 1926 Sanus
2133 1905 2266 1937 quoque
2289 1895 2420 1927 ventri-

1401 1942 1514 1976 culus.
1538 1939 1595 1974 Sed
1620 1938 1811 1982 proximum
1834 1935 1911 1969 huic
1935 1935 2122 1984 intestinum
2146 1940 2203 1980 qui
2227 1938 2381 1971 bilarium
2405 1962 2417 1979 ,

1404 1988 1436 2019 &
1458 1985 1699 2027 pancreaticum
1723 1982 1856 2016 ductum
1881 1980 2003 2021 excipit
2031 2005 2040 2021 ‚
2075 1980 2125 2014 ibi
2150 1981 2188 2014 ad
2213 1981 2265 2015 sex
2285 1982 2418 2015 circiter

1405 2029 1552 2071 digitos,
1577 2036 1642 2060 erat
1668 2025 1744 2060 adeo
1767 2038 1806 2060 ex
1828 2020 2093 2059 inflammatione
2116 2024 2276 2066 lividum,
2301 2023 2420 2066 utjam

1407 2082 1615 2115 gangraenam
1639 2070 1761 2104 oleret.
1785 2069 1910 2104 Levior
1947 2065 2192 2114 inflammatio,
2218 2072 2250 2102 &
2273 2069 2422 2102 nondum

1407 2115 1583 2154 livescens,
1609 2114 1665 2148 hic
1687 2113 1755 2148 illic
1779 2113 1910 2147 tenebat
1930 2112 2088 2157 jejunum
2112 2134 2126 2152 ,
2148 2115 2180 2146 δι
2205 2112 2264 2146 llei
2289 2122 2418 2155 partem

1407 2161 1516 2195 multo
1541 2161 1735 2193 maximam.
1760 2157 1903 2198 Reliqua
1929 2157 2014 2189 enim
2040 2167 2113 2199 pars
2137 2176 2146 2192 ,
2179 2167 2251 2199 quae
2284 2160 2420 2199 propius

1408 2204 1561 2238 videlicet
1580 2202 1749 2237 accedebat
1774 2201 1813 2235 ad
1833 2201 1967 2240 Colon,
1991 2210 2162 2242 gangraena
2187 2201 2295 2242 potius
2320 2212 2418 2243 quam

1405 2248 1695 2285 inflammatione,
1719 2245 1941 2286 occupabatur
1964 2265 1973 2281 2
1997 2242 2270 2287 quemadmodum
2295 2243 2420 2279 herniae

1406 2291 1553 2325 ostendet
1576 2290 1768 2331 descriptio.
1794 2290 1875 2323 Erat
1889 2287 2033 2322 sacculus
2056 2288 2130 2329 pyri
2156 2286 2282 2327 forma,
2309 2299 2349 2322 ex
2362 2298 2419 2323 tu-

1407 2337 1480 2368 nica
1502 2333 1608 2368 fustus
1630 2344 1695 2367 non
1720 2335 1825 2366 minus
1850 2331 1948 2365 crassa
1983 2333 2014 2364 &
2047 2330 2141 2365 firma
2165 2343 2264 2373 quam
2300 2334 2420 2368 arteria

1408 2380 1629 2413 Pulmonaris.
1653 2379 1685 2410 Is
1711 2387 1775 2410 non
1799 2374 1905 2409 scroto
1928 2375 2031 2409 solum
2054 2397 2081 2421 ,ι
2098 2377 2129 2408 &
2151 2374 2247 2409 darto
2269 2399 2282 2417 ,
2316 2376 2365 2410 sed
2388 2379 2423 2410 &

1408 2420 1608 2455 Cremastere
1632 2420 1777 2454 musculo
1802 2441 1812 2457 ‚
1847 2431 1948 2462 eaque
1971 2419 2024 2453 cui
2048 2416 2101 2452 hic
2125 2419 2291 2454 incumbit
2315 2432 2419 2454 mem-

1408 2466 1507 2499 brana
1532 2465 1753 2498 communiter
1774 2474 1850 2496 cum
1874 2462 1977 2501 teste,
2011 2464 2041 2495 &
2067 2463 2148 2496 vasis
2172 2464 2211 2496 ad
2234 2463 2322 2498 hunc
2347 2477 2423 2507 per-

1408 2508 1592 2543 timentibus
1614 2506 1839 2550 operiebatur.
1866 2506 1972 2539 Testis
1996 2517 2101 2539 autem
2126 2505 2253 2540 sacculo
2277 2510 2421 2548 suberat,

1408 2551 1482 2587 vasa
1506 2552 1546 2586 ab
1570 2552 1701 2584 interno
1723 2550 1821 2582 latere
1844 2550 1986 2582 exterius
2012 2548 2241 2591 adhaerebant,
2264 2554 2294 2585 &
2320 2564 2421 2595 prope

1408 2595 1574 2630 orificium
1599 2594 1738 2634 sacculi,
1761 2604 1826 2626 non
1853 2604 1907 2634 per
1932 2591 1994 2626 hoc
2018 2594 2123 2635 ipsum
2146 2617 2154 2633 ,
2181 2605 2325 2630 ventrem
2350 2598 2421 2631 adi-

1408 2641 1508 2674 bant.
1534 2641 1613 2673 Erat
1636 2638 1669 2672 id
1695 2637 1861 2683 orificium
1887 2635 1996 2669 annuli
2019 2635 2120 2669 instar
2143 2637 2299 2674 craffioris
2322 2651 2421 2683 quem

1409 2686 1622 2727 peritonaeum
1637 2709 1646 2724 ‚
1670 2684 1702 2715 δε
1724 2681 1950 2721 εἰῑευῐῃ]εᾶυε
1971 2678 2070 2712 tendo
2094 2679 2306 2717 efformabant
2331 2697 2340 2719 .·
2364 2686 2421 2720 ad-

1410 2727 1626 2768 mittebatque
1649 2734 1763 2768 praeter
1787 2723 1892 2758 Ile-um
1914 2723 2122 2765 intestinum,
2147 2728 2178 2758 δε
2202 2728 2318 2761 annexi
2340 2728 2420 2763 huic

1410 2771 1594 2806 mesenterii
1619 2769 1812 2812 particulam
1838 2792 1846 2806 ,
1880 2776 2048 2801 omentum
2071 2779 2204 2812 quoque
2226 2769 2320 2814 cujus
2344 2784 2420 2815 pro-

1407 2825 1515 2859 pterea
1538 2814 1660 2848 nullam
1682 2811 1785 2846 ferme
1808 2821 1933 2855 partem
1957 2811 2099 2845 videram
2117 2837 2126 2851 ,
2149 2824 2220 2856 quae
2244 2826 2261 2847 a
2284 2816 2420 2852 sinistris

1408 2860 1559 2894 intestina
1582 2858 1772 2899 obtegeret,
1794 2858 1870 2899 quia
1893 2854 2099 2889 dextrorsum
2110 2865 2180 2889 erat
2204 2857 2242 2891 ad
2267 2856 2419 2895 herniam

1409 2905 1550 2937 tracffum
1576 2914 1583 2934 τ
1608 2913 1663 2935 nec
1689 2901 1787 2934 modo
1810 2899 1849 2934 ad
1872 2898 1987 2932 sacculi
2013 2897 2150 2933 fundum
2175 2904 2381 2943 perveniebat
2406 2929 2418 2946 ,

1409 2947 1462 2981 sed
1487 2947 1560 2980 inde
1584 2946 1619 2978 in
1631 2955 1712 2979 teres
1734 2954 1850 2985 corpus
1866 2940 1895 2976 se
1908 2942 2139 2982 conformans,
2161 2946 2248 2987 quod
2264 2945 2417 2981 nisiinci-

1409 2992 1524 3025 dissem
1540 3013 1549 3029 ,
1577 3000 1615 3023 ex
1638 2988 1814 3031 compressa
1837 2988 1963 3020 omenti
1987 2987 2163 3021 substantia
2190 2989 2309 3023 fafiUm
2334 2991 2419 3028 effe,

1409 3046 1476 3069 non
1499 3031 1718 3077 cognovissem
1733 3057 1742 3070 ‚
1766 3030 1887 3064 sursum
1911 3030 2057 3078 redibat,
2082 3035 2113 3065 ὃ(
2137 3032 2174 3065 ad
2187 3035 2291 3067 lleum
2315 3035 2419 3068 inter-

1410 3087 1541 3122 ceptum
1556 3100 1564 3115 ‚
1589 3076 1675 3110 haud
1701 3074 1815 3118 procul
1840 3075 1879 3108 ab
1902 3076 2031 3108 orificio
2055 3074 2195 3117 sacculi,
2218 3077 2248 3110 se
2272 3080 2418 3113 annet&-

1411 3124 1468 3156 bat
1493 3147 1501 3154 .
1535 3120 1587 3156 Ad
1612 3119 1771 3153 sacculum
1797 3129 1900 3152 autem
1924 3118 2085 3161 quidquid
2110 3121 2142 3152 in
2167 3132 2204 3153 eo
2227 3125 2351 3155 omenti
2385 3134 2420 3156 e-

1412 3176 1461 3200 rat
1483 3189 1495 3208 ,
1530 3175 1692 3199 annexum
1714 3162 1822 3205 paffim
1847 3164 1958 3195 inveni
1984 3174 2038 3204 per
2072 3162 2279 3205 interjefium
2310 3168 2417 3208 quod-

1409 3211 1483 3244 dam
1506 3219 1623 3252 corpus
1646 3208 1759 3241 rubens
1783 3230 1795 3246 ,
1831 3209 1860 3239 <Se
1890 3206 2068 3240 flaccidum
2090 3228 2100 3243 ‚
2134 3216 2170 3240 ut
2197 3208 2291 3242 facile
2313 3207 2416 3251 posset

1407 3255 1447 3287 ab
1469 3262 1623 3291 omento,
1646 3250 1812 3284 &sacculo
1825 3250 1984 3291 separari,
2010 3261 2068 3283 nec
2092 3250 2178 3285 aliu-l
2202 3263 2298 3294 quam
2313 3263 2414 3286 mem-

1406 3298 1532 3332 braneae
1556 3294 1678 3330 cellulae
1702 3294 1759 3327 esse
1785 3294 1971 3330 videretur,
1995 3291 2080 3332 seri,
2102 3296 2133 3327 δε
2157 3294 2319 3337 sanguinis
2343 3297 2414 3338 ple-

1405 3354 1453 3375 nae
1468 3366 1476 3372 .
1502 3342 1605 3374 Ileurn
1629 3350 1704 3372 vero
1726 3350 1781 3371 nec
1806 3338 1929 3371 sacculo
1953 3349 2114 3370 annexum
2137 3347 2223 3376 erat,
2249 3350 2348 3381 neque
2371 3341 2412 3377 ad

1407 3385 1474 3428 ejus
1499 3384 1636 3418 fundum
1662 3383 1895 3425 perveniebat5
1917 3380 1967 3414 sed
1992 3382 2090 3423 paulo
2113 3380 2196 3415 infra
2218 3381 2380 3418 orificium
2401 3409 2414 3426 ‚

1406 3431 1440 3462 in
1466 3439 1556 3462 arcus
1581 3425 1715 3460 modum
1737 3424 1767 3459 se
1790 3436 1924 3460 curvans
1948 3448 1956 3463 ,
1981 3425 2089 3459 eadem
2114 3447 2123 3463 ,
2156 3436 2220 3465 qua
2244 3437 2373 3460 venerat
2398 3454 2411 3470 ‚

1405 3470 1525 3506 orificii
1550 3472 1603 3504 via
1627 3470 1753 3503 redibat
1778 3471 1810 3501 in
1836 3478 1980 3502 ventrem
2004 3481 2013 3505 3
2050 3478 2086 3501 ut
2112 3491 2120 3506 ³
2154 3469 2174 3501 si
2201 3469 2372 3511 explicares
2397 3494 2410 3510 ‚

1403 3526 1469 3550 non
1493 3515 1564 3558 plus
1587 3525 1626 3549 ex
1649 3525 1688 3549 eo
1710 3513 1862 3548 intestino
1885 3523 1983 3555 quam
2008 3511 2220 3554 adquatuor,
2243 3516 2410 3554 autquin-

2302 3567 2366 3597 que

1101 3651 1104 3652 γ
1338 3648 1343 3650 .

494 3725 552 3747 Dee.
570 3729 591 3746 1.
610 3722 668 3746 obs.
686 3723 757 3746 Anat.
774 3729 796 3750 ς.
820 3719 843 3749 §.
863 3727 885 3747 9.
1006 3718 1102 3746 Advers.
1120 3727 1145 3747 4.
1160 3715 1277 3742 Animad.
1297 3724 1321 3746 3.

494 3753 586 3780 Medic.
605 3753 681 3779 Prast.
695 3753 715 3778 l.
733 3759 758 3782 3.
774 3753 802 3777 Ρ.
819 3759 843 3778 2.
861 3752 886 3777 S.
902 3756 924 3779 x.
943 3718 1005 3778 §.x-²·

403 3723 476 3756 (υ)

400 3755 478 3788 ta)

1382 3716 1393 3746 (
1406 3725 1424 3746 5
1439 3717 1454 3747 )
1471 3716 1566 3744 Dissett.
1582 3717 1611 3744 de
1628 3716 1701 3744 coslo
1716 3715 1781 3743 viril.
1798 3715 1888 3743 Vesicae
1903 3716 1947 3741 διε.
1964 3714 1988 3745 §.
2004 3721 2027 3744 3.

1068 3751 1079 3781 s
1093 3756 1109 3776 a
1123 3750 1138 3781 )
1157 3751 1232 3785 Acu13
1248 3748 1311 3776 Paff.
1327 3748 1344 3775 l·
1360 3754 1383 3779 3.
1399 3756 1424 3781 c,
1441 3755 1481 3779 17.
