2498 4075
397 121 463 178 80

333 216 386 241 tur
405 230 414 240 ,
437 203 558 238 multos
591 198 628 233 ad
651 197 770 238 illam;
804 197 835 230 &
867 193 987 228 multos
1017 203 1147 234 quoque
1173 191 1217 241 *ad
1249 189 1333 239 hanc

336 248 480 283 retulisse
503 258 514 284 5
548 255 579 277 at
603 243 625 276 fi
648 241 754 282 lapilli
777 240 810 272 in
842 247 970 271 omnem
994 244 1117 277 partem
1147 234 1333 284 diligentius

337 292 524 326 versentur,
550 298 618 320 eam
643 294 679 318 ut
703 285 879 326 plurimum
903 280 1041 321 figuram
1064 278 1194 328 agnosci
1216 289 1286 320 quae
1317 287 1332 308 a

336 348 385 369 me
408 337 486 368 olim
513 335 545 363 in
570 327 713 369 Epistola
738 326 973 358 LAnatomica
996 322 1085 365 (p)
1109 323 1250 355 indicata
1274 320 1335 353 est.

337 379 409 412 Effe
436 385 540 410 autern
566 370 700 415 persaepe
725 370 869 411 plurium
893 377 991 408 quarn
1013 375 1148 407 utraque
1172 365 1232 414 illa·
1253 362 1337 405 figu-

336 434 370 455 ra
396 419 532 463 postulat
560 442 568 455 ‚
604 414 795 456 angulorum
819 432 829 448 ‚
863 410 938 444 satis
970 410 1026 442 illa
1058 419 1155 450 quam
1187 407 1234 439 ibi
1254 428 1268 456 .’
1304 415 1339 439 ut

333 464 494 499 dicebam,
507 459 665 495 indicavi,
679 454 907 490 commonstrat
921 465 930 483 ε
944 452 1048 486 multo
1059 460 1165 484 autem
1176 451 1318 498 plurium
1329 473 1337 488 ‚

335 511 367 540 δε
390 519 426 539 eo
450 506 614 546 plurium,
638 512 703 542 quo
730 497 835 538 plures
863 498 894 528 in
920 508 980 530 una
1004 494 1085 537 cysti
1110 493 1179 527 sunt
1202 494 1337 532 calculi,

338 551 565 583 Kentmannus
590 549 599 584 (
624 544 676 585 q)
701 540 831 583 quidem
854 539 935 572 olim
959 538 1096 573 docuit3
1122 548 1181 578 ego
1203 547 1280 569 vero
1302 545 1337 568 ut

336 592 415 626 illud
440 594 582 634 primum
594 585 758 621 interdum
771 584 811 616 sic
836 582 917 618 esse,
945 580 1068 619 fateor,
1091 581 1137 611 ita
1150 591 1226 613 num
1245 581 1275 613 &
1292 579 1338 612 al-

338 647 443 670 terum
457 660 465 674 ,
489 634 571 667 haud
588 631 663 664 satis
683 628 771 666 scio;
793 631 860 660 imo
873 625 1059 657 fiGreisclii
1075 645 1084 660 ,
1109 625 1138 655 &
1154 634 1236 656 meas
1247 622 1337 664 quas-

336 680 412 714 dam
434 677 686 712 Observationes
708 670 862 707 attendo,
889 679 1000 701 verum
1023 667 1081 701 esse
1104 677 1166 698 non
1194 666 1336 714 semper,

340 723 407 759 scio
424 747 432 755 .
565 717 622 751 Sed
634 724 842 758 quotcunque
856 711 964 753 anguli
976 710 1059 747 sint3
1085 710 1141 741 ubi
1153 710 1251 751 aliqui
1265 708 1336 741 sunt

337 767 429 799 valde
441 764 545 799 acuti,
570 771 624 795 aut
635 758 816 800 superficies
827 754 1024 788 calculorum
1037 752 1176 794 asperior
1189 775 1197 789 ,
1209 750 1337 793 possunt

341 811 398 847 hi,
423 808 444 841 si
468 804 570 847 majus
596 802 687 836 simul
713 800 838 842 pondus
850 797 998 835 accedat,
1023 796 1138 838 cystim
1163 807 1225 828 non
1240 795 1338 841 modo

337 856 490 890 irritare,
512 848 562 882 sed
589 853 822 885 nonnnnquam
844 842 942 874 etiam
964 851 1169 882 perrumpere
1191 863 1198 871 .
1232 840 1337 880 Cujus

339 896 501 939 ruptionis
512 890 701 925 rariffimum
712 886 890 929 quidemin
903 883 1137 925 Sepulchreto(
1160 894 1175 914 ν
1197 885 1209 920 )
1231 893 1340 915 exem-

339 942 428 982 plum
452 936 548 970 habes
564 959 571 966 .
704 930 969 965 Irritatioautem
984 925 1152 968 plilogoses
1164 925 1287 968 potest,
1309 929 1340 972 ὃς

338 985 442 1017 ulcera
459 1007 468 1020 ‚
490 983 518 1013 δέ
533 975 777 1012 excrescentias,
801 984 817 1004 a
840 982 1028 1020 mequoque
1053 969 1133 1019 visas
1157 961 1214 1011 (D
1229 993 1237 1006 ,
1261 970 1290 1001 δι
1314 970 1335 1001 {1

337 1038 410 1061 mm
424 1022 579 1066 Wepfero
604 1024 665 1060 (r)
688 1019 788 1051 urinae
802 1037 812 1053 ,
837 1016 866 1048 δι
878 1014 960 1048 fellis
975 1013 1204 1060 vesicam-inter
1215 1011 1244 1045 se
1258 1023 1336 1062 con-

339 1071 501 1108 servum,
524 1066 706 1099 tunicarum
731 1061 844 1094 saltem
861 1057 1099 1091 crassitudinem
1111 1059 1230 1104 iacere.
1257 1057 1337 1088 Uri-

338 1116 427 1147 naria
453 1113 537 1144 enirn
551 1106 675 1141 vesicaa
699 1102 826 1138 calculis
852 1101 888 1134 ob
901 1101 1082 1136 continuum
1095 1107 1244 1132 arturum
1257 1098 1339 1140 [πρε

338 1154 510 1197 αιιαᾶνιιρῖο
533 1150 653 1193 crassior
675 1147 801 1185 evadit,
826 1144 914 1187 quod
926 1144 968 1176 ait
983 1144 1057 1179 ille,
1082 1145 1114 1177 δε
1129 1153 1186 1175 nos
1208 1145 1241 1174 in
1266 1142 1342 1178 loco,

338 1190 351 1241 s
374 1200 427 1241 u)
447 1191 646 1230 videbimus.
665 1186 961 1233 Deprehenditipse
974 1187 1012 1219 ab
1024 1185 1152 1234 eadem,
1177 1195 1212 1218 ut
1226 1193 1339 1227 putat,

340 1244 435 1277 cansa
447 1240 598 1283 craffiores
609 1234 710 1269 debito
731 1232 825 1274 cystis
850 1233 995 1268 tunicas,
1022 1239 1057 1263 ut
1079 1229 1132 1261 alii
1155 1229 1339 1268 interdurn,

339 1291 374 1321 in
398 1286 446 1320 his
471 1281 651 1317 nonsoium
678 1275 842 1317 Discipuli
866 1274 999 1315 quidam
1013 1271 1113 1316 nostri
1135 1275 1227 1311 (x),
1249 1272 1342 1306 sed&

341 1327 552 1365 Dociiffimus
576 1322 727 1357 Trewius
753 1318 817 1362 (y)
831 1341 841 1357 ,
865 1318 921 1359 qui
937 1326 1001 1349 non
1018 1315 1079 1348 sine
1092 1315 1262 1357 purulenta
1275 1327 1344 1348 ma-

341 1374 422 1408 teria
445 1370 569 1404 invenit
584 1389 593 1403 ‚
617 1362 790 1408 praesertim
808 1370 914 1394 autem
927 1359 980 1392 CI.
997 1358 1166 1407 ‚Bezoldus
1190 1363 1262 1401 (z)
1284 1360 1342 1402 qui

341 1414 466 1452 tunicas
476 1413 546 1446 illas
559 1411 696 1444 duriores
709 1432 718 1446 ,
730 1404 937 1447 craffioresque
949 1426 959 1441 ‚
976 1407 1017 1435 U*
1029 1401 1112 1444 quafi
1124 1403 1345 1451 cartilaginem

341 1460 516 1497 describit,
539 1457 616 1489 licet
639 1449 766 1486 aliunde
781 1471 789 1485 ‚
813 1459 911 1490 quam
936 1447 975 1480 ab
999 1456 1038 1478 iis
1061 1456 1187 1487 quosin
1202 1446 1291 1491 suo,
1314 1449 1345 1478 δε

342 1504 442 1538 modo
465 1498 615 1535 indic-atis
637 1494 789 1534 exemplis
812 1491 1044 1528 continebam,
1066 1490 1195 1523 calculis
1217 1492 1343 1523 causam

342 1556 466 1590 quaerat
512 1547 636 1577 &certe
648 1539 723 1572 alias
737 1534 862 1570 aliunde
875 1533 933 1568 effe
947 1534 1048 1577 potest
1074 1537 1083 1572 (
1098 1537 1157 1573 J).
1179 1535 1343 1565 Caeterum

345 1592 426 1635 saepe
451 1571 493 1623 esi:
516 1596 626 1621 eorum
650 1578 831 1625 superficies
855 1577 964 1615 laevis,
987 1588 1023 1612 ut
1041 1575 1188 1610 Vesalius
1213 1578 1244 1609 in
1256 1576 1344 1624 J-uris

342 1635 506 1669 Consulto
520 1631 579 1665 illo
594 1627 675 1661 vidit
688 1649 697 1665 ,
723 1624 902 1667 praesertim
916 1622 936 1655 si
948 1633 988 1655 ex
999 1620 1249 1654 flavescentibus
1262 1622 1321 1652 sint
1335 1642 1345 1658 ,

346 1691 427 1720 quos
452 1684 603 1721 praeterea
628 1671 676 1703 vel
701 1668 800 1701 siccos
822 1677 895 1699 cum
908 1666 1091 1710 tangimus,
1117 1675 1181 1696 nori
1203 1665 1288 1710 secus
1313 1674 1347 1697 ac

342 1724 366 1758 fi
379 1723 492 1765 sapone
506 1718 603 1752 obliti
619 1712 715 1748 essent
728 1733 737 1748 ‚
761 1711 973 1753 percipimus,
998 1707 1349 1756 cuiusmodiquasiun·

344 1764 515 1810 guinosnm
538 1762 688 1794 laevorem
711 1755 746 1788 in
770 1753 962 1797 quibusdam
999 1752 1097 1785 etiam
1131 1748 1350 1783 subm-idibus

350 1812 399 1844 vel
424 1810 525 1846 magis
551 1802 775 1839 adnotavimus
799 1801 812 1836 (
834 1795 906 1847 b).
971 1841 975 1847 ι
1006 1840 1012 1846 .

390 1865 439 1887 21.
465 1846 566 1894 Qots
590 1859 665 1879 vcro
688 1845 726 1878 de
750 1846 932 1876 irritatione
944 1840 1110 1876 diximus,
1133 1846 1209 1872 tunc
1224 1848 1353 1882 quoque

346 1911 421 1933 cum
446 1899 529 1930 inter
553 1892 650 1934 cystis
673 1887 853 1921 increscunt
867 1886 1011 1922 tunicas,
1036 1887 1134 1916 modo
1148 1882 1273 1925 asperi,
1298 1891 1352 1915 aut

348 1943 484 1984 majores
506 1937 590 1975 fint,
613 1935 719 1967 locum
744 1930 879 1968 habere,
905 1939 968 1962 non
989 1927 1195 1974 dubitamus.
1221 1927 1270 1958 Sic
1297 1936 1353 1958 au-

347 1999 414 2022 tem
427 1983 578 2027 explicari
590 1976 675 2020 posse
688 1998 697 2012 ‚
719 1975 878 2008 credimus
889 1994 897 2009 ,
921 1971 1106 2005 Gendrotni
1119 1972 1132 2009 (
1143 1981 1158 2001 c
1169 1973 1180 2007 )
1191 1969 1354 2019 Observa-

347 2033 474 2066 tionem
486 2022 673 2069 dysenteriae
684 2029 763 2053 ortae
788 2029 825 2050 ex
837 2016 903 2059 jugi
918 2016 992 2048 bilis
1005 2017 1040 2051 in
1065 2013 1259 2047 Duodenum
1271 2021 1355 2046 inte-

348 2075 467 2110 stinum
493 2060 686 2104 eructatione
703 2088 710 2101 ,
733 2072 808 2096 cum
830 2064 894 2094 duo
916 2058 1106 2101 majusculi,
1129 2060 1161 2090 &
1182 2056 1356 2105 inaequales

350 2117 466 2153 calculi
500 2116 532 2147 in
556 2111 634 2148 cvsti
659 2107 775 2143 essent,
803 2104 987 2137 membrana
1009 2100 1161 2143 singulari
1185 2100 1359 2148 obvoluti,

349 2162 490 2196 Genitos
504 2149 610 2191 autein
620 2149 860 2187 existimabisin
872 2147 969 2190 cyitis
980 2145 1223 2189 glandulislljn
1234 2142 1362 2193 iisdem-

377 2189 413 2239 ue
437 2203 568 2237 auc‘tos,
593 2197 696 2231 sedem
720 2193 777 2227 sibi
803 2193 887 2224 inter
911 2201 960 2224 eas
995 2193 1141 2228 tunicas,
1166 2194 1244 2230 quas
1277 2197 1361 2220 inter

352 2220 395 2284 ἓξ
420 2256 550 2291 quoque
584 2239 740 2284 glandulae
774 2235 845 2269 sunt
870 2257 879 2272 ,
918 2230 1090 2266 extendisse
1108 2256 1119 2281 Ι.
1166 2231 1362 2281 Memineris

354 2296 440 2328 enim
452 2298 565 2333 parvos
577 2285 709 2319 hilarios
721 2278 860 2315 calculos
873 2290 889 2311 a
903 2290 952 2327 me
975 2275 1043 2318 (d)
1069 2274 1159 2309 fuisse
1172 2274 1361 2325 ‘iisi‘n'glan-

355 2339 440 2372 dolis
463 2330 631 2368 manifesto
643 2325 772 2363 orificio
789 2322 995 2366 patentibus,
1018 2331 1120 2362 eoque
1136 2329 1286 2352 minusm
1301 2318 1360 2351 du-

356 2383 447 2416 bium
464 2376 619 2411 vocandis
631 2397 642 2414 ,
666 2379 807 2413 repertos
818 2366 898 2400 olim
913 2361 1246 2412 ,7-&tdemonstratoa
1265 2363 1360 2411 Quos

358 2429 456 2461 etiam
470 2436 485 2456 a
497 2422 549 2454 Cl.
564 2416 716 2452 Galeatio
729 2415 763 2446 in
775 2422 850 2444 meae
863 2407 1015 2452 persimili
1030 2434 1037 2443 t
1060 2405 1118 2439 nifi
1132 2405 1218 2453 quod
1232 2404 1359 2437 orificia

358 2470 411 2504 illa
425 2479 487 2502 non
501 2462 694 2507 apparebant
709 2481 718 2495 ‚
744 2453 987 2488 Observationc
1001 2450 1130 2483 solerter
1145 2448 1236 2497 suisse
1247 2449 1363 2482 inven-

358 2523 433 2550 tos,
456 2515 485 2544 ὅ(
500 2517 625 2550 agnitos
642 2531 649 2544 ,
676 2501 870 2546 perlibenter
896 2494 998 2539 postea
1012 2503 1178 2544 cognovi,
1203 2502 1277 2525 cum
1289 2491 1364 2523 Vo-

361 2560 467 2591 lurren
492 2553 613 2586 editum
626 2547 668 2582 est
693 2546 832 2589 primum
846 2541 1170 2576 Commentariorum
1192 2535 1230 2585 de
1254 2535 1365 2567 Bono-

359 2598 457 2636 niensi
485 2599 699 2630 Scientiarum
724 2587 898 2621 Academia
923 2587 980 2624 (e)
997 2609 1004 2616 .
1032 2581 1090 2631 Sed
1113 2579 1258 2613 &alium
1283 2576 1324 2611 fic
1346 2588 1364 2610 a

361 2657 411 2679 rne
434 2645 517 2675 inter
528 2638 622 2681 cysiis
634 2635 758 2669 tunicas
771 2627 1026 2664 animadversum
1038 2633 1194 2673 ex1guum
1205 2622 1364 2670 calculum

362 2687 446 2722 infra
473 2682 527 2728 (f)
551 2680 720 2714 indicabo.
742 2677 853 2708 Tuum
870 2683 952 2706 nunc
966 2673 1029 2704 erit
1042 2668 1198 2717 dispicere
1211 2689 1227 2712 ,μ
1245 2676 1368 2713 num-in

363 2744 397 2766 ea
420 2740 517 2773 quam
533 2726 624 2767 supra
648 2727 661 2763 (
681 2732 702 2764 g
724 2724 736 2761 )
763 2719 958 2753 memoravi,
984 2711 1367 2761 Greiseoanbservat-io-

365 2788 403 2809 ne
452 2773 506 2806 illa
533 2768 611 2806 cvsti
635 2762 784 2808 infundo
807 2766 921 2795 adnata
945 2757 1009 2792 alia
1035 2765 1165 2804 tumea,
1188 2764 1254 2801 quae·
1273 2752 1370 2785 altum

364 2798 437 2853 alii}
460 2807 598 2849 omnibus
609 2818 755 2851 majorem
768 2805 862 2839 talem
873 2801 1015 2836 cubicum
1028 2799 1163 2848 lapzusem
1172 2794 1348 2843 conrznebat
1360 2817 1372 2833 ,

366 2862 404 2896 ad
427 2859 562 2894 eundem
585 2854 623 2887 sit
648 2852 783 2885 modum·
804 2845 1036 2891 intelligenda.
1064 2841 1149 2876 Mihi
1173 2849 1258 2889 cer-te
1268 2848 1373 2888 minus

367 2906 504 2939 dubium
528 2900 568 2933 est
584 2923 593 2937 ‚
617 2898 697 2939 quin
712 2893 861 2936 explicari
887 2890 927 2923 fic
943 2887 1035 2931 possit
1060 2886 1117 2918 Cl.
1136 2884 1232 2934 miei-1
1254 2881 1374 2914 Ooser-

367 2951 455 2982 vatio
502 2954 596 2982 quam
615 2965 622 2979 ‚
645 2939 665 2972 li
682 2938 766 2970 reete
791 2934 945 2969 memini,
970 2929 1266 2978 legiantebaliquot
1279 2936 1378 2958 annos

369 2994 402 3025 in
430 2990 495 3023 lV.
518 2984 662 3020 Miscell.
702 2977 956 3013 Berolinensium
991 2974 1175 3007 Volumine
1197 2994 1205 3002 .
1238 2968 1377 3019 i'arvum

369 3037 457 3068 enim
469 3029 628 3064 calcus-um
645 3024 820 3057 rotundum
834 3047 841 3061 ,
865 3023 896 3053 δέ
922 3017 1110 3052 subflavum
1120 3025 1218 3067 quem
1235 3011 1380 3060 chyslis

370 3078 474 3113 fundo
486 3081 692 3108 concretum,
717 3065 965 3100 &membrana,
990 3074 1026 3095 ex
1050 3060 1210 3104 pelliculis
1223 3055 1380 3107 vesicaeil-

372 3124 435 3155 1105,
461 3118 637 3163 producta,
665 3111 900 3146 circumdatum
912 3103 1149 3152 deprehendit,
1173 3100 1266 3135 facile
1278 3098 1382 3148 credi-

371 3150 498 3202 derisu,
522 3163 554 3193 in
568 3160 675 3200 aliqua
689 3166 726 3187 ex
752 3165 816 3195 ejus
830 3150 987 3193 glandulis
1001 3146 1213 3197 concremsle.
1240 3143 1332 3180 Qum
1345 3154 1383 3174 eo

398 3219 503 3249 unque
519 3205 654 3237 inclinat
680 3199 824 3234 animus,
848 3193 965 3227 utheri
991 3193 1095 3234 posse,
1122 3189 1323 3225 existimem,
1346 3196 1385 3218 ne

373 3222 453 3284 3liiii
478 3246 677 3282 concreverit
693 3242 853 3277 calculus,
877 3248 910 3270 ut
924 3238 1043 3268 indicia
1057 3246 1166 3267 omnia
1190 3228 1385 3268 ostendunt,

376 3273 532 3330 swanus,
558 3289 726 3331 cujuspars
751 3283 879 3317 crassior
902 3292 935 3312 in
960 3279 1084 3313 sacculo
1106 3276 1248 3320 quodam
1267 3272 1385 3305 latebat

376 3323 460 3372 inter
471 3336 564 3378 cyitis
576 3334 701 3366 tunicas
724 3324 954 3370 comprehenso
968 3346 978 3362 ,
1002 3334 1071 3366 pars
1087 3331 1191 3354 autem
1206 3318 1305 3350 altera
1317 3326 1386 3348 cer-

376 3454 1170 3478 Μ

467 3528 552 3584 ἕλικ’...
564 3524 708 3579 §beinfield
723 3553 780 3577 ΟΜ.
797 3552 825 3574 de
842 3547 927 3577 Apopl.
947 3547 997 3570 hist.
1018 3555 1055 3574 13·
1071 3546 1096 3569 in
1114 3544 1193 3569 Schol.
1210 3552 1233 3567 n.
1253 3552 1275 3571 ς.

466 3598 481 3618 y
526 3588 578 3611 Ac‘i.
596 3588 628 3608 N.
647 3587 674 3607 C.
694 3586 808 3617 T‘Pm·—4·
828 3578 883 3604 obs.
905 3585 947 3605 14⁰

471 3619 483 3642 b
531 3617 590 3645 Epist
619 3621 691 3639 maie
710 3620 750 3638 cit.
769 3614 798 3636 ad
814 3610 931 3645 schrock.
982 3637 986 3640 ²

474 3658 484 3671 e
797 3638 1063 3671 (f;n29.infin.
1128 3636 1352 3665 (annqzo.

473 3686 480 3700 ζ

496 3644 513 3675 Δ)
534 3648 584 3670 Viti.
602 3655 626 3669 in
643 3646 733 3674 opusc.
1165 3667 1167 3669 ι
1202 3666 1206 3669 ι

743 3675 755 3702 ζ
772 3674 788 3697 k
805 3674 819 3701 )
834 3678 895 3700 apua
913 3668 1029 3693 Schenck.
1045 3667 1104 3691 Obs.
1121 3674 1138 3690 i.
1157 3671 1238 3694 iaepius
1253 3670 1293 3688 cit.

447 3709 461 3737 ζ
478 3678 686 3735 τη))ῃ’(ἶξ)(ιξ;ῃέῗὲ.
704 3706 766 3729 Litt.
785 3705 813 3727 A.
831 3709 897 3730 1734.
916 3699 977 3723 Tab.
996 3706 1018 3722 1.
1036 3699 1086 3726 Fig.
1104 3706 1125 3726 5.

445 3741 459 3767 ζ
476 3747 489 3767 q
508 3737 549 3766 Η.
567 3745 591 3760 2.
608 3738 633 3759 S.
654 3743 675 3760 1.
693 3735 750 3759 Obs.
766 3743 805 3763 74·
871 3734 878 3760 (
898 3738 909 3754 r
925 3730 934 3759 )
950 3732 968 3753 l.
984 3736 1004 3752 2.
1023 3731 1094 3752 Anat.
1114 3726 1218 3751 Praelest.
1237 3733 1275 3748 20.

771 3522 779 3549 (
798 3528 812 3550 q
828 3520 842 3547 )
859 3517 921 3547 apud
939 3516 1059 3540 Schenck.
1077 3514 1135 3539 obs.
1155 3521 1176 3538 i.
1196 3513 1238 3538 cit.
1256 3511 1323 3539 supra
1339 3510 1368 3534 ad
1384 3518 1410 3533 n.
1431 3516 1467 3543 ¹7:

1337 3541 1344 3568 s
1362 3549 1377 3563 u
1393 3542 1406 3569 )
1422 3538 1494 3568 Epist.
1512 3545 1549 3567 42.

1022 3582 1030 3603 (
1048 3585 1065 3604 z
1082 3577 1095 3604 )
1111 3575 1173 3603 Disp.
1193 3574 1220 3598 de
1237 3571 1376 3597 Cholelitho
1396 3571 1418 3600 §.
1438 3574 1460 3594 6.
1498 3599 1503 3603 .

993 3609 1005 3636 (
1022 3616 1032 3630 c
1048 3608 1060 3634 )
1078 3606 1176 3630 Zodiac.
1193 3604 1260 3629 Med.
1280 3602 1347 3626 Gall.
1363 3604 1393 3625 A.
1416 3609 1421 3624 i
1451 3602 1513 3628 May.
1530 3598 1589 3622 Obs.
1608 3601 1630 3621 6.

976 111 1132 167 Liber
1166 116 1246 162 111.
1286 111 1363 162 De
1397 106 1603 162 Morbis
1628 105 1841 159 Ventris

1386 189 1491 220 vicem
1515 184 1610 226 cystis
1622 185 1795 218 obturabat
1818 182 1909 224 (h).·
1932 191 2059 217 tantum
2080 182 2186 225 abest,
2211 193 2245 218 ut
2257 182 2382 218 omer:

1386 230 1582 264 vationeilla
1596 229 1741 269 pervinci
1752 251 1760 265 ,
1771 229 1896 261 credam
1912 249 1921 264 ‚
1946 227 2048 261 nullas
2060 229 2138 272 cysti
2152 228 2318 272 glandulas
2328 230 2387 262 ob-

1387 272 1508 315 tigisse.
1535 272 1577 304 Et
1588 271 1658 304 sane
1682 272 1721 304 ab
1730 269 1811 304 duro
1826 269 1984 313 ejusmodi
2002 272 2163 314 crassoque
2175 284 2309 315 corpore
2321 282 2386 305 non

1388 316 1489 360 potest
1511 316 1620 348 cervix
1643 315 1696 347 illa
1721 315 1889 352 obturari,
1914 314 1995 356 quin
2016 315 2074 347 alia
2098 314 2191 349 facile
2203 325 2386 359 premantur

1386 359 1482 401 cystis
1506 358 1687 391 actionibus
1712 357 1877 390 necessaria
1894 383 1902 396 ‚
1926 367 1981 390 aut
1994 359 2137 392 universa
2150 359 2213 400 ipsa
2226 360 2264 393 ab
2277 360 2389 391 irrita-

1393 406 1484 436 tione
1508 401 1538 434 se
1562 401 1590 434 se
1613 400 1804 439 contrahat,
1829 399 2013 444 &crispet3
2038 411 2072 434 ut
2084 404 2191 435 mirari
2206 402 2309 444 postea
2322 412 2388 434 non

1391 454 1567 487 oporteat,
1591 443 1613 477 fi
1636 444 1702 485 ejus
1716 444 1937 486 glandularum
1949 444 2083 477 secretio
2095 454 2148 478 aut
2159 445 2388 488 prohibeatur,

1392 498 1446 523 aut
1470 489 1603 523 vitietur
1618 512 1626 521 .
1648 489 1758 529 Atque
1780 487 1887 521 eadem
1910 487 2009 521 ferme
2033 501 2048 521 a
2073 488 2163 522 nobis
2186 488 2250 521 dici
2275 495 2389 530 putato

1390 533 1428 567 de
1452 534 1584 566 illorum
1594 542 1723 577 quoque
1737 531 1988 573 experimentis,
2011 532 2114 574 quiin
2140 533 2266 565 vivente
2291 533 2389 567 bestia

1388 576 1483 618 cystis
1507 585 1648 608 meatum
1672 575 1791 616 injecto
1816 575 1946 607 vinculo
1977 575 2233 609 constrinxerunt
2249 599 2256 608 .
2280 575 2389 617 Hujus

1389 620 1492 661 igitur
1515 618 1680 662 glandulas
1704 629 1767 650 non
1788 618 2080 652 comminiscuntur
2101 620 2287 651 Anatomici'
2305 643 2313 657 ‚
2338 619 2389 653 sed

1389 675 1427 701 ex
1450 666 1543 695 certis
1566 660 1741 704 agnoscunt
1765 660 2046 696 observationibus
2061 688 2069 703 ,
2091 662 2269 703 cujusmodi
2287 663 2390 704 plures

1389 706 1463 740 sunt
1487 718 1502 738 a
1526 706 1619 743 nobis
1632 703 1703 738 inl.
1718 704 1861 746 Epistola
1877 707 2071 740 Anatomica
2096 706 2157 745 (i)
2180 715 2366 738 memoratae
2382 730 2391 739 .

1390 750 1429 784 In
1442 761 1504 792 qua
1515 758 1619 781 tamen
1631 759 1694 781 non
1707 757 1833 781 tantum
1847 748 1967 790 aliquas
1982 773 1990 788 ‚
2004 750 2119 783 cervici
2127 750 2287 790 proximas
2300 749 2392 790 glan-

1390 794 1480 827 dulas
1492 791 1837 828 commernoravimus3
1862 791 1920 824 nisi
1931 790 2016 826 forte
2035 794 2101 827 Vir
2114 793 2237 825 Do-stus
2254 803 2325 833 quae
2341 793 2390 825 ibi

1391 836 1430 871 de
1453 835 1551 869 vesica
1577 836 1716 869 urinaria
1739 835 1879 868 diximus
1903 846 1991 869 num.
2017 847 2080 869 non
2096 837 2148 876 96.
2175 834 2224 869 sed
2247 839 2299 878 63.
2323 849 2356 869 ea
2379 858 2392 876 ,

1394 890 1429 914 ut
1454 879 1514 918 fit,
1537 880 1693 912 memoria
1719 878 1845 919 lapsus,
1870 878 1906 911 ad
1931 876 2016 912 fellis
2035 879 2209 914 vesiculam
2227 881 2364 913 attinere
2381 905 2393 922 ,

1391 925 1479 957 inter
1503 922 1707 956 scribendum
1731 919 1928 955 existimavit
1944 947 1951 954 .

1436 978 1485 999 22.
1511 967 1610 1000 Nunc
1634 964 1763 1007 quando
1785 967 1822 998 de
1847 965 2042 1007 cysticorum
2056 964 2250 999 calculorum
2265 968 2392 1009 magni-

1389 1010 1525 1049 tudine,
1548 1021 1700 1047 numero,
1727 1009 1851 1050 figura,
1876 1008 1944 1042 sede
1958 1011 2048 1050 plura
2064 1011 2234 1053 attigimus
2247 1022 2344 1053 quam
2359 1013 2394 1044 in

1388 1055 1496 1086 animo
1518 1053 1730 1090 habebamus,
1754 1051 1810 1097 etsi
1836 1064 1899 1085 non
1926 1063 2025 1095 pauca
2048 1054 2132 1086 inter
2154 1065 2188 1086 ea
2215 1053 2395 1095 scripsimus

1391 1108 1462 1138 quae
1488 1097 1526 1130 ad
1540 1097 1612 1129 illos
1623 1096 1882 1129 internoscendos
1893 1120 1903 1135 ,
1928 1107 2001 1129 curn
2015 1107 2068 1136 per
2083 1097 2189 1130 alvum
2201 1107 2370 1139 egeruntur
2384 1120 2396 1136 ‚

1393 1138 1452 1173 effe
1476 1138 1697 1181 possuntliaud
1722 1140 1875 1175 inutilia3
1899 1138 1966 1180 jam
1990 1139 2029 1173 de
2051 1142 2176 1174 caeteris
2199 1152 2270 1183 quae
2300 1141 2337 1175 ad
2361 1141 2395 1175 id

1396 1184 1500 1216 multo
1513 1183 1644 1216 utiliora
1656 1182 1821 1215 censentur
1833 1207 1841 1221 ,
1854 1182 2029 1222 strustura,
2044 1183 2171 1217 levitate
2183 1207 2191 1220 ,
2212 1187 2242 1216 &
2256 1185 2290 1217 ad
2305 1181 2399 1218 flam-

1394 1238 1479 1259 mam
1503 1227 1745 1267 concipiendam
1757 1226 1964 1267 proclivitate
1988 1227 2082 1259 verba
2095 1225 2249 1261 faciamus
2262 1253 2269 1260 .

1393 1268 1495 1313 Qod
1519 1269 1556 1303 ad
1580 1269 1772 1303 strufflurain
1785 1270 1902 1302 attinet
1917 1294 1925 1308 ‚
1949 1281 2064 1312 exquo
2089 1271 2314 1304 Kentmannus
2334 1272 2401 1312 (k)

1394 1314 1528 1351 docuit,
1551 1312 1610 1346 hos
1621 1313 1782 1351 calculos,
1807 1310 1827 1344 si
1853 1310 2000 1354 frangas,
2024 1315 2111 1347 intus
2123 1326 2272 1357 apparere
2291 1315 2398 1357 plenos

1396 1356 1529 1399 angustis
1552 1356 1677 1389 circulis
1695 1355 1729 1398 se
1753 1356 1886 1389 invicem
1908 1354 2141 1398 ambientibus,
2164 1358 2212 1390 ita
2235 1366 2271 1390 ur
2292 1358 2399 1391 videre

1389 1399 1433 1443 fir
1457 1399 1558 1432 cuivis
1565 1398 1678 1441 saltem
1703 1398 1802 1431 obiter
1823 1400 2021 1437 adrerrenti‚
2045 1402 2191 1442 quomodo
2203 1401 2405 1434 lentarum-

1390 1443 1475 1487 scosa
1499 1441 1572 1475 bilis
1595 1440 2066 1489 acentro-adusquesuperficiem
2079 1443 2186 1487 sensim
2199 1443 2399 1486 adhaerescens

1396 1486 1588 1522 accreverit,
1612 1496 1704 1517 nemo
1718 1485 1782 1518 iere
1793 1485 1903 1518 extitit
1916 1485 2021 1527 quide
2034 1498 2146 1520 eorum
2166 1487 2344 1525 struetura,
2370 1489 2403 1520 δε

1395 1528 1555 1564 crescendi
1569 1530 1666 1562 modo
1678 1528 1852 1561 sermonem
1865 1528 1982 1562 habens
1993 1555 2002 1568 ,
2026 1541 2092 1563 non
2107 1531 2319 1564 Kentmanno
2333 1530 2406 1564 asti-

1398 1575 1565 1616 pularetur
1576 1597 1584 1604 .
1600 1574 1701 1605 Erant
1715 1582 1822 1605 tamen
1837 1573 1942 1615 aliqua
1958 1595 1967 1610 ,
1983 1574 2093 1615 saepius
2105 1597 2114 1612 ‚
2141 1577 2171 1607 δι
2183 1575 2216 1606 in
2231 1575 2328 1608 variis
2339 1575 2407 1609 cal-

1399 1617 1481 1651 culis
1492 1617 1634 1659 repetitae
1647 1615 1881 1649 observationis
1893 1628 1952 1658 ope
1963 1618 2084 1658 partim
2095 1618 2284 1660 corrigenda
2299 1643 2307 1656 ‚
2335 1629 2406 1661 par-

1401 1662 1465 1695 tim
1489 1660 1652 1694 addenda.
1678 1659 1766 1693 Nam
1778 1660 1864 1700 quod
1889 1660 1920 1691 in
1944 1660 2165 1701 sectionibus,
2188 1662 2302 1695 circuli
2327 1673 2406 1695 con-

1402 1703 1537 1738 centrici
1548 1711 1731 1746 appareant,
1743 1712 1852 1736 verum
1866 1701 1923 1735 esse
1933 1702 1965 1736 id
1978 1703 2078 1745 potest
2091 1707 2122 1738 in
2136 1705 2282 1738 rotundis
2295 1705 2409 1739 calcu-

1402 1748 1463 1787 lis,
1482 1746 1546 1780 five
1569 1748 1592 1779 ii
1605 1745 1664 1780 fint
1677 1745 1844 1788 sphaerici‚
1870 1746 1933 1778 sive
1945 1748 2042 1779 etiam
2055 1757 2108 1780 aut
2133 1749 2327 1790 cylindrici,
2352 1757 2407 1782 aut

1405 1791 1511 1825 ovales
1525 1814 1534 1828 ‚
1559 1790 1657 1823 modo
1682 1791 1714 1822 in
1727 1788 1775 1823 his
1786 1788 1928 1832 utrisque
1940 1788 2039 1822 sectio
2064 1791 2102 1824 ad
2117 1792 2183 1824 axis
2198 1792 2409 1834 perpendicu-

1406 1836 1474 1869 lum
1497 1833 1575 1872 fiat,
1599 1843 1634 1867 ut
1655 1835 1687 1866 in
1703 1834 1848 1875 partibus
1858 1844 1989 1876 quoque
2002 1833 2119 1869 calculi
2134 1835 2410 1878 quaeliemisphae-

1407 1881 1448 1912 rii
1467 1900 1475 1915 ‚
1498 1879 1595 1917 coni,
1618 1887 1673 1910 aut
1697 1877 1840 1919 cylindri
1863 1877 1924 1909 sint
1957 1877 2086 1917 forma,
2110 1878 2408 1921 quemadmodum,

1405 1922 1541 1962 exempli
1555 1922 1658 1963 gratia
1670 1941 1680 1958 ‚
1705 1921 1738 1953 in
1751 1920 1864 1963 majori
1879 1920 1942 1952 illo
1965 1921 2052 1955 vides
2063 1922 2101 1955 de
2113 1921 2238 1956 duobus
2249 1934 2328 1963 quos
2339 1924 2414 1964 pin-

1404 1966 1455 2000 xit
1479 1965 1640 1998 Hirr-lanus
1661 1962 1737 2004 (l).
1762 1962 1947 2006 Angelosos
1960 1965 2413 1999 autemcalculossibifariam

1407 2011 1486 2043 seces
1501 2031 1511 2046 ‚
1532 2007 1627 2041 strata
1650 2008 1819 2049 exquibus
1842 2009 2096 2050 compinguntur
2120 2012 2281 2043 exteriora
2309 2022 2323 2041 a
2349 2010 2411 2043 cir*

1407 2053 1557 2087 culorum
1580 2051 1686 2085 forma
1699 2051 1794 2093 longe
1809 2051 1942 2089 abeant,
1969 2053 2086 2085 necesse
2099 2053 2168 2091 est,
2192 2055 2414 2095 quaeinterio-

1416 2108 1450 2131 ra
1462 2098 1601 2138 pariter,
1624 2104 1782 2137 quantum
1800 2094 1952 2128 haetenus
1976 2096 2070 2135 vidi,
2095 2097 2334 2131 imitabuntur:
2357 2108 2415 2130 nec

1416 2141 1480 2175 tibi
1492 2140 1584 2173 aliter
1596 2140 1669 2172 icon
1682 2138 1846 2178 ostendet,
1870 2139 1909 2170 ab
1920 2137 2032 2180 saepius
2045 2139 2174 2173 laudato
2189 2141 2322 2174 Trewio
2334 2143 2347 2180 (
2359 2140 2415 2181 m)

1418 2182 1603 2227 proposita.
1631 2184 1744 2224 Itaque
1759 2182 2010 2216 reffiuslocutos
2033 2183 2185 2217 existimo
2206 2185 2286 2226 qui,
2310 2184 2415 2226 figura

1413 2226 1526 2261 omissa
1539 2251 1547 2266 ,
1570 2225 1664 2261 strata
1674 2226 1777 2259 stratis
1788 2227 2017 2260 tantummodo
2028 2227 2176 2269 imposita
2187 2226 2394 2268 designarunt
2407 2248 2420 2266 ,

1414 2280 1450 2304 ut
1476 2270 1592 2303 Boscus
1618 2273 1706 2308 (n),
1730 2270 1785 2312 qui
1801 2269 1930 2302 cortices
1942 2278 2097 2302 concretos
2120 2270 2283 2311 unicuique
2298 2282 2335 2304 ex
2361 2283 2420 2303 no-

1414 2326 1484 2347 vem
1505 2313 1653 2350 calculis,
1675 2313 1927 2354 quemadmodum
1943 2312 2020 2354 sunt
2043 2323 2139 2354 ωερε,
2166 2312 2257 2347 fuisse
2272 2338 2282 2355 ,
2315 2314 2421 2351 dixit,

1413 2367 1449 2391 ut
1472 2356 1635 2390 Hildanus
1658 2357 1673 2397 (
1693 2356 1743 2397 o)
1767 2376 1776 2391 ‚
1810 2357 1866 2397 qui
1892 2355 1963 2389 suos
1982 2365 2038 2397 per
2071 2356 2205 2390 laminas
2241 2365 2421 2397 concretos,

1413 2404 1443 2432 ὃς
1467 2412 1505 2433 ne
1536 2401 1664 2441 longior
1694 2397 1773 2438 sim„
1809 2408 1846 2432 ut
1892 2399 2092 2442 Malpighius
2128 2403 2240 2441 (p),
2274 2403 2333 2443 qui
2371 2407 2422 2433 tot

1414 2443 1589 2477 involucris
1605 2442 1639 2484 sie
1655 2441 1689 2484 se
1713 2440 1960 2483 amplexantibus
1994 2440 2150 2484 conflari,
2173 2442 2294 2486 scripsit
2319 2455 2330 2481 3
2368 2444 2421 2476 lo-

1416 2498 1529 2525 cutos,
1551 2487 1703 2528 inquam,
1729 2485 1868 2523 sestius,
1896 2496 1994 2526 quam
2027 2487 2083 2527 qui
2107 2487 2146 2519 de
2168 2488 2328 2529 angulosis
2352 2498 2423 2520 ver-

1416 2530 1457 2562 ba
1482 2528 1657 2567 facientes,
1680 2529 1819 2561 circulos
1831 2527 1923 2560 nobis
1936 2538 2156 2563 memorarunt
2171 2551 2179 2567 ‚
2204 2532 2292 2573 quod
2318 2528 2424 2564 fecisse

1416 2575 1579 2607 ottonem
1612 2573 1815 2608 Heurnium,
1840 2582 1878 2604 ex
1914 2571 2123 2612 Sepulchreto
2144 2575 2209 2614 (q)
2233 2574 2424 2616 cognosce5‚

1419 2616 1648 2651 ubicalculum
1674 2615 1849 2649 describens
1866 2614 1969 2657 figura
1992 2616 2146 2657 triquetra
2180 2616 2213 2649 in
2231 2616 2426 2660 pyramidale

1413 2659 1577 2704 fastigium
1600 2658 1722 2700 extensa
1735 2682 1748 2699 ,
1771 2660 1803 2691 in
1818 2671 1854 2692 eo
1869 2657 2040 2702 apparuiffe
2056 2682 2066 2697 ,
2087 2660 2134 2692 air
2149 2685 2158 2698 ,
2182 2660 2315 2694 circulos
2327 2660 2427 2694 corti-

1421 2703 1525 2744 caler,
1541 2702 1604 2745 fibi
1625 2701 1805 2744 inficientes.
1939 2702 2054 2744 Neque
2074 2701 2141 2735 haec
2156 2705 2189 2735 in
2214 2704 2427 2738 Kentrnanno

1422 2749 1584 2790 corrigere
1595 2746 1668 2779 satis
1683 2746 1742 2779 est.
1758 2747 1808 2778 Ex
1818 2746 1916 2787 nigris
1927 2746 2012 2791 enim
2023 2746 2151 2779 calculis
2163 2755 2233 2780 tum
2246 2747 2407 2790 sphaericis
2419 2772 2429 2787 ,

1425 2802 1495 2823 rum
1520 2788 1677 2832 angulosis
1690 2812 1701 2828 ‚
1724 2791 1779 2831 qui
1795 2789 1877 2830 apud
1891 2801 1940 2822 me
1960 2789 2031 2822 sunt
2045 2813 2057 2829 ,
2081 2800 2163 2824 nunc
2176 2792 2319 2833 plerique
2333 2792 2428 2825 strata

1425 2834 1511 2867 nulla
1526 2832 1654 2875 prorsus
1664 2832 1836 2866 ostendunt
1851 2846 1858 2866 :
1874 2834 1927 2865 vix
1942 2833 2065 2874 aliqui,
2078 2845 2118 2866 ex
2130 2834 2289 2875 angulosis
2304 2834 2430 2868 firmio-

1427 2889 1493 2915 res,
1520 2878 1636 2910 habent
1649 2878 1805 2914 extimum
1819 2898 1828 2913 ‚
1853 2876 1948 2917 idque
1961 2875 2197 2917 suboscurum5
2222 2879 2341 2920 reliqua
2358 2878 2430 2912 sub-

1427 2922 1541 2955 stantia
1556 2919 1711 2962 ejusmodi
1725 2919 1785 2957 est,
1809 2929 1845 2953 ut
1859 2919 2033 2952 Veteribus
2047 2921 2233 2963 quicunque
2247 2926 2278 2954 in
2291 2921 2348 2955 hos
2362 2924 2431 2956 for-

1430 2975 1461 2997 te
1473 2965 1653 2998 inciderunt
1667 2988 1675 3002 ,
1686 2966 1715 2995 &
1728 2964 1920 3008 nominatim
1935 2962 2162 2998 Picolhomino
2174 2968 2186 3003 (
2200 2970 2236 3005 r)
2261 2965 2434 3007 indulgen-

1430 3009 1507 3041 dum
1533 3009 1570 3041 sit
1585 3030 1594 3044 ,
1617 3006 1749 3049 quodjn
1772 3005 1844 3048 cjsti
1866 3006 1957 3040 bilem
1973 3006 2127 3047 exustam,
2150 3007 2294 3042 carbonis
2317 3005 2431 3048 instar,

1432 3053 1464 3085 in
1486 3050 1620 3085 calculos
1636 3049 1799 3092 fiebnigros
1822 3050 1913 3088 <imo
1939 3052 2153 3091 nigerrimos,
2177 3052 2198 3085 si
2223 3052 2281 3085 hos
2305 3049 2433 3085 vidisset

1434 3106 1531 3134 meos,
1544 3106 1615 3127 vere
1625 3095 1729 3127 dicere
1742 3092 1917 3138 potuisset)
1933 3094 2092 3140 converti,
2116 3094 2298 3138 scripserit.
2323 3096 2432 3132 Quam

1435 3142 1561 3171 veniam
1586 3139 1619 3170 in
1655 3145 1744 3169 tanta
1767 3137 1874 3169 saeculi
1900 3137 1999 3177 hujus
2018 3138 2086 3169 luce
2110 3139 2279 3181 pervellem
2303 3140 2371 3171 dari
2394 3140 2434 3172 iis

1437 3180 1520 3225 posse
1546 3180 1746 3215 Dociiffimis
1771 3180 1913 3221 alioquin
1940 3181 2031 3214 Viris
2051 3182 2108 3222 qui
2132 3183 2252 3221 obliti,
2279 3182 2349 3224 post
2383 3191 2435 3214 tot

1438 3226 1592 3261 morbos,
1616 3225 1748 3256 immani
1774 3234 1846 3255 cum
1870 3224 1977 3257 calore
2000 3224 2191 3265 conjunctos
2217 3249 2225 3263 ‚
2258 3227 2363 3258 nullos
2396 3235 2433 3258 ut

1439 3270 1614 3311 plurimum
1639 3269 1671 3299 in
1697 3266 1775 3309 cysti
1792 3267 1919 3308 lapillos
1930 3265 2147 3309 deprehendi,
2173 3271 2321 3302 arbitrati
2338 3269 2409 3302 sunt
2427 3292 2437 3308 ‚

1438 3311 1594 3355 quosdam
1618 3312 1735 3344 horum
1760 3334 1767 3349 ‚
1804 3309 1868 3343 sine
1892 3311 1954 3343 ulla
1979 3310 2041 3342 bile
2065 3310 2151 3346 sorte
2173 3314 2342 3350 inventos,
2369 3323 2438 3345 ma-

2324 3366 2393 3398 gnae

1532 3505 1541 3534 (
1559 3515 1569 3531 r
1589 3506 1629 3536 Η.
1648 3514 1669 3535 3.
1688 3507 1711 3530 S.
1729 3513 1764 3533 14.
1786 3505 1843 3529 Obs.
1862 3514 1881 3535 ς.
1901 3506 1924 3535 §.
1940 3515 1964 3535 4.
2028 3504 2090 3535 (s)
2108 3505 2183 3534 Epist.
2201 3509 2273 3529 Anat.
2292 3511 2312 3528 1.
2329 3511 2352 3528 n.
2369 3511 2411 3536 43,

1613 3537 1626 3564 ί
1642 3546 1656 3559 x
1673 3537 1685 3565 >
1703 3537 1775 3565 Epist.
1791 3537 1819 3560 ad
1837 3537 1956 3560 Schrock.
1973 3536 2002 3559 de
2019 3544 2065 3564 qua
2083 3536 2148 3565 supra
2165 3545 2189 3559 n.
2209 3538 2244 3562 18.

1522 3569 1536 3597 ζ
1553 3575 1567 3590 a
1586 3568 1594 3598 )
1613 3567 1667 3591 vid..
1685 3567 1809 3596 Sepulchr.
1827 3569 1845 3590 1.
1865 3575 1886 3595 3·
1905 3570 1918 3590 S
1944 3574 1981 3590 21.
2000 3566 2058 3590 Obs.
2077 3576 2101 3595 4.
2121 3566 2144 3597 §.
2158 3574 2199 3591 u.

1695 3598 1709 3626 ζ
1723 3598 1738 3620 d
1755 3599 1768 3625 )
1784 3597 1849 3625 Epist
1876 3599 1946 3620 Anat.
1964 3605 1983 3620 i.
2002 3604 2024 3620 n.
2044 3601 2079 3620 τό.

1418 3633 1431 3659 ς
1448 3632 1462 3654 Ι)
1478 3637 1488 3658 >
1505 3628 1562 3653 Hiss.
1582 3629 1609 3651 de
1627 3629 1644 3652 l'
1658 3629 1730 3651 Acad.
1751 3630 1776 3651 R.
1795 3630 1834 3652 des
1853 3630 1890 3653 Sc.
1910 3632 1939 3652 Α.
1962 3635 2025 3656 ¹733-
2043 3621 2102 3651 blus.
2121 3628 2195 3650 Anat.
2215 3634 2237 3650 1.

2056 3688 2070 3717 (
2083 3694 2101 3718 ρ
2116 3686 2129 3714 )
2145 3688 2189 3715 Op.
2212 3687 2291 3711 rosia.

1357 3663 1369 3690 Q
1386 3662 1394 3684 l
1418 3673 1426 3692 J
1443 3660 1501 3684 Obs.
1520 3668 1557 3688 44.
1578 3660 1620 3683 cit.
1639 3658 1704 3688 supra
1721 3659 1748 3682 ad
1768 3667 1781 3679 n
1817 3667 1849 3686 iz).

1188 3710 1190 3718 i
1214 3704 1229 3718 n
1245 3695 1258 3723 >
1279 3696 1312 3718 De
1327 3693 1420 3716 Facult.
1438 3693 1511 3716 Anat.
1529 3689 1598 3714 Lee't.
1614 3696 1638 3713 2.

1701 3690 1715 3718 (
1731 3697 1742 3712 ο
1758 3689 1771 3717 )
1788 3688 1844 3712 Obs.
1861 3689 1933 3713 modo
1951 3688 1993 3712 cit.
