2498 4075
320 145 471 211 Epist.
507 145 668 197 Anat.
690 124 1120 215 'Medica‘xxu

104 223 304 267 vergentibus
336 223 472 257 scatebat
506 222 676 256 tuberculis
699 246 711 263 ‚
746 221 930 264 glandulosa
964 234 1099 265 corpora

108 267 351 300 mentientibus.
380 269 531 299 Praeterea
554 265 723 308 utriusque>
740 266 903 307 pulmonis
927 267 1098 309 superiores

108 309 176 344 lobi
211 309 368 352 superiore
392 310 457 351 ips-a
492 319 578 352 parte
600 310 680 342 vitia
703 309 763 342 alia
786 308 939 343 habebant
964 335 970 342 .
1010 311 1100 343 Nam

106 353 218 386 dexter
238 352 367 396 quidem
390 352 524 386 sternum
546 351 648 386 versus
672 377 681 393 ,
715 353 825 394 ingens
846 362 1031 387 excavatum
1054 353 1101 387 ul-

107 407 185 436 cus,
207 398 239 429 6<
262 397 297 429 in
321 395 328 418 ¹
367 407 383 429 c
407 396 604 438 purulentam
627 397 792 428 materiam
815 397 1031 437 continebat,·
1062 397 1100 429 si-

107 439 201 473 nister
222 449 295 472 vero
362 440 443 473 latus
467 438 591 479 versus,
611 437 724 473 duram
743 437 945 477 substantiam
966 439 1004 473 ad
1028 440 1100 481 pyri

107 482 238 524 majoris
271 482 528 524 magnitudinem
551 505 562 521 ,
603 493 673 523 quae
708 481 911 516 substantiam
956 483 1100 517 indurati

104 527 281 568 pancreatis
303 524 541 569 quodammodo
564 523 713 558 referebat
739 549 751 566 ,
784 526 816 558 in
839 526 964 570 ejusque
997 525 1104 559 medio

106 580 238 612 parvum
260 569 348 603 ulcus
371 592 382 609 ,
413 570 498 610 puris
523 568 650 610 plenum
676 592 681 599 .
717 569 826 602 Serum
859 570 892 602 in
929 569 1103 610 pericardio

105 624 265 655 paucum:
290 615 323 645 in
344 612 452 646 cordis
474 612 654 645 ventriculo
676 609 800 646 sinistro
823 614 938 654 exigua
962 613 1103 654 polypo-

106 657 137 689 sa
158 657 345 695 concretio5
368 656 401 687 in
424 655 554 687 dextero
579 653 769 694 mediocris,
792 655 882 697 cujus
908 655 1009 699 major
1032 666 1105 697 pro-

106 698 218 734 duffio
239 700 272 732 in
297 699 478 740 proximam
501 697 673 732 auriculam
695 698 906 734 inserebatur.

153 746 200 775 16.
226 741 386 775 VIRGO
409 752 505 775 annos
529 750 600 773 nata
623 750 761 784 quatuor
792 744 825 774 &
848 743 967 783 viginti
987 766 999 783 ,
1035 740 1104 784 post

107 786 235 828 sputum
259 784 463 825 sanguineum
488 784 556 818 tus-»⁷⁴1
578 793 710 819 vexatur
731 809 740 824 ‚
774 785 979 820 catarrhalem
1002 792 1102 818 mate-

107 831 188 864 riam
213 829 418 869 expediorat,
442 838 511 870 quae
536 827 695 861 noviffime
719 828 836 864 saniem
861 827 981 869 refert,
1004 827 1101 861 febri.

106 874 210 912 citat,
234 871 363 906 thorace
386 870 501 911 dolet,
535 883 551 903 a
574 869 692 904 sinistra
717 872 893 913 praesertim
917 882 1005 914 parte
1027 894 1035 908 ,
1068 872 1102 905 in

107 927 203 959 quarn
228 925 290 947 non
316 913 415 955 potest
438 913 647 955 decumbere,
672 923 744 948 toto
765 926 897 957 corpore
919 914 1068 950 macescit
1091 937 1105 955 ,

106 959 239 1001 pedibus
261 959 399 999 exceptis
422 959 478 1001 qui
504 958 599 990 ambo
630 957 781 991 nonnihil
805 967 929 993 tument
949 980 958 996 ‚
993 957 1105 991 dexter

106 1004 202 1035 etiam
225 999 407 1043 erysipelate
431 1001 593 1035 nonnullis
617 1010 688 1034 ante
711 1011 847 1037 mortem
870 1001 979 1037 diebus
1002 1010 1104 1035 tenta-

105 1054 160 1080 tur
185 1069 192 1078 .
330 1045 576 1078 THORACIS
612 1043 769 1082 sinistrum
800 1056 914 1081 cavum
947 1045 1104 1086 repletum

106 1088 175 1122 sero
197 1088 358 1124 invenitur
382 1110 392 1127 ,
427 1086 642 1130 portiunculis
674 1090 816 1123 concreti
841 1087 1000 1130 sanguinis
1030 1088 1104 1131 qui-

103 1131 235 1166 busdam
258 1132 292 1164 in
316 1132 416 1167 loeis,
442 1141 511 1164 tum
538 1131 652 1170 pleurae
676 1155 686 1170 ,
709 1141 778 1165 tum
802 1130 914 1164 infimo
940 1132 1104 1174 pulmonis

104 1176 209 1209 limbo
232 1173 465 1208 adhaerentibus
488 1200 494 1206 .
531 1175 591 1207 Illa
614 1175 752 1210 multum
776 1174 906 1213 rubebat
933 1186 995 1210 non
1021 1186 1105 1208 iecus

103 1230 140 1252 ac
163 1217 184 1253 fi
208 1216 409 1253 inflammata
433 1216 524 1251 esset.
550 1218 617 1250 Hic
641 1229 768 1261 quoque
793 1241 806 1259 ,
827 1228 863 1253 ut
884 1218 1105 1254 inflammatus

105 1263 220 1305 pulmo
244 1261 323 1297 solet
345 1284 354 1298 ‚
389 1260 479 1296 valde
501 1259 686 1295 induruerat
705 1286 712 1293 .
751 1263 876 1296 Cavum
899 1272 1004 1295 autem
1027 1262 1108 1295 alte-.-

103 1317 176 1339 rum
199 1305 256 1340 seri
280 1303 410 1348 quidem
434 1315 567 1346 parum,
591 1308 622 1340 δέ
648 1305 788 1346 pleuram
813 1305 917 1342 sanam
941 1305 1073 1339 habebat
1097 1330 1106 1338 .

105 1349 164 1383 Sed
187 1348 254 1393 ejus
279 1349 390 1391 pulmo
412 1371 423 1388 ,
445 1359 507 1391 qua
530 1347 718 1383 claviculam
744 1348 902 1391 spe&abat
922 1373 938 1388 ,f
964 1349 1107 1392 aliquan-

104 1403 174 1426 tum
198 1392 294 1426 durus
319 1416 329 1431 ‚
361 1393 394 1424 in
419 1390 550 1425 duritiei
586 1389 679 1433 hujus
702 1402 815 1424 centro
839 1393 928 1426 ulcus
960 1391 1106 1424 reconde.

103 1436 176 1469 bat.
204 1434 418 1471 Pericardium
452 1436 508 1467 vix
533 1434 663 1476 aliquod
690 1434 735 1467 sni
769 1435 914 1469 humoris
938 1435 1108 1477 vestigium

102 1479 268 1515 ostendit.
302 1479 422 1515 Cordis
455 1478 625 1514 ventriculi
660 1489 748 1513 erant
772 1488 925 1513 concreto
956 1479 1108 1522 sanguine

107 1523 244 1559 omnino
268 1523 373 1565 pleni.

153 1578 202 1608 17.
227 1565 351 1602 Omissa
378 1564 697 1606 Pleuripneumonia,
719 1577 789 1607 quae
813 1564 971 1599 novissime
993 1565 1026 1598 in
1052 1564 1111 1598 hac

103 1610 243 1653 Virgine
267 1608 305 1643 ad
329 1607 484 1650 phthisim
509 1607 634 1642 videtur
658 1606 820 1644 acceffisse.
844 1606 969 1646 eidem,
995 1618 1029 1641 ac
1045 1609 1108 1641 Vi-

103 1664 142 1686 ro
163 1657 177 1693 (
200 1664 219 1688 u
242 1657 255 1693 )
275 1662 447 1687 commune
470 1649 533 1685 fuit
557 1660 628 1685 tum
651 1650 745 1693 pedes
768 1650 912 1685 tumidos
937 1649 1079 1685 habuisse
1097 1677 1105 1690 ‚

104 1706 174 1730 tum
199 1694 310 1738 aquam
333 1696 366 1727 in
392 1694 547 1730 thorace;
583 1705 657 1728 cum
681 1695 846 1729 Meretrici
871 1700 881 1734 (
904 1705 926 1731 x
947 1699 961 1735 >
984 1706 1017 1729 ut
1044 1695 1110 1728 haec

104 1739 208 1776 abfuit
227 1762 239 1778 ‚
268 1737 310 1771 sic
333 1737 389 1770 ille
421 1748 549 1779 quoque
581 1736 718 1774 defuerit
741 1744 850 1771 tumor
875 1763 883 1771 .
925 1738 980 1772 Est
1004 1747 1110 1771 autem

105 1784 238 1826 antiqua
259 1781 389 1816 Coiteri
415 1779 618 1820 observatio,
644 1780 698 1817 hic
721 1782 819 1815 etiam
843 1782 876 1814 in
901 1780 1112 1824 Sepulchreto

104 1830 118 1865 (
139 1837 162 1869 y
184 1830 197 1867 )
217 1823 346 1859 laudata
366 1847 378 1864 ,
409 1834 498 1867 aquae
522 1825 556 1856 in
580 1823 818 1866 phthisicorum
845 1825 1011 1859 thoracem
1034 1823 1131 1860 effu--

103 1869 165 1903 sae:
188 1879 370 1912 quanquam
393 1866 427 1902 id
450 1866 539 1913 quod
551 1867 621 1908 ait,
644 1867 672 1901 se
694 1866 985 1902 effusaminveniffe
1008 1867 1114 1903 adex-

106 1913 190 1953 πίε,
212 1910 300 1955 quod
324 1912 409 1947 latus
433 1912 549 1956 maiori
575 1921 612 1945 ex
631 1919 724 1953 parte
757 1910 807 1946 his
830 1912 925 1948 malis
948 1912 1115 1945 obnoxium

100 1956 167 2000 fit,
192 1954 248 1991 etfi
274 1954 445 1990 secundum
468 1964 533 1995 ejus
556 1953 766 1996 inspeetiones
789 1954 874 1988 haud
905 1955 1011 1989 minus
1043 1966 1115 1989 vere

104 1999 229 2035 dietum
253 1998 317 2039 est,
341 2008 437 2041 quam
461 1997 496 2029 in
520 1997 630 2030 eadem
655 1997 856 2040 Sepulchreti
881 2000 996 2040 pagina
1018 2001 1032 2038 (
1056 2010 1080 2042 z
1102 2002 1117 2039 )

110 2055 124 2075 a
151 2041 272 2078 Bomio
289 2065 299 2083 ‚
332 2051 488 2082 nunquam
505 2039 662 2084 finzstrum
697 2042 861 2084 pulmonis
883 2040 985 2078 lobum
1014 2040 1117 2083 solum

106 2087 256 2123 adnutum
281 2083 376 2122 costis
394 2085 429 2126 se
450 2081 558 2126 vidiffie
584 2105 593 2121 ‚
610 2082 665 2129 fid
684 2083 738 2118 νεί
758 2093 925 2127 utrumque
934 2108 948 2126 ‚
968 2085 1024 2119 νεῖ
1042 2085 1115 2118 dex-

106 2136 213 2170 trum;
237 2138 344 2164 tamen
368 2126 524 2172 ejusmodi
551 2138 598 2162 res
620 2128 719 2163 etiam
740 2137 851 2161 contra
877 2139 911 2161 ac
934 2127 1009 2169 ipsis
1033 2129 1115 2159 acci-

108 2171 182 2212 dit,
205 2183 307 2215 neque
331 2173 377 2207 ita
400 2180 473 2206 raro
493 2193 505 2210 ,
538 2170 576 2202 ab
599 2169 670 2203 aliis
694 2170 874 2212 speetantur
897 2196 903 2202 .
939 2172 991 2203 Sic
1015 2173 1115 2213 etiam

106 2214 179 2249 casu
201 2214 325 2251 faustum
347 2213 480 2253 credes,
501 2222 537 2248 ut
561 2211 719 2248 Valsalvae
741 2214 918 2254 contigerit
942 2215 975 2245 in
1022 2211 1114 2246 hthi-

107 2258 178 2293 sicis
212 2258 249 2295 ad
273 2257 355 2291 illud
389 2256 487 2298 usque
511 2265 635 2298 tempus
668 2258 681 2295 (
702 2268 721 2289 a
743 2259 756 2298 )
790 2255 927 2292 dissectis
951 2257 987 2289 1ae
1003 2267 1111 2289 ionem

107 2302 298 2344 pulmonum
330 2301 524 2342 praecipuam
559 2300 592 2331 in
619 2298 779 2339 superiore
800 2309 889 2343 parte
912 2303 926 2339 (
948 2299 1003 2332 ubi
1026 2309 1111 2333 certe

107 2346 141 2377 in
164 2344 268 2379 tribus
289 2343 454 2386 descriptis
485 2341 585 2375 modo
607 2342 809 2379 cadaveribus
841 2341 905 2376 fuit
929 2353 992 2374 non
1026 2341 1111 2376 secus

106 2398 142 2422 ac
165 2389 199 2420 in
222 2388 286 2421 alio
310 2387 348 2422 de
369 2397 435 2429 quo
457 2387 511 2420 Cl.
535 2386 687 2427 Hoyerus
712 2388 722 2424 (
745 2384 764 2418 b
785 2390 799 2426 )
822 2389 835 2425 )
857 2384 1113 2427 deprehendere;

107 2430 165 2465 nili
190 2429 276 2465 forte
299 2429 400 2472 major
425 2440 441 2461 a
475 2428 562 2471 septo
587 2427 781 2461 Transverso
803 2452 815 2469 ‚
848 2431 879 2461 δε
903 2427 1112 2464 inferioribus

106 2473 221 2513 costis,
247 2477 279 2508 ὃ(
301 2473 389 2516 quod
411 2471 616 2517 consequitur
636 2494 649 2512 ‚
682 2482 697 2504 a
722 2470 837 2516 majori
862 2473 1039 2514 agitatione
1062 2472 1112 2505 di-

110 2518 221 2554 stantia
245 2516 324 2555 facit
351 2539 362 2556 ,
396 2524 432 2550 ut
458 2516 492 2548 in
516 2514 635 2550 summa
659 2515 848 2556 pulmonum
872 2524 959 2557 parte
982 2514 1111 2549 facilius

107 2562 273 2603 aliquanto
295 2560 435 2594 haereant
457 2570 527 2601 quae
554 2558 613 2591 hos
634 2557 760 2591 demum
785 2559 965 2594 exulcerant
990 2583 996 2588 .
1023 2560 1112 2592 Nam

106 2605 268 2641 tubercula
291 2601 445 2644 quidem,
470 2600 551 2639 unde
574 2612 637 2637 non
661 2601 840 2645 infrequens
864 2601 1001 2644 phthisis
1024 2612 1117 2638 ortus

108 2647 277 2683 secundum
302 2644 460 2681 Francisci
485 2645 587 2688 Sylvii
623 2649 633 2688 (
656 2657 672 2678 c
695 2649 705 2684 )
741 2648 773 2679 &
798 2646 933 2682 aliorum
969 2644 1116 2680 observa-

107 2695 210 2726 tiones
227 2715 237 2730 ,
262 2690 421 2724 tubercula
437 2712 449 2729 ‚
471 2689 621 2731 inquam,
644 2698 680 2722 ut
704 2689 738 2722 in
761 2690 868 2730 Viro,
890 2692 922 2722 δε
945 2690 1116 2723 Meretrice

108 2733 366 2769 animadverteris
389 2757 399 2773 ,
430 2731 472 2768 fic
496 2733 529 2767 in
552 2733 624 2765 aliis
649 2732 726 2775 saepe
749 2733 783 2765 in
805 2735 916 2776 quavis
937 2733 1115 2776 promiscue

109 2779 297 2821 pulmonum
322 2786 408 2819 parte
432 2777 632 2821 reperiuntur
653 2800 660 2807 .
687 2777 733 2809 Et
755 2778 900 2819 quamvis
924 2777 958 2809 in
981 2787 1081 2819 puero
1103 2801 1115 2818 ‚

109 2821 201 2864 cujus
226 2819 386 2860 sororem,
409 2818 600 2862 fratremque
623 2818 760 2861 phthifis
781 2819 965 2858 sustulerat,
991 2819 1115 2853 Valsal-

109 2877 146 2897 va
169 2867 183 2903 (
204 2864 223 2896 d
245 2867 258 2903 )
281 2864 437 2898 invenerit
468 2864 502 2896 in
527 2863 684 2909 superiore
707 2863 897 2906 pulmonum
929 2873 1017 2908 parte
1036 2877 1045 2902 3
1081 2865 1116 2898 in

110 2908 250 2949 Virgine
283 2917 389 2942 tamen
418 2906 554 2949 quadam
577 2929 586 2944 ‚
621 2917 710 2948 cujus
752 2905 920 2940 historiam
958 2909 1116 2941 continuo

114 2949 281 2993 subjiciam
303 2973 315 2990 ‚
337 2961 375 2983 ne
394 2949 462 2992 ipse
484 2949 616 2993 quidem
638 2959 757 2985 certam
779 2951 812 2983 in
837 2950 987 2993 pulmone
1011 2949 1114 2984 sedem

111 2993 288 3028 tuberculis
311 2990 424 3032 fuisse,
447 2992 616 3035 prodidit,
638 3002 675 3030 ut
699 3004 798 3035 neque
820 2994 854 3026 in
865 2993 1113 3028 Adolescentulo

112 3038 150 3072 de
172 3049 238 3081 quo
260 3035 350 3078 supra
372 3039 385 3074 (
407 3046 422 3069 e
444 3039 457 3075 )
478 3035 602 3070 dietum
627 3036 669 3072 est
688 3049 699 3076 3
721 3037 872 3070 Mulieris
896 3047 1002 3071 autem
1020 3061 1033 3078 ,
1055 3049 1113 3071 cu-

110 3080 161 3124 jus
185 3079 228 3117 est
251 3080 328 3112 alibi
351 3077 410 3121 (f)
431 3078 545 3121 scripta
568 3078 735 3120 disseffio,
760 3080 1111 3124 pulmonemsinistrum

112 3125 163 3159 hic
186 3123 253 3160 illic
276 3134 369 3166 parva
403 3122 563 3156 tubercula
586 3125 803 3160 continentem
826 3123 911 3158 vidit
930 3147 942 3164 ,
975 3136 1114 3168 quorum

112 3167 265 3202 nonnulla
288 3174 377 3200 erant
399 3164 585 3209 suppurata.

160 3210 212 3243 18.
235 3209 393 3246 VIRGO
417 3219 455 3243 ex
478 3220 590 3251 pavore
623 3210 741 3245 incidit
762 3213 796 3247 in
819 3212 937 3246 febrem
959 3212 1076 3249 lentam
1101 3235 1111 3251 ,

113 3265 187 3289 cum
209 3252 320 3289 dolore
344 3251 383 3285 ad
405 3252 515 3295 perstus
536 3277 544 3284 .
581 3254 748 3288 Parotides
766 3279 779 3297 ‚
801 3258 834 3290 ὃ(
857 3255 934 3289 colli
958 3255 1055 3289 ferme
1076 3268 1112 3288 o.

114 3307 200 3333 mnes
221 3295 379 3338 glandulae
401 3295 565 3332 tumebant
579 3321 587 3332 -.
611 3298 774 3333 Moritur.
909 3300 1114 3335 VENTER

114 3352 203 3383 aquae
227 3338 366 3386 limpidae
390 3339 588 3386 aliquantum
608 3343 793 3377 continebat
811 3367 820 3375 .
855 3344 1034 3377 Omentum
1059 3354 1115 3385 per

114 3383 267 3428 quaedaut
296 3394 389 3430 parva
412 3382 499 3425 quasi
530 3384 700 3426 ligamenta
731 3398 805 3421 cum
839 3386 1051 3427 mesenterio,
1082 3390 1115 3421 δε

115 3429 292 3473 peritonaeo
316 3426 518 3462 metebatur.
541 3427 644 3463 Erant
668 3430 717 3464 hae
741 3441 804 3464 tres
826 3429 957 3471 Partes,
980 3434 1012 3464 &
1036 3442 1114 3473 prae-

1141 145 1355 198 Art.16.
1384 161 1456 207 ¹7·
1484 143 1558 196 18.
1589 161 1658 209 ¹9-
1691 146 1745 197 ὅ(
1781 160 1858 196 20.
1992 161 2088 208 229

1147 229 1234 255 terea
1257 221 1503 262 intestinorum,
1527 222 1609 256 uteri
1630 244 1643 261 ‚
1665 223 1697 254 δέ
1720 219 1825 255 felleae
1842 245 1854 261 ‚
1887 230 1981 264 atque
2003 220 2153 254 urinariae

1149 264 1256 299 vesicae
1280 262 1458 305 superficies
1484 263 1764 306 protuberantibus
1790 290 1798 303 ,
1822 263 2024 307 disjeetisque
2045 263 2151 305 paffim

1150 307 1338 351 corporibus
1362 308 1549 350 inaequales,
1574 307 1670 340 varice
1694 305 1826 348 sigurae,
1849 311 1880 340 δε
1896 305 2151 349 magnitudinis,

1151 351 1191 386 fic
1225 361 1330 383 tamen
1353 359 1388 384 ut
1421 362 1474 393 per
1496 351 1616 384 omenti
1649 350 1779 392 quidem
1800 351 1994 393 superiorem
2029 358 2153 390 partem

1150 392 1245 429 essent
1270 395 1392 427 minora
1414 416 1422 430 ‚
1455 405 1509 436 per
1532 393 1717 428 inferiorern
1739 401 1844 427 autem
1869 394 1973 428 multo
1997 391 2116 435 majora
2141 414 2153 430 ,

1151 441 1183 472 δε
1208 445 1354 478 praeterea
1376 436 1518 471 conferta
1555 446 1650 479 atque
1673 437 1755 470 inter
1778 435 1806 470 se
1827 436 2048 479 contingentia
2072 461 2080 467 .
2115 436 2159 466 In

1151 479 1276 515 sinistro
1300 480 1453 522 pulmone
1476 489 1546 513 tum
1569 480 1659 514 ulcus
1682 488 1773 519 erat,
1798 481 1830 513 &
1852 479 1946 515 ichor
1968 481 2002 512 in
2019 478 2082 513 hoc
2106 476 2154 510 sa-

1154 524 1282 561 niosus,
1305 531 1374 556 tum
1398 532 1545 564 praeterea
1568 534 1699 565 corpora
1723 520 1878 565 ejusmodi
1901 523 2008 565 qualia
2030 523 2064 555 in
2089 531 2156 553 me-

1154 567 1290 602 senterio
1310 591 1319 606 ‚
1351 568 1383 598 &
1409 566 1479 599 aliis
1501 568 1619 601 ventris
1643 566 1785 608 partibus
1807 589 1813 595 .
1847 567 1971 599 Eorum
2004 564 2157 597 nonnulla

1155 622 1212 652 pus
1233 633 1245 649 ,
1276 608 1420 652 quaedam
1443 611 1613 645 materiam
1645 609 1733 652 quasi
1758 608 1857 651 pultis
1894 607 1989 642 instar
2011 609 2158 640 contine-

1153 654 1249 691 bant,
1273 654 1333 685 alia
1356 661 1462 686 autern
1486 651 1589 686 adhuc
1612 651 1766 686 solidiora
1787 676 1799 692 ,
1828 651 1913 697 quasi
1937 651 2161 694 glandularum

1154 696 1437 738 conglobatarum
1459 705 1603 731 naturam
1628 695 1820 730 referebant.
1899 705 1901 707 ·

1202 751 1249 780 19.
1275 740 1374 772 Rene
1406 739 1583 773 Mor-tonus
1612 742 1666 781 (g
1690 741 1704 780 )
1739 738 1965 773 animadvertit
1987 760 1997 775 ,
2042 738 2159 771 m'irum

1154 793 1214 815 non
1236 782 1315 826 effe,
1331 782 1358 822 fi
1375 781 1566 824 fi·rophulosi
1590 805 1602 822 ,
1634 783 1688 822 qui
1712 781 1887 815 tumoribus
1914 780 2101 824 glandulosis
2124 781 2157 812 in

1152 825 1225 859 aliis
1245 825 1390 867 partibus
1409 821 1591 866 frequenter
1612 824 1737 858 obnoxii
1752 825 1827 867 sunt
1853 848 1865 865 ,
1889 835 1948 857 non
1971 835 2040 857 raro
2063 823 2160 857 etiam

1154 867 1303 910 ejusmodi
1326 867 1497 902 tuberculis
1520 867 1571 902 vel
1595 869 1626 901 in
1648 867 1721 910 ipsis
1738 867 1939 910 pulmonibus
1962 866 2163 911 afficiantur:-

1154 914 1232 954 quin
1257 912 1353 947 etiam
1378 911 1516 952 phthisis
1543 910 1753 953 scrophulosae
1777 910 1975 953 certz'ffimum
1998 907 2163 952 diagnosti-

1155 965 1225 990 cum
1241 954 1425 996 sumendum
1446 952 1502 997 effe
1524 965 1553 987 a.
1567 952 1740 987 tumoribus
1759 952 1948 997 glandulofis
1980 955 2011 987 in
2035 960 2162 986 externo

1155 998 1264 1032 habitu
1296 997 1435 1039 corporis
1458 1008 1525 1031 eam
1559 996 1783 1031 comitantibus
1805 1021 1812 1028 .
1848 998 1957 1038 Qam
1979 1008 2040 1039 ego
2063 996 2164 1029 ratio·-

1155 1052 1245 1082 nem,
1269 1043 1301 1073 &
1325 1039 1442 1080 dogma
1458 1063 1470 1080 ,
1495 1041 1634 1075 aliorum
1657 1052 1810 1082 quoque,
1832 1042 1863 1073 δε
1885 1043 1919 1073 in
1943 1040 1993 1074 his
2009 1039 2063 1073 Cl.
2079 1040 2164 1072 Lau-

1154 1085 1202 1118 bii
1225 1089 1235 1124 (
1260 1083 1280 1117 h
1301 1087 1314 1124 )
1336 1082 1551 1117 observatione
1575 1081 1781 1115 confirmante
1803 1105 1812 1119 ‚
1837 1082 1984 1123 secutus,
2006 1084 2040 1115 in
2074 1081 2164 1123 juve-

1157 1141 1193 1162 ne
1217 1125 1401 1166 Monacha,
1426 1125 1514 1167 cujus
1539 1125 1685 1158 videbam
1705 1126 1827 1159 collum
1847 1128 1893 1160 ita
1915 1125 2167 1168 glandulisinae-

1155 1173 1271 1216 quale,
1296 1180 1331 1203 ut
1355 1171 1388 1202 iu
1412 1170 1551 1212 Virgine
1576 1168 1733 1202 Valsalvae
1756 1179 1820 1201 erat
1840 1192 1853 1209 ,
1875 1180 1951 1204 cum
1974 1170 2107 1211 gravia,
2127 1175 2165 1200 ut

1158 1218 1192 1249 in
1217 1212 1339 1257 phthisi
1358 1237 1371 1253 ,
1404 1212 1548 1247 thoracis
1574 1211 1777 1247 incommoda
1806 1213 2013 1254 pulmonibus
2047 1210 2166 1245 adscri-

1157 1260 1264 1292 berem
1287 1268 1368 1300 quos
1392 1267 1455 1291 non
1479 1254 1636 1291 absimiles
1658 1264 1801 1289 tumores
1825 1255 1920 1289 facile
1943 1263 2137 1297 occuparent
2152 1276 2163 1292 ,

1159 1300 1334 1345 praesertim
1366 1311 1439 1334 cum
1464 1300 1544 1332 alios
1576 1297 1608 1334 in
1632 1309 1738 1331 ventre
1772 1310 1901 1343 quoque
1926 1299 2132 1342 persentirem
2156 1309 2168 1335 5

1161 1346 1227 1389 ejus
1250 1342 1431 1378 Generosus
1457 1345 1571 1375 Parens
1584 1341 1750 1385 postquam
1773 1354 1874 1378 meam
1887 1342 2011 1378 audivit
2035 1341 2168 1386 opinio-

1162 1400 1256 1428 nem,
1280 1388 1377 1423 nimis
1401 1398 1471 1420 vera
1492 1411 1504 1427 ,
1537 1387 1646 1429 inquit
1669 1410 1682 1426 ,
1704 1387 1832 1428 opinari
1856 1395 1887 1423 te
1907 1410 1919 1427 ,
1951 1385 2046 1422 credo
2069 1409 2081 1425 ‚
2111 1384 2170 1429 qui

1161 1433 1327 1475 puellam,
1349 1430 1444 1475 hujus
1469 1429 1605 1464 sororem
1620 1452 1627 1465 ‚
1653 1429 1780 1471 paribus
1804 1429 2021 1464 incommodis
2045 1428 2172 1463 absum-

1161 1486 1271 1518 ptam.
1294 1486 1369 1508 cum
1392 1473 1582 1513 amisissem,
1604 1472 1739 1520 ejusque<
1754 1474 1918 1520 pulmones
1940 1472 2081 1515 inspici,
2107 1471 2172 1514 jus.

1162 1518 1281 1556 fiffem,
1305 1518 1480 1553 tuberculis
1504 1516 1558 1550 hic
1582 1516 1651 1549 illic
1674 1515 1794 1550 obsitos
1818 1515 1934 1556 fuisle,
1956 1517 2134 1558 acceperim
2161 1541 2169 1548 .

1162 1563 1223 1597 Ille
1247 1562 1332 1598 idem
1357 1563 1503 1604 Scriptor
1523 1584 1536 1600 ,
1569 1569 1605 1593 ut
1632 1559 1711 1600 saepe
1733 1583 1745 1599 ,
1778 1563 1810 1593 δε
1836 1559 1945 1601 paffim
1977 1561 2011 1592 in
2045 1559 2173 1593 cundiis

1162 1605 1398 1648 phthisicorurn
1421 1604 1610 1646 pulmonum
1635 1602 1781 1644 partibus
1792 1602 1956 1639 tubercula
1979 1600 2175 1642 offenderit,

1162 1648 1228 1691 ejus
1251 1649 1414 1684 ostendent
1436 1646 1683 1680 Observationes
1709 1671 1717 1686 ‚
1740 1657 1811 1689 quae
1835 1647 1870 1682 in
1893 1645 2105 1690 Sepulchreto
2128 1655 2176 1678 et-

1164 1694 1229 1725 iam
1252 1695 1265 1731 (
1287 1692 1333 1733 i)
1357 1699 1467 1723 extant
1491 1714 1498 1720 .
1533 1691 1655 1723 Earum
1680 1700 1741 1722 una
1773 1691 1787 1729 (
1810 1689 1828 1731 l<
1849 1693 1862 1730 )
1886 1691 2051 1733 triplicem
2074 1699 2175 1722 mate-

1166 1738 1221 1769 riae
1243 1760 1253 1775 ,
1286 1736 1327 1768 iis
1359 1734 1532 1769 tuberculis
1564 1731 1801 1775 comprehensae
1822 1757 1834 1773 ,
1867 1736 2051 1767 varietatem
2083 1743 2176 1766 com-

1165 1778 1342 1818 monstrat,
1366 1789 1439 1811 cum
1465 1778 1525 1810 alia
1549 1788 1645 1819 pure,
1669 1777 1731 1809 alia
1755 1775 1925 1810 substantia
1950 1778 2084 1817 mellea,
2108 1776 2176 1819 ple-

1164 1834 1260 1864 raque
1284 1832 1390 1857 autem
1405 1845 1418 1861 ‚
1441 1823 1473 1854 δε
1497 1820 1565 1854 haec
1588 1818 1720 1863 quidem
1745 1820 1892 1861 minora,
1916 1823 2046 1855 materia
2062 1820 2177 1854 steato-

1167 1866 1289 1899 matosa
1311 1863 1425 1898 referta
1450 1863 1581 1900 exhibet
1600 1889 1609 1903 ‚
1635 1861 1815 1905 cujusmodi
1839 1863 1968 1898 fortasse
1991 1874 2057 1898 erat
2080 1875 2177 1906 quam

1167 1909 1314 1943 Valsalva
1339 1910 1372 1941 in
1396 1907 1565 1942 tuberculo
1587 1907 1758 1953 grandiore
1770 1906 1854 1942 vidit
1877 1909 1965 1942 illius
1979 1909 2096 1951 pueri,
2120 1919 2176 1941 cu-

1168 1953 1218 1996 jus
1241 1953 1338 1995 paulo
1361 1961 1431 1984 ante
1455 1954 1465 1989 (
1490 1951 1501 1984 l
1525 1955 1535 1991 )
1559 1951 1676 1993 inJeEta
1699 1949 1741 1983 est
1757 1952 1899 1991 mentio,
1925 1952 2179 1986 reserentemco-

1169 1997 1236 2028 lore
1257 2020 1270 2035 ,
1303 1999 1335 2028 &
1360 1993 1500 2030 mollitie
1535 1993 1741 2028 substantiam
1779 1994 1902 2029 cerebri
1935 1995 2141 2031 medullarem
2167 2020 2174 2027 .

1170 2040 1230 2073 Sed
1255 2042 1285 2072 δε
1310 2039 1371 2074 alia
1395 2038 1564 2072 continent
1589 2037 1785 2080 aliquando,
1807 2047 1844 2073 ut
1869 2048 1945 2081 puta
1956 2051 1971 2079 3.
1992 2051 2030 2073 ne
2044 2040 2175 2082 longius

1171 2094 1188 2116 a
1219 2081 1383 2124 proposita
1417 2081 1574 2116 Valsalvae
1608 2082 1745 2125 Virgine
1779 2081 1924 2116 abeamus
1956 2096 1967 2122 5
2008 2085 2178 2117 materiam

1170 2123 1255 2168 qua-si
1282 2125 1381 2167 pultis
1404 2124 1519 2159 instar.
1545 2126 1667 2167 Verum
1689 2124 1756 2159 haec
1777 2148 1785 2163 ,
1820 2135 1874 2159 aut
1898 2127 1959 2161 alia
1985 2138 2046 2169 pro
2068 2127 2178 2161 causa-

1169 2179 1266 2208 rum,
1289 2171 1320 2201 δι
1342 2179 1516 2211 corporum
1539 2169 1715 2211 varietate,
1739 2170 1773 2203 in
1797 2168 1982 2212 progressu3
2006 2177 2096 2204 antea
2121 2183 2179 2205 au-

1166 2221 1233 2244 tern
1253 2234 1262 2248 ‚
1295 2221 1330 2244 ut
1355 2211 1404 2246 vel
1427 2222 1466 2244 ex
1489 2211 1555 2254 ejus
1579 2212 1729 2254 Virginis
1762 2213 1959 2254 inl‘peffione
1984 2215 2142 2257 intelligis
2164 2239 2177 2256 ,

1167 2253 1268 2288 solida
1291 2254 1453 2291 tubercula
1476 2254 1699 2297 Conglobatas
1721 2255 1891 2298 glandulas
1917 2258 2148 2299 repraesentant
2166 2283 2174 2290 .

1164 2298 1258 2342 Quin
1283 2299 1381 2331 etiam
1405 2296 1532 2340 possunt
1557 2299 1646 2331 annis
1670 2299 1782 2340 primis
1806 2310 1920 2342 magna
1943 2312 1983 2334 ex
2006 2311 2094 2343 parte
2106 2301 2174 2336 sen-

1164 2343 1233 2374 ium
1257 2340 1389 2383 fugere,
1411 2340 1567 2377 crescente
1590 2350 1695 2376 autem
1719 2351 1811 2376 aetate
1835 2342 1863 2375 se
1886 2343 2043 2387 prodere,
2067 2354 2175 2379 tanto-

1165 2395 1227 2426 que
1258 2386 1358 2418 citius
1393 2386 1499 2426 augeri
1524 2410 1532 2425 ,
1565 2388 1596 2420 <Sc
1629 2395 1753 2419 matura
1788 2385 1856 2419 fieri
1878 2410 1891 2427 ‚
1923 2398 2047 2430 quanto
2071 2390 2172 2424 citius

1165 2427 1265 2461 causae
1289 2426 1468 2461 accesserint
1492 2451 1506 2468 ,
1541 2428 1681 2470 exempli
1715 2431 1817 2471 gratia
1838 2455 1846 2469 ,
1879 2431 1912 2463 in
1950 2431 2058 2465 eadem
2095 2434 2173 2467 Vir-

1165 2472 1239 2512 gine
1276 2473 1303 2504 is
1358 2482 1435 2504 avor
1462 2494 1475 2512 ‚
1508 2472 1564 2513 qui
1601 2471 1773 2506 humorum
1808 2474 1929 2516 alioqui
1961 2474 2135 2511 crassorum
2159 2501 2172 2518 ,

1167 2517 1199 2563 ὃς
1243 2514 1320 2547 visci
1345 2525 1441 2548 orum
1484 2524 1610 2548 motum
1652 2516 1687 2548 in
1739 2516 1945 2561 pulmonibus
1993 2520 2172 2555 retardave-

1166 2565 1210 2592 rit
1225 2581 1232 2589 .

1213 2611 1264 2633 20.
1289 2602 1342 2638 Sic
1366 2612 1472 2637 autem
1495 2603 1691 2645 potiffimum
1715 2605 1894 2648 ingenitam
1907 2606 2063 2650 phthisim
2087 2608 2118 2643 se
2141 2609 2171 2644 se

1169 2643 1374 2696 produceret,
1406 2657 1480 2680 cum
1514 2647 1625 2689 Sylvio
1649 2651 1662 2688 (
1684 2660 1715 2682 m
1737 2652 1751 2689 )
1773 2649 1921 2684 existimo
1944 2674 1953 2689 ,
1988 2654 2090 2695 qualis
2115 2653 2169 2687 fu-

1170 2697 1240 2721 tura
1261 2698 1326 2722 erat
1349 2701 1384 2725 in
1407 2701 1505 2735 puero
1526 2701 1785 2726 commemorato
1807 2705 1815 2724 :
1839 2695 1916 2727 alias
1940 2706 2017 2730 vero
2036 2720 2045 2735 ‚
2080 2698 2113 2730 in
2136 2710 2170 2732 a·

1167 2730 1282 2781 liisque
1306 2733 1397 2768 aliter
1427 2745 1484 2778 pro
1508 2736 1592 2768 varia
1625 2737 1659 2768 in
1684 2736 1888 2778 pulmonibus
1920 2748 1975 2773 aut
2007 2738 2176 2776 firmarum

1168 2784 1307 2815 partium
1330 2801 1343 2817 ,
1374 2787 1430 2812 aut
1455 2777 1628 2813 fluidarum
1659 2778 1865 2821 dispositione
1892 2806 1898 2813 .
1936 2783 2089 2826 Namque
2109 2795 2174 2825 pro

1167 2817 1227 2854 hac
1250 2821 1401 2855 varietate
1440 2821 1648 2855 adventitiam
1667 2834 1796 2866 quoque
1832 2824 1990 2867 phthisim
2011 2849 2021 2866 ,
2054 2827 2170 2861 iisdem

1167 2860 1280 2904 positis
1303 2864 1567 2907 contingentibus
1590 2864 1688 2899 causis
1711 2891 1721 2907 ,
1744 2878 1815 2909 quae
1837 2869 2003 2913 plerosque
2025 2880 2078 2904 aut
2102 2882 2171 2904 non.

1168 2904 1310 2947 laedunt,
1334 2918 1387 2941 aut
1411 2919 1521 2950 parum
1548 2932 1558 2947 ‚
1589 2909 1713 2943 tardeve
1735 2909 1857 2944 laedunt
1874 2935 1884 2952 ‚
1919 2914 1953 2946 in
1977 2913 2168 2957 quibusdam

1167 2959 1279 2982 contra
1301 2952 1380 2984 oriri
1406 2951 1500 2984 facile
1522 2951 1689 2994 videmus,
1712 2956 1744 2986 8(
1766 2954 1905 2989 multum
1925 2979 1936 2995 ‚
1960 2958 2093 3001 citoque
2116 2960 2168 2992 in-

1166 2992 1319 3043 valescere
1346 3019 1364 3044 ..
1387 2994 1673 3044 Neque-[dubium
1697 2996 1740 3030 est
1758 3021 1771 3038 ‚
1804 2999 1882 3040 quin
1905 2999 2003 3034 caulis
2037 3013 2168 3046 quoque

1165 3034 1321 3078 phthisim
1354 3049 1386 3071 ιη
1409 3039 1549 3081 cujusvis
1575 3041 1729 3081 pulmone
1753 3042 1957 3084 producturis
1989 3043 2044 3078 hic
2066 3047 2173 3088 magis.

1164 3078 1302 3120 resistat,
1325 3080 1346 3114 si
1370 3081 1538 3116 saniffimus
1560 3082 1600 3117 sit
1622 3108 1629 3116 .
1653 3082 1822 3127 Eiusmodi
1846 3094 1951 3120 autem
1972 3087 2070 3122 causae
2095 3088 2166 3122 sunt

1164 3124 1326 3166 pulmonis
1350 3125 1641 3168 inflammationes,
1664 3129 1846 3164 &vulnera
1865 3154 1875 3169 ,
1897 3128 1922 3163 fi
1944 3139 2076 3174 utraque
2099 3143 2166 3165 ma-

1166 3168 1195 3199 le
1218 3178 1388 3209 curentur,
1412 3170 1564 3212 aliaeque,
1587 3174 1620 3204 ὃ(
1642 3173 1675 3203 in
1699 3170 1750 3205 his
1772 3184 1841 3215 quae
1864 3173 2058 3207 extrinsecus
2090 3175 2165 3209 illa-

1163 3210 1306 3261 buntur,
1329 3222 1364 3245 ut
1387 3222 1463 3255 puta
1488 3214 1717 3258 globulusqui·
1739 3218 1887 3250 arteriam
1908 3216 2063 3259 Asperam
2087 3217 2161 3252 sub-

1162 3262 1205 3287 iit
1226 3253 1366 3289 sexennis
1397 3259 1486 3299 pueri
1521 3260 1535 3297 (
1557 3268 1576 3291 n
1597 3261 1612 3297 )
1633 3281 1647 3299 ,
1676 3257 1766 3300 cujus
1798 3258 1962 3293 historiam
1986 3271 2059 3294 curn
2082 3262 2169 3302 κτερ-Ἰ

1166 3299 1230 3339 ris,
1254 3298 1349 3332 facile
1372 3300 1577 3343 suspicaberis
1597 3326 1607 3340 ‚
1631 3313 1798 3344 operarum
1823 3304 1946 3337 incuria
1972 3303 2096 3347 aliquid
2113 3299 2164 3338 es-

1167 3341 1196 3374 se
1220 3353 1383 3384 peccatum
1404 3356 1414 3382 ,-
1450 3356 1521 3378 nam
1545 3346 1694 3388 globulus
1726 3356 1801 3380 nuce
1817 3346 1966 3388 juglande
1985 3348 2079 3389 paulo
2101 3349 2164 3383 mi-

1168 3396 1223 3419 nor
1245 3397 1300 3419 nec
1320 3388 1397 3421 illuc
1420 3389 1581 3423 introisset
1594 3412 1607 3428 ‚
1630 3389 1870 3423 &celerrimam
1893 3388 2136 3426 suffocationem
2152 3415 2163 3433 ,

1168 3439 1232 3464 non
1256 3431 1379 3464 lentum
1404 3431 1552 3467 morbum
1575 3431 1656 3467 unde
1676 3432 1834 3475 pulmones
1852 3443 1931 3477 pure
1953 3433 2064 3477 repleri
2086 3434 2160 3477 pos-

2032 3477 2099 3512 sent
2109 3502 2122 3520 ,

112 3561 1813 3584 —mm-*ffl

277 3639 284 3644 .
334 3639 339 3645 .
401 3622 567 3652 (n)n.15.
630 3621 892 3657 (y)Sest-7.0bs-
907 3635 947 3657 ⁴0.

264 3652 316 3676 Αέἳ.
333 3654 366 3677 Ν.
381 3655 412 3681 c.
429 3655 501 3681 Tem.
521 3663 544 3684 4.
562 3653 620 3678 Obs.
641 3657 692 3679 118.

175 3625 190 3650 (
205 3629 221 3645 u

175 3652 189 3680 ε
204 3620 247 3681 ιζ
299 3683 304 3687 ,
690 3686 695 3690 .

176 3681 244 3717 (ᾖ)
261 3683 333 3718 ¹³⁹¹sp
354 3690 389 3713 ¹7·
406 3690 427 3708 n.
448 3694 470 3714 ς.
535 3687 577 3716 <g
593 3685 606 3714 )
622 3686 781 3716 Phthrfiolog.
796 3687 814 3712 1.
829 3695 851 3718 3.
867 3696 888 3712 c.
908 3696 927 3713 ι.

180 3713 195 3740 (
208 3721 217 3735 ι
233 3714 246 3742 )
262 3713 387 3747 Additum.
404 3714 433 3738 ad
450 3715 509 3740 Se&-
525 3724 551 3743 7.
566 3719 581 3740 l.
600 3724 621 3741 ².
638 3716 697 3741 Obs.
716 3725 752 3746 34.
769 3720 808 3746 36.-
828 3727 864 3748 37.
883 3721 919 3749 38.
936 3728 972 3749 40.
991 3723 1011 3745 δι
1030 3730 1067 3750 43·

178 3743 192 3774 (
207 3751 222 3766 n
239 3745 249 3775 )
266 3746 318 3770 vid.
336 3746 396 3776 Eph.
414 3747 447 3771 N.
465 3748 492 3772 C.
510 3747 580 3772 Cen-t.
598 3755 622 3777 4.
639 3747 698 3773 obs.
718 3755 767 3773 ιιι.
784 3748 808 3773 in
825 3751 905 3776 Schol.

1010 3628 1025 3657 (
1040 3636 1058 3657 z
1072 3628 1086 3658 )
1102 3620 1128 3653 in
1145 3629 1224 3656 schor.
1240 3631 1269 3654 aa
1286 3629 1343 3655 oss.
1364 3631 1401 3660 38-

756 3656 791 3685 (c
809 3658 818 3688 )
835 3657 985 3687 sepulchret.
1004 3659 1063 3683 Sest-
1080 3668 1102 3688 7.
1120 3660 1164 3684 cit.
1181 3660 1206 3685 in
1223 3661 1302 3687 schol.
1321 3662 1350 3685 aa
1366 3661 1425 3686 Obs.
1444 3670 1481 3693 30.

990 3690 999 3717 <
1017 3691 1031 3714 b
1048 3693 1057 3720 )
1075 3692 1317 3753 AR.(1{.)C.38's'on1.
1336 3700 1354 3715 1.
1373 3693 1431 3717 obs.
1450 3698 1503 3718 106.

1463 3631 1477 3661 (
1494 3642 1508 3658 a
1525 3635 1590 3695 >cuii
1602 3640 1711 3694 ¹>4151stst-
1727 3670 1749 3687 ι.
1764 3670 1790 3687 n.
1808 3670 1831 3686 2.
1894 3664 1907 3692 (
1923 3672 1935 3688 e
1953 3662 1960 3693 )
1977 3670 2001 3688 n.
2018 3667 2041 3688 6.

1319 3723 1324 3748 l
1347 3726 1355 3748 ί
1373 3724 1385 3752 >
1402 3732 1425 3748 n.
1446 3731 1481 3753 ¹7·
1543 3727 1557 3756 (
1575 3734 1596 3749 m
1614 3727 1626 3755 ¹)
1643 3726 1684 3752 cit.
1702 3726 1787 3756 supra,
1806 3724 1834 3749 ad
1852 3732 1877 3749 n.
1894 3731 1928 3755 17.
