2498 4075
447 251 450 253 ¹
493 259 642 331 Epist.
680 261 844 317 Anat.
878 259 1093 316 Medica

94 350 152 376 vos
175 340 253 385 ipfi,
276 343 429 386 inquam,
449 342 500 377 vel
523 352 573 376 me
594 341 700 376 filente
720 365 730 381 ,
765 341 829 383 jam
859 339 1050 382 intelligitis
1072 357 1084 379 ·,

93 386 128 418 in
151 386 238 420 caseo
261 385 352 421 fuiss‘e
373 385 502 421 erodens
524 393 699 428 venenum,
722 394 758 420 ut
780 394 882 419 mures
905 391 1050 417 necarent
1071 406 1084 424 ,

95 428 224 463 fortasse
246 429 411 465 admistum
431 452 446 471 ,
478 441 515 462 eo
538 438 644 462 autem
667 428 756 462 caseo
778 428 911 462 minime
937 451 946 465 ,
976 435 1011 460 ut
1044 438 1083 460 0-

95 473 244 516 portebat
264 497 278 515 ,
311 471 446 516 sepofito
466 495 479 514 ,
508 471 645 506 inscium
678 472 816 515 aliquem
838 496 846 511 ‚
879 469 955 503 dum
977 471 1011 502 in
1034 469 1083 503 di-

96 515 238 550 versorio
269 515 436 560 prandium
466 514 657 549 instantibus
678 515 769 550 vobis
791 522 1052 557 approperaretur
1071 538 1080 553 ,

93 559 179 600 pulti
203 557 394 603 inspersiffe.
417 560 503 593 Vera
525 568 595 593 tum
617 557 721 592 dicere
753 557 835 591 visus
867 555 957 597 sum,
979 556 1085 590 multo

96 612 207 637 autem
229 604 352 646 magis,
374 613 447 637 cum
469 601 568 644 longo
599 602 669 644 post
694 611 835 644 tempore
856 610 958 642 caupo
981 622 991 638 ,
1023 599 1082 648 qui

93 642 155 680 hos
178 646 300 680 audiret
323 643 440 680 evafisse
454 667 466 684 ,
491 647 594 679 minus
617 645 673 678 fibi
697 645 761 685 jam
782 645 898 676 timens
921 665 933 682 ,
964 647 1081 676 mutire

93 688 220 732 aliquid
242 700 306 722 non
328 687 488 723 dubitavit
502 712 509 718 .
535 689 632 721 Tunc
655 687 870 722 nihilominus
892 685 961 718 duae
987 685 1081 719 resta-

91 743 126 766 re
148 731 363 767 dubitationes
385 730 594 769 videbantur,
619 732 714 765 altera
733 755 745 772 ,
768 729 856 774 quod
879 729 960 761 inter
982 728 1076 762 eden-

91 774 172 810 dum
195 775 327 810 odorem
349 774 480 819 quidem
504 775 610 808 minus
643 785 771 818 gratum
794 771 950 817 quendam
973 795 981 811 ‚
1017 783 1077 815 pu-

91 828 131 853 to
153 831 191 853 ex
214 829 313 861 pravo
345 818 434 852 caseo
459 840 471 858 ,
503 818 628 852 nullum
661 827 765 851 autem
796 816 964 850 insolitum
987 815 1077 858 sapo-

91 868 180 902 rem,
203 862 327 896 nullum
349 861 397 895 vel
420 860 526 903 postea
554 862 588 894 in
612 861 745 904 lingua,
769 869 821 894 aut
843 858 988 892 saucibus
1010 862 1081 891 ero'-

90 905 188 939 fionis
212 904 332 940 sensum
353 913 579 948 perceperant;
605 905 722 945 altera,
743 903 830 946 quod
851 902 905 936 etii
930 912 1083 936 venenum

91 949 224 982 erodens
246 947 336 982 fuisse
350 971 358 985 ‚
382 946 576 989 conjicerem
591 972 600 988 ‚
621 946 782 991 quodnam
806 955 910 980 tamen
934 957 972 978 ex
1010 956 1082 978 ero-

99 989 249 1025 dentibus
272 990 400 1030 fuiffet‚
422 1000 459 1025 ut
482 991 638 1034 peculiare
660 991 781 1035 opponi
807 991 988 1023 antidotum
1013 987 1085 1031 pos-

91 1034 164 1076 set,
187 1046 252 1068 non
276 1034 456 1069 constabat.
482 1036 604 1068 Verum
628 1035 662 1067 in
696 1034 854 1076 superiore
884 1041 1011 1075 quoque
1035 1042 1086 1063 ca-

93 1077 130 1112 su
153 1075 238 1122 (f)
259 1078 376 1113 eaedem
400 1075 458 1111 esse
481 1077 654 1120 potuissent
687 1076 905 1111 dubitationes
929 1101 936 1108 .
969 1075 1085 1124 Neque

90 1122 178 1155 enim
202 1144 215 1161 ,
247 1131 283 1155 ut
307 1134 347 1156 ex
369 1120 497 1154 filentio
521 1132 592 1154 meo
616 1131 686 1155 tute
721 1121 857 1163 argueris
880 1142 891 1159 ,
923 1118 1025 1153 ullum
1048 1127 1082 1150 in

92 1164 226 1208 lingua,
244 1173 302 1199 aut
324 1165 472 1199 faucibus
494 1164 646 1198 erofionis
668 1163 736 1198 fuit
759 1163 916 1197 indicium
943 1185 968 1211 ,Ι
985 1172 1083 1203 neque

92 1208 295 1252 peculiariter
317 1207 478 1252 quodnam
494 1218 653 1243 >venenum
674 1207 790 1254 datum·
809 1206 883 1240 esset
898 1228 907 1243 ,
927 1203 1061 1238 sciebam
1075 1217 1084 1234 .-

93 1253 128 1284 &
151 1262 253 1285 meam
275 1260 379 1286 tamen
403 1250 693 1285 erodentis·veneni
717 1251 929 1293 conjetffturam
955 1248 1029 1288 lac,
1052 1249 1083 1280 δε

93 1294 197 1329 serum
221 1304 309 1328 tanta
332 1306 405 1329 cum
428 1294 571 1329 utilitate
594 1294 726 1338 praebit'a
749 1291 984 1327 confirmarunt
1008 1314 1020 1331 ,
1044 1289 1083 1323 fi-

93 1339 224 1382 mulque
246 1338 446 1373 ostenderunt
467 1360 479 1378 ,
514 1338 568 1372 ubi
591 1339 702 1372 veneni
726 1337 841 1381 species
863 1337 974 1378 ignota
1006 1332 1050 1367 est
1071 1356 1084 1374 ,

93 1392 151 1416 nec
174 1383 306 1425 proprio
328 1381 394 1425 ejus
419 1382 493 1415 licet
517 1382 658 1415 remedio
680 1382 730 1416 uti
754 1394 764 1419 ς
799 1389 828 1413 at
854 1378 1025 1424 eo'saltem
1048 1388 1083 1411 u-

93 1426 225 1459 tendum
247 1423 305 1459 effe
326 1424 414 1469 quod
437 1424 554 1466 illius,
576 1427 695 1469 quippe
718 1425 823 1458 minus
856 1424 973 1465 ignoto
996 1443 1004 1458 ‚
1028 1431 1080 1463 ge-

95 1471 164 1502 neri
188 1468 389 1503 adversatur.
415 1467 624 1511 fecissemque
647 1468 724 1501 adeo
747 1469 779 1500 in
802 1465 873 1501 casu
897 1465 959 1499 hoc
981 1465 1081 1497 altero

93 1511 183 1554 quod
205 1514 239 1545 in
262 1514 367 1554 priore
387 1535 401 1552 ,
432 1511 490 1545 nifi
512 1513 616 1545 multo
647 1511 750 1554 plures
782 1509 846 1553 jam
872 1505 1048 1557 ,pr3aegress‘ae
1070 1530 1083 1547 ‚

93 1566 178 1589 nunc
201 1563 306 1590 autem
330 1554 457 1598 prorsus
479 1553 607 1589 sublatae
630 1555 824 1588 vomitiones
838 1579 847 1594 ,
880 1549 1082 1597 dejeftionefi

94 1610 156 1641 que
177 1621 186 1637 ,
217 1598 384 1642 nullusque
408 1598 555 1641 superstes
576 1607 677 1640 vangor
704 1621 713 1636 ‚
749 1597 834 1631 nulla
859 1596 999 1629 tormina
1022 1605 1083 1641 eje-

93 1643 184 1676 &um
212 1641 270 1675 'am
293 1653 453 1685 venenum·
468 1640 533 1675 visa
556 1640 649 1675 essent
676 1639 870 1684 significare.
897 1639 1023 1671 Tamen
1047 1640 1086 1668 li-

93 1686 171 1728 quid
210 1694 280 1719 orte
302 1684 406 1719 adhuc
429 1683 589 1718 restitaret
610 1709 622 1725 ,
653 1694 689 1718 ut
710 1692 909 1730 occurrerem
931 1705 944 1722 ,
977 1679 1085 1713 simul-

92 1740 155 1772 que
177 1738 213 1764 ut
234 1727 327 1769 fitis,
350 1730 383 1762 &
406 1727 526 1770 febris,
548 1737 750 1771 quaetantam
768 1732 1008 1765 evacuationum
1030 1735 1086 1756 co-

93 1773 203 1816 piam,
227 1780 412 1815 tantamque
435 1781 524 1805 erant
548 1772 805 1805 commotionem
828 1768 931 1803 secuta
951 1791 964 1808 ,
987 1769 1085 1800 ratio-

92 1827 164 1850 nem
186 1815 333 1850 haberem
355 1828 365 1854 3
402 1815 459 1849 seri
488 1816 663 1858 plurimum
687 1812 860 1847 bibendum
883 1810 954 1845 dedi
979 1812 1084 1850 Sacer7

91 1859 161 1893 doti
185 1858 336 1903 quidem,
363 1861 395 1891 δὲ
419 1858 572 1892 mulieri.
598 1859 687 1891 Nam
708 1860 780 1889 viro
802 1879 812 1895 ,
844 1855 901 1898 qui
924 1865 1022 1896 neque
1046 1853 1085 1886 fi-

90 1904 167 1936 tiret
182 1926 195 1943 ,
218 1913 316 1945 neque
339 1902 535 1936 febricitaret
549 1926 559 1943 ‚
582 1912 682 1944 neque
706 1899 792 1933 aliud
815 1911 831 1932 a
856 1909 905 1932 me
928 1906 1048 1948 peteret
1071 1919 1084 1936 ,

91 1946 149 1979 nisi
173 1954 209 1980 ut
231 1946 381 1988 ponderis
403 1944 523 1979 sensum
537 1969 545 1985 ‚
567 1944 780 1978 ventriculum
802 1951 964 1984 gravantis
987 1965 999 1981 ,
1031 1953 1086 1974 au-

90 1989 205 2023 ferrem
219 2010 228 2026 ,
252 1987 346 2023 facile
368 1989 463 2022 annui
484 1989 556 2022 oleo
577 1988 656 2021 dato
677 1985 881 2029 amygdalino
903 1996 937 2017 ea
960 1993 1085 2020 mente,

89 2042 128 2069 ut
152 2033 314 2066 vomitum
338 2033 448 2075 potius
475 2056 485 2069 ‚
519 2043 615 2075 quam
647 2029 858 2074 dejeffitionem
879 2050 888 2066 ‚
926 2038 1088 2060 moverem

94 2075 296 2110 eo'remedio
328 2074 414 2118 quod
446 2072 549 2118 fiquid
580 2074 664 2109 forte
685 2072 886 2107 erodentium
918 2072 1090 2113 particula-

90 2130 162 2154 rum
189 2119 351 2162 reliquum
373 2116 467 2157 ess'et,
489 2117 580 2152 fimul
602 2117 776 2152 irretiendo
797 2139 809 2157 ,
831 2114 1082 2165 obliuiendoque

93 2161 234 2206 prodesse
259 2160 380 2204 posset.
404 2163 529 2195 Verum
552 2173 625 2196 cum
649 2162 792 2194 vomitus
816 2165 853 2192 ne
876 2158 988 2200 digitis
1009 2169 1084 2200 qui·-

90 2205 164 2241 dem
189 2206 375 2248 penitiusin
399 2216 434 2238 os
458 2204 584 2239 insertis
606 2204 867 2247 consequei·etur;
892 2202 977 2235 alvus
1001 2200 1084 2235 solu-

90 2260 124 2284 ta
146 2249 209 2289 est,
239 2247 401 2292 sensusque
424 2248 571 2290 ponderis
601 2249 734 2282 omnino
757 2246 916 2281 sublatus.
940 2245 1005 2279 Cui
1027 2244 1083 2278 de-

90 2293 166 2327 inde
189 2295 310 2335 optime
331 2291 460 2325 habenti
475 2316 484 2332 ,
507 2291 590 2325 nihil
614 2290 671 2325 nifi
695 2291 798 2334 pultes
820 2301 859 2323 ex
882 2299 979 2330 oryza
1009 2313 1017 2328 ‚
1050 2293 1083 2323 δε

91 2338 172 2371 laet-e
204 2334 459 2369 commendavi.
497 2336 587 2378 Qs
619 2338 651 2369 δι
686 2334 819 2377 reliquis
852 2331 975 2367 duobus
1008 2331 1082 2366 dedi

91 2391 193 2414 coenae
216 2380 312 2419 loco,
334 2390 407 2412 cum
430 2378 495 2421 jam
517 2390 535 2412 a
559 2380 649 2421 largo
671 2377 730 2411 seri
755 2386 835 2420 potu
857 2375 980 2410 febrem
1002 2398 1010 2412 ‚
1042 2374 1081 2409 fi-

91 2426 215 2466 timque
238 2421 402 2456 leviffimas
425 2422 523 2456 faetas
546 2421 602 2457 esse
618 2446 630 2463 ‚
654 2420 934 2469 animadverterem
957 2443 964 2451 .
1000 2419 1082 2453 Nox

90 2468 216 2510 optima
240 2465 326 2506 fuit,
349 2475 386 2500 ut
411 2465 562 2507 postridie
587 2466 702 2499 mulier
735 2465 797 2498 sine
829 2462 916 2498 febre
937 2488 946 2503 ‚
979 2463 1080 2496 aliove

92 2511 182 2544 omni
204 2509 416 2543 incommodo
438 2507 502 2552 jam
524 2509 620 2548 esset,=
645 2506 806 2542 Sacerdoti
829 2516 959 2546 autem,
981 2506 1085 2539 decre-

94 2553 198 2587 scente
220 2554 323 2596 magis
345 2552 506 2596 magisque
531 2556 561 2587 δε
585 2552 691 2591 febre,
715 2549 845 2587 &fitis
870 2549 955 2599 nihil
976 2559 1087 2592 praete-

92 2608 143 2631 rea
168 2595 292 2630 restaret
303 2597 340 2630 de
352 2608 419 2640 quo
440 2606 647 2639 quereretur3
671 2602 742 2629 nam
766 2596 799 2634 ᾃζ
822 2594 923 2628 sensus
945 2603 979 2625 m
1003 2594 1087 2627 min-

92 2640 198 2685 ge'ndo
221 2640 344 2673 ardoris
366 2642 422 2682 qui
456 2639 560 2683 pridie
592 2639 697 2674 fuerat
717 2662 730 2679 ,
763 2636 828 2681 jam
862 2637 965 2671 nullus
985 2646 1053 2681 erat
1077 2663 1086 2672 .

93 2684 224 2721 Quibus
246 2682 300 2717 etsi
325 2690 398 2716 toto
419 2694 458 2716 eo
481 2681 555 2724 die,
578 2686 610 2717 <St
634 2683 780 2726 proxima
803 2682 897 2730 nocte
916 2704 925 2720 ,
950 2681 983 2712 δε
1005 2680 1088 2713 inse-

94 2728 223 2771 quentis
246 2728 311 2760 diei
337 2737 450 2770 magna
473 2736 563 2768 parte
585 2726 695 2760 omnia
718 2726 751 2758 in
774 2724 887 2758 melius
910 2725 954 2757 ire
978 2732 1087 2766 perge-

95 2770 195 2809 bant,
218 2772 251 2803 δε
273 2770 363 2803 alvus
386 2770 507 2803 lubrica
531 2769 593 2803 sine
620 2769 688 2803 ullo
710 2768 829 2801 ardoris
853 2767 940 2815 sensu
961 2763 1087 2808 respon-

96 2813 214 2851 debat3
237 2823 301 2845 non
323 2824 383 2855 ego
405 2820 512 2846 tamen
534 2813 643 2848 eadem
668 2812 740 2847 dare
763 2812 917 2845 intermisi
947 2819 1016 2851 quae
1038 2810 1088 2843 bi-

95 2856 162 2890 duo
184 2854 350 2890 dederam.

141 2900 170 2932 8.
197 2900 278 2932 Ecce
300 2907 404 2933 autern
426 2900 555 2933 inetmte
579 2905 695 2942 quarto
716 2898 767 2932 die
790 2910 828 2932 ex
850 2908 917 2943 quo
939 2898 1086 2932 immanis

98 2943 153 2977 ille
176 2943 268 2977 dolor
283 2942 481 2976 Sacerdotem
502 2940 706 2985 prehenderat
717 2965 729 2982 ,
752 2942 858 2976 eadem
895 2941 1089 2984 pomeridia-

98 2997 138 3020 na
161 2986 238 3020 liora
261 3008 272 3024 ,
306 2986 395 3019 nulla'·
413 2988 529 3027 praevia
553 2984 715 3022 manifesta
737 2986 825 3019 causa
847 3008 858 3024 ,
893 2984 932 3018 ad
955 2985 1087 3019 eundem

99 3029 232 3064 modum
262 3027 426 3072 prehendit
448 3054 455 3060 .
494 3029 588 3063 Pedes
621 3030 722 3062 initio
756 3028 914 3071 frigebant
936 3053 949 3069 ,
983 3028 1088 3070 pulsus

97 3073 248 3108 nonnihil
271 3070 565 3106 contrahebantur.
591 3074 711 3106 Praeter
733 3070 878 3105 dolorem
901 3094 912 3111 ,
934 3071 1089 3105 molestis-

98 3116 194 3152 simus
217 3124 282 3150 erat
305 3115 434 3159 quidam
455 3124 528 3150 toto
549 3124 657 3149 ventre
687 3114 924 3157 inexplicabilis
957 3126 1057 3159 angor
1082 3138 1093 3154 ,

101 3173 119 3195 a
140 3172 206 3204 quo
227 3158 376 3203 spiritum
397 3157 457 3192 sibi
479 3159 628 3202 intercipi
660 3169 742 3201 aeger
764 3159 980 3202 maximopere
1014 3169 1090 3201 que-

102 3204 255 3243 rebatur,
277 3214 377 3245 eoque
400 3202 593 3243 potissimum
615 3202 645 3236 se
667 3202 767 3246 cogi,
791 3200 894 3244 ajebat
917 3226 929 3242 ,
964 3210 1001 3236 ut
1022 3213 1094 3235 mo-

101 3247 146 3282 do
167 3246 253 3286 huc,
275 3244 374 3279 modo
396 3245 473 3280 illuc
493 3245 602 3279 misere
625 3245 654 3279 se
677 3253 925 3288 contorqueret,
948 3256 1095 3279 nonnun-

101 3301 198 3334 quam
220 3289 360 3332 surgeret
374 3311 384 3326 ,
408 3288 698 3330 atque‘ambularet
723 3315 730 3322 .
766 3287 826 3322 Sed
849 3287 944 3322 dolor
966 3289 1093 3322 tenebat

101 3333 267 3376 regionem
289 3331 477 3374 epicolicam
498 3330 658 3365 dexteram
681 3357 690 3372 ,
723 3335 754 3366 δε
779 3334 964 3374 proximam
989 3331 1091 3365 lumbi

101 3385 244 3419 partem,
266 3375 340 3408 inde
363 3373 535 3418 aliquando
556 3375 590 3408 in
614 3374 825 3410 transversum
857 3385 913 3418 per
945 3374 1092 3417 hypoga-

102 3419 241 3458 strium,
264 3418 341 3451 alias
367 3418 400 3450 in
424 3419 590 3452 dexterum
614 3417 711 3452 scroti
736 3420 817 3453 latus
833 3442 845 3458 ,
869 3418 1032 3452 interdum
1056 3419 1090 3452 in

101 3463 318 3507 propinquum
341 3459 442 3495 fernen
465 3460 494 3494 se
515 3460 683 3495 extendens
706 3473 718 3501 ;
751 3472 786 3496 ut
819 3461 1019 3505 nephriticus
1042 3462 1092 3494 vi-

101 3507 168 3540 deri
193 3504 291 3547 posset
315 3529 321 3536 .
355 3505 476 3537 Verum
512 3515 609 3547 neque
630 3505 791 3539 obnoxius
813 3503 914 3539 homo
948 3515 1086 3547 unquam

100 3550 204 3585 fuerat
227 3547 335 3580 dolori
359 3547 541 3589 nephritico
563 3572 572 3586 ‚
603 3550 635 3581 δε
659 3548 801 3589 praesenti
825 3571 837 3589 ,
868 3547 891 3581 si
914 3549 1054 3582 vomitus
1080 3572 1090 3588 ,

101 3596 134 3626 8(
157 3589 347 3633 dejectiones
372 3591 534 3633 excipias,
565 3590 761 3623 fimillimurn
805 3592 862 3635 qui
909 3601 980 3625 ante
1010 3603 1089 3633 qua-

103 3645 178 3670 tuor
202 3633 269 3666 dies
294 3634 453 3675 ingruerat
469 3658 478 3672 ,
501 3631 720 3674 nephriticum
744 3645 807 3667 non
824 3633 939 3675 fuisse,
962 3635 1101 3668 tumilla

188 3677 351 3719 Morgagni
362 3677 396 3710 de
409 3678 474 3711 Sed.
489 3679 530 3712 (φ
543 3675 630 3718 Caus.
643 3676 743 3709 Morb.
758 3678 855 3710 Tom.
880 3680 927 3711 II.

1127 259 1269 316 LIX.
1307 261 1423 316 Art.
1458 263 1503 316 8:
1534 260 1590 316 &
1622 277 1672 328 9.
1973 265 2058 328 377

1133 350 1230 382 quam
1253 337 1342 381 supra
1367 339 1588 382 exposuimus,
1614 336 1762 382 proxime
1795 337 1976 380 prae'eedens
1997 342 2088 376 eausa
2109 348 2122 384 3

1134 392 1203 416 tum
1214 393 1320 424 graves
1342 383 1380 417 ab
1390 383 1449 417 hac
1471 383 1609 416 insociis
1621 382 1732 417 eodem
1755 390 1898 424 tempore
1909 381 2041 418 effastus
2051 385 2124 421 satis

1134 425 1354 459 ostendebant:
1377 427 1512 469 denique
1536 427 1635 460 urinae
1658 424 1742 459 nihil
1765 433 1896 459 mutatae
1919 428 1951 459 &
1975 427 2123 463 sanorum

1133 470 1267 502 omnino
1288 467 1402 503 similes
1435 479 1548 503 contra
1588 479 1683 512 atque
1706 470 1739 502 in
1772 465 1961 510 nephriticis
1984 469 2086 505 solent
2108 494 2120 511 ,

1134 523 1197 545 non
1222 511 1288 555 ejus
1311 515 1433 556 generis
1454 512 1597 546 dolorem
1620 512 1676 547 effe
1691 536 1704 553 ,
1727 511 1957 547 confirmabant
1978 538 1986 545 .
2021 514 2121 548 Attass

1132 566 1203 588 men
1226 566 1300 588 cum
1323 567 1421 598 neque
1446 567 1554 590 eorum
1576 568 1647 599 quae
1679 555 1819 589 exterius
1855 555 1998 590 adhiberi
2029 556 2125 601 jusse-

1133 610 1202 632 ram
1215 621 1227 638 ‚
1248 598 1419 642 quidquam
1444 598 1595 640 prodesset
1604 610 1618 639 ;
1640 607 1780 632 enemata
1801 607 1908 633 autem
1931 610 2057 644 negaret
2079 612 2124 636 ae-

1132 653 1187 685 ger
1210 642 1238 675 se
1261 641 1343 683 posse
1367 642 1532 676 admittere
1556 652 1719 684 propterea
1750 642 1838 685 quod
1870 641 1961 677 fimul
1985 643 2126 678 haemor-

1133 685 1285 719 rhoidum
1308 694 1417 719 tumor
1433 709 1445 726 ,
1467 688 1498 718 &
1520 696 1594 719 cum
1617 686 1759 719 tenesmo
1781 694 1886 719 tantus
1909 687 2002 721 dolor
2025 687 2125 722 acceso

1127 733 1270 769 se1·at,ut
1293 727 1315 761 fi
1339 728 1378 763 ab
1400 728 1535 763 immissa
1559 727 1659 762 fistula
1680 730 1780 771 magis
1790 729 2048 771 exacerbaretur,
2071 742 2126 774 par

1127 772 1254 809 ferendo
1275 770 1331 805 effe
1355 784 1417 805 non
1442 770 1563 815 polset;
1586 783 1635 805 me
1659 772 1814 806 necessitas
1837 783 1948 814 urgens
1971 774 2123 812 laxandi,

1130 821 1162 852 δι
1179 815 1351 858 nephritici
1376 815 1497 848 doloris
1520 815 1699 850 similitudo
1721 815 1758 849 ad
1771 815 1926 849 auxilium
1937 817 2126 852 tentandum

1131 860 1263 902 impulit
1289 859 1323 890 in
1345 857 1407 892 hoc
1430 858 1609 902 proficuum
1633 881 1645 899 ,
1678 859 1832 893 nimirum
1856 859 2002 901 tepidum
2023 860 2124 894 emol-

1134 906 1212 937 liens
1236 902 1381 936 balneum
1402 925 1410 933 .
1449 903 1521 936 Nec
1554 913 1605 935 me
1626 902 1693 944 spes
1716 901 1833 935 fefellit
1858 926 1865 934 .
1890 903 1959 936 Vix
1981 905 2067 937 enim
2090 904 2125 937 in

1132 948 1244 981 balneo
1266 944 1445 979 consederat
1468 957 1571 988 aeger,
1594 956 1667 980 cum
1690 956 1790 989 angor
1812 947 1973 988 primum,
1995 949 2027 980 &
2051 958 2127 990 pau-

1134 992 1167 1024 lo
1191 988 1259 1032 post
1281 987 1377 1023 dolor
1399 988 1600 1022 remiserunt.
1629 989 1685 1023 Sed
1711 1001 1726 1021 e
1749 989 1861 1022 balneo
1880 989 2031 1032 egressum
2053 1000 2126 1025 curn

1136 1042 1266 1076 uterque
1290 1031 1394 1065 rursus
1417 1042 1585 1071 vexarent;
1605 1033 1776 1066 conciliare
1798 1033 1955 1075 paulisper
1965 1032 2127 1072 somnum,

1136 1081 1169 1111 δε
1191 1076 1232 1110 fic
1254 1074 1376 1109 reficere
1399 1075 1529 1109 coafims
1552 1074 1584 1108 su
1642 1100 1649 1108 .
1687 1078 1799 1119 Itaque
1822 1087 1923 1118 grano
1957 1087 2021 1110 uno
2044 1076 2126 1111 sum-

1136 1130 1193 1163 pto
1215 1118 1343 1152 laudaui
1366 1118 1489 1160 opiati‚
1512 1118 1624 1152 horam
1648 1130 1743 1152 unam
1764 1120 1919 1153 dormivit
1934 1144 1941 1151 .
1966 1120 2126 1162 Experre-

1136 1165 1211 1199 isto,
1236 1165 1269 1195 δε
1291 1160 1399 1195 dolore
1422 1161 1590 1204 aliquanto
1612 1164 1718 1196 minus
1742 1162 1901 1196 laboranti
1926 1184 1936 1200 ‚
1958 1171 1994 1197 ut
2017 1173 2126 1206 capere

1136 1205 1258 1249 aliquid
1281 1205 1345 1238 cibi
1369 1202 1431 1246 jam
1455 1203 1554 1246 poffet
1576 1226 1586 1243 ,
1621 1205 1777 1247 ptisanam
1798 1205 1872 1240 dedi
1906 1216 1943 1238 ex
1964 1204 2032 1248 jure
2055 1207 2127 1248 pin-

1134 1252 1209 1292 gui,
1234 1259 1296 1292 qua
1320 1256 1446 1290 accepta
1465 1270 1478 1287 ‚
1510 1247 1665 1290 reliquam
1688 1249 1816 1282 no&em
1841 1248 1998 1282 dormivit
2021 1275 2028 1282 .
2064 1250 2129 1282 Po-

1134 1293 1242 1327 stridie
1264 1291 1487 1328 febricitanti,
1511 1290 1561 1325 sed
1584 1291 1673 1325 nullo
1695 1291 1760 1335 jam
1780 1303 1856 1326 cum
1886 1294 2004 1326 ventris
2036 1290 2128 1326 dolo.

1134 1348 1189 1377 re,
1213 1334 1452 1378 amygdalinum
1476 1334 1582 1369 oleum
1606 1335 1723 1377 praebui
1750 1358 1762 1375 ,
1794 1345 1880 1368 certa
1914 1347 2017 1369 autem
2050 1336 2128 1370 hora
2167 1341 2175 1350 ¹

1133 1379 1251 1422 clysma
1274 1391 1312 1412 ex
1333 1378 1413 1412 laete
1436 1400 1445 1415 ,
1468 1380 1501 1411 &
1527 1378 1777 1420 mucilaginibus*
1796 1380 1949 1420 imperavi
1970 1403 1982 1420 ,
2013 1382 2065 1414 cui
2090 1390 2129 1412 ne

1131 1421 1248 1463 dolor,
1269 1423 1413 1464 quamvis
1438 1423 1544 1455 minor
1565 1419 1667 1455 faetus
1681 1444 1689 1459 ,
1713 1420 1991 1456 haemorrhoidum
2024 1422 2129 1456 obsta-

1112 1475 1202 1507 ret,
1223 1467 1336 1507 exigua
1360 1465 1497 1498 turunda
1521 1463 1666 1507 profuit,
1689 1476 1780 1499 antea
1804 1466 1911 1509 podici
1936 1465 2062 1507 indita,
2085 1466 2129 1499 il-

1133 1511 1253 1552 litaque
1278 1519 1422 1542 ranarum
1446 1507 1657 1551 pinguedine,
1683 1511 1801 1552 quippe
1823 1520 1862 1542 ex
1884 1511 1994 1543 Amici
2019 1510 2129 1544 Medi-

1133 1555 1162 1587 ci
1186 1551 1405 1586 observatione
1429 1551 1465 1584 ad
1490 1551 1614 1585 dolores
1643 1562 1793 1586 venarum
1827 1553 1954 1586 illarum
1985 1553 2128 1587 mulcen-

1134 1596 1193 1630 dos
1216 1594 1352 1636 idonea;
1374 1593 1509 1628 turunda
1534 1603 1642 1628 autem
1665 1604 1809 1636 exempta
1831 1618 1845 1635 ‚
1876 1595 2020 1638 fiphonis
2041 1597 2129 1631 fistu-

1135 1642 1189 1680 la,
1211 1648 1246 1673 ut
1270 1639 1374 1672 minus
1397 1636 1522 1672 molesta
1544 1636 1615 1671 esset
1626 1648 1645 1677 ,·
1661 1637 1785 1671 inverso
1807 1638 1887 1680 pulli
1911 1642 2056 1673 tenuiore
2080 1642 2131 1673 in-

1135 1682 1252 1716 testino
1273 1681 1436 1722 obdufflt,
1457 1681 1559 1724 fitque
1582 1680 1690 1715 sensim
1711 1705 1724 1721 ,
1757 1679 1928 1724 sensimque
1958 1682 2096 1717 immissa
2120 1707 2130 1715 .

1137 1725 1259 1769 Injeeta
1281 1736 1355 1758 cuin
1380 1725 1516 1765 horam,
1546 1735 1645 1767 eoque
1669 1724 1803 1767 amplius
1829 1735 1947 1759 retenta
1970 1725 2131 1769 ejecisset,
2168 1730 2173 1735 “

1138 1771 1280 1803 levamen
1305 1767 1377 1801 inde
1401 1768 1513 1801 retulit
1537 1770 1661 1810 angoris
1685 1766 1818 1811 alicujus
1842 1793 1851 1810 ‚
1891 1770 2061 1804 etiamtum
2098 1772 2132 1803 in

1136 1819 1248 1846 ventre
1272 1810 1464 1854 superstitis,
1487 1814 1520 1844 ἃ
1542 1810 1609 1844 sitis
1632 1835 1639 1843 .
1672 1809 1835 1845 Adversus
1859 1823 1954 1856 quam
1974 1838 1984 1854 ,
2007 1816 2040 1848 &
2064 1816 2132 1853 oris

1137 1865 1308 1889 amatorem
1332 1854 1432 1889 multa
1456 1863 1549 1897 epota
1571 1855 1733 1889 Nucerina
1759 1866 1837 1898 aqua
1858 1855 1996 1898 'profuit
2023 1881 2031 1888 .
2065 1855 2132 1891 Ex'-

1136 1898 1209 1933 inde
1231 1899 1337 1931 omnia
1361 1899 1462 1941 magis
1484 1897 1601 1941 semper
1625 1900 1658 1931 in
1682 1898 1794 1933 melius
1818 1908 1998 1934 verterunt.
2025 1901 2132 1944 Atque

1136 1942 1250 1976 iisdem
1276 1940 1341 1974 fere
1363 1943 1477 1975 mulier
1498 1952 1626 1984 quoque
1650 1940 1754 1984 adjuta
1778 1942 1842 1984 est,
1865 1946 1937 1977 c'um
1960 1943 2053 1977 flavae
2076 1944 2133 1977 de-

1138 1985 1310 2030 jeffiones,
1333 1985 1428 2019 utiles
1450 1983 1579 2028 quidem
1601 2009 1613 2025 ,
1643 1986 1693 2019 sed
1718 1984 1803 2022 sitim
1828 2009 1836 2024 ‚
1871 1989 1903 2020 &
1928 1987 2008 2021 leves
2032 1988 2129 2031 quos-

1139 2031 1212 2065 dam
1237 2040 1271 2062 ac
1294 2037 1441 2071 vagantes
1464 2030 1584 2063 ventris
1605 2029 1731 2063 dolores
1755 2052 1765 2068 ,
1801 2032 1833 2064 δε
1856 2030 2028 2065 tenesmum
2057 2042 2130 2065 cum

1142 2073 1261 2118 ardoris
1285 2072 1371 2106 sensu
1390 2070 1574 2114 afferentes,
1597 2072 1727 2107 subinde
1749 2073 1887 2116 molestae
1911 2073 2003 2109 essent
2025 2098 2036 2108 .
2060 2076 2131 2109 Nec

1133 2115 1282 2152 Sacerdos
1307 2116 1397 2150 flavis
1421 2115 1650 2159 dejefflonibus
1671 2120 1772 2154 caruit
1797 2142 1806 2158 ,
1837 2117 1888 2151 sed
1912 2119 2017 2154 minus
2049 2118 2133 2153 flui-

1133 2161 1204 2198 dis,
1227 2159 1433 2202 nullumque,
1459 2159 1516 2193 nisi
1540 2159 1819 2196 haemorrhoidum
1844 2186 1852 2199 ‚
1887 2161 2031 2196 dolorem
2057 2174 2130 2195 mo-

1134 2202 1279 2237 ventibus
1302 2227 1309 2235 .
1344 2205 1381 2236 In
1405 2204 1445 2237 iis
1468 2204 1552 2238 muci
1575 2214 1662 2238 erant
1684 2228 1696 2245 ,
1717 2207 1786 2248 ,qui
1812 2204 1904 2238 semel
1940 2209 1972 2239 in
1997 2206 2131 2249 globum

1132 2247 1317 2289 compasti,
1339 2258 1412 2280 cum
1435 2245 1518 2282 hunc
1543 2249 1696 2283 attentius
1714 2248 1908 2291 ‘inspicerem
1938 2275 1946 2288 ,
1970 2250 2055 2293 quasi
2081 2252 2132 2283 in-

1132 2290 1287 2334 digestum
1310 2289 1455 2334 adipem,
1478 2302 1615 2333 quocum
1640 2287 1784 2326 tendinea
1809 2292 1954 2334 permista
1977 2293 2048 2328 esset
2062 2293 2134 2327 sub-

1134 2335 1264 2371 stantia,
1289 2331 1404 2367 referre
1428 2334 1638 2369 videbantur.
1666 2336 1698 2369 Is
1720 2335 1835 2378 globus
1859 2336 1984 2378 prodiit
2014 2345 2130 2379 quarto

1134 2390 1148 2410 a
1173 2376 1311 2410 recidiva
1334 2376 1385 2410 die
1408 2388 1481 2412 curn
1504 2377 1615 2412 solidis
1638 2380 1841 2412 recrementis
1857 2404 1865 2419 ‚
1892 2379 2042 2424 sanguine
2067 2381 2134 2420 tin,-

1134 2421 1217 2461 etis,
1241 2431 1305 2453 non
1330 2419 1484 2458 admisto,
1508 2421 1558 2456 sed
1582 2420 1759 2472 superficies
1795 2431 1886 2456 tenus
1910 2423 2032 2466 asperso
2056 2449 2065 2463 ,
2096 2428 2137 2464 ut,

1135 2476 1172 2497 ex
1196 2462 1486 2498 haemorrhoidibus
1509 2466 1593 2505 esle,
1617 2465 1826 2508 intelligeres.
1962 2468 2073 2512 Sitque
2096 2467 2132 2501 hi

1136 2518 1263 2550 quoque
1298 2505 1363 2540 duo
1394 2509 1477 2541 intra
1500 2508 1703 2550 undecimum
1735 2521 1750 2542 a
1789 2510 1924 2551 prandio
1956 2508 2015 2547 illo
2046 2510 2134 2549 dier'r't

1137 2549 1411 2588 convalescentes,
1435 2553 1553 2586 multos
1577 2563 1675 2586 annos
1699 2552 1805 2595 postea
1829 2552 1890 2587 fine
1913 2548 1982 2588 ullo
2013 2554 2133 2588 relitftae

1137 2595 1170 2626 in
1194 2593 1375 2627 ventriculo
1391 2619 1400 2633 ,
1424 2604 1481 2628 aut
1505 2594 1661 2629 intestinis
1685 2595 1817 2635 laefionis
1854 2596 1977 2631 indicio
2001 2623 2010 2637 ,
2043 2598 2133 2631 vixe-

1138 2647 1235 2670 runt.
1260 2637 1350 2679 Qin
1375 2638 1524 2674 Sacerdos
1548 2639 1638 2672 nullo
1661 2640 1725 2672 alio
1757 2639 1874 2675 morbo
1904 2667 1912 2681 ‚
1956 2640 2013 2674 nifi
2048 2642 2134 2675 Aor‘-

1136 2689 1178 2713 tae
1211 2683 1296 2729 intra
1340 2679 1506 2716 thoracem
1550 2682 1765 2725 aneurysmate
1786 2708 1795 2725 ,
1838 2683 1924 2726 quod
1952 2708 1964 2725 ‚
1987 2683 2135 2719 sexennio

1138 2723 1207 2766 post
1229 2723 1443 2766 inchoatum,
1467 2726 1521 2761 diu
1556 2727 1690 2769 pertulit
1707 2752 1718 2769 ,
1743 2726 1781 2762 ad
1805 2736 1987 2764 extremum
2020 2726 2129 2769 confe÷

1137 2767 1207 2801 etus
1232 2766 1275 2800 est
1300 2792 1308 2799 .

1179 2824 1211 2853 9.
1236 2811 1335 2844 Nunc
1358 2818 1395 2845 ut
1416 2812 1456 2845 ab
1480 2812 1528 2847 his
1549 2813 1675 2847 ultimis
1699 2813 1890 2857 incipientes
1916 2818 1931 2854 ,⁴
1954 2812 1993 2848 ad
2016 2822 2131 2849 caetera

1137 2865 1260 2897 quoque
1282 2855 1315 2886 in
1338 2854 1508 2896 propositis
1555 2866 1670 2890 uatuor
1691 2858 1925 2900 aegrotantibus
1948 2856 2135 2899 observata,

1138 2897 1263 2940 aliquid
1286 2897 1475 2932 adnotemus
1495 2910 1509 2940 ;
1531 2868 1562 2932 (ii
1586 2899 1672 2932 forte
1692 2901 1725 2933 in
1750 2901 1910 2934 Sectionet
1933 2900 1991 2934 hac
2014 2902 2055 2934 X.
2080 2902 2134 2935 Se-

1136 2940 1296 2983 pulchreti
1323 2943 1397 2988 (g)
1412 2942 1570 2977 Paawium
1593 2943 1771 2976 credentem
1785 2942 2042 2978 animadverteris
2054 2967 2066 2984 ,
2079 2956 2134 2978 ex-

1140 2983 1238 3018 hibiti
1250 2986 1361 3019 veneni
1374 2985 1458 3026 signa
1471 2984 1561 3020 fuisse
1582 2987 1752 3019 immanem
1763 2988 1932 3022 vantriculi
1945 2987 2050 3023 cordis
2061 2988 2134 3022 dex.

1140 3029 1221 3066 teri,
1248 3027 1448 3070 &proximae
1471 3040 1556 3062 venae
1580 3031 1678 3063 Cava:
1703 3030 1929 3065 dilatationem
1952 3055 1964 3072 ,
1998 3034 2029 3065 &
2065 3032 2134 3066 san-

1140 3073 1269 3113 guinem
1293 3072 1325 3104 in
1349 3070 1468 3112 corde,
1489 3072 1638 3115 venisque
1661 3073 1810 3108 omnibus
1834 3076 1885 3114 vi,
1902 3079 1944 3108 'ut
1969 3075 2099 3117 putabat
2124 3098 2134 3114 ,

1139 3114 1332 3157 frigidiffimi
1366 3117 1475 3148 veneni
1509 3118 1540 3149 in
1573 3119 1697 3149 vivente
1741 3129 1875 3160 corpore
1916 3128 2100 3152 concretum
2123 3141 2134 3157 ‚

1137 3157 1223 3201 quasi
1249 3158 1383 3201 septima
1418 3169 1432 3191 a
1467 3168 1571 3192 morte
1595 3158 1673 3193 hora
1709 3160 1838 3194 cadaver
1861 3172 1924 3194 non
1960 3159 2099 3194 secuisset
2121 3173 2135 3202 ,-

1145 3202 1214 3235 noli
1235 3201 1274 3235 ad
1297 3200 1365 3244 ejus
1387 3200 1639 3236 confirmandam
1662 3205 1882 3245 opinationem
1904 3227 1916 3244 ,
1955 3203 2132 3238 Sacerdotis

1145 3246 1243 3278 nostri
1269 3244 1450 3287 aneurysma
1463 3244 1662 3280 referendum
1675 3256 1804 3288 putare.
1828 3248 1916 3280 Nam
1927 3245 2134 3281 dilatationes

1144 3287 1300 3331 ejusmodi
1323 3298 1387 3327 non
1400 3288 1469 3321 cito
1492 3289 1571 3322 adeo
1595 3289 1696 3327 fiunt,
1723 3300 1757 3323 ut
1768 3290 1956 3324 videturille
1972 3291 2132 3330 arbitrari,

1145 3342 1202 3364 nec
1224 3341 1308 3364 certe
1332 3332 1365 3363 in
1388 3330 1495 3364 nostro
1519 3332 2063 3377 aneurysrnatisincipientisfigna,
2087 3334 2140 3367 ni-

1143 3373 1167 3407 si
1190 3373 1257 3417 post
1280 3375 1404 3417 plures,
1428 3383 1464 3408 ut
1487 3375 1581 3416 dixi,
1607 3387 1713 3419 annos*
1726 3375 1755 3408 se
1777 3374 1985 3411 ostenderunt
2007 3388 2020 3416 ,·
2049 3386 2085 3411 ut
2108 3375 2132 3409 si

1142 3419 1187 3451 vel
1213 3430 1228 3450 a
1254 3417 1536 3452 constrifflonibus
1559 3430 1629 3461 quae
1652 3418 1772 3452 doloris
1795 3441 1805 3456 ‚
1841 3422 1869 3453 ἃ
1904 3421 2031 3462 angoris
2052 3429 2135 3453 tern-

1142 3472 1218 3504 pore
1241 3461 1436 3502 contigerint
1452 3484 1461 3498 ‚
1486 3463 1622 3503 primam
1647 3460 1785 3495 habuisse
1807 3463 1966 3505 originem
1988 3487 2001 3504 ,
2035 3461 2135 3507 suspi-

1139 3507 1241 3542 ceris,
1266 3515 1324 3546 pro
1348 3506 1458 3537 veneni
1483 3513 1586 3537 tamen
1612 3504 1734 3538 indicio
1757 3505 1979 3547 accipiendum
2001 3505 2037 3539 id
2056 3517 2133 3540 con-

1140 3547 1265 3580 tendere
1279 3558 1340 3579 non
1353 3545 1442 3588 poffis
1453 3548 1568 3593 quod-a
1581 3558 1629 3581 tot
1640 3548 1708 3581 aliis
1719 3548 1814 3582 causis
1825 3557 1889 3581 tam
1904 3549 2002 3592 longo
2013 3558 2136 3592 tempo-

1139 3593 1182 3624 ris
1195 3589 1363 3623 intervallo
1374 3588 1494 3623 factum
1507 3592 1576 3630 elle,
1589 3593 1695 3624 caeteri
1708 3603 1822 3633 queant
1836 3592 2020 3626 existimare.
2035 3592 2136 3629 Quod

1137 3646 1211 3668 vero
1225 3634 1262 3667 ad
1277 3633 1461 3675 sanguinem
1473 3637 1586 3667 attinet
1603 3645 1670 3710 ml}
1684 3637 1715 3710 il?
1730 3639 1905 3711 1v)enis,tum
1915 3638 1948 3670 in
1960 3635 2055 3670 corde
2065 3635 2136 3678 ipso

2010 3690 2092 3713 con-

100 3764 2099 3785 ffl-——ss———W

164 3822 312 3853 (f)n·6·
372 3819 643 3853 (gJObfl4.§·1„
