2498 4075
421 89 510 153 158

347 174 409 209 hoc
434 171 603 209 mediocris
624 172 682 207 seri
706 172 798 214 copia
821 171 1028 205 emittebatur
1051 183 1062 202 .·
1084 169 1138 203 sed
1161 170 1262 212 major
1286 170 1350 205 fuit

344 220 427 252 circa
453 216 590 260 §pinalis
612 214 756 249 medullae
779 216 912 249 initium
939 226 950 253 3
982 215 1016 246 in
1038 214 1221 263 ventriculis
1245 223 1350 261 autern

342 274 462 304 pauca.
599 261 755 292 Ventrem
780 256 925 292 dissecare
944 279 954 294 ‚
984 265 1021 290 ut
1044 255 1167 290 doloris
1188 259 1277 291 causa
1310 257 1349 291 ad

341 306 468 341 lumbos
490 304 720 347 inquireretur,
744 301 908 334 vehemens
921 300 1134 347 graveolentia
1159 300 1347 351 prohibuit:

342 360 525 392 quanquam
548 346 661 380 frustra
684 345 729 378 ibi
753 343 953 387 quaerendam
976 343 1122 377 Vallalva
1143 353 1219 377 tunc
1240 343 1348 378 eitisti-

337 392 465 429 mabar,
489 392 610 433 quippe
632 400 728 433 quarn
751 400 789 421 ex
811 388 913 420 nervis
941 410 954 426 ,
983 387 1061 422 alibi
1083 386 1210 422 fortasse
1241 389 1349 420 irrita-

337 437 405 474 tis,
430 434 630 474 repetendam
654 433 763 475 potius
786 430 955 479 censebat..
1235 475 1241 481 ι

384 488 433 520 24.
457 477 530 510 Nifi
555 479 582 510 is
603 477 719 515 dolor,
743 473 960 515 respirationis
984 497 997 514 ,
1032 477 1064 507 ἅ
1089 474 1340 521 praecordiorum

336 522 494 559 angustias
517 522 661 562 excipere
686 519 762 551 alias
785 514 1017 554 consueviffet3
1041 516 1168 550 fortasse
1178 529 1244 560 ejus
1265 529 1339 551 cau-

338 559 402 598 sam
425 567 458 598 in
481 565 538 597 illa
563 564 662 596 etiarn
686 571 764 604 aqua
789 560 939 601 suspicari
963 560 1074 593 liceret
1101 572 1170 603 quse
1195 571 1230 593 ut
1253 561 1338 594 sum.

334 619 420 641 mam
444 609 515 642 tubi
540 606 752 639 vertebrarum
777 611 898 644 partem
920 615 953 636 ea
975 605 1067 645 copia
1092 602 1239 640 tenebat,
1263 604 1304 637 sic
1325 628 1335 644 ‚

334 653 404 684 imo
437 652 485 683 vel
511 651 612 692 magis
637 645 811 688 implevisse
846 646 1028 679 inferiorem
1046 670 1059 685 ,
1091 645 1176 679 credi
1201 646 1300 689 posset
1325 660 1334 681 ,·

332 706 417 728 nunc
441 696 549 737 potius
575 692 653 733 septi
678 689 864 723 Transverli
896 689 1188 723 vehementioribus
1224 691 1258 722 in
1291 702 1338 723 re-

331 737 480 780 spirando
503 735 670 769 conatibus
693 732 916 766 adscribendus
939 732 1087 780 videtur,
1118 732 1206 776 quod
1228 743 1336 767 extre-

331 793 386 814 mo
409 781 512 814 altero
537 778 688 811 vertebris
711 775 898 809 lumborum
921 776 1062 817 affigitur
1082 800 1089 807 .
1225 779 1334 810 Caete-

331 836 399 857 ram
423 824 476 857 hic
503 823 626 855 arteriae
649 821 761 853 Aortae
785 818 1013 852 dilatationem
1037 818 1189 853 libentius
1212 820 1332 855 tribue-

330 869 393 900 rim
415 870 448 900 vi
472 866 581 899 nimia:
604 875 666 907 qua
689 874 770 902 cor,
795 863 880 894 mole
904 862 1033 895 anetum
1054 885 1064 900 ,
1088 861 1271 908 sanguinem
1295 866 1329 897 in

326 912 417 944 illam
440 908 674 945 contrudebat;
695 917 769 939 nam
786 903 890 941 eidem
913 906 1150 947 quoquecausae
1175 904 1329 941 offearum

326 955 525 998 squamarum
549 949 725 995 produtftio
746 949 875 982 videtur
899 948 1039 991 affignari
1065 948 1149 992 posse
1169 961 1180 988 3
1203 951 1333 993 quando

325 997 444 1033 osseum
468 996 590 1030 fastum
613 992 750 1037 ejusdem
773 993 897 1025 arteriae
932 993 1065 1026 initium
1089 1004 1141 1026 eos
1163 992 1331 1028 dumtaxat

324 1053 433 1076 cervos
466 1039 578 1073 habere
603 1038 659 1081 qui
694 1036 818 1071 diutius
838 1060 849 1076 ,
884 1039 915 1069 &
940 1036 1084 1071 crebrius
1116 1037 1273 1071 currendo
1302 1037 1330 1071 se

322 1085 546 1124 exercuerint,
570 1092 635 1114 non
658 1092 710 1114 eos
731 1080 788 1123 qui
811 1080 844 1112 in
869 1079 1061 1121 Magnarum
1084 1080 1214 1113 vivariis
1239 1082 1331 1124 quie-

324 1131 351 1164 ti
376 1130 525 1167 aluntur,
552 1126 664 1159 auetor
691 1123 733 1158 est
757 1122 971 1157 Boerhaavius
992 1126 1006 1162 <
1028 1123 1040 1156 l
1061 1127 1097 1163 ).
1123 1124 1181 1156 Sed
1201 1133 1237 1157 ut
1261 1123 1329 1157 haec

322 1174 356 1206 vi
380 1174 488 1205 nimiae
514 1168 627 1203 sinistri
649 1167 758 1200 cordis
781 1166 980 1213 ventriculi,
1001 1165 1043 1199 fic
1067 1167 1175 1199 nimiae
1197 1169 1229 1200 vi
1253 1167 1330 1201 dex-

319 1217 383 1253 teri
407 1214 491 1248 illud
515 1211 739 1255 imputandum
774 1210 816 1244 est
839 1208 928 1252 quod
963 1210 1088 1250 sanguis
1111 1208 1175 1242 suis
1201 1210 1329 1245 demum

318 1259 474 1302 disruptis
498 1255 631 1289 vasculis
646 1278 657 1294 ‚
679 1255 714 1286 in
738 1254 930 1296 pulmonum
955 1247 1182 1293 substantiam,
1207 1252 1268 1287 hoc
1288 1254 1330 1288 est

319 1306 405 1338 intra
428 1299 577 1334 veficulas
594 1322 603 1336 ‚
626 1297 708 1331 unde
733 1308 787 1339 per
810 1295 938 1338 sputum
962 1295 1088 1338 prodiit
1108 1319 1121 1336 ,
1151 1295 1264 1330 effusus
1289 1297 1328 1331 fit

318 1360 358 1381 eo
382 1344 510 1380 facilius
545 1341 634 1385 quod
657 1352 720 1373 non
745 1341 791 1373 ita
815 1340 924 1373 sanum
945 1362 957 1378 ,
989 1338 1181 1382 firmumque
1213 1340 1247 1374 id
1271 1340 1327 1375 esse

320 1399 448 1435 poterat
469 1386 572 1420 viscus
607 1385 650 1418 ob
673 1383 786 1417 affidue
809 1382 959 1425 illapsum
981 1394 1056 1416 cum
1090 1394 1159 1415 aere
1182 1383 1326 1418 lanarum

318 1435 501 1478 pulverem.
636 1426 741 1461 Pofita
764 1436 871 1460 autem
898 1426 936 1459 ad
961 1426 1093 1469 aliquod
1119 1437 1244 1470 tempus
1270 1429 1325 1462 ista

319 1479 432 1511 Aortae
455 1474 674 1511 dilatatione,
697 1470 867 1503 verisimile
889 1469 954 1515 est,
979 1471 1174 1504 ventriculos
1197 1483 1325 1514 quoque

316 1521 426 1555 cordis
452 1520 491 1552 ab
515 1516 676 1552 restitante
701 1514 851 1557 sanguine
874 1512 965 1547 suifle
988 1512 1135 1546 nonnihil
1149 1513 1324 1554 dilatatos;

316 1575 354 1599 ut
379 1564 473 1598 molis
499 1569 708 1599 augmentum
721 1569 783 1591 non
808 1555 1002 1590 craffitudini
1028 1556 1130 1591 solum
1143 1560 1301 1599 parietum
1317 1584 1325 1600 ,

317 1608 370 1644 sed
394 1611 426 1642 &
449 1600 697 1647 amplificationi
721 1600 973 1634 ventriculorum
997 1599 1163 1634 deberetur
1184 1627 1191 1635 .
1219 1601 1325 1636 Idem-

311 1665 377 1697 -que
401 1650 525 1686 difium
549 1648 676 1693 putabis
697 1644 735 1679 de
759 1656 791 1678 ea
816 1655 885 1688 quae
909 1646 1053 1689 proxima
1066 1644 1232 1689 sequitur,
1252 1646 1325 1680 Ob-

314 1697 493 1732 servatione
506 1721 512 1727 .
1074 1736 1078 1741 .
1195 1733 1201 1738 ·
1296 1737 1300 1742 .

362 1753 413 1783 25,
440 1739 632 1773 MULIER
656 1746 812 1770 annorum
824 1735 953 1768 circiter
977 1735 1163 1777 sexaginta,
1189 1746 1253 1776 Jam
1269 1734 1325 1769 diu

310 1785 384 1821 tulii
408 1783 594 1822 interdum,
618 1783 649 1814 δε
673 1778 1046 1822 difficilitespiratione,
1070 1778 1326 1821 praesertimpost

313 1830 539 1862 violentiorem
563 1836 710 1864 motum,
735 1824 951 1856 laboraverat.
977 1822 1126 1855 Tandem
1138 1822 1261 1863 pulsans
1272 1830 1325 1856 tu-

315 1885 386 1907 mor
408 1882 558 1915 apparere
583 1870 682 1912 coepit
708 1866 764 1900 sub
787 1866 942 1900 clavicula
955 1865 1085 1899 dextera
1111 1865 1148 1898 ad
1162 1865 1319 1900 sternum:

312 1919 370 1962 qui
403 1916 542 1950 duorum
577 1922 630 1947 aut
656 1913 756 1945 trium
792 1908 945 1943 mensium
978 1908 1083 1951 spatio
1115 1908 1210 1952 usque
1242 1910 1321 1943 adeo

307 1962 411 1996 crevit
434 1983 446 2000 ,
477 1969 513 1992 ut
537 1958 673 1991 alterum
697 1952 784 1997 quasi
816 1963 912 1995 caput
937 1964 953 1986 e
978 1952 1088 1985 medio
1119 1951 1222 1999 sterno
1246 1964 1320 2002 ena-

310 2016 382 2040 tum
407 2004 590 2040 videretur5
615 1999 688 2033 inde
700 1998 806 2036 enim,
830 1997 919 2039 globi
935 1994 1169 2045 propemodum
1193 1996 1320 2046 simile,

308 2050 346 2083 ad
371 2048 519 2092 jus-‘ulum
550 2042 780 2078 extendebatur
803 2066 809 2074 .
848 2039 958 2073 Sensus
981 2050 1015 2072 in
1047 2051 1085 2072 eo
1109 2040 1224 2072 caloris
1243 2063 1255 2080 ,
1289 2042 1320 2072 ἅ

310 2077 432 2127 doloris
457 2090 579 2123 urentis
598 2112 606 2119 .
643 2089 767 2120 Interea
790 2083 920 2126 pristina
945 2082 1001 2116 illa
1025 2081 1231 2116 incommoda
1253 2094 1322 2115 ma-

310 2136 381 2180 jora
405 2143 492 2168 erant
518 2132 624 2171 facta,
648 2139 741 2171 atque
765 2128 827 2160 alia
850 2126 1192 2168 insuperaccesserant.
1213 2126 1320 2175 Narn-

312 2192 373 2222 que
397 2190 412 2212 a
437 2178 551 2211 mediis
576 2174 717 2208 humeris
750 2171 788 2204 ad
811 2179 896 2203 totas
920 2181 1029 2203 manus
1047 2193 1058 2209 ‚
1091 2172 1124 2203 &
1149 2181 1164 2202 a
1190 2169 1321 2203 summis

313 2235 390 2267 pene
414 2221 558 2255 cruribus
583 2217 621 2252 ad
643 2225 732 2250 totos
767 2213 859 2257 pedes
881 2212 1006 2246 oedema
1040 2213 1217 2254 pertinebat
1238 2237 1266 2263 ,ι
1285 2224 1324 2246 eo

314 2266 544 2311 spectabilius,
568 2260 655 2306 quod
679 2270 752 2293 cum
787 2268 805 2290 a
830 2257 973 2300 suprema
1007 2257 1159 2307 parte-ad
1183 2256 1323 2291 mediam

314 2311 410 2353 usque
434 2309 573 2342 multum
595 2303 690 2337 effent
724 2301 849 2335 humeri
872 2308 1034 2334 extenuati
1057 2324 1066 2340 ,
1100 2301 1173 2333 inde
1196 2309 1324 2342 repente

314 2354 371 2388 illa
394 2364 457 2386 non
482 2351 607 2384 modica
618 2344 786 2380 craffitudo
809 2343 1008 2385 incipiebat:
1033 2355 1104 2385 quae
1119 2355 1189 2384 res,
1211 2355 1324 2386 quam..

316 2399 365 2431 vis
389 2408 454 2431 non
488 2396 533 2427 ita
558 2390 753 2428 evidenter,
785 2388 818 2419 in
851 2387 998 2419 cruribus
1030 2398 1158 2428 quoque
1195 2395 1322 2435 poterat

317 2439 530 2476 animadverti
550 2461 563 2477 ,
597 2435 653 2468 ubi
678 2433 827 2474 supremae
852 2430 970 2463 horum
993 2438 1095 2471 partes
1119 2441 1191 2463 cum
1210 2440 1324 2479 *proiti-

318 2487 379 2519 mis
401 2482 625 2517 conferrentur
648 2503 655 2510 .
688 2476 797 2509 Facies
820 2475 919 2506 etiam
952 2474 1151 2506 intumuerat
1175 2473 1325 2516 aliquan-

318 2541 389 2563 tum
436 2530 535 2568 Sputa
557 2531 645 2556 erant
669 2520 778 2553 crebra
805 2544 814 2556 ‚
851 2528 947 2559 eaque
971 2516 1096 2565 ultimis
1127 2516 1238 2549 diebus
1260 2514 1326 2566 ser-

319 2585 369 2607 me
393 2555 559 2615 purulenta
572 2593 580 2600 .
607 2563 718 2598 Pulsus
742 2562 887 2600 debiles,
904 2563 943 2609 ,δέ
955 2570 1045 2602 parVi
1059 2585 1067 2591 .
1092 2559 1193 2594 Nulla
1210 2570 1327 2602 qnies,

317 2615 375 2650 nisi
400 2613 543 2649 sedenti.
567 2611 656 2643 Nam
680 2607 729 2639 vel
755 2606 833 2639 levis
855 2604 994 2647 quilibet
1018 2611 1124 2650 motus
1134 2627 1147 2651 ,-
1169 2615 1234 2636 non
1259 2615 1329 2653 mo-

317 2660 361 2693 do
385 2659 514 2700 supinus
537 2652 702 2687 decubitus
728 2673 740 2689 ,
763 2649 920 2682 continuo
944 2648 977 2679 in
1001 2644 1225 2680 suffocationis
1246 2658 1331 2696 peri-

319 2703 433 2737 culum
456 2696 648 2743 conjiciebat
669 2719 677 2726 .
712 2693 803 2727 Idem
830 2695 861 2725 &
884 2690 950 2723 cibi
973 2717 982 2731 ,
1022 2689 1156 2732 potusve
1190 2690 1327 2723 faciebat

320 2746 465 2788 sumptio
480 2756 487 2763 ·
512 2751 549 2777 ut
572 2739 710 2781 denique
728 2737 772 2773 ,ab
797 2735 847 2769 his
871 2734 999 2776 prorsus
1024 2733 1176 2767 abstinere
1200 2745 1329 2776 cogere-

317 2800 393 2825 tur.
420 2768 532 2830 Itaque
555 2795 626 2818 curn
656 2782 706 2815 sex
730 2779 796 2813 dies
828 2777 1021 2812 abstinuisset
1044 2789 1057 2817 ,·
1089 2777 1193 2810 inedia
1219 2779 1328 2828 potius

322 2845 395 2868 cum
422 2832 544 2865 levibus
566 2823 761 2861 convulsivis
785 2822 949 2862 motibus,
972 2832 1067 2865 quam
1091 2822 1205 2854 morbo
1229 2821 1300 2864 ipso
1318 2842 1327 2857 ‚

321 2874 469 2912 confeeta
495 2873 554 2906 est.
692 2868 745 2900 IN
769 2867 974 2900 VENTRE
1005 2863 1179 2907 limpidum
1205 2864 1328 2906 stagna-

320 2923 375 2956 bat
399 2919 519 2953 serum.
542 2917 654 2956 Hepar
674 2935 687 2951 ,
719 2914 749 2943 δέ
773 2909 966 2943 ventriculus
990 2910 1115 2941 inventa
1150 2908 1221 2942 sunt
1244 2907 1330 2941 infe-

324 2967 391 3001 rius
413 2972 511 3004 quarn
535 2958 678 2994 soleant,
702 2955 827 2987 locata.
853 2954 963 2986 Colon
989 2952 1176 2999 intestinum
1201 2965 1216 2984 a
1241 2961 1328 3001 parte

323 3009 452 3044 dextera
476 3015 538 3038 non
562 3000 711 3045 pergebat
735 2999 768 3030 in
791 2994 944 3029 sinistram
972 3007 985 3035 ;
1008 2995 1057 3029 led
1081 2995 1137 3029 ubi
1160 2995 1330 3028 ventriculi

323 3052 459 3087 fundum
484 3047 658 3081 attigerat,
683 3041 756 3074 inde
779 3041 936 3073 continuo
968 3051 1021 3082 per
1043 3040 1164 3073 ventris
1187 3039 1331 3072 medium

323 3096 364 3132 ad
388 3094 528 3130 Redium
549 3080 737 3122 intestinum
759 3082 964 3117 descendebat
990 3109 997 3115 .
1033 3084 1113 3116 Alvi
1139 3091 1330 3116 recrementa

350 3151 395 3173 uae
419 3137 526 3171 multo
552 3142 622 3167 ante
644 3130 774 3164 obitum
800 3136 942 3168 tempore
955 3126 1076 3169 dejesta
1100 3138 1164 3160 non
1179 3126 1330 3176 fuerant,

324 3153 424 3225 {irope
449 3180 557 3213 omnia
580 3179 664 3209 intra
687 3173 766 3206 Coli
790 3172 922 3204 initium
946 3170 1196 3204 continebantur
1216 3195 1224 3202 .
1249 3172 1332 3220 Rem

326 3225 451 3259 finistro
474 3223 612 3256 exterius
637 3216 776 3252 adstabat
802 3213 975 3257 glandula,
997 3213 1144 3248 castaneae
1168 3223 1332 3256 magnitu-

325 3271 398 3304 dine
446 3267 552 3300 coloi·e
576 3266 664 3297 intus
686 3261 863 3304 subluteo3
986 3260 1024 3291 In
1036 3257 1185 3292 Thorace
1209 3258 1330 3299 stagna-

328 3314 382 3346 bat
408 3293 512 3345 ferum
532 3333 545 3350 ,
568 3306 655 3350 quod
679 3303 822 3347 spongiis
845 3302 910 3335 fuit
932 3301 1186 3352 exhauriendum
1208 3327 1216 3334 .
1253 3300 1330 3333 Pul-

327 3368 381 3390 mo
404 3354 522 3388 sinister
543 3351 633 3385 valde
655 3349 840 3382 contrac‘ws
864 3368 871 3381 .
907 3347 939 3378 &
959 3346 1043 3388 quali
1077 3346 1294 3379 inflammatus
1319 3367 1331 3383 ‚

328 3402 363 3433 in
387 3398 495 3431 medio
519 3394 676 3430 saniosum
701 3392 843 3425 ichorem
865 3412 874 3427 ‚
909 3387 965 3421 hic
991 3390 1059 3422 illic
1095 3399 1201 3423 autem
1238 3398 1332 3431 parva

328 3441 491 3476 tubercula
516 3437 726 3473 continebat,
751 3444 890 3479 quorum
913 3433 1067 3466 nonnulla
1101 3443 1189 3483 erant
1214 3432 1332 3480 suppu-

327 3495 416 3520 rata.
442 3486 517 3517 Sero
540 3480 756 3526 pericardium
781 3476 959 3511 abundabat
976 3500 983 3506 .
1010 3478 1081 3523 Cor
1105 3478 1333 3526 aliquantoin-

330 3529 450 3568 serius,
473 3539 568 3570 quam
594 3524 715 3563 soleat,
744 3525 776 3556 &
799 3530 909 3554 totum
932 3518 1031 3552 fei-me
1053 3519 1220 3554 sinistram
1243 3527 1333 3562 parte

937 90 1091 144 Liber
1126 89 1186 141 ΙΙ.
1220 89 1304 142 De
1341 90 1546 143 Morbis
1579 89 1834 144 Thoracis

1400 170 1624 212 collocatum,
1645 171 1745 213 duplo
1768 182 1831 206 erat
1854 173 1953 215 majus
1969 198 1982 215 ,
2005 186 2103 218 neque
2127 176 2206 210 ullas
2229 172 2400 218 polyposas

1400 214 1618 248 concretiones
1656 215 1790 249 habebat
1810 240 1819 248 .
1854 219 1982 251 Arteria
2005 228 2110 252 autem
2133 221 2252 263 Magna
2283 217 2399 251 oblon-

1400 268 1500 299 gum,
1526 258 1749 301 ingentemque
1773 262 1998 303 aneurysmatis
2022 261 2143 296 saccum
2167 274 2205 295 ex
2228 264 2257 294 ie
2281 260 2400 304 produ-

1398 300 1508 333 cebat.
1532 300 1641 343 Hujus
1663 300 1826 336 orificium
1849 304 1934 337 sacci·
1951 316 2024 339 cum
2038 307 2152 338 arteria
2175 306 2397 338 communica-

1399 345 1454 377 bat
1477 343 1515 378 ad
1540 345 1733 386 superiorem
1756 347 1789 378 &
1812 346 1961 381 nonnihil
1988 350 2177 382 anteriorem
2190 360 2276 382 arcus
2299 347 2396 390 ipsius

1398 397 1517 429 partem
1541 388 1582 421 fic
1601 411 1612 427 ,
1644 397 1681 421 ut
1706 392 1870 423 communi
1895 403 2022 435 quoque
2046 402 2162 426 trunco
2185 391 2359 426 Subclaviae
2383 414 2395 431 ,

1398 433 1431 463 &
1456 431 1622 466 Carotidis
1643 429 1780 465 dexterae
1802 433 1837 465 in
1869 433 1991 468 saccum
2015 436 2108 469 illum
2138 436 2276 469 dilatato
2297 458 2310 476 ,
2344 434 2395 472 hae

1392 473 1463 508 duae
1485 476 1606 508 arteriae
1629 485 1668 507 ex
1691 472 1771 508 facie
1787 475 1957 518 posteriore
1981 480 2166 521 incipientis
2190 479 2268 513 sacci
2283 478 2396 522 prodi-

1390 527 1482 550 rent.
1507 519 1593 551 Cum
1617 525 1722 565 aute-m
1746 516 1850 552 saccus
1872 532 1939 563 quo
1964 524 2063 563 magis
2088 524 2127 556 ab
2150 523 2279 556 orificio
2300 523 2394 558 dista-

1390 560 1466 598 bat,
1489 573 1527 594 eo
1550 562 1650 595 latior
1672 561 1783 601 heret5
1807 564 1948 605 primum
1970 565 2099 609 quidem
2124 568 2292 600 interiores
2316 566 2393 600 tho-

1389 605 1468 638 racis
1492 607 1620 645 Partes,
1644 608 1677 638 &
1699 606 1734 637 in
1757 603 1808 638 his
1831 609 1978 643 arteriam
1999 609 2175 651 Asperam,
2200 609 2390 653 &oesopha-

1388 659 1463 689 gum
1489 647 1578 681 valde
1601 648 1835 691 comprimebat
1857 662 1865 684 .-
1901 650 2013 685 deinde
2037 664 2112 686 vero
2134 665 2207 688 curn
2231 656 2391 687 anteriora

1388 690 1529 724 thoracis
1551 691 1614 725 offa
1640 717 1650 733 ‚
1683 692 1855 734 praesertim
1878 705 1951 728 vero
1972 696 2160 731 claviculam
2193 698 2356 731 dexteram
2378 725 2387 739 ,

1388 743 1457 768 tum
1482 736 1644 776 proximas
1666 735 1741 769 huic
1762 736 1944 778 costarum,
1968 741 2001 772 &
2024 739 2119 773 sterni
2143 750 2247 783 partes
2272 741 2387 778 affidua

1385 777 1437 811 sua
1459 778 1636 820 pulsatione
1658 804 1665 818 ,
1687 781 1720 812 δε
1743 780 1891 813 erodente
1924 793 1963 815 ex
1985 781 2013 815 se
2037 783 2146 817 eniiss'o
2170 784 2306 818 humore
2330 797 2384 827 pe-

1382 823 1470 855 nitus
1493 821 1729 864 absumpfilset;
1747 824 1833 856 viam
1855 823 1912 857 fibi
1938 823 1979 858 ad
2001 828 2162 861 exteriora
2184 839 2350 870 paraverat
2376 853 2387 867 ‚

1382 864 1602 909 musculosque
1620 889 1633 905 ,
1664 869 1696 899 δε
1719 866 1936 909 integumenta
1971 870 2120 904 attollens
2138 895 2152 912 ,
2187 872 2276 904 illam
2301 873 2386 915 quali

1381 910 1534 949 alterius,
1557 918 1593 943 ut
1615 910 1709 946 dixi,
1732 912 1848 954 capitis
1873 913 2045 954 imaginem
2058 912 2220 947 effecerat.
2246 917 2308 949 Hae
2333 928 2388 950 au-

1383 962 1447 985 tem
1471 964 1547 995 quas
1569 953 1751 992 extulerat,
1775 965 1877 997 partes
1901 954 2110 997 circumjectu
2134 958 2189 992 suo
2214 958 2387 1000 prohibue-

1382 1004 1452 1028 rant
1475 1021 1483 1035 ‚
1517 1007 1554 1029 ne
1578 996 1704 1039 sanguis
1735 996 1830 1032 facile
1852 998 2002 1041 disrupto
2025 1002 2255 1043 aneurylmatis
2291 1002 2385 1036 sacco

1382 1038 1650 1081 profunderetur.
1677 1041 1831 1074 Exterior
1855 1053 1988 1084 namque
2011 1045 2135 1078 arteriae
2160 1046 2295 1086 tunica,
2319 1058 2386 1089 quo

1381 1084 1482 1124 magis
1505 1095 1522 1115 a
1544 1090 1658 1117 trunco
1683 1085 1909 1124 recedebam,
1931 1097 1970 1118 eo
1994 1088 2095 1129 magis
2119 1098 2308 1129 extenuata,
2330 1090 2387 1122 vix

1381 1126 1521 1167 amplius
1544 1128 1671 1168 agnosci
1693 1150 1702 1164 ,
1727 1132 1760 1161 ἅτ
1784 1130 1904 1171 percipi
1930 1139 2055 1170 poterat
2081 1130 2136 1164 ubi
2159 1143 2248 1165 extra
2275 1132 2388 1166 thora·-

1379 1180 1447 1202 cem
1470 1179 1601 1203 ventum
1624 1180 1709 1203 erat.
1738 1173 1866 1205 Tunica
1891 1182 1995 1206 autem
2018 1175 2152 1208 interior
2174 1177 2238 1219 ipsa
2260 1187 2388 1219 quoque

1380 1212 1464 1255 apud
1489 1223 1638 1247 truncum
1661 1213 1793 1257 quidem
1816 1216 1994 1250 naturalem
2019 1218 2157 1251 servabat
2169 1220 2384 1254 constitutio-

1380 1266 1455 1289 nem
1481 1283 1490 1296 ,
1524 1260 1557 1290 &
1590 1268 1668 1290 mox
1699 1258 1796 1291 etiam
1832 1270 1870 1293 ex
1902 1259 2005 1294 tribus
2040 1260 2209 1297 videbatur
2244 1262 2387 1298 constare

1379 1299 1595 1341 membranis,
1617 1313 1688 1344 quae
1712 1300 1842 1344 singulae
1865 1304 1897 1336 in
1923 1303 1998 1336 alias
2021 1304 2210 1340 videbantur
2242 1306 2387 1340 subdivi-

1377 1342 1436 1383 di,
1460 1343 1511 1378 sed
1533 1344 1709 1383 craffiores,
1735 1348 1767 1378 δε
1790 1346 1876 1387 quali
1899 1357 2024 1380 carneas
2044 1372 2056 1387 ,
2090 1351 2122 1382 δε
2144 1361 2216 1392 quae
2237 1373 2249 1390 ,
2282 1348 2305 1382 fi
2328 1348 2388 1384 fir-

1377 1388 1495 1421 miores
1517 1387 1646 1422 fuissent
1671 1412 1684 1429 ,
1717 1388 1931 1423 musculosum
1954 1389 2051 1424 ferme
2081 1403 2197 1435 corpus
2221 1392 2387 1436 repraesen-

1376 1429 1512 1471 tassent,
1535 1430 1626 1473 cujus
1649 1431 1749 1466 tendo
1772 1433 1806 1464 in
1832 1435 1940 1467 tunica
1964 1433 2024 1467 hac
2049 1437 2201 1470 interiore
2220 1461 2234 1479 ,
2266 1436 2324 1471 ubi
2345 1447 2386 1470 ex:

1375 1483 1491 1509 trunco
1515 1475 1724 1517 erumpebat,
1747 1475 1821 1509 esset
1846 1477 2010 1519 ponendus
2024 1503 2031 1511 .
2058 1480 2213 1514 Attamen
2232 1480 2281 1514 hae
2304 1492 2387 1524 qua-

1375 1517 1398 1551 si
1421 1529 1538 1551 carneae
1562 1519 1751 1552 membranae
1775 1542 1785 1557 ‚
1819 1521 2008 1555 interiorem
2040 1523 2120 1556 sacci
2153 1526 2296 1558 tunicam
2318 1524 2385 1558 effi-

1375 1563 1515 1602 cientes,
1540 1573 1609 1605 quae
1634 1563 1800 1596 nonnullis
1823 1564 1855 1596 in
1880 1563 1959 1598 locis
1983 1567 2147 1600 transversi
2180 1566 2279 1610 digiti
2303 1568 2386 1602 cras-

1378 1605 1549 1640 iitudinem
1572 1606 1737 1649 aequabat,
1764 1606 1835 1641 aliis
1857 1607 2051 1682 {quibusdam
2076 1611 2205 1645 inlocis
2228 1622 2316 1645 erant
2340 1612 2386 1645 la-

1378 1660 1472 1685 cerae,
1498 1658 1591 1693 atque
1616 1648 1735 1688 erosae3
1761 1660 1796 1682 ut
1821 1652 1879 1683 nii
1911 1661 1965 1685 aut
1989 1654 2130 1686 exterior
2153 1656 2262 1689 tunica
2288 1682 2297 1697 ‚
2330 1665 2385 1690 aut

1377 1694 1518 1733 partium
1541 1692 1818 1736 circumjectarum
1844 1695 1979 1736 parietes
2003 1694 2281 1738 prohibuissent,
2308 1699 2385 1733 inde

1377 1736 1695 1782 sanguis—erupturus
1718 1734 1846 1770 fuisset.
1870 1739 2032 1772 Caeterum
2055 1740 2139 1774 intra
2153 1741 2233 1775 sacci
2258 1751 2385 1777 caveam

1376 1782 1542 1822 grumolus
1575 1780 1699 1822 sanguis
1732 1780 1992 1815 continebatur.
2125 1785 2226 1819 Artus
2257 1799 2385 1829 quoque

1374 1823 1530 1857 oedemate
1552 1832 1710 1856 tumentes
1733 1822 1857 1857 disseeti
1891 1823 1961 1858 sunt
1992 1838 1999 1858 :
2035 1826 2181 1870 nihilque
2205 1829 2262 1862 seri
2299 1831 2386 1863 inter

1375 1867 1593 1901 musculorum
1616 1865 1710 1900 libras
1734 1867 1900 1901 inventum
1924 1869 1991 1907 est3
2016 1870 2065 1903 sed
2090 1883 2185 1905 omne
2210 1874 2294 1906 inter
2309 1885 2383 1907 mu-

1373 1911 1496 1949 sculos,
1521 1912 1554 1943 &
1578 1920 1685 1943 cutem
1710 1913 1741 1942 in
1768 1909 1911 1944 dilatatis
1933 1912 2086 1956 Adiposae
2110 1916 2300 1950 membrana:
2322 1918 2387 1950 cel-

1372 1953 1448 1987 lulis
1471 1952 1624 1986 concludi
1648 1954 1835 1988 videbatur.
1860 1955 2024 1990 Credibile
2047 1966 2158 1992 autem
2180 1969 2268 1997 erat,
2293 1961 2385 1993 iniis

1373 2008 1451 2039 quas
1473 1995 1645 2037 diximus,
1668 2007 1795 2030 artuum
1820 1998 1966 2039 partibus
1999 1999 2169 2036 substitisse
2192 2004 2235 2036 ob
2267 2003 2386 2037 debili-

1373 2049 1477 2073 tatum
1500 2040 1664 2081 sanguinis
1687 2052 1742 2083 pet
1765 2042 1897 2075 arterias
1921 2044 2116 2087 impulsum,
2141 2030 2251 2090 coquel
2264 2047 2386 2081 sursum

1374 2082 1565 2126 compellere
1588 2093 1653 2116 non
1676 2084 1834 2117 valentem
1855 2096 1866 2122 3
1899 2097 1973 2120 nam
1997 2098 2078 2121 certe
2101 2090 2268 2133 propiores
2291 2090 2385 2125 cordi

1374 2136 1502 2160 artuum
1525 2136 1654 2169 partes,
1675 2136 1876 2170 nequaquam
1891 2153 1899 2167 ,
1924 2139 1960 2162 ut
1985 2130 2077 2174 supra
2099 2133 2282 2176 expositum
2305 2134 2348 2167 est
2373 2157 2384 2172 ‚

1375 2169 1564 2204 tumebant.
1587 2169 1627 2203 Id
1652 2168 1756 2204 serum
1778 2181 1817 2204 ex
1840 2170 1974 2205 brachio
1994 2197 2007 2214 ,
2040 2177 2153 2210 multis
2176 2178 2210 2210 in
2235 2179 2315 2211 locis
2337 2179 2387 2210 in-

1373 2214 1437 2247 cisa
1460 2222 1557 2251 cute,
1582 2213 1758 2260 expressum
1785 2236 1795 2251 ,
1830 2216 1941 2249 colore
1968 2229 2084 2260 aquam
2108 2219 2244 2255 referens
2268 2245 2277 2261 ‚
2311 2232 2386 2255 cum

1375 2258 1445 2300 igni
1469 2255 1577 2290 fuisset
1602 2258 1819 2298 impolitum,
1843 2269 1941 2301 neque
1965 2262 2133 2297 turbidum
2159 2263 2281 2299 fanum
2307 2263 2350 2298 est
2377 2286 2388 2303 ‚

1375 2304 1408 2334 δε
1433 2308 1542 2333 totum
1566 2300 1600 2331 in
1633 2311 1721 2333 auras
1745 2300 1824 2332 abiit
1845 2326 1852 2332 .
1890 2302 1948 2336 Sed
1982 2305 2069 2346 quod
2101 2319 2139 2340 ex
2169 2306 2311 2342 thoracis
2335 2319 2389 2341 ca-

1375 2345 1441 2376 veis
1466 2351 1632 2386 acceptum
1665 2342 1769 2376 fuerat
1792 2365 1802 2380 ,
1835 2344 1946 2377 colore
1984 2348 2021 2381 ad
2058 2349 2175 2384 flavum
2211 2351 2388 2386 saturatum

1375 2387 1522 2420 accedens
1548 2408 1556 2422 ‚
1590 2389 1623 2419 δε
1647 2386 1811 2422 turbatum
1834 2386 1877 2421 est
1901 2413 1910 2427 ,
1942 2391 1974 2421 δε
2008 2392 2104 2432 paulo
2128 2394 2197 2436 post
2229 2397 2263 2428 in
2303 2395 2388 2429 sum-

1377 2442 1433 2464 mo
1468 2430 1652 2472 pelliculam
1673 2428 1768 2464 duxit
1789 2455 1803 2470 ,
1836 2430 1978 2473 hancque
2002 2457 2014 2473 ,
2049 2436 2240 2475 procedente
2264 2438 2386 2482 semper

1377 2475 1605 2516 evaporatione
1623 2496 1636 2512 ,
1669 2472 1808 2516 denique
1831 2474 1864 2506 in
1900 2477 1969 2507 imo
1993 2476 2060 2510 vase
2098 2479 2252 2522 reliquit.

1378 2519 1488 2551 Serum
1513 2526 1618 2550 autem
1640 2528 1679 2549 ex
1712 2526 1820 2550 ventre
1844 2516 1989 2552 haustum
2010 2543 2023 2559 ,
2056 2530 2091 2554 ut
2114 2523 2224 2557 colore
2255 2524 2292 2558 ad
2318 2524 2387 2567 pri-

1383 2572 1472 2593 mum
1497 2559 1578 2593 illud
1603 2559 1794 2600 accedebat,
1816 2559 1859 2592 fic
1881 2566 2026 2604 quamvis
2051 2576 2115 2599 non
2141 2566 2225 2602 secus
2249 2580 2283 2601 ac
2307 2569 2389 2601 alte-

1382 2615 1474 2641 rum,
1499 2604 1675 2636 avolaverit
1697 2614 1710 2642 ;
1741 2604 1832 2637 nullo
1855 2613 1961 2641 tamen
1994 2607 2091 2642 modo
2115 2610 2280 2645 turbatum
2311 2610 2353 2645 est
2376 2635 2385 2644 .

1383 2648 1476 2687 Qiin
1502 2648 1605 2679 etiam
1622 2658 1696 2679 cum
1720 2646 1917 2689 singulorum
1941 2652 2052 2692 portio
2071 2675 2083 2692 ,
2117 2664 2181 2686 non
2207 2656 2275 2696 igni
2297 2667 2388 2689 corn-

1381 2690 1491 2730 misl'a,
1516 2690 1565 2723 sed
1588 2692 1622 2722 in
1647 2689 1722 2723 vafis
1747 2693 1857 2724 vitreis
1882 2692 2019 2728 seorsum
2044 2694 2117 2729 effer
2142 2695 2315 2739 asservata,
2339 2700 2389 2731 al-

1380 2745 1549 2777 terumque
1582 2735 1669 2766 brevi
1704 2744 1848 2777 tempore
1890 2738 1991 2770 multa
2023 2739 2058 2771 in
2093 2738 2139 2772 sui
2182 2742 2290 2776 medio
2333 2755 2389 2776 na-

1383 2779 1485 2811 tantia
1539 2788 1760 2811 concrementa
1809 2779 1987 2826 ostendisset
2031 2783 2331 2820 membraniformia
2375 2810 2389 2827 ,

1381 2833 1491 2855 eoi-um
1536 2820 1652 2854 nmilia
1687 2844 1699 2862 ‚
1749 2833 1822 2865 quae
1865 2824 1942 2867 saepe
1988 2836 2138 2868 apparent
2190 2830 2223 2862 in
2266 2831 2345 2863 vino
2376 2842 2390 2870 ‚⁴

1382 2867 1526 2907 primum
1556 2887 1569 2905 ,
1621 2869 1651 2898 δε
1700 2867 1832 2899 tertium
1872 2867 1979 2901 multo
2030 2871 2182 2912 pauciora
2238 2872 2390 2908 exhibue-

1383 2919 1479 2942 runt.

1430 2956 1479 2986 26.
1507 2953 1602 2986 Plura
1626 2953 1658 2985 in
1683 2950 1741 2985 hac
1766 2952 1898 2987 historia
1922 2954 1992 2989 sunt
2026 2955 2234 2994 adnotatione
2257 2960 2352 3000 digna
2375 2984 2388 3002 ,

1388 2996 1441 3030 seu
1463 2997 1623 3029 viventem
1649 2997 1812 3029 mulierem
1837 3021 1849 3037 ,
1881 2996 1940 3030 five
1962 3000 2060 3034 etiarn
2083 3013 2242 3037 mortuam
2267 3001 2390 3047 Γρεἃε-

1389 3052 1480 3074 mus.
1616 3042 1654 3073 In
1678 3040 1802 3073 vivente
1826 3041 1908 3074 illud
1933 3043 2102 3085 inprimi5‚
2127 3047 2218 3090 quod
2230 3059 2293 3081 non
2320 3060 2390 3081 mo-

1381 3086 1424 3120 do
1448 3096 1463 3116 a
1486 3084 1681 3117 violentiore
1703 3097 1712 3120 3
1746 3093 1781 3116 ut
1806 3085 1945 3127 plerique
1970 3087 2026 3120 alii
2050 3089 2268 3132 aneurysmate
2301 3092 2391 3125 labou

1383 3138 1511 3168 rantes,·
1534 3127 1584 3161 sed
1607 3130 1636 3160 ἃ
1663 3139 1678 3159 a
1702 3127 1763 3159 levi
1786 3128 1933 3170 quolibet
1956 3142 2073 3172 motu,
2096 3142 2188 3175 atque
2201 3135 2278 3168 adeo
2302 3148 2317 3168 a
2341 3137 2390 3168 ci-

1384 3174 1442 3211 bi,
1466 3172 1599 3213 potusve
1626 3170 1809 3213 sumptione
1833 3173 1866 3205 in
1891 3171 2114 3210 suffocationis
2137 3177 2316 3219 periculum
2340 3180 2391 3211 in-

1384 3216 1523 3249 cideret.
1550 3214 1716 3248 Similiora
1740 3213 1790 3247 his
1814 3240 1821 3252 ,
1857 3219 1887 3248 ἃ
1913 3218 1988 3251 aliis
2011 3231 2082 3262 quae
2117 3221 2150 3252 in
2175 3221 2234 3254 hac
2256 3222 2390 3255 muliere

1383 3259 1645 3301 descriptasunt‚
1669 3269 1732 3289 non
1747 3260 1878 3292 memini
1904 3273 2043 3305 unquam
2054 3263 2246 3305 conspexisse
2262 3289 2270 3303 ‚
2293 3276 2390 3308 quarn

1384 3314 1458 3337 cum
1481 3302 1621 3336 Octobri
1648 3301 1750 3334 mense
1773 3302 1815 3334 A.
1847 3314 1939 3346 1705.
1967 3306 2106 3339 medicus
2131 3307 2289 3342 affiderem
2301 3310 2392 3342 Mar-

1384 3347 1498 3380 chioni
1532 3345 1804 3379 Excellentiffimo
1835 3347 1970 3390 Aloysio
1998 3351 2169 3383 Pauluccio
2194 3376 2203 3390 ‚
2238 3355 2392 3395 Supremo

1385 3389 1629 3423 pontificiarum
1652 3390 1833 3431 Copiarum
1858 3391 2036 3433 Praefeeffi,
2061 3396 2092 3425 ἃ
2117 3395 2218 3429 trium
2243 3395 2391 3437 Amplis-

1382 3433 1537 3467 fimorum
1562 3434 1591 3465 S.
1620 3434 1660 3466 R.
1686 3434 1725 3466 E.
1752 3434 1990 3471 Cardinaliumr
2010 3436 2152 3480 ejusdem
2189 3439 2392 3482 cognominis

1386 3478 1506 3510 Fratris
1531 3476 1625 3516 filio,
1648 3477 1773 3513 Fratri.
1798 3480 1829 3510 &
1853 3479 2030 3514 Avunculo
2052 3503 2065 3520 ,
2088 3482 2197 3516 multo
2222 3485 2393 3524 longiore,

1389 3524 1421 3554 δε
1446 3519 1591 3553 feliciore
1614 3520 1680 3552 vita
1704 3520 1884 3562 dignissimo
1905 3548 1911 3554 .
1938 3525 2004 3556 Hic
2026 3525 2110 3556 enini
2134 3525 2176 3557 ob
2199 3525 2392 3569 ejuscemodi

2262 3580 2350 3602 moi·-

325 3648 2399 3667 &mm—‘W

391 3714 406 3744 ζ
421 3713 457 3743 1)
474 3710 579 3737 Praelest.
597 3709 622 3734 in
640 3707 715 3733 Instit.
733 3707 746 3738 §
772 3709 825 3738 478.
