2498 4075
314 206 475 270 Epist.
514 205 687 258 Anat*
713 202 927 256 Medica
961 198 1227 255 XXXIX.
1263 198 1727 262 Art.1.z.3:4.&5.

30 294 86 329 te‚‘
109 299 161 324 aut
184 288 334 332 disrupto
357 289 504 321 inventas
525 287 777 320 commemoravi
799 282 1029 327 (y)siutrius-

27 345 89 410 ,lque
112 333 262 366 historias
284 336 298 371 (
320 331 378 375 z)
411 332 572 373 perlegens
599 351 608 366 ‚
635 328 821 369 cujusmodi
855 327 1028 369 pharmaca

42 374 251 418 umpsissent‚
275 378 305 408 δε
329 386 401 417 quae
426 374 466 406 ab
480 383 590 406 eorum
614 371 795 414 sumptione
807 369 1027 412 pertulissent,

29 418 294 453 animadverteris
308 442 317 451 .
449 416 508 451 Sed
529 415 608 449 dum
630 415 699 450 tibi,
717 413 894 457 gratificari
908 413 1028 455 cupio,

1923 213 2000 248 121

1078 295 1118 317 eo
1151 294 1200 316 me
1236 283 1425 325 proveRum
1462 282 1516 315 vix
1551 279 1680 313 tandem
1715 278 1819 312 sentio
1852 289 1918 322 quo
1951 264 2076 315 ceree}

1078 328 1183 404 plrirlno
1206 334 1270 360 non
1294 325 1466 368 putabam.
1489 325 1601 361 Finem
1624 324 1726 365 igitur
1758 321 1915 357 scribendi
1949 320 2036 358 facio
2059 346 2066 354 .

1118 381 1182 403 ae.

31 659 533 722 EPISTOLA
589 651 1720 720 ANATOMICO-MEDICA
1780 647 2070 713 XXXIX-

224 808 310 860 De
343 807 560 879 reliquis
592 806 808 861 internis
842 802 1053 920 Ventgis
1080 798 1402 919 {umoribus
1439 807 1624 866 praeter
1656 810 1904 851 naturam

886 884 976 922 ver
1014 885 1045 920 a
1118 878 1211 918 unt
1235 898 1247 914 .
1436 896 1455 908 0

165 1068 310 1101 moribus
333 1067 407 1102 satis
430 1067 591 1110 superiore
614 1065 758 1107 Epistola
783 1063 937 1103 scriptum
959 1059 997 1093 sit
1018 1071 1031 1100 ;

161 1121 246 1143 nunc
271 1112 413 1153 sequitur
437 1133 446 1148 ,
480 1120 516 1144 ut
558 1109 596 1143 de
639 1110 678 1141 iis
728 1107 884 1140 scribatur
918 1127 927 1143 ‚
973 1105 1031 1145 qui

30 1162 132 1186 certas
173 1154 323 1195 quasdam
371 1155 458 1188 illius
505 1153 612 1186 Partes
653 1150 838 1185 distendunt
872 1173 881 1188 ‚
926 1147 1032 1189 supre-

31 1197 93 1229 mis
116 1206 222 1228 tamen
245 1220 257 1237 ‚
291 1200 321 1230 &
346 1197 469 1230 infimis
500 1195 663 1229 nonnullis
687 1193 827 1236 exceptis
852 1216 861 1231 ‚
893 1200 930 1225 ut
953 1201 1034 1231 qua-

29 1251 103 1272 rum
129 1248 270 1273 tumores
293 1240 362 1274 aliis
386 1241 449 1274 tibi
483 1240 617 1272 Litteris
647 1240 661 1277 (
682 1248 701 1269 a
723 1242 736 1277 )
772 1234 907 1278 expositi
938 1233 1030 1267 sunt.

31 1281 185 1329 Valsalva
209 1284 313 1325 igitur
335 1295 449 1324 eorum
472 1284 531 1325 qui
557 1283 594 1316 ad
618 1280 760 1319 medias,
784 1282 814 1312 &
838 1278 895 1319 qui
919 1276 956 1310 ad
978 1277 1030 1308 in-

30 1326 122 1401 tima-s
147 1324 256 1360 Partes
278 1328 418 1360 attinent
432 1352 443 1369 ‚
465 1325 519 1359 has
541 1327 686 1368 quinque
711 1322 962 1357 Observationes
985 1331 1032 1353 re-

47 1378 154 1412 1quit.

73 1412 435 1448 2.GEORG1US
460 1408 851 1446 MARCHESIUS
876 1407 1034 1440 Patricius

32 1455 263 1490 Poroliviensis
289 1482 298 1496 ‚
333 1468 450 1499 magno
474 1456 604 1488 interno
626 1463 754 1487 tumore
790 1452 911 1483 ventris
944 1451 1035 1483 labo-

29 1509 122 1539 rans,
148 1499 184 1531 ad
207 1498 360 1541 dorsum,
383 1503 414 1533 &
438 1499 476 1532 ad
499 1497 657 1532 finistrum
692 1496 837 1530 lumbum
871 1493 1000 1526 dolebat
1024 1517 1032 1523 .

30 1542 174 1575 Urinam
199 1541 301 1585 saepe,
325 1544 550 1576 intestinorum
573 1551 680 1575 autem
716 1546 911 1574 recrementa
945 1536 1033 1569 surn-

32 1586 93 1617 mis
115 1597 189 1619 cum
211 1587 382 1620 conatibus
404 1585 558 1619 reddebat
572 1608 579 1615 .
605 1585 709 1617 Cibos
733 1581 904 1625 appetebat
929 1604 936 1612 .
963 1580 1033 1612 Ta-

30 1640 103 1662 men
129 1629 281 1664 omnibus
303 1631 431 1664 demum
454 1627 600 1668 corporis
623 1626 767 1669 partibus
793 1625 893 1657 macie
925 1624 1034 1656 omni-

28 1684 74 1705 no
96 1674 296 1709 extenuatis‚
321 1672 380 1706 nisi
405 1671 491 1713 quod
514 1670 580 1713 jam
604 1670 660 1704 diu
684 1682 701 1703 a
723 1668 804 1702 duro
827 1667 937 1700 tubere
960 1665 1034 1698 fini-

29 1715 131 1749 strum
154 1716 316 1753 scrotum,
339 1715 515 1749 noviffimis
541 1723 648 1747 autem
672 1714 783 1747 diebus
806 1709 991 1752 quindecim
1017 1720 1033 1741 a

29 1769 150 1801 magno
171 1760 328 1793 oedemate
352 1758 447 1801 pedes
471 1758 639 1791 tumebant
662 1781 672 1795 ‚
707 1768 780 1789 cum
817 1754 934 1787 horum
957 1754 1034 1785 sini-

25 1800 125 1836 strum
150 1802 315 1845 erysipelas
340 1799 542 1841 corripuisset
568 1823 577 1837 ‚
611 1801 766 1842 postridie
789 1797 955 1839 generosus
979 1795 1032 1828 hic

22 1844 160 1888 Juvenis
184 1847 292 1883 obiit.
426 1845 459 1877 V
474 1844 637 1877 ENTR
653 1845 681 1877 E
715 1850 851 1884 apert0,
874 1840 913 1873 ad
935 1838 1033 1881 hujus

30 1899 179 1923 centrum
203 1891 315 1931 ingens
338 1889 478 1922 tumoris
502 1887 609 1920 moles
632 1888 783 1929 apparuit
799 1909 807 1923 ‚
831 1882 951 1916 viscera
976 1893 1034 1915 un-

28 1931 128 1974 dique
154 1933 478 1975 comprimensadeo,
507 1941 541 1964 ut
566 1930 587 1963 si
612 1941 677 1963 non
693 1929 821 1972 prorsus
843 1936 932 1959 extra
944 1925 1032 1958 suam

25 1974 129 2009 sedem
156 2000 165 2014 ,
199 1987 230 2010 at
253 1985 339 2009 certe
362 1975 461 2008 essent
484 1974 699 2008 contractiora
723 1997 730 2011 ‚
766 1969 975 2014 pluribusque
998 1971 1031 2002 in

27 2019 108 2052 locis
135 2019 292 2054 sublivida
318 2044 327 2060 ‚
358 2028 515 2052 caeterurn
537 2040 549 2057 ‚
581 2028 740 2059 quantum
764 2014 868 2048 oculis
892 2013 1031 2055 perspici

26 2073 174 2105 poterat,
199 2063 268 2096 sana
294 2088 302 2095 .
340 2062 503 2095 Pendebat
526 2070 635 2094 tumor
661 2074 676 2094 a
702 2058 894 2093 mesenterio
919 2082 926 2092 .
961 2067 1032 2089 tota

26 2109 187 2140 anteri-ore
212 2105 295 2140 facie
318 2115 451 2138 omento
474 2114 605 2147 opertus
629 2113 803 2137 extenuato
827 2124 835 2138 ‚
862 2100 1034 2140 multisque

28 2150 177 2193 partibus
200 2152 329 2183 lacero.
355 2149 433 2189 Qo
457 2147 625 2189 separato,
647 2157 742 2189 atque
768 2154 900 2181 amoto,
924 2143 1036 2176 melius

26 2195 197 2236 aliquanto
222 2194 362 2227 tumoris
387 2192 490 2233 figura
513 2193 547 2224 in
570 2190 776 2232 conspectum
801 2189 888 2220 venit
914 2211 920 2218 .
955 2187 1035 2218 Haec

27 2237 194 2271 abnormis
217 2245 283 2270 erat
310 2249 318 2267 ε
356 2234 427 2268 duae
451 2244 558 2268 autem
582 2244 669 2275 parte
694 2232 857 2274 superiore
882 2229 1036 2272 protube-

27 2282 142 2314 rantiae
166 2279 424 2323 hypochondrias
439 2277 544 2311 versus
577 2277 697 2318 singula
733 2275 862 2318 singulae
885 2274 1034 2306 extende-

29 2325 147 2358 bantur
171 2347 179 2361 ‚
218 2333 255 2356 ut
281 2323 381 2355 altera
403 2321 493 2363 jecur
517 2346 526 2360 ‚
560 2320 659 2353 altera
685 2320 824 2361 splenem
851 2328 912 2349 non
937 2317 1035 2349 modo

27 2369 238 2409 obtegerent,
260 2365 311 2399 sed
335 2368 366 2397 &
388 2364 513 2398 sursum
539 2363 747 2397 vehementer
771 2361 1002 2402 compellerent
1029 2383 1037 2391 .

29 2411 85 2445 Ne
109 2411 305 2443 ventriculus
330 2407 459 2450 quidem
483 2416 572 2440 extra
595 2418 724 2440 omnem
750 2405 934 2447 presfionem
949 2412 1035 2449 erat,

28 2453 179 2489 nonnihil
204 2452 307 2496 ipsum
333 2461 465 2492 urgente
490 2451 597 2483 medio
620 2451 756 2483 tumoris
780 2459 918 2489 corpore
944 2450 1036 2489 aquo

28 2499 98 2532 duae
123 2498 186 2529 illae
212 2495 465 2539 protuberantiae
498 2493 703 2527 discedebant
727 2519 734 2526 .
771 2493 896 2525 Pondus
928 2499 1035 2522 autem

27 2540 164 2575 universi
190 2540 327 2572 tumoris
343 2537 408 2578 ‘effe
431 2537 515 2579 posse
536 2537 705 2571 videbatur
730 2538 885 2570 librarum
906 2534 1035 2567 circiter

26 2588 171 2627 quinque
195 2606 203 2621 ,
243 2586 273 2615 &
298 2582 419 2623 viginti
445 2605 451 2612 .
488 2581 545 2613 Sed
568 2582 598 2613 &
621 2582 692 2613 aliis
717 2583 750 2614 in
775 2578 921 2622 partibus
944 2586 1034 2610 extra

25 2638 188 2662 tumorem
213 2626 364 2668 turgebat
388 2635 483 2657 omne
506 2623 731 2657 mesenterium
756 2623 866 2657 eadem
890 2620 1037 2654 substan-

25 2674 71 2705 tia
95 2683 165 2713 quae
190 2680 350 2704 tumorem
373 2667 549 2714 efficiebat,
570 2679 712 2709 quocum
737 2677 845 2700 tumor
870 2666 967 2698 etiam
991 2663 1036 2696 al-

28 2725 78 2749 ter
100 2713 359 2755 conjungebatur
382 2711 523 2753 ejusdem
545 2720 666 2744 naturae
691 2734 701 2748 ,
735 2713 791 2754 qui
817 2711 850 2742 in
878 2708 1027 2742 testiculo

27 2757 156 2793 finistro
177 2767 263 2789 erat.
289 2757 417 2790 Scilicet
445 2754 609 2797 utriusque
633 2764 747 2788 natura
772 2755 836 2788 fuit
859 2764 929 2795 quae
953 2761 1029 2784 can-

28 2800 195 2835 crosorum
217 2810 404 2838 tumorum,
425 2802 456 2832 &
479 2799 680 2840 quorundam
705 2797 881 2840 praesertim
913 2797 969 2837 qui
993 2796 1027 2825 in

28 2846 178 2879 mammis
198 2843 429 2882 observantur,
453 2852 567 2884 magna
591 2852 629 2874 ex
655 2852 741 2884 parte
765 2841 878 2874 similis
902 2863 909 2870 .
942 2839 1028 2869 Cor-

30 2888 107 2932 pora
133 2898 171 2920 ex
193 2887 312 2929 quibus
333 2885 518 2919 constabant
542 2909 550 2925 ‚
575 2885 722 2927 pleraque
747 2885 783 2918 ad
809 2880 1027 2927 glandulosam

30 2931 237 2966 substantiam
264 2929 476 2967 accedebant,
499 2932 530 2961 &
553 2928 686 2965 tubera,
713 2927 793 2965 sive,
818 2936 853 2960 ut
878 2925 1029 2957 nostrates

31 2985 175 3010 vocant,
199 2971 317 3016 tartuffl
339 2972 440 3014 figura
470 2970 738 3012 repraesentabant
763 2997 770 3004 .
805 2970 905 3002 Varia
939 2975 1029 3000 erant

32 3016 259 3061 magnitudine
284 3029 293 3047 :
317 3016 439 3057 aliaque
462 3016 558 3048 instar
581 3015 784 3057 pinguedinis
808 3012 990 3046 albicabant
1017 3032 1026 3047 ,

31 3065 96 3096 alia
119 3063 223 3094 carnis
248 3058 342 3091 instar
366 3059 522 3092 rubebant
539 3083 546 3097 ,
570 3058 671 3091 multa
695 3059 791 3091 etiarn
815 3055 929 3098 quasia
951 3065 1028 3087 con-

33 3114 124 3140 creto
148 3104 297 3146 sanguine
321 3100 470 3143 subnigra
495 3112 600 3135 erant.
627 3104 664 3134 In
689 3111 861 3143 corporum
885 3098 1029 3131 intersti-

33 3153 87 3183 tiis
110 3149 273 3180 nonnullis
297 3157 374 3187 puS,
400 3144 447 3178 sed
470 3146 596 3184 inbaliis
618 3144 734 3185 ichor',
758 3146 790 3176 in
815 3143 882 3175 aliis
908 3140 1030 3176 flavum

33 3193 137 3228 serum
161 3190 342 3231 stagnabat.
370 3190 419 3221 Ad
444 3189 562 3221 nullam
586 3200 691 3222 autem
716 3191 882 3222 tumorum
908 3195 1030 3227 partem

33 3237 104 3279 plus
130 3235 188 3268 seri
212 3244 308 3276 quarn
333 3233 369 3264 ad
394 3231 482 3264 illam
506 3243 575 3273 quae
599 3235 631 3265 in
658 3233 804 3265 testiculo
820 3252 829 3267 ‚
856 3229 941 3262 suit.

76 3291 106 3322 3.
133 3279 299 3311 Habemus
333 3285 416 3307 nunc
444 3277 552 3307 omnia
583 3288 652 3317 quae
689 3276 726 3309 ad
749 3274 917 3309 historiam
950 3270 1030 3305 hanc

35 3326 198 3362 attinent,
222 3319 311 3362 cujus
335 3319 524 3360 particulam
548 3319 620 3352 alias
653 3323 666 3359 (
687 3318 705 3352 b
728 3322 742 3358 >
766 3317 886 3360 protuli
911 3338 919 3354 ‚
954 3315 1027 3347 reli-

31 3370 94 3411 qua
119 3367 284 3408 pollicitus
306 3373 379 3395 cum
404 3362 562 3395 Valsalvae
575 3361 868 3395 Observationibus
891 3372 930 3393 ex
952 3359 1026 3401 qui-

32 1021 139 1131 C
154 1023 227 1057 UM
252 1024 290 1059 de
313 1024 425 1058 Ascite
441 1049 448 1062 ,
471 1026 503 1057 δι
527 1023 648 1057 caeteris
670 1022 792 1054 ventris
814 1005 957 1053 universi
977 1024 1029 1050 tu·
1048 1021 1052 1024 '

1081 1014 1148 1049 haec
1172 1012 1234 1053 est,
1258 1013 1281 1047 fi
1306 1015 1443 1048 tumoris
1468 1012 1559 1047 simul
1583 1010 1796 1044 extensionem
1811 1033 1819 1047 ,
1843 1008 1934 1042 simul
1959 1007 2086 1050 pondus

1083 1057 1282 1092 attendamus
1306 1083 1313 1091 .
1340 1058 1428 1090 Nam
1453 1057 1539 1100 quod
1564 1055 1601 1086 ad
1624 1055 1713 1097 illam
1746 1053 1865 1094 spectat
1888 1075 1899 1091 ,
1932 1063 1996 1084 non
2033 1061 2085 1083 me

1082 1102 1214 1143 quidem
1238 1100 1322 1142 sugit
1337 1126 1345 1140 ,
1371 1111 1504 1142 magnos
1527 1099 1606 1130 alios
1630 1096 1809 1129 mesenterii
1834 1105 1975 1127 tumores
1999 1093 2086 1126 sum-

1085 1157 1136 1178 ma
1161 1154 1250 1186 parte
1271 1146 1316 1177 ita
1340 1145 1367 1176 se
1391 1144 1428 1176 ad
1453 1144 1564 1184 jecur,
1589 1149 1642 1172 aut
1668 1139 1806 1179 splenem
1833 1137 2008 1180 aliquando
2032 1138 2087 1170 ex'-

1084 1188 1238 1225 tendisse,
1262 1197 1297 1221 ut
1322 1188 1506 1222 alterutrius
1530 1183 1658 1217 visceris
1681 1183 1715 1214 in
1742 1180 1932 1214 scirrhosam
1966 1180 2085 1212 molem

1083 1229 1224 1264 converfi
1250 1231 1383 1271 speciem
1397 1230 1535 1262 Medicis
1558 1225 1758 1268 objecerint.
1781 1226 1906 1258 Verum
1930 1223 1982 1256 hic
2008 1233 2089 1263 pra:-

1086 1284 1233 1316 terquam
1256 1274 1345 1316 quod
1372 1273 1527 1315 supremis
1552 1268 1780 1312 appendicibus
1816 1270 1848 1300 δε
1870 1266 1958 1309 jecur
1993 1266 2087 1299 obte-

1083 1319 1201 1361 gebat,
1226 1319 1257 1349 &
1281 1317 1419 1360 splenem
1442 1339 1452 1354 ,
1484 1315 1673 1348 inferiorem
1698 1323 1769 1344 raro
1793 1311 1942 1357 exemplo
1974 1321 2013 1342 eo
2037 1308 2089 1341 us-

1083 1373 1145 1403 que
1168 1360 1390 1402 producebat,
1417 1368 1453 1394 ut
1475 1370 1549 1393 curn
1573 1366 1701 1390 tumore
1724 1363 1935 1394 conjungeret
1959 1353 2090 1385 testicu-

1084 1407 1108 1438 li
1132 1404 1268 1438 finistri.
1294 1406 1393 1446 Leges
1416 1403 1548 1446 quidem
1573 1399 1762 1434 aCl.Viris
1774 1396 1981 1430 Hebenstreit
2006 1398 2090 1439 (c),

1083 1452 1114 1481 δι
1140 1447 1281 1481 Matthia
1306 1450 1319 1486 (
1341 1449 1360 1480 d
1380 1452 1394 1487 )
1418 1444 1618 1488 propositum
1643 1441 1797 1475 steatoma
1814 1462 1824 1478 ,
1849 1439 1938 1483 quod
1961 1439 2000 1473 ad
2017 1449 2091 1478 ,me-

1085 1491 1257 1525 senteriurn
1281 1490 1447 1532 spectans,
1469 1488 1581 1522 testem
1604 1486 1742 1518 alterum
1765 1485 1850 1517 intra
1873 1493 2017 1516 ventrem
2050 1480 2090 1514 ad

1085 1535 1113 1568 se
1138 1544 1327 1572 retraxerat,
1351 1545 1417 1567 non
1441 1532 1470 1565 se
1493 1531 1642 1565 deorsum
1667 1528 1704 1560 ad
1729 1526 1836 1569 ipsum
1872 1528 2056 1560 extenderat
2081 1545 2092 1559 ‚

1085 1582 1115 1611 ὃ(
1138 1589 1320 1620 quanquam
1346 1579 1379 1610 in
1403 1575 1535 1610 secunda
1560 1571 1799 1605 Observatione
1825 1569 1862 1603 ad
1886 1570 1991 1603 femur
2015 1579 2092 1610 pro-

1084 1621 1215 1655 ductum
1240 1643 1250 1658 ‚
1284 1621 1438 1656 Cruralia
1461 1618 1533 1651 vasa
1559 1614 1839 1649 circumvestiebat
1864 1625 1874 1651 ς
1907 1615 1940 1645 in
1975 1621 2089 1648 neutra

1085 1674 1193 1699 tamen
1218 1664 1253 1698 ad
1279 1662 1390 1705 jecur,
1417 1662 1596 1703 lienemque
1619 1658 1804 1691 ascendebat
1828 1682 1834 1688 .
1860 1656 2016 1690 'rumoris
2041 1666 2096 1687 aua

1085 1717 1152 1741 tem
1177 1707 1302 1748 pondus
1325 1709 1359 1739 in
1384 1707 1443 1740 hac
1465 1715 1601 1746 utraque
1626 1699 1868 1733 Observatione
1891 1723 1904 1740 ,
1928 1697 2093 1742 magisque

1084 1754 1116 1785 in
1143 1752 1201 1784 alia
1226 1763 1296 1793 qnae
1321 1750 1405 1784 infra
1428 1753 1442 1789 (
1465 1760 1480 1781 e
1503 1752 1512 1786 )
1538 1745 1874 1782 commemorabitur,
1900 1745 2012 1785 utique
2026 1751 2095 1783 erat

1085 1793 1206 1836 majus,
1233 1805 1329 1836 qnam
1353 1806 1367 1826 a
1395 1791 1545 1825 Valsalva
1567 1791 1741 1822 inventum
1766 1788 1833 1820 est.
1858 1787 2013 1819 Attamen
2038 1785 2093 1818 de«

1086 1838 1240 1879 scriptum
1266 1838 1304 1870 ab
1340 1835 1401 1869 hoc
1437 1845 1598 1868 tumorem
1633 1843 1671 1865 ex
1694 1832 1818 1873 magnis
1853 1827 1944 1863 fuisse
1976 1829 2092 1872 quiin

1087 1881 1279 1914 mesenterio
1313 1880 1431 1921 reperti
1457 1878 1527 1911 sunt
1561 1876 1609 1909 vel
1634 1875 1778 1917 spectato
1812 1873 1951 1914 pondere
1975 1896 1984 1911 ‚
2021 1873 2093 1913 quis

1088 1924 1178 1966 possit
1204 1927 1338 1965 negare?
1362 1921 1494 1965 quando
1520 1919 1722 1953 Whartonus
1747 1915 1831 1959 (f)
1854 1941 1863 1955 ,
1897 1918 1954 1960 qui
1988 1917 2093 1958 plures

1087 1977 1241 2001 memorat
1259 1992 1268 2007 ‚
1292 1977 1355 1999 non
1380 1966 1542 2008 graviores
1564 1962 1691 1996 duobus
1726 1962 1883 2004 proponit
1906 1983 1916 1998 ,
1951 1971 2093 2003 quorum

1086 2012 1187 2050 alter,
1211 2011 1250 2043 ab
1273 2023 1312 2044 eo
1334 2010 1543 2046 observatus,
1565 2004 1728 2049 pendebat
1752 2006 1884 2038 circiter
1909 2004 2027 2045 septem
2053 2003 2095 2035 li-

1087 2056 1181 2095 bras,
1204 2055 1284 2087 alter
1308 2063 1414 2086 autem
1438 2065 1453 2086 a
1479 2054 1611 2087 Paraeo‚
1636 2050 1731 2082 libras
1763 2049 1871 2083 decem
1896 2060 1969 2081 cum
1993 2047 2096 2081 dimi-

1087 2100 1140 2132 dia
1167 2124 1176 2138 ,
1208 2098 1419 2141 quantumvis
1442 2095 1540 2131 mirus
1564 2118 1573 2134 ‚
1609 2093 1651 2127 (φ
1669 2102 1765 2136 prope
1789 2091 1981 2126 incredibilis
2004 2091 2094 2125 dica-

1089 2152 1142 2176 tur
1167 2168 1173 2173 .

1132 2196 1164 2228 4.
1191 2185 1293 2227 Quod
1317 2185 1355 2220 ad
1377 2198 1414 2220 ea
1438 2186 1555 2219 attinet
1579 2207 1592 2225 ‚
1624 2194 1694 2226 quae
1719 2183 1752 2215 in
1778 2182 1906 2216 vivente
1926 2192 2013 2223 aegro
2038 2180 2092 2214 ad-

1088 2237 1199 2262 notata
1224 2228 1319 2269 sunt,
1340 2240 1404 2262 non
1427 2229 1607 2271 expectabis
1629 2236 1736 2264 certe,
1763 2236 1798 2260 ut
1820 2225 1950 2265 dicam,
1973 2237 2029 2258 cur
2044 2234 2093 2258 ta-

1091 2273 1178 2305 metsi
1202 2274 1311 2305 cibum
1335 2283 1494 2314 appeteret
1519 2294 1528 2309 ,
1561 2281 1634 2304 toto
1656 2281 1792 2312 corpore
1817 2269 1997 2302 extabuerit
2022 2291 2031 2306 ,
2070 2267 2092 2302 li

1087 2329 1151 2358 qua
1176 2318 1235 2348 iter
1261 2316 1297 2348 sit
1320 2315 1419 2357 chylo
1442 2318 1475 2348 in
1500 2315 1709 2356 sanguinem,
1735 2325 1836 2355 neque
1860 2324 1915 2345 cur
1940 2313 2018 2345 adeo
2042 2313 2089 2344 in-

1089 2361 1271 2393 tumuerint
1296 2361 1388 2401 pedes
1402 2383 1418 2403 ³,
1438 2360 1458 2392 si
1482 2370 1545 2400 qua
1570 2368 1658 2390 venae
1682 2358 1788 2390 Iliacae
1813 2356 2020 2389 traducantur
2038 2359 2091 2395 ,Sc

1090 2406 1179 2435 Cava
1204 2403 1368 2442 Inferior,
1392 2402 1607 2445 cogitaveris.
1635 2402 1737 2434 Porro
1760 2402 1897 2434 tumoris
1932 2399 2055 2441 pondus
2079 2421 2089 2437 ‚

1089 2450 1120 2492 ἃ
1144 2446 1244 2479 moles
1268 2458 1332 2493 non
1354 2445 1511 2488 chylisera
1537 2444 1663 2485 solum,
1689 2454 1743 2477 aut
1767 2442 1946 2485 sanguifera
1984 2443 2051 2475 vasa
2078 2467 2089 2483 ‚

1088 2489 1140 2523 sed
1165 2493 1194 2522 ὃς
1220 2491 1352 2522 vesicam
1375 2512 1383 2526 ‚
1415 2494 1445 2522 &
1470 2487 1616 2522 intestina
1639 2488 1797 2528 urgebant
1823 2510 1829 2517 .
1865 2488 2086 2525 Qiamobrern

1087 2544 1161 2566 curn
1183 2532 1239 2564 illa
1258 2533 1409 2572 extendi,
1433 2532 1499 2566 haec
1524 2541 1630 2565 autem
1655 2530 1748 2564 facile
1771 2531 1901 2563 dilatari
1926 2541 1989 2562 non
2016 2530 2090 2574 pos..

1087 2576 1178 2614 sent3
1202 2576 1320 2609 lotium
1345 2576 1423 2618 saepe
1447 2586 1529 2618 :eger
1545 2599 1553 2614 ,
1577 2585 1770 2608 recrementa
1796 2583 1903 2609 autem
1928 2575 1990 2606 alvi
2025 2587 2087 2608 αε-

1087 2631 1156 2653 tera
1177 2621 1299 2661 magnis
1320 2628 1394 2653 cum
1416 2619 1586 2653 conatibus
1610 2619 1737 2651 reddere
1761 2618 1936 2660 cogebatur
1960 2641 1967 2649 .
1991 2619 2086 2654 Quo-

1090 2675 1162 2697 rum
1185 2662 1249 2695 hoc
1272 2662 1426 2700 alterum.
1452 2666 1483 2695 ὃ(
1507 2666 1550 2696 ob
1575 2661 1704 2695 eandem
1727 2663 1857 2705 quidem
1879 2661 2003 2694 causam
2018 2684 2025 2697 ,
2051 2663 2084 2694 in

1081 2711 1143 2743 hoc
1168 2707 1284 2739 morbo
1307 2705 1384 2749 saepe
1410 2707 1499 2744 fieri,
1525 2705 1703 2738 indicatum
1729 2706 1770 2740 est
1793 2718 1808 2738 a
1834 2705 1978 2738 Fernelio
2002 2709 2084 2748 (g),

1082 2762 1256 2792 utrumque
1282 2760 1411 2786 autern,
1437 2751 1485 2783 vel
1509 2759 1595 2783 certe
1620 2749 1725 2782 alvum
1750 2750 1949 2790 pigriorem,
1972 2747 2083 2781 &dif-

1082 2795 1200 2829 ficilem
1224 2794 1412 2827 mietionem
1435 2794 1599 2826 observata
1624 2803 1638 2823 a
1666 2794 1793 2830 Paraeo,
1818 2791 2017 2832 eundemque
2042 2791 2080 2825 acl

1080 2838 1212 2872 modum
1236 2837 1395 2879 explicata
1419 2836 1542 2869 videbis
1565 2837 1596 2866 in
1620 2845 1659 2867 eo
1682 2844 1778 2877 quem
1802 2836 1896 2876 paulo
1921 2845 1992 2868 ante
2015 2835 2082 2877 (h)

1080 2884 1424 2917 commemoravimus,
1450 2879 1520 2912 casu
1546 2901 1555 2916 ,
1594 2878 1650 2919 qui
1675 2880 1707 2910 in
1733 2878 1973 2918 Sepulchretum
1997 2891 2080 2920 quo-

1081 2936 1144 2967 que
1167 2930 1177 2964 (
1202 2924 1247 2965 i)
1272 2924 1390 2956 relatus
1413 2925 1475 2955 est.
1503 2924 1539 2954 In
1564 2933 1601 2953 eo
1624 2921 1696 2954 casu
1719 2923 1812 2954 dolor
1837 2922 1928 2955 sirnul
1954 2923 2077 2955 indica-

1081 2978 1134 3001 tur
1158 2991 1170 3008 ‚
1200 2967 1255 3009 qui
1280 2989 1290 3004 ‚
1325 2976 1359 2999 ut
1383 2967 1416 2998 in
1441 2964 1547 2998 nostro
1566 2989 1574 3004 ,
1599 2962 1728 2997 dorsum
1753 2965 1918 2999 lumbosve
1942 2978 2077 3007 praegra-

1081 3021 1201 3047 varet3
1247 3008 1327 3043 nosti
1374 3018 1478 3042 autem
1503 3033 1512 3048 ‚
1556 3018 1633 3051 quas
1677 3010 1715 3041 ad
1747 3010 1907 3042 vertebras
1942 3009 1970 3042 se
2004 3011 2076 3043 alli-

1081 3064 1134 3097 get
1168 3054 1390 3087 mesenterium
1414 3076 1421 3084 .
1467 3052 1549 3088 Qui'
1582 3050 1676 3084 dolor
1701 3077 1709 3091 ‚
1753 3054 1783 3085 &
1828 3052 1968 3085 difficilis
2015 3056 2076 3085 mi-

1080 3099 1149 3131 ἃὶο
1181 3100 1213 3131 in
1249 3097 1395 3138 proxima
1428 3096 1545 3138 pariter
1579 3093 1741 3130 Valsalvae
1775 3093 1907 3129 historia
1932 3107 1994 3129 non
2020 3096 2074 3129 de-

1081 3140 1232 3175 fuerunt.

1126 3192 1157 3226 5.
1184 3185 1215 3216 Μ
1231 3184 1265 3215 U
1281 3182 1420 3229 LINER
1445 3193 1542 3215 annos
1565 3191 1637 3214 nata
1662 3182 1699 3216 ad
1725 3184 1885 3224 sexaginta
1909 3205 1918 3220 ,
1953 3194 1967 3213 a
1992 3183 2074 3215 mul-

1082 3228 1123 3261 tis
1151 3228 1220 3269 'jam
1257 3226 1414 3259 menhbus
1445 3224 1483 3259 de
1504 3235 1632 3258 tumore
1662 3227 1802 3267 quodam
1826 3228 1858 3257 in
1889 3225 2071 3259 umbilicali

1082 3273 1211 3313 regione
1236 3269 1413 3310 vconquesita
1438 3291 1447 3306 ,
1492 3269 1598 3302 vexari
1629 3267 1741 3302 dolore
1784 3270 1885 3308 coepit
1930 3270 2072 3310 gravati-

1081 3327 1122 3346 vo
1145 3315 1182 3347 acl
1206 3313 1336 3346 dorsum
1370 3321 1521 3353 vergente
1545 3333 1554 3348 ,
1590 3312 1642 3344 cui
1674 3324 1779 3345 comes
1812 3322 1882 3345 erat
1906 3312 2070 3345 interdum

1080 3357 1243 3400 mingendi
1268 3355 1438 3389 difficultas
1460 3379 1468 3387 .
1501 3356 1539 3387 In
1561 3355 1625 3387 dies
1649 3356 1844 3396 augebantur
1866 3357 1897 3387 &
1929 3365 2037 3387 tumor
2062 3378 2076 3395 ,

34 3412 92 3445 bus
117 3410 242 3443 selectas
265 3429 276 3446 ,
312 3408 344 3438 in
369 3404 455 3437 calce
487 3404 554 3446 ejus
578 3405 844 3438 Dissertationum
870 3404 965 3436 <edere
989 3403 1022 3434 in
1073 3402 1134 3443 jam
1159 3409 1295 3443 quantus
1320 3400 1401 3430 uteri
1425 3400 1459 3431 in
1485 3408 1664 3439 praegnante
1689 3397 1748 3431 ess‘e
1772 3400 1909 3440 potesta
1940 3401 1971 3431 δέ
1996 3397 2094 3431 con-¹

34 3457 142 3488 animo
167 3465 243 3486 tunc
267 3450 441 3485 habebam.
466 3450 512 3481 Et
535 3450 601 3482 sane
626 3448 708 3482 haud
733 3451 818 3481 inter
851 3445 1023 3488 postremas
1073 3446 1201 3487 sequens
1224 3454 1263 3477 ex
1286 3442 1630 3476 tumorisincremento
1652 3441 1826 3485 descriptus
1849 3442 1943 3476 dolor
1958 3466 1966 3480 ,
1992 3452 2086 3483 prae..⁴

123 3495 286 3539 Morgagni
296 3497 330 3527 de
342 3493 407 3525 Sed.
419 3492 460 3524 (φ
470 3491 556 3533 Caus.
569 3492 669 3525 Morb.
684 3493 782 3525 Tom.
794 3492 839 3523 II.

37 3600 1429 3620 ---.-——--———--——-—-—-———-—---—---—-·-

98 3693 142 3724 (y
156 3692 170 3722 )
186 3700 208 3716 n.
224 3695 264 3721 64.
324 3694 338 3722 (
354 3693 398 3721 ζ)
418 3688 541 3715 Schacheri
559 3688 614 3712 vid.
634 3688 655 3718 §.
675 3691 712 3714 16.
729 3688 754 3712 in
769 3686 813 3711 fin.

99 3726 113 3752 ζ
127 3731 139 3746 c
154 3724 167 3751 )
183 3721 274 3747 Differt.
291 3724 320 3748 de
337 3722 443 3747 partium
458 3721 595 3745 coalescent.
612 3719 690 3744 morb.
726 3736 733 3742 .
752 3725 788 3745 17.

99 3758 114 3782 t,
126 3763 144 3784 g
160 3755 173 3782 )
189 3754 283 3779 Pathol.
300 3757 318 3779 1.
334 3756 359 3778 6.
374 3759 397 3776 c.
416 3760 438 3780 7.
499 3753 510 3775 (
527 3751 542 3774 h
557 3752 566 3780 )
583 3758 605 3773 n.
623 3758 644 3779 3.
708 3719 723 3781 ξ

875 3685 889 3713 (
904 3691 920 3707 a
936 3682 946 3713 )
963 3682 1033 3711 Epist.
1053 3687 1091 3712 36.
1109 3686 1131 3708 δε
1147 3684 1184 3712 38.
1201 3689 1230 3705 ex
1248 3686 1328 3709 parto.

850 3716 864 3744 (
884 3715 899 3738 d
915 3716 923 3744 )
940 3715 1077 3739 Commerc.
1095 3715 1181 3738 Litter.
1199 3716 1226 3736 A.
1246 3720 1309 3741 1737.
1329 3710 1390 3735 Heb,
1407 3714 1444 3740 48.

731 3750 741 3773 i
756 3748 773 3776 )
785 3746 845 3773 Se&-
861 3747 905 3771 hac
922 3750 958 3768 21.
976 3742 1034 3768 ΟΜ.
1053 3746 1091 3774 38.

1967 3483 2029 3516 ser-

1671 3484 1731 3524 Q

1393 3681 1435 3711 (b
1452 3684 1461 3707 )
1479 3681 1550 3711 Epist.
1569 3683 1640 3704 Anat.
1656 3687 1681 3702 2.
1700 3686 1726 3702 n.
1745 3680 1783 3707 67.

1508 3714 1567 3744 (ε)
1584 3720 1606 3736 n.
1623 3713 1644 3734 8·
1707 3708 1770 3738 (J‘)

1792 3706 1911 3738 Adenogr.
1929 3717 1949 3734 c.
1969 3718 1977 3734 ι
1986 3718 2004 3735 ι,
