2498 4075
497 240 651 311 Epist.
687 239 850 296 Anat,
885 238 1103 297 Medica
1137 237 1304 297 XLII.
1323 237 1445 294 Art.
1461 238 1648 303 6.&7.·

47 328 162 373 natus,
184 320 268 357 hane·
290 321 337 357 ita
358 321 616 364 comprimebat,
639 329 676 355 ut
698 322 854 358 remorati
877 330 1048 368 propterea

49 365 325 410 lotii-acrimonia
348 366 548 400 lancinata,
944 366 955 376 '‘

50 419 54 422 ’
92 410 126 440 6⁶
147 410 291 444 Causam
315 409 409 443 aliam
433 420 494 451 qua
515 407 614 441 vesica
647 418 878 452 nonnunquam
914 407 1046 442 vellice-

47 459 128 491 tur,
150 451 275 494 solicite
300 451 449 486 Valsalva
468 451 617 494 quaelivit
636 462 650 492 ;
673 452 723 487 sed
747 463 800 495 per
823 450 1046 486 diffeffionem

49 504 213 537 nunquam
258 496 370 537 potuit
401 493 590 530 confirmare
613 506 789 541 ‚nvermes
826 495 904 530 dico
944 496 978 529 in
1011 506 1047 527 ea

48 537 240 573 stabulantes
263 562 271 571 .
305 539 376 571 Hos
408 548 483 571 curn
508 538 599 571 urina
623 539 739 582 ejeEmS
761 560 771 577 ‚
804 548 840 572 ut
872 539 949 580 aegri
973 538 1048 581 qui-

46 579 121 614 dem
143 602 154 619 ,
184 580 415 624 domesticique
437 579 608 615 credebant
630 605 643 623 ‚
679 593 745 617 non
767 581 863 616 sernel
896 580 954 623 ipsi
988 581 1049 616 ob-

48 623 129 658 latos
164 623 255 659 fuisse
277 648 287 664 ‚
322 625 388 661 scio
412 649 419 656 .
453 625 552 657 Eram
588 628 675 659 enim
697 636 759 668 ego
794 626 948 660 Bononiae
972 635 1047 659 cum

49 667 115 701 Vir
148 666 411 703 Generosiffimus
443 666 513 709 post
538 678 651 703 renum
684 668 810 703 dolores
833 692 842 707 ,
878 671 907 701 δι
929 667 1047 702 deinde

47 711 262 752 punstionum
285 710 407 746 sensum
437 711 472 743 in
505 710 603 745 vesica
627 735 639 752 ‚
674 711 813 756 denique
846 713 930 745 inter
963 712 1047 745 min-

48 754 187 795 gendum
220 766 295 789 cum
318 754 417 796 pungi
441 753 606 788 urethram
641 755 773 789 sentiret
798 776 808 793 ‚
830 767 846 790 e
871 766 949 796 pene
972 765 1047 789 cum

49 799 140 831 urina
163 798 276 833 cadere
286 807 379 831 tenue
403 797 632 832 animalculum
653 798 816 842 quoddam
841 798 944 834 vidit,
969 808 1046 830 mox
1072 822 1074 825 .

48 850 155 875 autem
177 842 257 884 quid
291 839 454 874 minxisset
478 841 656 883 inspe&ans
681 867 691 882 ,
724 853 788 875 non
813 841 893 875 illud
916 852 1016 875 unum
1039 861 1049 877 ‚

48 881 100 916 sed
123 884 215 926 plura
238 886 270 917 in
293 884 413 917 matula
435 895 510 917 cum
546 886 682 919 arenulis
703 884 872 927 conspexit
895 883 1051 927 ejusdem-

47 927 136 961 modi
168 926 355 961 animalcula
378 950 389 967 ‚
421 929 451 959 &
474 928 635 962 Valsalvae
659 952 669 967 ‚
700 927 758 970 q'ui
783 928 929 962 Medicus
952 926 1049 969 ipsius

48 979 115 1003 erat
142 995 151 1011 ‚
179 970 320 1005 ostendit
344 996 353 1004 .
404 970 546 1005 Dederat
580 972 607 1004 is
638 970 725 1004 forte
761 982 877 1014 aquam
920 973 953 1003 in
985 982 1048 1013 qua

48 1011 216 1059 saxifragae
249 1014 340 1049 radix
373 1013 505 1048 decoeta
538 1013 641 1048 fuerat
668 1026 677 1047 :
708 1016 818 1058 itaque
851 1026 891 1048 ex
921 1015 1012 1047 urina
1036 1035 1047 1051 ,

49 1066 84 1089 ut
109 1058 183 1093 viva
215 1067 306 1092 erant
329 1079 340 1096 ,
373 1058 507 1097 eximi,
539 1060 571 1090 ὃς
602 1058 636 1091 in
666 1057 734 1101 ejus
768 1069 858 1100 aquae
892 1057 1049 1099 cyathum

48 1099 174 1142 injici,
209 1102 315 1134 voluit
341 1124 354 1142 ,
384 1099 566 1144 acciditque
591 1123 601 1139 ,
636 1110 671 1134 ut
699 1101 821 1143 stupida
857 1100 931 1134 inde
956 1100 1051 1139 fieri,

48 1146 79 1176 &
115 1145 349 1190 propemodum
382 1153 510 1179 mortua
556 1144 741 1178 viderentur
766 1168 774 1176 .
812 1144 883 1178 Post
914 1143 1051 1178 biduum

49 1197 156 1223 tamen
191 1200 265 1223 cum
301 1190 462 1230 stuporem
496 1188 590 1222 illum
625 1186 827 1222 discuffiffent
852 1213 862 1228 ,
894 1188 984 1221 &in
1018 1197 1052 1219 a-

49 1229 127 1266 liam
147 1257 158 1274 ,
181 1242 276 1276 atque
301 1231 395 1265 aliam
429 1243 544 1273 aquam
565 1256 574 1270 ,
614 1232 749 1272 periculi
772 1229 911 1265 faciendi
934 1229 1051 1270 causa,

48 1274 197 1317 coniecta
221 1273 318 1309 essent
344 1296 354 1312 ,
389 1275 422 1306 in
446 1285 582 1317 quarum
606 1274 739 1317 singulis
763 1276 850 1308 varia
882 1286 954 1318 quae
979 1285 1052 1307 ver-

49 1319 155 1354 mibus
189 1320 322 1353 inimica
355 1317 575 1352 existimantur
597 1341 609 1358 ‚
642 1318 768 1352 incofita
799 1317 962 1356 fuerunt,
996 1326 1051 1351 aut

51 1363 207 1404 agitata5
256 1362 344 1396 nulla
378 1361 598 1396 animadversa
633 1361 674 1396 est
705 1373 777 1405 quae
810 1361 851 1396 sic
885 1370 1016 1395 noceret
1040 1381 1051 1398 2

49 1415 166 1448 praeter
200 1416 296 1440 unam
331 1406 366 1438 in
398 1416 465 1447 qua
486 1417 561 1439 cum
582 1416 618 1439 ea
651 1406 743 1439 εοᾶει
769 1403 866 1439 essent
888 1416 960 1448 quae
984 1415 1053 1437 are-

50 1450 140 1483 nulas
172 1449 335 1493 expellunt
361 1471 372 1487 ‚
417 1459 489 1483 tum
525 1450 685 1491 agitatum
723 1446 830 1482 fuerat
879 1457 1052 1491 argentum

50 1494 161 1527 vivum
189 1519 195 1525 .
244 1494 346 1527 Erant
379 1503 415 1525 ea
455 1492 646 1526 animalcula
683 1492 775 1534 nigra
799 1514 809 1531 ‚
851 1495 882 1526 δι
913 1492 1053 1525 exilibus

50 1536 214 1571 scarabaeis
248 1536 469 1579 quadantenus
506 1535 655 1569 similia:
689 1547 760 1579 quae
793 1547 840 1571 res
866 1535 1052 1569 valsalvam

49 1580 191 1624 denique
224 1580 388 1623 permovit
412 1601 425 1619 ‚
459 1587 495 1613 ut
527 1579 702 1623 diligenter
732 1579 857 1621 inquiri
891 1577 1021 1621 juberet
1042 1602 1052 1617 ,

48 1633 128 1656 num
171 1623 232 1657 alia
263 1622 458 1666 ejuscemodi
492 1623 526 1655 in
571 1624 648 1665 aegri
680 1622 833 1656 cubiculo
867 1646 877 1663 ‚
918 1631 972 1656 aut
997 1623 1054 1656 ubi

49 1667 181 1702 matulae
217 1665 456 1700 asservabantur
477 1687 490 1705 ,
523 1666 748 1699 invenirentur
772 1689 779 1696 .
813 1665 902 1700 Cum
940 1667 1053 1699 inven-

50 1719 83 1744 ta
106 1710 204 1744 essent
228 1723 237 1747 3
271 1709 570 1752 experimentorum
605 1708 702 1742 finem
736 1707 814 1742 fecit
838 1721 846 1742 ι
880 1720 984 1752 neque
1006 1718 1056 1742 ta-

51 1764 125 1787 men
157 1753 248 1786 illam
282 1753 422 1796 primam
457 1752 671 1794 suspicionem
703 1754 839 1785 omnino
877 1751 1056 1795 deposuisse

48 1796 222 1830 videbatur
245 1820 256 1837 ,
301 1796 475 1839 praesertim
509 1806 585 1831 cum
629 1795 688 1839 ipsi
720 1796 915 1830 animalcula
946 1797 1056 1829 oblata

52 1840 123 1874 sunt
158 1839 218 1873 alia
240 1864 252 1881 ‚
288 1852 358 1882 quae
388 1840 428 1873 ab
459 1840 523 1873 alio
556 1850 630 1874 curn
661 1838 803 1873 sabulosa
836 1840 970 1873 materia
994 1840 1057 1872 mi-

50 1884 101 1917 t‘ta
132 1883 323 1917 dicebantur
348 1908 356 1917 .
400 1883 553 1924 Qorum
588 1894 690 1916 unum
736 1882 794 1916 etfi
833 1883 914 1916 milii
949 1883 1054 1916 osten-

47 1926 97 1960 dit
119 1948 132 1967 ,
164 1929 195 1959 &
229 1928 267 1960 ad
300 1928 408 1959 vivum
433 1948 443 1963 ‚
480 1926 688 1968 microscopii
710 1927 808 1959 etiam
844 1926 1054 1968 adjumento,

49 1969 276 2004 delineandum
311 1970 472 2007 curavit5
515 1980 623 2004 tamen
655 1969 694 2002 de
727 1970 766 2002 iis
799 1968 882 2003 nihil
913 1970 1018 2003 dicam
1042 1994 1057 2011 ,

50 2013 181 2057 quando
211 2012 288 2047 hinc
321 2012 487 2055 Alghisius
521 2015 554 2047 in
586 2012 718 2055 epistola
756 2011 794 2045 ad
817 2013 1055 2048 Vallisnerium

27 2059 64 2102 η(
81 2067 103 2099 g
123 2060 138 2097 )
161 2056 239 2099 quid
264 2056 395 2090 sentiret
412 2079 422 2095 ‚
445 2055 596 2097 adiuneta
620 2055 712 2090 simul
737 2056 883 2098 imagine
906 2067 1018 2091 eorum
1041 2080 1052 2096 ‚

33 2099 201 2143 exposuit
222 2124 231 2140 ,
265 2103 296 2133 &
320 2112 359 2133 ex
383 2101 443 2134 hac
467 2100 682 2134 Vallisnerius
707 2097 859 2142 suspicari
883 2099 910 2133 se
935 2101 1022 2143 posse
1042 2123 1055 2141 ‚

31 2143 188 2184 'credidit
213 2169 222 2183 ‚
257 2154 379 2177 vermes
403 2141 496 2176 fuisse
530 2153 703 2186 parvorum
726 2143 928 2185 quorundam
960 2146 1058 2178 scara-

50 2187 195 2221 baeorum
220 2210 232 2227 ,
264 2188 297 2219 in
322 2186 470 2219 trabibus
494 2186 713 2220 nidulantium
735 2209 748 2226 ‚
781 2197 820 2219 ex
852 2188 1058 2221 lacunaribus

3 2228 26 2233 ‘s
47 2232 84 2265 'in
108 2229 266 2265 matulam
288 2228 374 2263 forte
398 2229 542 2272 delapsos
565 2240 576 2268 3
609 2228 651 2263 sic
675 2229 762 2262 enirn
797 2229 836 2263 ad
860 2241 911 2263 me
935 2230 1059 2273 scripsit

51 2274 156 2316 pridie
193 2273 307 2306 Nonas
341 2274 465 2314 Aprilis
495 2274 538 2305 A.
579 2283 670 2314 1711.
707 2271 816 2306 Postea
859 2284 936 2307 vero
971 2275 1057 2308 idem

51 2316 268 2350 Vallisnerius
301 2317 335 2349 in
360 2317 588 2350 Adnotatione
610 2319 624 2355 (
647 2315 667 2348 h
689 2318 705 2354 )
738 2315 777 2350 ad
801 2316 944 2358 Alghisii
978 2319 1058 2360 Epi-

51 2361 166 2395 stolam
190 2360 318 2393 videtur
340 2359 471 2400 coepisse
495 2359 700 2401 permoveri,
724 2368 760 2393 ut
784 2360 938 2394 minimos
959 2361 1059 2403 quos-

54 2404 130 2438 dam
154 2425 164 2441 ,
205 2406 236 2436 δε
259 2415 337 2445 pene
369 2402 548 2436 invisibiles
593 2413 715 2436 vermes
738 2426 748 2442 ‚
779 2414 862 2445 quos
894 2405 927 2436 in
961 2406 1055 2437 urina

48 2457 128 2482 tunc
161 2447 291 2481 videbat
323 2447 385 2479 viri
416 2447 468 2480 cui
504 2444 693 2479 medebatur
714 2466 723 2482 ‚
759 2445 846 2479 intra
881 2446 949 2488 ejus
982 2458 1056 2480 cor-

44 2502 102 2535 pus
135 2491 227 2532 gigni
265 2488 402 2532 potuisse
423 2510 436 2529 ‚
469 2498 534 2521 non
570 2496 758 2530 pernegaret
781 2513 790 2523 .
826 2490 969 2526 Quando
991 2491 1056 2533 igi-

44 2545 99 2569 tur
130 2535 199 2568 haec
232 2534 278 2566 ita
313 2531 387 2566 sunt
410 2553 420 2570 ,
454 2542 512 2565 nec
537 2532 753 2565 Vallisnerius
775 2555 785 2571 ‚
817 2533 907 2576 quod
932 2533 1052 2573 sciam,

46 2575 229 2621 quidquam
265 2576 372 2619 postea
418 2586 478 2618 pro
510 2584 603 2608 certo
637 2576 808 2609 constituit
848 2577 889 2610 de
919 2579 958 2610 iis
983 2589 1054 2611 ver-

48 2621 157 2656 mibus
179 2646 190 2662 ,
224 2619 348 2663 praestat
383 2640 396 2659 >
441 2627 477 2652 ut
512 2630 569 2652 nos
593 2630 723 2662 quoque
746 2618 900 2653 assensum
931 2621 1053 2655 interea

51 2664 258 2699 sustineamus
281 2690 291 2705 ,
322 2662 424 2697 donec
457 2664 595 2696 certiora
621 2673 676 2696 aut
708 2661 796 2696 casus
819 2662 934 2698 offerat
957 2686 967 2702 ‚
1000 2675 1055 2699 aut

44 2708 182 2742 -solertia
217 2707 295 2740 Viri
328 2704 464 2749 alicuj-us
501 2706 534 2737 in
568 2705 698 2739 historia
733 2705 927 2740 inseetorum
962 2708 1058 2750 longe

55 2750 277 2788 versatissimi,
301 2751 405 2793 qualis
428 2748 645 2791 hoctcmpore
669 2749 712 2783 est
734 2749 1059 2793 Celfieaumurius,

54 2792 292 2836 deprehendat.
317 2792 422 2836 Cujus
446 2792 587 2825 historiae
610 2801 735 2835 quanto
759 2797 861 2835 magis
884 2803 978 2827 aetate
1000 2806 1060 2827 no-

55 2838 116 2872 stra
140 2838 328 2879 provectum
353 2837 396 2871 est
419 2835 558 2870 studium
583 2860 592 2875 ‚
615 2845 706 2869 tanto
729 2839 830 2879 magis
852 2846 963 2870 cautos
988 2837 1059 2871 red-

57 2880 144 2916 didit
158 2880 307 2913 Medicos
328 2880 363 2912 in
384 2878 567 2913 istiusmodi
581 2880 875 2913 Observationibus
898 2882 1059 2922 accipien-

58 2925 106 2958 dis
131 2947 141 2957 .
173 2922 260 2956 Vide
283 2924 368 2956 enim
387 2945 399 2963 ,
431 2923 572 2964 exempli
597 2924 702 2965 gratia
723 2945 733 2961 ‚
765 2932 848 2966 quot
873 2924 912 2956 ab
931 2924 1059 2967 Joanne

57 2966 196 3002 Rhodio
217 2969 232 3005 <
253 2966 265 2999 i
290 2969 300 3004 )
321 2990 329 3005 ,
360 2968 390 2999 δι
413 2966 451 2999 ab
476 2967 656 2999 Dominico
678 2968 717 2998 de
743 2967 880 3000 Marinis
903 2970 918 3007 (
939 2967 991 3009 k)
1012 2979 1059 3002 re-

58 3011 244 3046 censeantur
259 3033 267 3041 .
292 3010 344 3042 Ex
367 3018 458 3043 tanto
481 3010 642 3043 vermium
666 3018 800 3043 numero
830 3013 886 3054 qui
912 3022 967 3052 per
989 3023 1060 3045 ure-

58 3054 170 3089 thram
191 3053 286 3096 ejeeii
309 3052 391 3085 olim
414 3054 702 3094 proponebantur,
725 3053 805 3086 alios
831 3053 894 3087 hoc
914 3064 1059 3097 tempore

60 3097 144 3132 nihil
179 3096 267 3132 ali-ud
289 3094 348 3129 esse
370 3106 468 3138 quam
491 3095 711 3130 vermiformes
735 3097 906 3139 polyposas
928 3106 1059 3132 concre-

59 3143 166 3175 tiones
187 3163 199 3180 ‚
231 3140 340 3173 statim
369 3138 632 3181 cognosceremus
657 3162 665 3177 ‚
698 3139 777 3173 alios
801 3151 891 3174 veros
925 3141 1057 3184 quidem

61 3184 121 3218 esse
154 3194 276 3217 vermes
300 3208 309 3222 ,
343 3180 396 3216 sed
419 3182 614 3217 extrinsecus
635 3206 645 3222 ‚
680 3194 744 3216 non
768 3194 806 3217 ex
829 3183 957 3217 urethra
981 3207 989 3223 ‚
1023 3186 1057 3219 in

61 3228 200 3262 matulas
222 3224 370 3268 illapsm,
394 3226 513 3268 quippe
536 3238 575 3261 ex
608 3228 647 3260 iis
669 3228 726 3269 qui
750 3229 836 3261 intra
859 3239 975 3270 corpus
998 3240 1058 3262 no-

60 3272 160 3306 strum
181 3270 275 3314 gigni
299 3279 364 3302 non
387 3279 510 3310 queunt
534 3292 544 3308 ,
578 3282 634 3303 nec
657 3281 765 3303 vivere
788 3293 797 3308 ,
831 3281 885 3305 aut
910 3271 931 3304 si
965 3283 1059 3305 reve-

60 3327 94 3350 ra
117 3327 159 3349 ex
190 3312 321 3347 urethra
352 3313 488 3345 exierint
512 3334 521 3350 ‚
550 3324 614 3346 non
639 3315 671 3346 in
696 3315 847 3347 urinariis
882 3315 1026 3357 partibus
1047 3338 1058 3355 ‚

63 3358 174 3392 sedin
197 3355 330 3400 pertusis
362 3354 522 3389 intestinis
553 3358 679 3398 genitos
702 3381 709 3394 .
743 3358 881 3401 indeque
913 3362 944 3391 in
982 3358 1059 3392 vesi-

61 3412 133 3435 cam
155 3423 165 3438 ‚
200 3409 255 3435 aut
277 3397 443 3433 urethram
465 3422 475 3439 ‚
511 3400 571 3433 viis
594 3412 648 3443 per
671 3399 824 3447 abscessus
859 3402 1059 3445 praesertim,

58 3448 91 3478 &
126 3443 244 3479 fistulas
275 3445 391 3484 apertis
414 3466 424 3482 ‚
466 3453 673 3485 prorepentes
697 3469 704 3477 .
747 3445 853 3486 Cujus
898 3446 1061 3479 noviffimi

61 3488 184 3532 generis
218 3486 402 3529 exemplum
433 3484 555 3520 indicat
588 3486 798 3522 Vallisnerius
833 3487 942 3529 (l),
984 3489 1065 3523 alte·
1115 3490 1178 3523 clas
1222 3490 1339 3524 habuit
1383 3491 1555 3525 Danielem
1597 3491 1768 3525 Clericum
1813 3491 1902 3533 (y)
1925 3515 1935 3532 ,

693 3598 705 3617 l

1093 3358 1185 3392 'esset

1936 253 2029 299 157

1097 331 1236 363 rumque
1275 313 1442 364 proprium
1486 326 1594 353 narrat
1637 314 1803 358 Alghisius
1835 315 1937 358 (m)
1964 337 1974 352 ,
2005 315 2094 358 quod

1099 376 1154 409 per
1178 371 1348 398 anatomen
1373 364 1477 406 postea
1500 361 1615 397 melius
1637 362 1751 399 novit,
1772 362 1804 394 δε
1827 361 1955 400 penitus
1976 358 2098 391 confir-

1101 409 1201 441 mavit
1223 411 1238 447 (
1258 417 1278 438 n
1300 409 1312 448 >
1337 431 1346 439 .
1377 406 1485 442 Habes
1517 403 1657 450 quidem·
1680 404 1778 438 etiam
1820 404 1854 435 in
1889 400 2099 444 Sepulchreto

1101 454 1112 492 (
1137 450 1188 494 o)
1212 461 1277 483 non
1303 461 1402 483 unum
1425 447 1607 493 exemplum
1630 446 1786 487 eiusmodi
1808 445 2098 491 perforationum;

1100 494 1218 536 quibus
1251 495 1284 526 in
1316 495 1409 535 aegris
1441 490 1463 525 si
1497 501 1613 525 teretes
1647 490 1828 526 lumbrici,
1860 499 1913 523 aut
1945 486 2101 522 ascarides

1098 549 1154 582 per
1186 536 1349 571 urethram
1384 534 1602 579 prodiissent5
1646 531 1730 567 nihil
1762 532 1869 567 fuisset
1909 533 2102 565 amirario-

1099 591 1138 614 ne
1170 579 1305 624 dignum
1331 604 1338 611 .
1375 578 1432 613 Sed
1455 589 1529 612 cum
1553 579 1587 612 in
1615 577 1760 612 Seffione
1782 575 1841 611 hac
1874 574 1983 625 XXV.
2006 577 2021 616 ζ
2041 575 2102 623 p)

1099 624 1179 666 legis
1202 645 1211 661 ‚
1246 622 1315 666 post
1336 623 1432 656 binos
1453 622 1587 655 ernstius
1617 621 1770 655 ascarides
1804 629 1923 653 mortui
1958 617 2103 653 hominis

1102 677 1271 702 anatomen
1293 689 1305 707 ,
1338 668 1371 699 in
1404 664 1536 707 ejusque
1569 665 1748 699 exulcerata
1783 662 1884 696 vesica
1921 660 2105 709 unum-de-

1099 709 1290 753 prehensum
1323 709 1537 743 vermiculum
1577 707 1681 749 quales
1713 708 1746 741 in
1785 706 1924 749 putridis
1957 702 2105 738 carnibus

1097 756 1326 795 reperiuntur5
1373 754 1488 785 haei‘eas
1523 750 1639 784 necesse
1682 751 1724 784 est
1748 773 1757 788 ,
1799 751 1950 783 dubitans
1974 772 1982 786 ,
2025 756 2105 781 num

1101 807 1138 830 ex
1179 808 1218 830 eo
1251 796 1356 832 ulcere
1394 795 1562 829 cuniculus
1593 794 1709 836 aliquis
1732 819 1742 837 ,
1784 794 1917 826 minime
1958 788 2106 823 animad-

1101 838 1205 873 versus
1231 864 1240 880 ‚
1280 839 1318 874 ad
1354 840 1490 873 Rectum
1535 846 1710 885 pertineret
1752 836 1976 884 intestinum,
2021 832 2106 866 unde

1103 883 1258 917 ascarides
1292 884 1326 917 in
1370 881 1502 916 vesicam
1537 879 1730 915 transiissent
1754 905 1764 921 ,
1805 891 1845 913 an
1878 888 1988 921 potius
2020 875 2109 911 asca-

1104 926 1189 959 rides
1220 926 1270 959 illi
1313 925 1372 959 etsi
1404 926 1475 961 vivi
1511 925 1663 969 salientes
1692 924 1724 958 in
1766 924 1831 967 ipsa
1860 922 1950 964 penis
1991 920 2107 963 glande

1102 977 1261 1011 reptantes
1293 969 1332 1002 ab
1363 980 1450 1012 <egro
1483 969 1611 1002 inventi
1646 966 1809 1006 fuerant3
1840 976 1908 999 non
1933 975 2042 997 tamen
2067 973 2108 999 ex

1102 1013 1230 1047 urethra
1264 1035 1276 1051 ,
1320 1011 1370 1046 sed
1415 1025 1454 1046 ex
1487 1024 1549 1046 ano
1594 1022 1669 1045 cum
1703 1019 1974 1046 recrementorum
2015 1016 2108 1049 parte

1101 1057 1207 1097 aliqua
1241 1055 1430 1097 prodiissent
1453 1077 1463 1094 ‚
1498 1055 1605 1096 sicque
1642 1053 1679 1089 ad
1713 1064 1825 1097 penem
1859 1050 2111 1095 prorepfiffent.

1101 1098 1205 1139 Qod
1230 1109 1309 1131 vero
1338 1098 1377 1133 ad
1402 1098 1618 1133 vermiculum
1653 1097 1747 1132 illum
1780 1099 1899 1132 attinet
1932 1095 2028 1137 longe
2063 1093 2110 1126 al-

1101 1143 1201 1177 terius
1231 1144 1353 1184 generis
1377 1165 1387 1181 ,
1423 1144 1480 1184 qui
1513 1143 1545 1175 in
1580 1139 1688 1175 vesicae
1720 1142 1827 1175 ulcere
1854 1141 2011 1172 'inventus
2046 1137 2111 1186 est5

1103 1186 1127 1221 fi
1153 1196 1245 1219 verus
1268 1194 1374 1220 tamen
1400 1185 1600 1220 vermiculus
1632 1184 1696 1218 fuit
1717 1206 1730 1224 ‚
1761 1188 1791 1219 δι
1827 1183 1849 1216 si
1884 1192 1975 1215 verus
2010 1178 2074 1213 fuit
2096 1201 2112 1219 ‚

1103 1241 1169 1264 non
1202 1228 1280 1263 illuc
1312 1227 1398 1263 forte
1429 1240 1504 1264 cum
1539 1228 1682 1271 spongiis
1704 1250 1717 1267 ,
1750 1236 1804 1260 aut
1840 1227 1934 1260 aliter
1968 1223 2111 1259 illatus;

1104 1273 1260 1307 arbitrari
1293 1275 1414 1314 poteris
1440 1297 1451 1314 ,
1499 1284 1516 1306 a
1548 1281 1650 1306 matre
1692 1269 1799 1307 musca
1841 1269 1967 1319 editum
2011 1277 2114 1318 prope

1103 1315 1243 1351 urethrae
1277 1326 1443 1351 externum
1478 1314 1674 1354 orificium,
1721 1312 1853 1356 putrido
1885 1312 1997 1347 ichore
2030 1309 2115 1359 infe:

1103 1361 1194 1394 etum
1219 1382 1229 1398 ,
1264 1371 1318 1403 per
1351 1359 1413 1395 hoc
1448 1360 1482 1393 in
1516 1359 1652 1393 vesicam
1686 1357 1785 1400 usque
1818 1354 1954 1400 reptasse
1987 1362 2114 1403 mortui

1101 1403 1238 1445 quidem
1262 1415 1272 1442 5
1305 1414 1369 1437 non
1394 1403 1536 1438 viventis
1561 1429 1569 1436 .
1601 1402 1719 1447 Neque
1743 1402 1831 1434 enirn
1864 1401 1976 1450 vesicae
1999 1396 2119 1444 sp-hin-

1101 1448 1202 1485 fier,
1247 1446 1307 1480 nisi
1340 1449 1481 1480 omnino
1522 1447 1647 1483 laxatus
1673 1466 1682 1482 ‚
1729 1444 1857 1478 aditum
1899 1454 1933 1477 in
1976 1441 2116 1475 vesicam

1105 1490 1298 1533 permisisset
1320 1513 1333 1532 ,
1368 1502 1470 1534 neque
1502 1490 1601 1523 homo
1625 1511 1635 1526 ‚
1672 1487 1730 1524 nisi
1763 1489 1909 1537 omnino⁸
1936 1484 2026 1521 sensu
2062 1488 2124 1534 ca-“

1104 1545 1176 1567 rens
1200 1556 1209 1571 ,
1244 1535 1401 1576 reptantis
1426 1544 1482 1576 per
1515 1532 1680 1567 urethram
1705 1541 1831 1566 motum
1858 1554 1867 1569 ,
1900 1529 2038 1576 indeque
2062 1528 2120 1561 sti·

1106 1577 1231 1611 mulum
1267 1588 1332 1610 non
1367 1576 1502 1611 sensisset
1537 1576 1575 1610 ad
1610 1575 1824 1617 mingendum
1848 1596 1858 1613 ‚
1901 1573 2008 1615 slcque
2041 1581 2117 1604 cum

1106 1622 1200 1655 urina
1233 1622 1385 1666 protinus
1423 1621 1639 1653 vermiculum
1664 1641 1673 1655 ,
1709 1619 1764 1651 vix
1798 1615 1970 1665 urethram¹
1997 1613 2121 1656 ingres-

1108 1664 1178 1699 sum
1201 1688 1214 1705 ‚
1250 1663 1387 1706 ejecisset
1412 1675 1422 1696 .-
1454 1662 1543 1707 quod
1580 1659 1787 1704 Ruyschium
1812 1659 1902 1709 (q)
1927 1670 2028 1693 miror
2052 1669 2120 1709 non

1108 1709 1185 1743 satis
1216 1706 1382 1741 attendisse
1405 1729 1416 1747 ‚
1450 1718 1525 1741 cum
1561 1705 1756 1740 vermiculos
1788 1702 1914 1741 censuit
1946 1714 1961 1737 e
1995 1702 2122 1736 latrinis

1109 1754 1179 1795 per
1210 1750 1375 1786 urethram
1418 1750 1456 1784 ad
1500 1751 1610 1784 vesicae
1651 1748 1751 1791 usque
1783 1749 1904 1783 collum
1949 1757 2120 1789 prorepere

1108 1792 1197 1839 posse
1233 1819 1244 1836 ,
1299 1795 1412 1837 ibique
1455 1793 1574 1828 haerere
1622 1790 1725 1831 donec
1774 1791 1993 1835 nympharum
2048 1788 2126 1823 for-v

1112 1850 1199 1873 mam
1235 1853 1244 1876 ;
1300 1848 1363 1881 qua
1407 1838 1442 1870 in
1486 1849 1520 1871 re
1564 1838 1672 1880 gravis
1714 1837 1815 1870 altera
1847 1859 1859 1876 ,
1918 1833 2121 1868 Vallisnerio

1108 1883 1196 1926 (r)
1227 1880 1337 1925 judice
1362 1903 1375 1923 ‚
1419 1880 1450 1916 se
1485 1880 1516 1919 se
1547 1879 1667 1927 objicit
1699 1878 1871 1918 difficultas
1892 1900 1905 1919 ‚
1940 1876 2122 1923 adipiscan-

1109 1935 1187 1960 tur.
1824 1943 1825 1947 ¹

1154 1979 1186 2011 7.
1211 1969 1303 2007 Quid
1326 1970 1429 2013 igitur
1451 1970 1467 2004 ,ἓ
1496 1972 1624 2016 inquies
1646 1998 1656 2013 ,
1686 1980 1738 2007 tot
1761 1973 1845 2007 inter
1867 1950 2014 2015 dxernpla
2037 1979 2121 2014 quot

1106 2013 1435 2055 Georgius'Francus
1468 2015 1549 2059 (s)
1573 2039 1583 2054 ,
1628 2015 1770 2051 Rosinus
1800 2018 1963 2050 Lentilius
2002 2018 2016 2055 (
2038 2017 2088 2058 t)
2111 2032 2125 2055 5

1110 2057 1215 2090 Mich.
1254 2059 1305 2091 Fr.
1343 2057 1531 2093 Lochnerus
1561 2060 1647 2103 (n)
1679 2066 1952 2095 connumerarunt
1975 2082 1985 2098 ‚
2030 2070 2122 2102 quae-

1111 2099 1187 2134 darn
1220 2099 1334 2135 saltem
1377 2113 1442 2136 non
1475 2113 1652 2138 occurrunt
1692 2115 1765 2146 quae
1804 2116 1936 2138 omnem
1978 2104 2123 2137 eximant

1111 2143 1391 2179 dubitationem?
1422 2146 1502 2179 Non
1537 2157 1629 2181 vacat
1661 2146 1783 2190 singula
1805 2149 1988 2182 examinare
2015 2173 2021 2179 .
2059 2146 2121 2180 Sed

1112 2186 1176 2220 hoc
1200 2196 1306 2221 tamen
1341 2188 1506 2232 possumus
1540 2190 1645 2224 dicere
1669 2214 1678 2229 ,
1716 2203 1829 2224 eorum
1863 2194 1956 2234 plura
1978 2189 2039 2224 esse
2072 2203 2123 2223 ea*

1110 2230 1186 2264 dem
1216 2242 1250 2264 ac
1282 2231 1338 2265 illa
1370 2244 1442 2275 quae
1474 2242 1567 2267 antea
1593 2233 1721 2268 fuerant
1758 2237 1925 2278 proposita
1947 2257 1960 2274 ,
1991 2235 2021 2267 &
2044 2245 2121 2267 curn

1111 2275 1225 2307 omnia
1256 2274 1335 2308 lesta
1368 2275 1489 2309 fuerint
1521 2288 1538 2310 a
1570 2276 1801 2317 Vallisnerio;
1847 2288 1936 2312 erant
1971 2280 2054 2310 enirn
2088 2288 2123 2311 ea

1112 2318 1287 2351 Volumina
1319 2320 1436 2362 quibus
1469 2322 1724 2355 enumerationes
1761 2322 1828 2355 istae
1871 2325 2082 2355 continentur
2106 2345 2117 2360 ,

1112 2362 1223 2394 multis
1257 2370 1330 2395 ante
1364 2362 1433 2405 ejus
1466 2364 1597 2397 obitum
1629 2366 1722 2398 annis
1754 2365 1841 2399 edita
1864 2387 1874 2403 ,
1908 2369 1939 2398 &
1974 2366 2014 2398 ab
2047 2364 2120 2408 ipso

1113 2403 1269 2443 versatam
1305 2408 1442 2439 eundem
1485 2416 1591 2441 tamen
1626 2408 1750 2443 nullum
1774 2431 1785 2446 ,
1825 2408 1915 2451 quod
1948 2408 2085 2442 sciamus
2108 2432 2119 2447 ,

1114 2450 1297 2490 exemplum
1330 2448 1482 2483 invenisse
1506 2474 1514 2490 ,
1549 2461 1683 2494 propter
1714 2451 1803 2493 quod
1837 2452 2028 2486 sententiam
2062 2451 2123 2485 sibi

1113 2492 1255 2525 crederet
1287 2494 1425 2525 omnino
1459 2494 1648 2528 mutandam
1681 2518 1689 2525 .
1735 2495 1816 2528 Non
1849 2496 1945 2529 sidem
1977 2497 2033 2530 ille
2067 2508 2123 2530 eo-

1106 2545 1180 2580 rum
1215 2536 1272 2577 qui
1313 2534 1505 2578 scripserant
1536 2560 1548 2576 ,
1590 2538 1726 2572 vocabat
1759 2540 1793 2572 in
1838 2539 1978 2573 dubium
2012 2554 2021 2577 3
2067 2538 2120 2572 sed
2142 2551 2150 2560 ²

1107 2588 1264 2620 majorem
1286 2579 1320 2611 in
1345 2580 1416 2612 aliis
1440 2579 1646 2622 sagacitatem
1669 2604 1681 2621 ,
1713 2582 1746 2614 in
1781 2583 1852 2615 aliis
1886 2584 2120 2625 diligentiam,

1106 2622 1142 2654 in
1175 2621 1245 2654 aliis
1279 2621 1460 2665 suspicandi
1491 2646 1501 2662 ‚
1545 2624 1783 2667 dubitandique
1828 2625 2003 2668 sapientem
2048 2638 2121 2660 rno-

1105 2675 1175 2698 rem
1199 2664 1396 2699 desiderabat
1420 2689 1430 2705 ,
1464 2676 1500 2701 ut
1533 2668 1591 2702 nisi
1625 2681 1697 2712 quae
1731 2669 1946 2709 praecesserant
1973 2695 1981 2710 ,
2013 2672 2120 2703 comi-

1112 2709 1267 2742 tabantur
1300 2734 1310 2750 ‚
1343 2709 1615 2753 subsequebantur
1640 2737 1649 2752 ,
1691 2714 1801 2747 omnia
1835 2712 2081 2747 considerassent
2106 2735 2118 2751 ‚

1112 2762 1151 2785 ne
1184 2752 1259 2786 satis
1292 2753 1456 2786 crederent
1491 2754 1550 2787 else
1582 2755 1753 2797 quaesitum
1776 2780 1784 2787 .
1827 2756 1900 2789 Post
1931 2755 1997 2798 ejus
2030 2767 2121 2789 mor..

1112 2803 1179 2829 tem
1204 2795 1394 2838 prodierunt
1417 2798 1563 2840 exempla
1589 2800 1651 2831 alia
1675 2821 1684 2836 ,
1720 2809 1861 2841 quorum
1885 2799 2018 2841 aliquod
2041 2798 2119 2833 curn

1112 2838 1183 2881 ipso
1217 2841 1496 2874 communicatum
1530 2839 1622 2876 fuisse
1645 2867 1655 2881 ,
1698 2852 1830 2884 apparet
1863 2867 1870 2874 .
1921 2843 1979 2875 Illa
2010 2852 2119 2876 autem

1112 2891 1200 2916 certe
1236 2883 1343 2924 legisse
1375 2894 1440 2916 non
1487 2886 1596 2925 potuit
1626 2896 1699 2928 quae
1743 2887 1776 2918 in
1808 2884 2018 2920 Commercio
2062 2898 2119 2920 ex-

1112 2934 1183 2958 tant
1209 2926 1388 2960 Litterario
1421 2930 1510 2967 (x)
1536 2952 1543 2959 .
1578 2930 1628 2962 At
1661 2927 1683 2960 si
1717 2927 1902 2970 potuisset3
1936 2931 2117 2971 plurimum

1111 2969 1244 3012 quidem
1268 2992 1278 3007 ‚
1313 2969 1348 3002 id
1380 2970 1469 3012 quod
1501 2969 1567 3011 ipse
1599 2971 1685 3005 facio
1708 2994 1717 3009 ,
1761 2972 1945 3006 Illustribus
1967 2995 1981 3012 ,
2014 2977 2044 3007 &
2078 2980 2133 3007 o-'

1113 3015 1182 3046 mni
1216 3024 1255 3046 ex
1295 3022 1383 3054 parte
1423 3012 1631 3055 suspiciendis
1661 3014 1940 3050 observatoribus
1982 3017 2118 3052 detulis-

1110 3054 1156 3089 set
1189 3066 1202 3095 ;
1247 3055 1383 3098 optasset
1418 3064 1524 3090 tamen
1559 3056 1695 3093 fortassis
1718 3082 1730 3099 ‚
1771 3070 1809 3093 ne
1841 3057 1907 3092 fere
1940 3064 2050 3094 omnia
2083 3062 2118 3094 in

1111 3098 1188 3132 sexu
1222 3097 1428 3140 contigissent
1464 3099 1502 3133 ad
1535 3099 1713 3135 fallendum
1747 3113 1851 3144 prono
1875 3124 1884 3140 ‚
1917 3104 2006 3146 quod
2041 3105 2117 3137 illo-

1110 3152 1183 3175 rum
1207 3143 1322 3184 aliquis
1354 3153 1418 3175 non
1451 3142 1625 3178 dissimulat
1649 3171 1659 3186 ,
1699 3148 1844 3189 itemque
1876 3156 1911 3180 ut
1953 3148 1987 3180 in
2033 3154 2118 3180 non-

1109 3186 1209 3219 nullis
1242 3197 1363 3219 vermes
1406 3182 1535 3220 fuissent
1569 3187 1719 3231 descripti
1746 3210 1755 3225 ,
1800 3191 1833 3222 in
1871 3191 1940 3222 aliis
1974 3190 2040 3222 vivi
2066 3202 2118 3223 re*

1111 3239 1185 3262 vera
1220 3228 1382 3272 conspeeti
1414 3228 1511 3263 essent
1535 3253 1548 3270 ,
1591 3235 1625 3266 in
1658 3230 1852 3275 quibusdam
1886 3243 1925 3265 ne
1956 3238 2026 3265 tum
2059 3232 2117 3267 de—

1109 3272 1246 3315 scriptio
1271 3295 1280 3309 ,
1324 3282 1406 3317 turn,
1435 3274 1560 3314 pietura
1605 3276 1833 3318 polyposarum
1865 3277 2115 3311 concretionum

1111 3314 1327 3358 suspicionem
1360 3318 1529 3357 injicerent
1553 3342 1561 3349 .
1611 3319 1706 3352 Nosti
1751 3319 1836 3350 enim
1862 3345 1871 3359 ‚
1917 3330 2014 3361 quam
2048 3320 2115 3362 ipse

1241 3360 1291 3393 vel
1336 3361 1370 3392 in
1423 3362 1565 3406 propriis
1610 3362 1904 3396 Observationibus
1959 3360 2115 3397 habendis

1111 3402 1255 3442 suspicax
1278 3424 1288 3440 ‚
1312 3445 1317 3449 ι
1338 3406 1370 3436 δε
1394 3424 1403 3439 ,
1448 3403 1469 3436 fi
1517 3406 1562 3437 vis
1585 3427 1594 3442 ‚
1650 3404 1791 3438 difficilis
1813 3429 1822 3437 .
1878 3407 2032 3439 Attamen
2079 3408 2115 3440 in

1115 3447 1227 3480 alienis
1270 3446 1487 3488 dijudicandis
1534 3447 1594 3481 suae
1638 3457 1743 3481 cautae
1793 3447 1992 3482 morositatis
2039 3447 2116 3482 asse-

1990 3492 2114 3535 ipsum..

2009 3547 2071 3579 que

64 3621 2115 3639 ψ--ῌ--ῄ-ῇ--Ἣ

118 3692 127 3722 (
143 3700 162 3722 g
183 3692 192 3721 )
207 3699 280 3722 quam
297 3691 352 3716 Vid.
369 3692 444 3715 Tom.
462 3697 485 3715 1.
502 3690 572 3720 hujus
588 3692 697 3721 Operum
713 3694 738 3716 Ρ.
754 3700 775 3722 ς.
837 3690 848 3722 (
865 3694 879 3717 b
898 3693 906 3723 )
925 3693 986 3719 lbid.

120 3723 129 3752 ί
149 3723 167 3748 k
184 3726 191 3751 )
208 3722 301 3746 niffen.
317 3723 346 3746 de
363 3728 387 3746 re
404 3721 500 3746 monstr.
516 3730 531 3746 a
547 3724 649 3751 Capucc.
669 3725 690 3747 a&
706 3728 758 3747 caet.
820 3724 834 3753 (
849 3724 859 3747 Ι
875 3725 888 3752 )
907 3725 996 3749 Adnot.
1012 3725 1057 3749 cit.

121 3755 132 3777 (
149 3762 162 3777 o
179 3753 189 3784 )
205 3754 263 3777 Sea.
281 3761 318 3781 ²7-
337 3754 354 3777 l.
375 3759 398 3781 3.
414 3751 472 3776 Obs.
490 3760 512 3777 1.
573 3754 587 3782 (
600 3759 617 3782 p
632 3753 645 3781 )
660 3753 685 3777 in
702 3753 822 3777 Additam.
842 3754 900 3778 Obs.
918 3763 956 3779 20.

120 3783 187 3813 (s)
205 3784 264 3812 Eph.
284 3785 314 3807 Ν,
331 3785 359 3807 C.
376 3785 432 3806 Dec.
451 3790 471 3811 3.
489 3785 517 3807 A.
534 3791 557 3812 4.
576 3782 636 3807 Obs.
651 3792 673 3807 ι.

61 3814 141 3869 Heius.
153 3814 222 3874 fen.
238 3852 261 3869 2.
279 3844 302 3868 δι
318 3848 371 3869 taet.

1018 3759 1026 3780 (
1045 3763 1060 3784 q
1078 3755 1091 3783 J
1107 3757 1177 3780 Thes.
1195 3759 1268 3781 Anat.
1287 3763 1308 3779 1.
1324 3754 1350 3779 in
1368 3755 1414 3780 fine
1427 3773 1434 3780 .

737 3784 743 3810 (
763 3790 773 3807 ι
788 3784 802 3812 )
819 3785 913 3809 Earund
941 3787 1011 3810 Cent.
1030 3793 1052 3809 ι.
1069 3785 1092 3809 8:
1108 3793 1131 3810 2.
1148 3787 1258 3816 Append.
1277 3794 1301 3810 n.
1321 3793 1359 3811 n-
1377 3787 1407 3811 ad
1426 3786 1484 3811 obs.
1505 3795 1542 3816 14.

213 3815 240 3838 A.
260 3821 326 3842 1731.
343 3815 411 3842 spec.
429 3820 466 3842 ²7·
483 3821 506 3836 n.
525 3821 549 3847 52
565 3814 586 3837 8(
604 3816 631 3837 Α,
651 3818 718 3844 1734·
735 3814 812 3848 Hebd.
830 3823 868 3844 39.
888 3816 976 3850 post'n.
994 3824 1018 3846 45
1033 3818 1055 3840 ει
1072 3819 1101 3850 ᾼ.
1121 3824 1185 3846 ¹735-
1203 3817 1279 3852 Hebd.
1296 3820 1334 3847 36.
1351 3825 1374 3841 n.
1390 3825 1415 3848 3i
1431 3817 1455 3842 δε
1469 3819 1499 3843 Α.
1516 3817 1679 3849 1743.·Hebd.
1695 3826 1734 3849 49.
1745 3823 1840 3849 n.3;ut
1854 3819 1987 3845 omittatur
2003 3822 2032 3845 Α,
2043 3826 2110 3850 syw-

431 3844 446 3873 (
456 3851 474 3875 y
489 3844 503 3872 )
520 3844 580 3870 Hist.
599 3846 655 3871 Lat.
672 3844 797 3871 Lumbnc.
812 3852 833 3871 c·
851 3853 888 3877 13·
904 3845 946 3872 ubi
960 3847 990 3872 de
1007 3847 1110 3873 vermib.
1126 3855 1184 3874 eum
1200 3855 1269 3874 unna
1283 3853 1374 3874 exeret.

1049 3695 1063 3724 (
1079 3695 1090 3718 a·
1105 3695 1119 3724 )
1135 3697 1207 3720 Ceut.
1225 3702 1248 3724 3.
1264 3693 1323 3718 Obs.
1341 3694 1410 3720 Med.
1428 3702 1466 3724 35.
1484 3697 1506 3719 ἃ
1523 3698 1559 3725 36.

1118 3726 1132 3754 (
1149 3735 1171 3749 m
1193 3731 1198 3752 ι
1216 3728 1263 3750 loc.
1281 3726 1322 3750 cit.
1386 3725 1394 3755 (
1411 3734 1427 3750 n
1447 3727 1456 3756 )
1473 3726 1527 3750 Vid.
1547 3725 1657 3751 Benevoli
1674 3725 1767 3751 Offerv.
1783 3727 1807 3751 8.

1497 3758 1511 3786 (
1525 3765 1537 3780 r
1554 3758 1568 3785 )
1584 3757 1674 3781 Adi-iot.
1691 3758 1735 3782 cit.

1604 3789 1619 3816 (
1630 3796 1645 3811 u
1662 3788 1675 3816 )
1692 3787 1794 3812 Ean-und.
1812 3789 1884 3813 Cent.
1901 3789 1923 3813 8.
1940 3788 2000 3814 Obs.
2018 3795 2059 3819 99:
