2498 4075
357 252 428 294 <35⁵5
454 254 536 289 nihil
559 262 663 288 tamen
691 253 817 289 seminis
843 254 1072 288 continebant.
1094 255 1300 293 Caruncula,
1323 258 1356 289 δε

356 299 519 342 quidquid
539 297 578 331 ad
602 298 796 339 superiorem
821 298 984 332 urethram
1008 296 1194 340 spectabat,
1216 299 1294 332 bene
1325 300 1355 333 se

356 340 516 375 habebat.
541 341 600 374 Sed
624 352 699 374 cum
722 341 909 375 inferiorern
936 340 1132 382 persesturi',
1154 342 1355 376 craffiusculo

357 386 493 428 specillo
517 395 571 426 per
595 383 744 417 infimum
775 384 940 417 orificium
972 383 1104 422 indito,
1125 396 1195 418 eam
1231 394 1355 427 partem

353 440 451 469 quarn
475 427 562 469 glans
584 428 813 469 complecftitur
828 451 836 466 ‚
863 440 956 469 aper..
975 426 1104 467 ssemuS,
1125 427 1216 470 cujus
1249 428 1355 471 super-

335 472 444 504 *ficies
469 471 571 511 partis
595 470 745 503 nonnihil
769 479 837 505 erat
860 471 1050 512 inaeqnalis‚
1075 472 1208 505 ulterius
1231 472 1355 505 immit-

354 523 421 548 tere
447 512 612 554 specillum
635 514 800 551 volentes,
826 514 910 546 ultra
934 513 1177 555 sesquidigitum
1201 525 1264 547 non
1298 526 1355 556 po-

354 558 499 589 tuimus.
525 556 614 590 Tum
638 568 653 588 a
677 556 859 598 superiore,
889 568 960 598 quae
992 566 1099 598 aperta
1134 567 1201 590 erat
1221 580 1234 597 ,
1265 569 1355 598 parte

353 601 439 633 idern
462 602 593 640 conati,
615 601 699 633 idern
723 599 922 632 obstaculum
937 625 944 638 ‚
967 600 1101 644 cumqad
1125 612 1198 634 eum
1221 602 1278 643 qui
1300 602 1355 634 de-

353 644 494 686 signatus
516 643 575 683 est,
601 643 710 677 locum
735 642 976 682 accederemus,
997 642 1213 677 ostendimus.
1240 645 1353 678 Paula-

351 688 415 720 tim
440 687 540 727 igitur
572 687 611 719 ab
634 700 666 720 ea
702 685 781 719 facie
805 688 997 729 aperientes,
1023 696 1058 719 ut
1091 685 1181 721 soliti
1214 687 1319 721 sumus
1344 710 1353 726 ‚

351 742 424 773 quae
448 729 545 764 facies
569 729 682 763 nostris
704 728 849 772 opposita
874 730 917 763 est
940 730 1149 768 canaliculis,
1173 728 1240 764 hae'c
1264 732 1353 765 deni-

349 785 415 815 que
437 773 744 806 animadvertimus.
772 774 910 805 Tractus
933 781 1001 805 erat
1033 774 1280 808 transversorum
1304 775 1353 807 di-

352 819 502 858 gitorum
524 817 648 852 trium,
673 825 774 849 auteo
799 815 935 857 amplius
950 840 959 855 ,
981 827 1048 858 quo
1059 817 1202 856 proclive
1224 820 1352 851 eratin-

352 859 499 901 teiligere
517 880 525 895 ‚
550 859 713 892 urethram
737 859 817 891 olim
842 858 933 892 {uisse
956 860 1191 894 exulceratam.
1216 862 1273 894 Per
1286 873 1352 894 eam

351 904 437 936 enirn
462 901 579 935 faciem
603 903 634 934 in
650 914 714 944 qua
738 902 871 935 illisunt
895 903 1087 941 canaliculi,
1112 913 1175 938 tres
1197 914 1355 947 quatuor-

352 956 390 978 ve
415 946 579 979 exstabant
603 947 639 978 in
661 945 879 978 transversum
904 945 1009 978 dustae
1033 947 1170 989 albidae,
1206 951 1236 980 &
1267 949 1355 990 quasi

347 987 685 1023 tendineaechordulae
700 1012 709 1028 ‚
732 989 781 1021 vel
805 991 912 1030 potius
935 989 1076 1031 institae,
1099 1002 1163 1024 non
1176 991 1266 1025 valde
1278 1003 1354 1034 pro-

349 1033 528 1073 minentes,
559 1044 617 1066 nec
642 1032 773 1075 usquam
798 1032 826 1065 se
851 1033 889 1066 ab
922 1034 1045 1065 interna
1080 1034 1216 1068 urethrae
1250 1046 1351 1068 mem-

347 1076 445 1109 brana
471 1075 668 1119 sejungentes
683 1101 691 1109 .
715 1077 795 1110 Erat
819 1076 904 1109 inter
927 1074 1115 1111 chordulam
1149 1081 1180 1111 ὅ(
1211 1077 1350 1112 chordu-

348 1120 412 1154 lam
436 1120 665 1159 interstitium,
689 1129 761 1159 tuin
787 1120 893 1153 medio
916 1119 1015 1153 ferme
1038 1121 1123 1153 inter
1156 1121 1294 1162 primam
1319 1125 1350 1154 &

348 1164 496 1197 ultimam
522 1163 594 1197 loco
619 1162 749 1196 urethra
774 1164 805 1196 se
830 1172 924 1196 tanto
956 1163 1061 1204 spatio
1096 1174 1253 1205 quantum
1286 1164 1352 1198 duo

343 1208 474 1243 circiter
495 1205 697 1249 occupassent
712 1206 878 1240 transversi
902 1206 1000 1247 digiti
1023 1208 1232 1246 coarctabat,
1257 1209 1351 1242 utibi

345 1251 486 1284 dimidio
513 1251 749 1293 propemodum
783 1261 880 1292 quam
906 1250 1019 1291 supra,
1044 1260 1098 1283 aut
1121 1249 1205 1283 infra
1228 1274 1240 1291 ,
1275 1251 1349 1285 esset

344 1293 532 1335 angustior.
560 1294 647 1326 Cum
670 1292 738 1326 hec
761 1295 869 1326 omnia
893 1294 980 1327 intra
1015 1304 1126 1326 eorum
1161 1293 1199 1328 de
1231 1294 1349 1336 quibus

341 1338 533 1379 loquimur,
558 1337 814 1369 canaliculorum
840 1337 1005 1379 regionem
1030 1336 1205 1375 caderent3
1230 1337 1287 1381 ipsi
1303 1347 1348 1372 ta-

343 1391 438 1418 men,
464 1391 639 1422 eorumque
663 1378 789 1413 orificia
816 1381 922 1422 primo
954 1380 1087 1422 quidem
1119 1381 1244 1423 aspefiu
1283 1393 1347 1414 non

342 1433 456 1465 praeter
476 1433 623 1457 naturam
649 1423 676 1456 se
701 1424 817 1456 habere
837 1424 1048 1457 videbantur.
1073 1424 1246 1468 Ubiffivero
1269 1437 1349 1457 oru-

341 1467 390 1500 los
415 1469 569 1501 attentius
594 1465 689 1501 defixi
705 1471 716 1505 *,
739 1470 770 1501 δέ
795 1466 1179 1508 accumtiusinspeetavi,
1205 1468 1277 1501 satis
1291 1481 1348 1501 co-

340 1512 464 1552 gnovi,
487 1520 578 1545 certo
601 1511 742 1553 quodam
770 1511 868 1544 modo
892 1519 986 1552 quern
1012 1508 1141 1544 facilius
1179 1512 1245 1554 ipse
1276 1523 1348 1553 per-

338 1556 445 1597 cipere
467 1566 563 1596 quam
585 1553 689 1586 verbis
712 1556 870 1597 explicare
895 1553 1028 1599 possi-m,
1054 1554 1094 1587 ab
1118 1555 1347 1596 naturalicon-

339 1598 507 1631 suetudine
531 1597 730 1639 discrepare,
756 1607 792 1631 ut
815 1608 880 1637 non
914 1598 1086 1631 obscurum
1119 1597 1213 1637 essct,
1238 1600 1346 1632 mino·-

338 1653 406 1676 rem
430 1642 560 1684 quidem
585 1651 682 1681 quam
708 1641 856 1683 proxima
881 1639 1029 1678 urethra,
1057 1641 1107 1674 sed
1133 1642 1273 1684 aliquam
1297 1650 1346 1675 ta-

339 1696 411 1718 men
436 1695 554 1717 noxam
577 1685 656 1717 olim
680 1684 866 1725 pertulisse.
891 1681 993 1725 Qod
1017 1686 1047 1717 δι’
1077 1684 1310 1719 chordularum
1332 1709 1344 1726 ‚

337 1728 372 1762 id
397 1728 441 1760 est
464 1730 655 1762 cicatricum
679 1727 760 1760 sedes
783 1728 816 1760 in
841 1738 874 1760 ea
897 1728 1068 1759 dumtaxat
1080 1727 1219 1761 urethrae
1242 1728 1345 1769 facie,

338 1782 456 1813 nempe
480 1773 565 1805 inter
589 1771 840 1804 canaliculorum
866 1769 1016 1806 orificia,
1041 1770 1231 1805 confirmare
1256 1772 1344 1805 vide-

337 1815 457 1853 batur,
482 1815 604 1857 quippe
626 1815 770 1847 indicans
785 1813 868 1847 unde
893 1814 1022 1847 irritans
1048 1814 1136 1847 *virus
1159 1817 1188 1848 δε
1213 1816 1344 1850 demum

336 1859 520 1892 exulcerans
543 1856 718 1891 distillasset
735 1882 742 1890 .

384 1902 523 1945 11.Jain
549 1912 626 1935 vero
651 1901 687 1934 ad
716 1901 925 1940 ulteriorem,
948 1901 996 1934 uti
1021 1900 1246 1943 promisimus,
1273 1913 1343 1936 ure-

336 1946 417 1979 thrae
443 1952 566 1986 partem
592 1944 808 1978 transeamus.
844 1946 1004 1978 Occurrit
1040 1943 1094 1978 hic
1117 1956 1246 1989 quoque
1281 1957 1340 1988 go-

336 1990 496 2023 norrlioeae
524 1988 628 2028 sedes,
654 1988 746 2021 nobis
770 1989 888 2028 altera,
913 1988 1035 2021 Littrio
1058 1988 1187 2029 prima,
1225 1989 1340 2023 videli-

336 2044 386 2068 cet
403 2058 411 2071 ,
435 2039 473 2065 ut
495 2033 562 2074 ipse
587 2031 774 2071 constituit,
800 2032 956 2074 Cowperi
980 2030 1163 2073 glandulae3
1189 2033 1230 2065 fic
1255 2034 1339 2066 enim

336 2086 467 2120 pergam
491 2076 668 2118 appellare,
691 2074 822 2117 quando
857 2075 1014 2117 Meryus,
1038 2075 1143 2108 nescio
1166 2087 1263 2117 quam
1296 2077 1340 2110 ob

334 2120 482 2157 causam,
509 2119 566 2153 suo
587 2118 657 2161 jure
671 2118 946 2158 videturceffisse,
969 2118 1065 2151 tacite
1089 2117 1210 2158 ferens,
1236 2121 1280 2155 fic
1292 2131 1340 2152 eas

336 2165 377 2198 ab
392 2164 678 2205 Littrioquoque‚
703 2173 759 2195 nec
783 2161 901 2199 semel,
928 2164 1110 2196 nominatas
1133 2161 1212 2203 esse,
1233 2162 1340 2196 osten-

335 2207 441 2249 sasque
466 2206 498 2238 in
524 2207 628 2249 Regia
653 2206 865 2239 Scientiarum
889 2204 1064 2238 Academia
1098 2205 1153 2248 (n
1176 2209 1211 2246 ),
1243 2215 1339 2247 atque

335 2251 464 2292 insuper
490 2252 522 2282 in
546 2248 641 2292 hujus
653 2249 801 2283 Historia
823 2252 837 2288 (
859 2260 876 2282 o
897 2252 912 2288 )
935 2249 1072 2291 primam
1096 2259 1204 2283 earum
1225 2250 1339 2283 inven-

336 2298 461 2329 tionem
484 2293 651 2335 Cowpero
674 2292 790 2327 diserte
814 2290 908 2326 fuisse
944 2294 1102 2326 tributam
1129 2318 1137 2326 .
1171 2294 1338 2327 Caeterum

335 2349 432 2381 quam
457 2348 531 2369 raro
554 2337 602 2370 hae
618 2337 784 2379 glandulae
809 2335 1013 2377 gonorrhoeae
1036 2335 1119 2369 sedes
1142 2336 1232 2377 sint,
1256 2336 1338 2370 illud

336 2381 483 2426 praeclare
507 2379 744 2421 ostenditquod
771 2379 912 2419 Littrius
937 2380 989 2422 (p
1011 2381 1025 2418 )
1048 2390 1123 2413 cum
1149 2377 1339 2414 affestorum

337 2424 533 2468 gonorrhoea
559 2423 709 2457 cadavera
748 2421 889 2456 secuisset
923 2422 1056 2455 circiter
1088 2423 1304 2465 quadraginta
1329 2448 1338 2463 ‚

335 2480 436 2502 unum
462 2466 560 2501 modo
585 2468 703 2509 reperit
727 2468 759 2498 in
784 2477 851 2508 quo
886 2465 1001 2499 siarum
1024 2466 1251 2508 glandularum
1288 2468 1338 2499 vi-

336 2516 382 2546 tia
405 2520 614 2554 apparerent,
637 2522 706 2552 quae
731 2509 903 2550 diligenter
926 2520 999 2542 cum
1023 2509 1174 2542 omnibus
1205 2521 1276 2551 quae
1301 2509 1339 2543 ad

335 2557 370 2590 id
395 2554 599 2597 gonnrrlioeae
625 2564 722 2595 genus
747 2554 909 2591 attinent,
934 2553 1115 2595 partiteque
1147 2552 1303 2587 describit
1330 2576 1339 2590 ‚

336 2612 374 2633 ne
397 2597 522 2632 causam
545 2597 677 2640 quidem
702 2596 837 2629 reticens
860 2607 917 2629 cur
941 2607 1049 2629 rarum
1074 2595 1129 2628 sit.
1156 2597 1340 2638 Minusigi-

336 2655 389 2677 tur
416 2643 514 2675 miror
538 2642 626 2684 quod
649 2643 682 2673 in
707 2641 839 2673 cadaver
864 2650 927 2672 non
952 2640 1120 2673 inciderim
1145 2640 1207 2672 viri
1233 2651 1269 2671 eo
1291 2637 1340 2673 af·-

337 2687 429 2721 feffi.
458 2683 615 2727 Praegresii
643 2695 748 2717 tamen
773 2684 856 2716 olim
890 2681 1009 2716 indicia
1043 2694 1058 2715 a
1094 2693 1144 2715 me
1173 2682 1342 2724 conspecta

337 2730 394 2764 esse
409 2754 417 2769 ,
441 2729 582 2772 opinor,
605 2729 666 2761 sive
689 2738 763 2760 cnm
786 2725 840 2760 has
865 2726 1029 2767 glandulas
1044 2751 1052 2765 ‚
1075 2734 1129 2759 aut
1154 2725 1264 2759 harum
1296 2727 1342 2758 al-

338 2784 439 2807 teram
454 2798 462 2812 ,
485 2782 521 2806 ut
554 2773 589 2804 in
613 2771 718 2805 Fabro
740 2770 880 2812 lignario
902 2770 941 2803 de
964 2781 1030 2812 quo
1066 2769 1158 2812 supra
1181 2772 1194 2807 (
1216 2780 1234 2811 q
1258 2773 1271 2809 )
1293 2770 1341 2803 di-

335 2818 425 2850 ctum
449 2815 512 2855 est,
534 2824 696 2849 mutatam
720 2812 915 2856 deprehendi
929 2816 961 2846 in
985 2812 1098 2846 duram
1110 2812 1340 2850 substantiam5

337 2872 401 2893 non
425 2871 497 2893 raro
521 2861 607 2892 enim
632 2858 699 2901 post
724 2855 1022 2890 inflammationem
1054 2856 1214 2898 glandulae
1238 2857 1340 2889 solent

337 2903 557 2942 indurescere,
581 2901 642 2934 sive
666 2912 739 2934 cum
764 2901 898 2942 vestigia
921 2898 1040 2933 offendi
1063 2901 1097 2932 in
1121 2900 1247 2932 illarum
1281 2899 1341 2933 du-

337 2946 443 2980 cubus
467 2943 817 2979 noninflammationis
841 2943 944 2977 solum
962 2968 970 2983 ‚
997 2954 1108 2976 verum
1133 2944 1228 2977 etiarn
1253 2943 1341 2976 exul-

337 2991 530 3026 cerationis.
554 2989 641 3021 velut
666 2989 699 3020 in
737 3000 773 3020 eo
796 2987 836 3021 de
858 2998 925 3029 quo
949 2988 1098 3028 protinus
1129 2986 1254 3020 dicam.

381 3044 425 3070 12.
445 3032 651 3077 JUVENIS
666 3056 675 3071 ,
701 3044 713 3063 a
745 3032 860 3072 capitis
884 3030 951 3063 ἐξω
974 3032 1006 3062 in
1029 3029 1235 3063 Nosocomio
1258 3041 1344 3063 mor-

338 3079 387 3111 tui
411 3079 495 3110 circa
520 3074 661 3108 medium
697 3076 845 3116 Aprilem
883 3074 925 3107 A.
966 3075 1056 3115 1718.
1091 3073 1244 3115 genitalia
1267 3096 1276 3111 ‚
1309 3074 1342 3106 in

338 3132 477 3164 quorum
502 3127 651 3153 anatome
678 3116 756 3159 saepe
781 3126 858 3150 tunc
881 3128 965 3149 eram
988 3127 1184 3158 occupatus,
1206 3116 1343 3158 diligen-

339 3174 387 3196 ter
411 3162 535 3197 incidi.
562 3162 606 3195 Et
637 3171 750 3194 caetera
784 3160 915 3200 quidem
940 3164 1023 3194 intra
1057 3171 1178 3193 naturae
1212 3161 1345 3193 morium

340 3208 449 3240 inveni
466 3232 473 3238 .
606 3204 848 3238 URETHRA
875 3214 981 3237 autem
1006 3216 1044 3237 ne
1069 3205 1153 3237 reete
1187 3202 1217 3237 se
1249 3204 1346 3236 liabe-

341 3261 413 3287 ret,
437 3250 543 3282 statim
568 3249 689 3281 veritus
715 3248 783 3280 sum
807 3258 840 3280 ac
865 3250 980 3280 retecta
1017 3246 1131 3289 glande
1162 3258 1274 3280 cavam
1309 3248 1343 3279 in

340 3293 397 3327 lia-„-
423 3293 603 3325 cicatricem
621 3291 858 3324 animadverti.
882 3290 1047 3324 Glandula
1060 3301 1166 3323 tamen
1182 3290 1344 3330 Prostata,

341 3340 371 3368 ἃ
394 3338 531 3374 Lini-ii,
554 3338 584 3368 ὅ.
610 3334 778 3367 Seminalis
800 3334 971 3367 caruncula
999 3334 1080 3367 nihil
1108 3333 1345 3376 quiesquamvi-

342 3381 382 3412 tii
407 3378 630 3412 ostenderunt.
659 3377 718 3410 Sed
753 3388 827 3410 cum
860 3375 998 3409 urethrae
1031 3387 1154 3419 partem
1188 3378 1345 3419 reliquam

343 3422 526 3464 aperuissem
543 3445 552 3460 ,
576 3424 605 3453 ὃ(
629 3422 750 3463 primos
777 3422 953 3462 aliquotex
979 3423 1056 3453 meis
1080 3420 1267 3454 canaliculis
1290 3422 1344 3453 de-

341 3467 422 3499 letos
445 3464 612 3500 vidisl'cnn
638 3475 740 3505 neque
775 3465 859 3496 enim
900 3463 963 3496 ulla
999 3475 1109 3496 eorum
1142 3463 1344 3504 incipiebant

342 3520 491 3551 apparere
514 3509 659 3541 orificia,
684 3506 740 3539 nisi
764 3517 904 3548 quatuor
928 3508 1056 3540 circiter
1083 3505 1269 3539 transversis
1293 3507 1342 3539 di-

342 3554 417 3594 gitis
442 3553 482 3585 ab
504 3561 645 3584 extrema
671 3549 797 3583 urethra
821 3549 1024 3589 intermisiis3
1049 3552 1204 3584 attentius
1240 3549 1346 3591 inspe-

979 174 1135 229 Liber
1166 142 1255 228 ΙΙΙ.
1288 176 1373 229 De
1404 177 1612 229 Morbis
1647 178 1864 230 Ventris
1912 218 1917 227 ἵ

1403 256 1492 289 <Stans
1513 257 1622 291 omnia
1637 281 1648 297 ,
1670 256 1793 291 substiti
1818 260 1852 291 in
1875 255 2031 297 Cowperi
2049 254 2274 297 glandularum
2296 255 2404 290 duffi-

1404 300 1484 338 bus,
1512 311 1651 341 quorum
1674 302 1786 334 dexter
1810 312 1901 344 aequo
1924 300 2071 337 tenuior,
2096 298 2215 332 sinister
2237 307 2341 332 autem
2364 310 2407 332 ae-

1404 354 1472 385 quo
1496 343 1624 376 crassior
1647 354 1701 385 per
1725 345 1873 377 intimam
1901 340 2040 375 urethrae
2053 344 2195 375 tunicam
2219 341 2407 383 transpicie-

1407 386 1546 420 bantur.
1570 386 1607 419 In
1644 387 1824 420 tenuiorem
1857 384 1971 420 frustra
2005 385 2186 427 quidquam
2222 385 2400 418 immittere

1406 438 1539 463 conatus
1563 429 1652 466 sum3
1679 439 1713 463 ut
1737 433 1873 471 parietes
1905 430 1944 462 ab
1976 426 2235 463 inflammatione
2258 429 2306 460 vel
2330 438 2404 461 coa-

1405 473 1518 513 luisse,
1541 474 1590 506 vel
1615 473 1654 507 ad
1677 473 1811 507 summas
1837 473 1994 514 angustias
2030 472 2213 505 contractos
2247 471 2404 504 existima-

1408 521 1538 559 verim.⁴
1554 518 1683 550 Contra
1706 517 1852 554 sinister,
1878 515 2024 548 subflavo
2049 513 2179 547 mucoso
2194 513 2329 548 humore
2351 514 2404 548 di-

1405 558 1547 598 stentus,
1569 559 1734 602 specillum
1759 570 1821 592 non
1845 558 2060 592 tenuiffimum
2093 555 2281 603 admissurus
2312 558 2405 591 vide-

1405 602 1525 643 batur,
1547 605 1577 636 &
1599 602 1706 645 reapse
1739 603 1830 636 nullo
1853 602 1987 643 negotio
2011 600 2159 640 admifit,
2182 599 2233 633 sed
2264 613 2281 633 a
2314 610 2404 643 parte

1405 645 1586 688 glandulae;
1609 657 1683 679 nam
1706 654 1887 679 extremum
1910 644 2095 686 oppositum
2127 644 2162 675 in
2186 643 2313 676 urethra
2345 644 2404 677 ha—

1404 690 1499 723 bebat
1531 688 1626 723 finem
1651 688 1874 731 perangustum
1893 712 1903 728 ,
1927 697 2021 730 atque
2046 687 2124 721 adeo
2146 684 2339 726 obscurum,
2365 696 2403 721 ut

1403 732 1480 766 hinc
1504 731 1562 767 esse
1585 734 1761 766 censuerim
1784 731 1872 776 quod
1905 730 2038 772 itafipse
2062 732 2196 764 humore
2227 730 2300 763 esset
2339 732 2403 772 ple-

1405 787 1484 814 nus,
1507 777 1551 815 &r
1564 777 1715 818 glandula
1739 775 1807 817 eius
1830 774 1948 812 crassa,
1974 785 2046 807 cum
2071 775 2169 807 altera
2190 773 2284 807 exilis
2307 773 2402 812 esset,

1405 831 1440 853 ac
1464 819 1618 861 strigosa.
2046 859 2052 865 .

1451 872 1499 906 13.
1536 863 1602 896 Hic
1635 872 1759 907 quaeres
1782 887 1792 902 ,
1821 872 1878 895 cur
1912 861 1981 895 illas
2022 872 2090 902 ejus
2133 859 2206 893 sinis
2238 861 2401 903 angustias

1404 907 1599 948 conjecerim
1632 919 1648 940 a
1682 905 1862 950 praegreslo.
1883 905 1985 938 ulcere
2006 905 2066 938 esse
2090 903 2247 946 potuisse.
2272 905 2400 948 Nempe

1404 951 1592 984 recordabar
1615 971 1624 987 ,
1658 950 1821 984 Littrium
1852 955 1886 981 ln
1918 960 1956 981 eo
1987 947 2138 981 cadavere
2168 948 2214 980 in*
2232 959 2299 989 quo
2331 960 2400 983 uno

1404 993 1528 1027 dictum
1552 993 1594 1026 est
1619 998 1628 1033 (
1652 994 1700 1035 r)
1725 992 1788 1026 'hoc
1812 991 2014 1033 gonorrhoeae
2028 1001 2124 1033 genus
2137 990 2401 1033 deprehendisse,

1404 1047 1568 1079 nunquam
1593 1037 1860 1070 exulcerationem
1885 1034 1942 1067 nisi
1967 1034 2004 1067 ad
2025 1044 2117 1073 oraS,
2139 1036 2168 1066 &
2185 1036 2307 1067 circum
2329 1047 2400 1069 oras

1402 1079 1559 1113 adnotasse
1581 1080 1683 1113 osculi
1707 1079 1976 1112 alteriusillorum
1988 1077 2167 1116 ductuum,
2189 1077 2401 1120 Cowperum..

1403 1133 1465 1166 que
1488 1123 1592 1166 ipsum
1615 1125 1650 1156 in
1675 1123 1894 1164 explicatione
1918 1120 1984 1164 ejus
2007 1121 2132 1162 Figura:
2156 1124 2164 1159 (
2184 1121 2235 1163 s)
2258 1133 2320 1164 qua
2332 1134 2401 1155 am-

1404 1167 1461 1200 bos
1483 1166 1659 1201 eosdutstus
1670 1167 1866 1205 delineavit,
1891 1164 2069 1209 monuisse,
2093 1163 2223 1197 alterius
2237 1164 2400 1199 orificium

1403 1209 1546 1251 amplum
1572 1210 1745 1243 admodum
1768 1210 1800 1241 in
1824 1219 1857 1242 eo
1872 1207 2009 1250 subjeblo
2032 1206 2090 1240 esse
2113 1217 2150 1240 ex
2183 1206 2283 1242 ulcere
2309 1233 2316 1239 .
2352 1210 2400 1242 Et

1400 1253 1552 1286 viderunt
1576 1255 1704 1295 quidem
1728 1252 1824 1285 ambo
1848 1253 1936 1286 ulcus
1960 1250 1997 1283 ad
2021 1250 2164 1283 osculum
2188 1251 2325 1289 duftus3
2350 1251 2400 1286 sed

1399 1297 1471 1337 illi,
1494 1297 1572 1330 alter
1594 1306 1706 1336 certe,
1728 1295 1861 1329 erodens
1884 1294 2009 1334 adhue,
2033 1304 2092 1335 ego
2116 1305 2191 1326 vero
2215 1315 2225 1330 ,
2259 1294 2318 1328 nifi
2353 1307 2401 1328 me

1399 1339 1582 1382 conjectura
1618 1340 1723 1374 fallit,
1746 1340 1784 1372 ad
1816 1340 2000 1372 cicatricem
2035 1337 2257 1379 perduflum,
2289 1338 2400 1381 itaque

1399 1384 1451 1417 illi
1475 1385 1635 1426 patentius
1656 1381 1820 1416 orificium
1845 1383 1953 1416 videre
1978 1389 2174 1423 potuerunt3
2198 1391 2258 1421 ego
2280 1392 2297 1414 a
2318 1383 2401 1415 cica-

1398 1428 1479 1460 trice
1504 1427 1688 1461 adstriRum
1701 1425 1880 1468 conjicere·
1906 1425 1997 1466 Qu
2011 1425 2193 1457 Terraneus
2215 1427 2224 1462 (
2248 1432 2263 1457 t
2284 1428 2401 1468 >pror-

1399 1470 1448 1504 sus
1471 1470 1672 1504 obstruetum
1695 1470 1863 1509 osculum,
1887 1470 2023 1509 indeque
2044 1468 2180 1501 dubium
2204 1469 2285 1500 mire
2318 1469 2400 1502 dila—

1399 1523 1503 1547 tatum
1526 1512 1662 1547 offendit
1677 1536 1689 1553 ,
1713 1524 1850 1555 eumque
1873 1511 2054 1546 sinistrum:
2081 1522 2147 1553 quo
2170 1511 2205 1543 in
2227 1511 2325 1545 latere
2347 1524 2401 1546 ac·

1397 1558 1478 1591 cidit
1502 1566 1539 1601 ut
1563 1566 1625 1590 tres
1648 1555 1718 1596 isti,
1740 1559 1771 1590 δε
1793 1567 1854 1598 ego
1885 1554 2007 1589 orificii
2039 1555 2119 1588 vitia
2150 1552 2400 1598 deprehendere-

1397 1610 1486 1635 mus.

1443 1655 1492 1687 ¹4·
1518 1643 1576 1678 Sed
1600 1644 1638 1678 ab
1662 1645 1725 1678 illis
1748 1641 1864 1689 osculis
1890 1642 2023 1677 ulterius
2045 1653 2100 1685 per
2123 1641 2288 1677 urethrarn
2319 1656 2395 1687 per—

1395 1699 1524 1731 gente5‚
1551 1687 1589 1721 ad
1613 1689 1748 1722 alterum
1772 1686 1867 1728 hujus
1890 1687 2095 1727 pervenimus
2119 1686 2227 1720 locum
2249 1686 2288 1721 de
2317 1688 2398 1722 duo-

1395 1732 1455 1766 bus
1477 1732 1512 1762 in
1537 1731 1655 1773 quibus
1678 1730 1830 1764 Vesalius
1852 1732 1866 1766 (
1888 1740 1908 1761 u
1931 1733 1941 1768 )
1966 1739 2029 1763 non
2044 1729 2143 1763 modo
2164 1730 2252 1772 quod
2265 1742 2398 1769 ornneS‚

1396 1774 1566 1807 adnotavit
1583 1796 1592 1812 ‚
1615 1774 1812 1815 gonorrhoea
1835 1770 1963 1805 affe-flos
1983 1773 2124 1815 graviter
2146 1775 2279 1807 cruciari
2302 1797 2311 1813 ,
2345 1774 2399 1809 sed

1395 1820 1427 1851 &
1452 1816 1578 1852 causam
1604 1817 1743 1860 protulit
1778 1827 1874 1858 quare
1897 1818 1931 1848 in
1955 1816 2016 1848 hoc
2041 1816 2145 1848 altero
2179 1818 2362 1851 crucientur
2387 1843 2398 1858 ,

1396 1872 1471 1894 cum
1495 1863 1581 1902 penis
1604 1862 1707 1903 riget.
1734 1862 1766 1893 Is
1797 1862 1887 1892 locus
1920 1861 1989 1892 imo
2020 1859 2160 1902 perinaeo
2196 1860 2364 1903 respondet
2387 1886 2397 1895 .
2420 1865 2425 1866 ⁷

1396 1905 1449 1937 lbi
1472 1906 1559 1937 enim
1583 1904 1627 1936 ob
1649 1905 1766 1938 canalis
1780 1901 1953 1941 reflexum,
1976 1903 2194 1944 declivemque
2218 1915 2252 1937 ac
2275 1903 2398 1937 humil-‘-

1391 1949 1504 1982 limam
1529 1947 1630 1981 sedem
1654 1959 1728 1980 cum
1751 1946 1872 1979 restitet
1899 1945 2028 1978 erodens
2053 1946 2170 1979 humor
2191 1970 2203 1987 ,
2234 1947 2281 1980 ibi
2314 1959 2398 1991 quo-

1391 2003 1454 2034 que
1477 1993 1577 2034 magis
1599 2002 1692 2033 quam
1715 1991 1747 2023 in
1771 1987 1888 2030 reliqua
1911 1996 2034 2021 meatus
2049 1988 2120 2031 siecle
2156 1990 2276 2028 erodit,
2304 1995 2314 2030 (
2341 2002 2396 2025 aut

1392 2044 1477 2068 certe
1500 2034 1643 2076 irritat)
1669 2033 1770 2075 erosas
1794 2040 1902 2065 autem
1925 2040 2069 2079 maeatas,
2092 2034 2209 2074 quando
2232 2044 2292 2068 una
2325 2045 2397 2067 cum

1388 2087 1465 2119 pene
1487 2078 1649 2114 tenditur,
1676 2076 1861 2118 solutionem
1899 2081 2035 2108 unitatis
2069 2075 2281 2110 vehementius
2315 2077 2396 2111 inibi

1387 2121 1581 2163 percipitur.
1607 2120 1679 2153 Nec
1703 2130 1780 2152 vero
1804 2127 1881 2151 tunc
1906 2117 2034 2155 solum,
2060 2118 2111 2150 sed
2122 2118 2199 2153 dum
2215 2123 2312 2154 etiam
2337 2133 2396 2163 po-

1393 2165 1520 2197 stremas
1543 2164 1615 2197 lotii
1639 2172 1749 2206 guttas
1773 2160 1894 2195 sursum
1918 2160 1992 2195 inde
2027 2165 2240 2204 promoturi,
2264 2175 2317 2206 per
2341 2164 2396 2197 ad-

1392 2208 1523 2241 volutos
1545 2207 1705 2241 musculos
1728 2217 1796 2239 eam
1819 2205 2042 2247 comprimunt
2076 2215 2197 2240 meatus
2235 2217 2360 2249 partem
2387 2233 2397 2248 ,

1390 2251 1428 2284 de
1463 2252 1595 2284 moles'to
1627 2251 1747 2283 ibidem
1791 2248 1880 2283 'sensu
1923 2259 2157 2290 conquerentes
2189 2251 2365 2284 audiuntur
2386 2276 2396 2285 .

1391 2296 1476 2328 Eum
1501 2296 1607 2328 locum
1630 2294 1734 2336 cingit
1758 2292 1877 2327 Littrii
1903 2291 2073 2334 glandula:
2097 2305 2197 2336 eoque
2208 2295 2282 2328 loco
2306 2294 2397 2328 exul-

1369 2360 1371 2362 ·
1390 2340 1491 2371 cerari
1514 2336 1679 2372 urethram
1696 2359 1704 2372 ‚
1729 2336 1849 2373 credo,
1872 2347 1945 2369 cum
1969 2335 2017 2368 ibi
2042 2335 2108 2378 ipse
2130 2348 2262 2380 quoque
2295 2339 2395 2372 lineas

1390 2392 1622 2424 nonnunquam
1647 2380 1784 2419 viderim
1809 2380 1882 2412 illas
1907 2378 2089 2418 exstantes,
2113 2392 2190 2423 quas
2215 2391 2274 2423 pro
2309 2383 2397 2414 cica-

1389 2425 1524 2459 tricibus
1548 2424 1669 2461 habeo,
1694 2424 1875 2456 Terraneus
1898 2432 2003 2456 autem
2038 2425 2122 2466 (x)
2158 2425 2261 2458 ulcera
2293 2424 2399 2459 offen-⁴

1389 2468 1473 2501 derit
1497 2479 1535 2500 ex
1547 2468 1700 2501 diuturna
1723 2466 1938 2509 gonortlioea.
1964 2466 2023 2500 Sed
2034 2465 2101 2500 haec
2124 2468 2284 2502 interdurn
2299 2493 2306 2501 .
2332 2469 2396 2501 522.

1390 2513 1462 2554 pius
1484 2512 1572 2544 enirn
1596 2511 1633 2544 ad
1654 2522 1688 2543 ea
1712 2522 1783 2552 quae
1808 2509 1954 2542 Vesalius
1977 2512 2046 2549 ait,
2069 2511 2256 2552 explicanda
2280 2511 2396 2545 lociil-

1393 2556 1455 2588 lius
1473 2554 1710 2590 irritationem,
1734 2553 2085 2595 inflammationemque
2108 2555 2180 2588 satis
2202 2553 2282 2591 esse,
2308 2556 2395 2589 arbi-

1392 2608 1477 2632 tror.
1501 2596 1556 2631 De
1587 2595 1649 2630 hoc
1671 2607 1784 2639 genere
1804 2595 1884 2639 quid
1909 2607 1924 2629 a
1948 2608 1995 2630 me
2017 2596 2221 2640 conspectum
2253 2599 2295 2632 fit
2309 2624 2319 2639 ‚
2341 2611 2396 2634 ac-

1396 2654 1423 2675 ci
1451 2654 1487 2674 e.

1430 2654 1492 2726 p15.
1518 2684 1670 2717 SENEX
1704 2682 1906 2726 decrepitus,
1930 2684 1980 2716 lue
2002 2694 2133 2718 venerea
2157 2685 2314 2727 plurimos
2326 2686 2394 2729 jam

1395 2740 1495 2762 annos
1517 2728 1598 2761 male
1613 2726 1806 2764 muletatus,
1832 2735 1867 2759 ut
1891 2738 1961 2769 quae
1984 2728 2169 2769 loqueretur
2192 2730 2247 2761 vix
2270 2730 2396 2765 intelli-

1393 2783 1505 2816 geres,
1529 2773 1631 2805 urinae
1655 2780 1763 2803 autem
1785 2769 1996 2810 difficultate,
2018 2773 2047 2803 ἃ
2071 2771 2268 2812 gonorrhoea
2303 2775 2395 2808 deni·
2418 2782 2419 2785 ’

1393 2828 1456 2858 que
1479 2827 1495 2848 a
1518 2814 1690 2848 duodecim
1713 2813 1776 2855 jam
1801 2814 1891 2847 annis
1913 2813 2074 2848 laboraret
2090 2838 2099 2854 ,
2124 2814 2174 2848 his
2198 2816 2290 2849 malis
2316 2843 2327 2859 ‚
2362 2820 2396 2852 δε

1394 2859 1460 2902 ipsa
1483 2867 1575 2892 aetate
1599 2858 1682 2891 lente
1704 2855 1889 2894 confectus,
1914 2869 1929 2889 e
1953 2858 2018 2890 vita
2054 2855 2184 2892 cesserat
2218 2869 2291 2893 ante
2327 2871 2395 2894 me-

1394 2903 1485 2936 dium
1502 2901 1695 2945 Januarium
1719 2903 1764 2933 A.
1792 2910 1888 2942 1717.
2018 2902 2396 2947 CADAVERISquas-

1394 2946 1468 2980 dam
1491 2954 1592 2987 partes
1613 2946 1648 2977 in
1674 2943 1877 2977 Noiocomio
1910 2943 2096 2978 dissecantes
2112 2968 2122 2983 ,
2157 2945 2227 2983 haec
2249 2948 2319 2989 quae
2355 2950 2394 2984 ad

1395 2988 1578 3032 propositos
1590 2987 1720 3020 morbos
1744 2987 1921 3029 spectarent
1934 3012 1943 3028 ,
1958 2988 2242 3024 animadvertimus
2254 3012 2263 3021 .

1393 3033 1526 3068 Uvula‚
1549 3030 1639 3073 cnjus
1662 3041 1730 3073 pars
1761 3032 1887 3069 deerat,
1909 3031 2027 3074 linguae
2061 3032 2203 3074 superior
2238 3033 2395 3076 postrema

1396 3074 1602 3118 superficies,
1625 3078 1655 3106 &
1682 3084 1802 3106 annexa
1834 3075 1913 3107 olim
1939 3087 1992 3117 per
2023 3075 2197 3117 ligamenta
2230 3080 2395 3122 epiglottis

1397 3119 1558 3160 cartilago
1581 3120 1625 3151 ita
1650 3126 1737 3150 crant
1761 3118 1982 3157 cicatricosae,
2009 3128 2043 3151 ut
2069 3119 2151 3153 nihil
2184 3124 2304 3163 magis.
2329 3125 2397 3158 Ita.

1396 3174 1459 3205 que
1482 3174 1515 3195 ea
1540 3161 1699 3202 cartilago
1722 3162 1921 3203 inaequaliter
1942 3164 2130 3202 contracta,
2154 3164 2194 3196 int
2219 3167 2397 3210 triangula-

1397 3218 1462 3239 rem
1486 3205 1718 3247 propemodum
1742 3207 1892 3238 verticem
1913 3204 2071 3239 desinebat
2090 3229 2100 3244 ,
2138 3206 2242 3241 multo
2275 3212 2396 3245 caninae

1397 3249 1533 3282 similior
1553 3273 1561 3287 ,
1584 3260 1682 3290 quam
1704 3247 1869 3281 humanam
1896 3249 1987 3289 Qin
2012 3251 2131 3283 vitium
2164 3253 2197 3284 in
2230 3253 2395 3297 laryngem

1396 3292 1577 3335 reliquam,
1602 3294 1633 3324 &
1656 3290 1732 3325 huic
1764 3295 1949 3333 proximum
1981 3293 2115 3335 Asperae
2147 3299 2272 3329 arteriae
2304 3308 2395 3333 trun-

1395 3346 1468 3368 cum
1492 3334 1520 3367 se
1543 3334 1761 3377 propagabat:
1786 3345 1916 3378 cratque
1940 3337 2176 3378 arytaenoidum
2199 3340 2294 3374 altera
2307 3341 2393 3384 quasi

1395 3379 1527 3416 luxata,
1554 3388 1617 3410 non
1630 3379 1775 3419 compari
1799 3380 1946 3420 parallela
1962 3393 1971 3411 ,-
1993 3381 2078 3412 intra
2100 3382 2189 3416 illam
2214 3394 2321 3417 autem
2346 3397 2394 3419 ar-

1395 3422 1509 3454 teriam
1535 3421 1704 3461 iuaequales
1727 3423 1898 3464 magnique
1922 3425 2149 3464 prominebant
2186 3427 2272 3468 quasi
2296 3428 2394 3461 lacer-

1396 3466 1444 3500 τίς
1468 3465 1626 3497 exteriore
1650 3473 1755 3497 autern
1780 3464 1851 3498 sede
1872 3464 1999 3499 duobus
2022 3465 2106 3500 infra
2129 3469 2303 3504 cricoidem
2325 3483 2395 3504 car-

1396 3508 1564 3552 tilaginem
1590 3507 1771 3541 transversis
1794 3509 1907 3550 digitis
1940 3508 1977 3542 ad
2009 3510 2143 3545 alterum
2177 3514 2397 3548 membraneo-

1399 3550 1579 3583 musculosi
1606 3551 1771 3585 interstitii
1805 3554 1889 3585 latus
1921 3553 2071 3596 glandula
2108 3555 2247 3590 exstabat
2285 3557 2395 3592 ciceris

2283 3611 2351 3632 ma-

404 3752 416 3779 (
435 3760 449 3773 n
470 3749 478 3779 J
496 3752 573 3774 Mem.
590 3754 621 3775 A.
641 3756 708 3778 ¹700·
725 3753 747 3775 Be
765 3758 827 3779 171¹.
889 3752 902 3779 ζ
919 3760 931 3774 ο
947 3751 961 3780 )
979 3754 1068 3775 annor.
1088 3751 1185 3775 eorund-

402 3814 409 3840 (
430 3821 445 3835 ει
467 3811 511 3839 )c.
530 3819 565 3839 14.
582 3817 621 3835 cit.
641 3811 708 3840 supra
724 3812 753 3837 ad
768 3819 793 3836 n.
811 3812 833 3835 8.

509 3781 513 3783 μ
782 3782 785 3784 -
1248 3752 1291 3779 (p
1312 3751 1317 3775 l
1334 3753 1443 3776 Memor.
1457 3755 1491 3776 A.
1513 3759 1577 3779 1711.
1641 3755 1653 3770 s
1670 3754 1712 3783 q]
1731 3763 1744 3777 n
1772 3763 1793 3782 3·

403 3783 415 3808 ζ
432 3781 466 3809 s)
487 3781 538 3803 vid.
558 3788 580 3803 in
599 3781 650 3803 Aft.
668 3782 738 3804 Erud.
758 3781 819 3809 Lips.
839 3783 867 3804 A.
885 3788 953 3807 1702.
973 3784 1008 3804 Μ.
1029 3782 1162 3804 Novembr.
1179 3780 1207 3804 ad
1224 3781 1286 3804 Tal)v
1305 3782 1326 3803 53,
1345 3782 1397 3810 fig.
1416 3791 1438 3807 1.
1456 3783 1506 3807 litt.
1526 3784 1559 3806 11.

893 3812 907 3840 (
923 3819 937 3834 x
952 3812 966 3840 )
983 3814 1018 3835 De
1034 3812 1151 3837 Glandul.
1167 3819 1188 3835 c.
1208 3821 1228 3840 ς.
1245 3813 1267 3835 ἃ
1283 3811 1382 3840 Ops-23.

1641 3773 1653 3782 x
1747 3771 1752 3775 -
1855 3756 2066 3785 (r3supra‚n.
2087 3766 2122 3782 11.

1624 3785 1636 3813 ζ
1653 3792 1662 3808 ι
1681 3786 1694 3812 )
1712 3787 1745 3808 De
1764 3785 1877 3809 Glandul.
1895 3786 1954 3810 obs.
1971 3791 1992 3810 6.
2009 3789 2031 3811 ἃ
2047 3787 2139 3817 Fig.,1.
2157 3789 2185 3812 ad
2202 3787 2233 3812 D.
