2498 4075
441 165 538 220 312

375 230 462 263 nuit.
607 231 666 267 Sed
690 236 720 267 86
743 233 810 276 ipse
836 235 996 268 Bononiae
1020 232 1089 266 vidi
1121 234 1236 267 vulnus
1272 244 1326 276 per
1361 232 1390 265 se

377 284 536 316 magnum
554 302 564 316 ‚
590 276 628 309 ad
653 276 793 318 speciem
816 288 923 317 autem
948 278 1053 311 multo
1093 278 1272 311 maximum
1296 300 1309 317 ,
1354 284 1391 308 ut

375 326 456 359 pote
482 319 572 361 quod
599 318 692 352 fimul
719 319 756 353 ad
782 330 957 362 utrumque
982 331 1056 353 eum
1080 320 1216 359 Sinum,
1239 319 1330 353 simul
1355 318 1394 352 ad

375 361 493 394 nasum
519 372 711 400 externum,
736 366 766 395 «Se
791 364 830 396 ad
854 363 919 398 offa
944 365 1020 396 huic
1045 361 1185 404 subjetffta
1210 374 1274 396 non
1299 362 1398 395 modo

376 401 549 445 spetfitabat
566 427 574 440 ‚
600 403 651 438 sed
677 406 724 439 ita
749 407 884 439 illorum
907 418 986 439 cava
1012 406 1231 444 reseraverat,
1254 409 1283 438 &
1328 405 1399 437 san-

375 449 475 488 guine
499 446 703 486 foedaverat,
728 458 769 483 ut
794 448 832 481 ad
855 450 1013 490 grandem
1038 448 1309 483 inflictivulneris
1331 447 1402 482 hia-

373 498 468 529 tum,
493 492 631 524 naturali
656 503 769 526 eorum
793 503 949 525 cavorurn
974 492 1194 534 profunditate
1219 492 1400 529 accedente,

373 531 581 567 horrendum
609 535 678 569 visu
704 535 927 578 speetaculum
951 535 982 568 se
1007 536 1035 568 se
1069 533 1202 570 offerret
1226 558 1236 568 .
1285 535 1400 569 fistula

373 577 460 609 enim
485 575 587 611 ferrea
604 599 614 616 ‚
637 590 735 621 quam
759 578 920 619 archibuso
944 578 1108 621 appellant
1133 580 1310 618 nostrates,
1325 590 1400 612 cum

371 617 459 653 forte
485 623 574 663 pyrii
599 624 744 665 pulveris
769 622 801 654 vi
819 646 830 662 ‚
856 623 958 655 nimia
981 623 1076 664 copia
1100 620 1213 655 inclufi
1231 645 1239 658 ,
1263 621 1325 655 hoc
1349 633 1397 656 ac-

370 664 486 703 censo,
510 665 679 702 diffluet,
703 677 747 709 pu
763 675 819 698 ero
844 665 980 704 nasum,
1004 669 1034 698 ἃ
1056 665 1095 697 de
1119 665 1285 698 Maxillari
1309 675 1398 698 utro-

371 716 435 747 que
462 706 527 741 osse
551 718 685 742 tantum
710 709 902 746 abstulerat,
930 719 966 742 ut
990 708 1180 742 Maxillares
1195 708 1397 742 amboSinus

372 749 469 784 simul
496 762 571 786 cum
601 753 708 785 caveis
732 752 795 785 nasi
821 762 993 793 paterent,
1018 763 1091 793 quae
1116 764 1154 784 eo
1177 763 1307 794 quoque
1339 763 1396 793 ap-

370 795 536 835 parebant
564 794 723 836 majores,
748 795 837 837 quod
861 807 903 828 ea·
921 806 992 836 pars
1016 797 1113 828 etiam
1138 795 1225 827 illius
1272 795 1395 828 utrius-

371 846 436 878 que
457 837 529 870 offis
555 850 627 880 quae
651 839 729 872 naso
746 864 754 878 ‚
781 848 877 880 atque
900 840 949 870 ori
985 838 1185 879 interjicitur
1207 860 1216 875 ,
1252 841 1393 871 anterius

370 881 495 920 partim
520 881 690 923 absumpta
713 892 781 915 erat
799 907 807 921 ,
833 881 1080 923 partim-fracta
1103 880 1253 915 deorsum
1277 882 1392 923 pende-

369 922 447 961 bat,
473 933 509 958 ut
535 925 727 966 plumbeum
752 926 871 958 tubum
895 926 1100 965 inter-eam,
1123 929 1154 959 ὅ(
1200 924 1388 958 inferiorem

370 967 537 1001 maxillam
561 970 771 1011 interponere
795 970 1006 1010 oportuerit,
1031 980 1085 1011 per
1107 980 1204 1012 quem
1231 988 1248 1005 ‚s
1284 970 1388 1002 donec

370 1022 443 1052 pars
468 1009 570 1045 frasta
595 1011 784 1046 consisteret
800 1035 812 1052 ‚
835 1014 866 1045 δε
891 1013 1039 1054 penicilla
1056 1036 1065 1051 ‚
1091 1025 1124 1046 ac
1148 1011 1281 1045 linteola
1320 1023 1388 1044 me-

369 1053 566 1088 dicamentis
591 1056 676 1089 illita
692 1079 704 1096 ‚
728 1055 767 1089 de
791 1055 852 1089 nafi
877 1057 981 1089 caveis
1006 1056 1092 1089 demi
1118 1055 1242 1097 possent
1267 1080 1276 1095 ‚
1310 1065 1389 1096 puer

367 1097 508 1131 aleretur
527 1120 535 1134 ‚
558 1101 590 1131 &
618 1099 771 1141 spiritum
795 1099 947 1133 duceret.
972 1099 1122 1132 Servatus
1146 1099 1188 1132 est
1210 1099 1296 1131 enim
1311 1100 1390 1131 Pau-

367 1140 392 1173 li
420 1141 528 1175 Piellae
555 1142 704 1183 Medici,
727 1146 757 1177 &
781 1142 942 1185 Chirurgi
968 1139 1392 1184 Experientiffimidiligen-

365 1185 413 1217 tia
429 1208 437 1216 .
464 1185 574 1227 Qem
599 1198 685 1229 ego,
709 1197 774 1219 non
799 1187 898 1220 modo
924 1187 1005 1219 alios
1029 1188 1086 1227 qui
1111 1196 1172 1219 una
1199 1184 1385 1221 adstabant,

364 1226 501 1261 horrore
527 1231 670 1272 primum
694 1229 874 1272 perculsos,
898 1232 928 1262 δι
956 1229 1165 1264 abiniolito‚
1190 1227 1388 1261 miserando·

365 1282 429 1312 que
455 1270 638 1314 speetaculo
664 1272 693 1305 se
718 1283 895 1306 avertentes
918 1272 1089 1313 conspexi,
1114 1283 1188 1305 cum
1215 1271 1325 1304 statim
1342 1273 1382 1304 ab

365 1323 499 1359 accepto
523 1317 653 1349 vulnere
677 1327 778 1358 puero
802 1318 837 1349 in
862 1316 1104 1349 Nosocomium
1115 1315 1243 1351 delato,
1266 1325 1379 1348 cruen-

363 1368 396 1391 ta
421 1368 488 1398 eJus
511 1356 609 1392 facies
633 1360 751 1394 retecta
775 1359 841 1398 est3
866 1360 947 1392 adeo
959 1360 1102 1400 amplum
1116 1357 1378 1400 profundumque

361 1403 472 1444 primo
496 1401 625 1445 aspectu
649 1402 755 1436 visum
778 1403 821 1436 est
845 1404 983 1439 vulnus,
1008 1404 1099 1445 quod
1123 1413 1200 1435 mox
1223 1404 1378 1434 attentius

361 1448 574 1486 contuendo,
598 1449 630 1479 δε
653 1459 728 1481 cum
754 1442 900 1489 partium
924 1446 1063 1480 naturali
1088 1468 1097 1483 ,
1142 1456 1181 1478 ex
1213 1446 1378 1478 Anatorne

361 1498 469 1530 nota,
493 1492 648 1523 structura
665 1516 672 1529 ‚
696 1493 727 1523 &
749 1488 962 1532 dispositione
984 1488 1225 1531 comparando,
1257 1488 1378 1530 gravis-

360 1542 453 1566 mum
474 1533 606 1577 quidem
622 1556 631 1571 ,
655 1537 686 1567 ὃ(
709 1544 884 1575 magnum,
909 1533 960 1567 sed
985 1534 1089 1567 multo
1125 1533 1230 1574 reapse
1274 1534 1380 1566 minus

360 1576 564 1619 profundum
589 1578 669 1613 esse,
692 1589 792 1619 quam
815 1576 1004 1616 videretur,
1029 1578 1202 1618 cognitum
1226 1574 1288 1608 est.

403 1629 457 1663 42.
483 1623 532 1654 De
557 1622 726 1654 vulnerato
749 1629 861 1659 autem
885 1621 996 1654 Labro
1020 1620 1102 1653 illud
1117 1619 1278 1653 memini.
1294 1620 1381 1652 Cum

361 1664 443 1698 alter
471 1664 579 1699 eadem
604 1665 702 1697 ferme
725 1673 818 1697 aetate
840 1675 942 1705 puer,
966 1674 1123 1697 annorum
1147 1663 1320 1701 videlicet,
1342 1663 1381 1696 ad

360 1708 563 1748 duodecim,
587 1707 638 1741 sed
660 1706 916 1740 Generofiffimae
941 1708 1073 1748 Stirpis,
1120 1708 1205 1739 inter
1246 1717 1379 1739 curren-

359 1751 442 1785 dum
466 1754 499 1787 in
522 1750 639 1785 faciem
662 1750 846 1789 cecidisset,
871 1748 1077 1792 fregissetque
1099 1751 1134 1782 in
1158 1749 1378 1781 transversum

360 1796 403 1830 ad
427 1806 644 1829 marmoreum
668 1796 890 1838 pavimentum
905 1804 1006 1827 unum
1018 1805 1055 1828 ex
1068 1792 1287 1835 superioribus
1299 1791 1377 1825 den-

359 1841 452 1876 tibus
477 1839 665 1878 Incisoriis,
688 1838 728 1871 ab
750 1849 784 1870 ea
807 1836 911 1870 dentis
934 1846 1025 1880 parte
1049 1848 1123 1879 quae
1148 1836 1283 1878 abrupta
1307 1833 1378 1868 fue.

361 1894 438 1923 rat,
460 1882 604 1925 superius
629 1882 756 1914 labrum
779 1880 971 1914 transfixum
995 1879 1056 1913 est.
1075 1879 1217 1923 Jamque
1255 1887 1377 1911 attenta

356 1929 607 1969 ”Chirurgorum
630 1935 729 1964 cura,
752 1924 960 1967 circumjefflt
983 1924 1109 1957 vulneri
1132 1924 1215 1956 labri
1240 1932 1310 1963 pars
1321 1921 1375 1954 de-

356 1977 553 2009 tumuerat,
578 1970 773 2010 molliorque
796 1977 863 2001 erat
887 1966 989 2001 faeta:
1015 1975 1285 2001 neutrumtamen
1302 1966 1372 1997 vul-

362 2017 449 2050 neris
473 2013 636 2048 o‘rificium
661 2011 699 2045 ad
723 2010 975 2054 glutinationern
1000 2011 1173 2053 vergebat5
1197 2010 1265 2043 imo
1295 2007 1371 2041 huic

364 2057 542 2094 flaccidior
568 2056 800 2098 humidiorque
823 2057 857 2088 in
882 2054 1015 2088 vulnere
1038 2065 1114 2088 caro
1158 2054 1372 2095 pertinaciter

361 2099 589 2147 reougnabat,
607 2101 765 2133 Extranei
791 2097 915 2140 aliquid
937 2099 1024 2132 intus
1048 2098 1148 2131 latere
1163 2121 1172 2135 ‚
1196 2095 1373 2138 suspicaba-

362 2137 460 2183 mur,
487 2143 535 2178 sed
559 2146 647 2187 quod
671 2141 775 2184 reapse
799 2143 940 2180 latebat,
965 2142 999 2175 id
1026 2142 1148 2174 nemini
1174 2143 1206 2173 in
1232 2147 1375 2172 mentem

356 2191 473 2231 ‚venire
498 2197 646 2232 poterat,
675 2197 749 2219 curn
774 2186 945 2229 abruptam
968 2185 1073 2220 dentis
1097 2192 1245 2227 partem,
1268 2192 1304 2215 ut
1341 2191 1376 2215 ea

666 153 832 207 Liber⁴
843 153 936 208 IV.
959 148 1042 206 De
1069 152 1275 206 Morbis
1292 151 1616 221 chirurgicis
1634 191 1648 212 ,
1684 152 1740 204 &
1765 149 2167 206 Universalibus

1440 232 1581 267 vulneris
1604 232 1769 267 orificium
1793 235 1935 266 exterius
1957 232 2079 265 fecerat
2094 255 2103 270 ‚
2130 231 2174 265 fic
2197 233 2270 267 illac
2285 234 2460 275 excidisse,

1445 279 1476 310 δε
1497 286 1604 319 aeger,
1628 278 1660 308 &
1681 275 1853 309 domestici
1876 286 1987 309 omnes
2007 274 2075 317 jam
2100 274 2177 308 inde
2199 276 2240 310 ab
2263 279 2363 312 initio
2387 289 2459 312 turn

1446 330 1506 363 pto
1530 329 1619 352 certo
1641 318 1845 353 credidissent
1869 319 1950 362 ipsi,
1973 328 2043 352 tum
2089 320 2171 352 mihi
2216 319 2459 364 Chirurgisque

1447 362 1671 397 affirmassent.
1697 364 1744 395 Ea
1768 372 1875 396 tamen
1898 363 1966 404 ipsa
1990 373 2063 404 pars
2085 363 2190 396 dentis
2222 366 2309 398 intra
2342 366 2458 399 vulnus

1451 405 1583 440 condita
1605 413 1694 439 erat:
1717 417 1781 448 qua
1806 403 1900 438 facile
1923 405 2086 445 detratfim,
2111 407 2225 439 vuinus
2236 408 2328 446 cito,
2351 409 2459 442 nullo-

1453 460 1515 492 que
1538 449 1670 490 negotio
1695 450 1733 483 ad
1755 450 1939 482 cicatricem
1963 449 2150 491 perduetum
2174 450 2239 483 est.
2254 450 2304 483 Ex
2316 461 2382 492 quo
2405 452 2458 484 di-

1455 496 1540 532 sces,
1562 494 1596 524 in
1620 491 1813 534 ejuscemodi
1836 492 2038 526 examinibus
2061 492 2170 529 nulla,
2193 493 2293 526 etiam
2317 495 2384 527 veri
2417 494 2458 528 fi-

1453 536 1613 571 minima,
1637 537 1821 569 narratione
1842 537 1922 569 stare
1942 546 2119 577 oportere,
2142 535 2202 568 nisi
2240 546 2354 570 eorum
2397 539 2458 580 qui

1453 590 1520 615 rem
1546 579 1607 612 suis
1630 579 1688 620 ipsi
1713 580 1817 612 oculis
1841 578 1870 611 {e
1893 578 2086 620 pervidisse,
2107 577 2280 614 testentur.

1481 634 1536 665 43.
1551 625 1661 665 Atque
1672 624 1796 665 utinam
1808 620 1887 655 ficut
1898 624 1924 656 is
1937 624 2017 655 Puer
2029 620 2169 655 feliciter
2182 624 2289 665 postea
2300 621 2456 664 adolevit,

1451 668 1485 702 &
1510 676 1594 700 nunc
1618 667 1704 699 inter
1729 667 1898 708 primarios
1923 666 2062 707 Inclytae
2087 665 2146 699 suae
2170 667 2325 699 Civitatis
2350 669 2456 699 Patri-

1449 721 1519 742 cios
1543 709 1669 748 floret,
1692 711 1738 742 ita
1763 710 1841 742 alter
1863 719 2013 750 quoque,
2038 719 2102 742 non
2127 708 2280 743 inferiore
2304 710 2379 744 loco
2401 721 2458 743 na-

1447 763 1522 794 tus,
1545 765 1619 786 cum
1643 764 1682 785 ex
1705 753 1760 785 suo
1784 752 1990 794 vulnereipse
2004 751 2456 794 quoqueconvaluiss'et‚n0n

1445 796 1519 829 esset
1544 796 1648 837 postea
1671 796 1777 830 multo
1801 795 1947 839 graviore
1972 796 2080 828 morbi
2102 807 2214 838 genere
2235 797 2455 830 Nobiliffimae

1444 841 1587 873 Pamiliae
1599 849 1747 881 ereptus.
1770 841 1851 873 Erat
1874 839 1901 871 is
1924 839 2095 875 trimulus,
2118 839 2455 883 cumlusitanslapsus

1444 882 1508 921 est,
1532 893 1742 924 mentumque
1765 883 1802 916 ad
1830 893 2045 915 marmoreum
2068 882 2200 923 gradum
2223 882 2455 922 allidens‚lin-

1427 930 1538 968 'guam
1562 935 1637 959 tunc
1662 925 1749 959 forte
1770 935 1935 961 exertam,
1960 926 2043 959 inter
2066 926 2175 959 dentes
2188 926 2235 959 ita
2246 926 2452 968 compreffit,

1440 979 1477 1003 ut
1500 970 1679 1009 incideret,
1701 971 1732 1002 &
1755 970 1894 1010 obliquo
1918 969 2073 1008 vulnere,
2098 970 2268 1003 minimum
2293 970 2454 1003 transver-

1438 1012 1508 1046 sum
1519 1011 1661 1054 digitum
1674 1013 1795 1055 longo,
1821 1024 1877 1045 nec
1891 1012 2008 1044 minori
2034 1011 2132 1046 ferme
2154 1013 2193 1046 ab
2217 1023 2360 1047 extremo
2383 1015 2454 1055 api—

1439 1068 1474 1090 ce
1497 1056 1670 1089 intervallo
1694 1057 1783 1089 illam
1808 1057 2002 1089 anteriorem
2027 1056 2145 1098 linguae
2170 1053 2354 1098 partem‘ab
2377 1057 2454 1089 reli-

1441 1111 1506 1142 qua
1530 1108 1660 1132 tantum
1681 1099 1876 1135 adtratfftum
1891 1097 2018 1140 prorsus
2043 1099 2229 1140 divideret,
2253 1110 2394 1142 quantus
2406 1099 2452 1133 est

1440 1144 1482 1175 ab
1524 1144 1650 1176 laterali
1687 1154 1743 1176 ora
1789 1142 1827 1176 ad
1851 1143 1967 1175 lineam
1995 1143 2198 1176 medianam.
2225 1145 2395 1182 Parentes,
2418 1145 2452 1176 &

1440 1187 1689 1228 consanguinei
1712 1198 1824 1219 omnes
1849 1185 2033 1220 moestiffimi
2049 1209 2060 1225 ,
2085 1187 2118 1219 in
2145 1186 2322 1228 primisque
2352 1187 2450 1220 Pueri
2490 1196 2492 1199 ·

1440 1240 1574 1271 magnus
1597 1232 1750 1270 Patruus,
1774 1229 1948 1262 Triumvir
1974 1229 2188 1268 Litterarius,
2213 1241 2314 1264 exme
2326 1242 2380 1273 per
2392 1231 2450 1263 lit-

1438 1282 1523 1306 teras
1545 1273 1760 1315 quaefierunt‚
1783 1284 1848 1306 non
1872 1273 1939 1315 jam
1963 1283 2029 1313 quo
2053 1273 2165 1306 auxilii
2191 1285 2304 1315 genere
2343 1274 2448 1308 sanari

1430 1315 1548 1357 posset,
1559 1328 1635 1350 cum
1649 1326 1780 1359 propter
1793 1327 1921 1351 aetatem
1934 1315 2061 1349 medelae
2073 1318 2165 1349 omni
2178 1317 2355 1350 constriffls
2370 1317 2450 1351 den-

1428 1360 1516 1394 tibus
1527 1360 1773 1401 pertinaciffime
1784 1361 1980 1403 repugnaret
1996 1374 2004 1396 3
2016 1360 2174 1393 violenter
2187 1370 2293 1394 autern
2310 1363 2384 1403 cogi
2396 1362 2443 1395 ob

1430 1400 1576 1444 febrem,
1599 1406 1629 1437 &
1653 1405 1771 1446 linguae
1794 1412 1956 1437 tumorem
1971 1424 1980 1441 ‚
2004 1414 2074 1444 quae
2100 1404 2196 1436 ambo
2220 1402 2409 1438 accesserant
2435 1429 2445 1444 ,

1431 1458 1496 1479 non
1508 1448 1617 1481 liceret
1631 1459 1641 1485 ς
1655 1447 1706 1481 sed
1720 1447 1800 1481 illud
1810 1459 1921 1487 unum,
1933 1446 2020 1489 quod
2034 1447 2070 1480 ad
2084 1446 2233 1481 solatium
2247 1448 2445 1489 pertinebat,

1432 1501 1469 1522 an
1484 1489 1552 1532 spes
1565 1490 1628 1524 ulla
1643 1491 1739 1531 estet,
1764 1490 1832 1524 fore
1846 1514 1854 1529 ‚
1867 1501 1902 1524 ut
1916 1499 2036 1523 naturae
2049 1490 2171 1524 auxilio
2183 1492 2312 1525 relietus
2324 1517 2333 1532 ‚
2347 1503 2445 1534 expe-

1430 1534 1499 1566 dite
1511 1556 1521 1572 ,
1544 1537 1575 1567 &
1588 1535 1669 1567 redte
1681 1534 1869 1576 loqueretur
1884 1558 1891 1565 .
1907 1532 2068 1574 Rescripfi
2082 1535 2243 1568 continuo
2258 1556 2271 1573 ‚
2294 1546 2358 1568 non
2383 1534 2447 1569 esse

1430 1576 1681 1619 desperandum,
1705 1578 1850 1620 pluribus
1875 1580 1908 1610 in
1931 1588 2001 1609 eam
2027 1588 2095 1610 rem
2139 1578 2304 1620 produffls
2328 1589 2444 1613 exem-

1433 1621 1496 1661 plis
1513 1645 1523 1661 ,
1547 1622 1724 1662 praesertim
1748 1620 1843 1660 casu,
1869 1620 1935 1662 ejus
1958 1620 2147 1657 simillimo,
2168 1623 2225 1664 qui
2251 1622 2337 1655 casus
2388 1623 2447 1656 cxl

1431 1671 1481 1696 tat
1506 1663 1589 1706 apud
1612 1664 1792 1698 Hildanum
1817 1667 1871 1707 (n
1891 1668 1923 1704 ).
1947 1664 2091 1696 Eventus
2114 1676 2243 1707 quoque
2260 1689 2268 1703 ‚
2288 1666 2354 1699 Dei
2386 1666 2445 1699 be-

1431 1706 1569 1747 neficio,
1593 1706 1775 1741 simillimus
1798 1708 1883 1742 fuit.
1909 1708 1956 1740 Ut
1979 1708 2065 1739 enim
2099 1709 2176 1741 meis
2199 1707 2265 1749 ipse
2289 1708 2444 1746 auribus,

1429 1762 1504 1782 cum
1530 1751 1614 1783 forte
1627 1751 1776 1783 Venetiis
1789 1751 1903 1788 essem,
1928 1750 2108 1792 insequenti
2123 1761 2206 1784 anno
2218 1752 2326 1785 audivi
2338 1752 2444 1791 ,nullo

1429 1794 1538 1831 mod03
1563 1803 1598 1826 ut
1622 1793 1695 1835 ipsis
1719 1794 1855 1828 Hildani
1869 1794 1975 1827 verbis
1990 1803 2086 1829 utar-5
2111 1794 2284 1836 depravata
2307 1804 2375 1828 erat
2392 1795 2443 1829 lo-

1429 1837 1540 1878 quela,
1565 1836 1693 1879 fuitque
1718 1839 1815 1871 etiarn
1839 1849 1906 1881 quo
1930 1835 1968 1868 ad
1992 1837 2076 1869 vixit
2100 1860 2109 1875 ‚
2145 1840 2249 1870 donec
2282 1837 2437 1872 videlicet

1429 1879 1697 1921 perniciosiffimae
1723 1881 1855 1915 variolae
1880 1883 2132 1913 interemerunt.
2156 1882 2201 1913 Et
2224 1880 2312 1923 quod
2337 1882 2437 1914 mira-

1427 1923 1509 1956 beris
1533 1925 1630 1957 etiarn
1654 1925 1755 1965 magis
1770 1947 1779 1962 ,
1802 1924 1858 1957 etfi
1881 1924 1989 1962 reete,
2012 1923 2435 1966 expeditequeloqueretur5

1424 1965 1544 2008 linguae
1569 1976 1675 1999 tamen
1699 1978 1741 2000 eae
1767 1978 1869 2010 partes
1880 1977 1949 2008 quae
1964 1966 2274 2008 vulneredisjunetae
2286 1966 2415 2001 fuerant
2430 1992 2441 2008 ,

1427 2022 1501 2043 cum
1526 2011 1613 2044 suam
1638 2009 1769 2052 fingulae
1825 2011 2011 2044 cicatricem
2055 2009 2246 2049 duxissent,
2268 2021 2332 2044 non
2365 2023 2442 2045 coa-

1426 2054 1555 2086 luerant
1578 2056 1664 2086 inter
1687 2053 1737 2087 se.-
1762 2055 1872 2096 itaque
1896 2055 2037 2086 anterior
2062 2053 2117 2086 illa
2142 2064 2207 2086 non
2231 2052 2319 2087 secus
2329 2067 2363 2088 ac
2376 2055 2440 2088 sta-

1427 2097 1488 2129 tim
1510 2108 1527 2129 a
1551 2096 1706 2137 vulnere,
1729 2096 1871 2140 sejuncta
1895 2098 2089 2132 etiamtum,
2111 2108 2145 2129 ac
2158 2096 2294 2138 pendula
2306 2099 2440 2139 conspi-

1425 2140 1573 2174 ciebatur
1584 2165 1592 2175 .
1706 2140 1877 2175 Hactenus
1891 2139 1930 2173 de
1939 2140 2068 2181 Capitis
2080 2139 2300 2174 Vulneribus.
2327 2142 2413 2177 Vale
2427 2165 2438 2174 .

433 2381 951 2447 EPISTOLA
1008 2379 2123 2444 ANATOMICO-MEDICA
2177 2379 2358 2443 LIIL

511 2520 596 2571 De
621 2517 933 2570 Vulneribus
946 2556 959 2577 ,
976 2517 1030 2569 ὃ(
1050 2508 1240 2568 Ictibus
1253 2514 1423 2568 Colli,
1441 2514 1695 2576 PectoriS,
1712 2515 1767 2567 ὅ(
1784 2511 1937 2576 Dorfi
1957 2513 2114 2567 verba
2131 2511 2266 2566 fiunt
2285 2552 2298 2563 .

485 2693 585 2726 threti
611 2693 734 2725 Auctor
760 2691 868 2728 Ιὲὶυς,
890 2692 920 2722 Sc
946 2688 1092 2724 Vulnera
1117 2688 1291 2729 compleffi
1316 2700 1375 2721 vo-

487 2738 550 2770 luit
575 2737 717 2769 Partium
739 2734 910 2771 omnium,
932 2732 1076 2774 quaedam
1102 2732 1265 2765 interdum
1290 2743 1377 2773 repe-

364 2793 502 2816 tuntur.
529 2788 563 2812 ut
589 2788 666 2818 puta
691 2777 937 2810 Observationis
962 2776 1032 2807 XX.
1060 2775 1089 2814 §.
1120 2784 1144 2806 1.
1168 2776 1200 2808 in
1224 2774 1374 2815 XXII.§.

359 2836 396 2861 (13
421 2828 449 2856 δι
475 2824 561 2856 XXI.
587 2824 614 2863 §.
637 2834 668 2865 4.
694 2822 727 2853 in
751 2821 857 2854 eadem
882 2825 911 2854 §-
935 2819 965 2855 83
991 2821 1020 2850 &
1044 2818 1070 2856 §.
1099 2827 1127 2859 ς.
1153 2819 1236 2851 inter
1260 2821 1376 2866 573&

365 2870 399 2908 8;
422 2871 450 2900 ἃ
475 2878 544 2907 quae
570 2867 601 2898 in
627 2863 759 2899 Scholio
784 2864 821 2897 ad
833 2864 861 2902 §.
884 2861 1174 2896 1.Observationis
1201 2861 1373 2894 XXIV.1n

366 2910 500 2944 Scholio
524 2909 560 2941 ad
583 2909 720 2949 ejusdem
748 2910 818 2951 §.4
846 2915 1060 2948 praetereaque
1084 2905 1372 2953 estqnonnunquam

363 2955 421 2988 ubi
450 2953 570 2993 aliquid
597 2965 628 2985 in
653 2962 757 2984 rerum
783 2950 894 2983 ordine
918 2947 1045 2981 fortasse
1069 2948 1242 2985 desideres3
1264 2957 1371 2981 tamen

364 3000 400 3031 i‘n
423 2997 581 3038 oppositis
604 2997 640 3028 ad
664 2995 745 3028 lianc
770 2996 950 3027 Sectionem
976 2991 1217 3025 Additamentis
1240 2992 1370 3032 gravius

364 3048 537 3085 peccatur.
564 3039 651 3071 Nan*
677 3047 891 3080 praeterquam
915 3036 1001 3078 quod
1027 3034 1108 3069 nihil
1135 3035 1171 3068 ad
1217 3034 1369 3075 vulnera,

362 3095 418 3119 aut
446 3086 525 3115 istus
550 3085 689 3114 attinens
715 3082 916 3113 Observatio
940 3079 1000 3112 huc
1028 3079 1209 3118 intruditur
1243 3079 1366 3110 XXVI.

361 3140 434 3170 qua:
459 3137 532 3159 cum
557 3124 694 3159 Scholus
717 3123 850 3165 grandes
873 3125 1004 3163 paginas
1026 3133 1164 3165 occupat
1187 3123 1313 3157 decem.
1338 3124 1368 3153 ἃ

362 3180 578 3212 praeterquam
591 3168 679 3210 quod
693 3167 933 3200 Observatione
946 3167 985 3197 X.
1001 3167 1027 3204 §.
1048 3176 1073 3200 1.
1088 3169 1118 3198 ὅ(
1133 3164 1371 3199 Observatione

361 3216 437 3248 XX.
463 3215 492 3246 ὃ(
519 3213 603 3244 XXl¹
633 3213 749 3245 eaedem
775 3211 895 3246 Paraei,
918 3211 947 3240 ἃ
990 3209 1174 3242 Bartholini
1217 3208 1373 3242 Historiae

358 3257 468 3291 rursus
495 3257 747 3295 producuntur,
770 3265 841 3295 quae
865 3251 930 3293 jam
955 3252 1043 3293 supra
1070 3254 1102 3285 in
1127 3253 1272 3285 senione
1305 3251 1371 3293 ipsa

359 3300 605 3333 Observatione
632 3299 760 3330 XXIII.
787 3301 877 3338 §.17.
905 3297 935 3327 δε
961 3301 1031 3337 §.4
1056 3298 1086 3330 &
1131 3295 1369 3328 Observatione

360 3343 490 3377 XXVI..
518 3347 544 3376 §.
562 3341 590 3373 8.
617 3341 788 3382 proposita.>
813 3339 961 3377 fuerant5
987 3339 1199 3380 praeterhaec,
1224 3341 1370 3380 inquam,

356 3389 443 3420 nulla
468 3386 604 3418 on‘znino
627 3385 751 3418 ordinis
777 3385 901 3416 ratione
924 3381 1056 3419 habita,
1080 3395 1095 3416 a
1121 3383 1261 3415 Pectoris
1286 3382 1369 3414 Vul-

354 3442 431 3463 nere
458 3430 495 3461 ad
521 3428 633 3461 Tibiae
661 3428 790 3460 Vulnus
815 3426 995 3465 transitur,
1018 3429 1049 3458 &
1095 3426 1179 3458 inter
1224 3425 1364 3458 Peetons

353 3474 502 3506 “Vulnaa
556 3481 625 3504 tum
651 3469 784 3512 Capitis
809 3471 973 3506 Vulnera,
1000 3479 1070 3502 tum
1097 3469 1230 3501 Ventris
1255 3467 1362 3508 paffim

353 3518 613 3553 interminantur
664 3515 750 3547 Mihi
777 3525 853 3546 vero
879 3525 933 3546 uec
959 3514 1072 3545 iterare
1096 3512 1295 3554 quidquam,
1330 3514 1360 3544 &

350 3564 421 3594 ordi
441 3572 500 3592 scm
527 3562 645 3590 lemme
669 3558 700 3588 in
726 3557 776 3590 his
801 3558 838 3589 ad
862 3566 892 3589 te
917 3556 1070 3595 Epistolis
1095 3555 1251 3588 statutum
1295 3554 1359 3586 est.

351 3606 466 3646 Itaque
492 3614 565 3635 cum
590 3602 627 3634 dc
658 3601 876 3637 Vulneribus,
903 3599 1090 3640 Ictibusque
1115 3599 1362 3640 Capitisnovis-

349 3647 426 3680 sime
451 3644 659 3687 scripserinn
685 3654 770 3677 nunc
795 3643 833 3676 de
857 3643 1012 3685 proximis
1048 3641 1160 3681 Colli,
1187 3642 1328 3674 Pectoris
1351 3663 1359 3678 ‚

361 2652 461 2763 Ε
478 2648 534 2682 Tfi
560 2650 594 2681 in
620 2648 767 2681 Sefflone
791 2645 850 2678 hac
876 2645 940 2678 111.
966 2649 976 2683 (
1000 2655 1018 2676 a
1040 2647 1054 2684 )
1078 2655 1139 2686 qua
1164 2655 1226 2678 una
1257 2645 1372 2685 Sepul-

406 3772 420 3800 (
437 3780 451 3795 π
470 3771 478 3799 )
497 3772 567 3798 Cent.
589 3778 608 3795 1.
626 3770 686 3795 ΟΜ.
703 3769 772 3795 cair.
790 3769 827 3792 28.

889 3764 1033 3797 (a)1.4.

1424 2647 1454 2677 &
1482 2643 1576 2678 Dorfi
1601 2654 1711 2685 agam.
1736 2644 1780 2676 Et
1803 2642 1958 2685 quoniam
1983 2644 2069 2676 circa
2080 2641 2169 2681 haec,
2196 2639 2383 2678 Valsalvae,
2405 2642 2438 2673 &

1427 2690 1457 2720 δι
1483 2686 1594 2722 nostrae
1619 2686 1876 2720 Observationes
1899 2697 1963 2719 non
1987 2687 2025 2720 eo
2038 2696 2173 2719 numero
2186 2685 2280 2720 sunt,
2304 2693 2340 2717 ut
2364 2684 2439 2717 unis

1428 2731 1565 2764 Litteris
1588 2730 1739 2773 perscribi
1764 2738 1948 2772 nequeant,-
1973 2728 2148 2771 utrasque,
2172 2738 2209 2761 ut
2241 2729 2434 2771 plerumque

1427 2774 1529 2807 facere
1552 2774 1727 2813 consuevi,
1752 2772 1802 2806 his
1826 2783 2010 2815 proponam
2026 2795 2035 2810 ,
2060 2775 2091 2805 δε
2117 2771 2262 2815 abipfius
2276 2770 2436 2804 Observa-

1427 2817 1571 2851 tionibus
1594 2817 1729 2851 initium
1753 2816 1868 2849 ducam
1883 2841 1890 2849 .

1470 2872 1498 2894 2.
1544 2860 1581 2894 M
1606 2861 1640 2893 U
1664 2861 1691 2892 L
1714 2861 1730 2893 I
1754 2861 1782 2892 E
1807 2860 1839 2893 R
1882 2859 2120 2901 quinquaginta
2142 2868 2301 2894 annorum
2324 2885 2335 2900 ,
2368 2868 2433 2891 cae-

1424 2903 1482 2938 fim
1506 2906 1539 2938 in
1563 2904 1649 2937 collo
1674 2903 1863 2942 vulnerata,
1885 2903 2050 2940 concidit,
2076 2904 2132 2936 nec
2158 2912 2290 2941 manus,
2325 2900 2432 2946 pedes-

1426 2959 1462 2982 ve
1488 2959 1615 2982 movere
1639 2946 1740 2988 potest
1764 2971 1771 2979 .
1807 2944 1876 2979 Post
1899 2947 2023 2988 aliquot
2047 2946 2112 2979 dies
2138 2957 2248 2980 manus
2276 2949 2397 2980 iterum
2425 2968 2435 2984 ,

1423 2991 1474 3025 sed
1500 3002 1563 3024 non
1590 2990 1724 3033 pristino
1748 2991 1879 3031 vigore,
1904 2999 2094 3022 moventur.
2120 2990 2203 3022 Leve
2228 2989 2354 3024 accedit
2375 2987 2432 3022 de-

1421 3036 1553 3069 lirium:
1579 3037 1609 3067 &
1631 3034 1768 3075 denique
1793 3041 1865 3065 ante
1888 3031 2060 3074 septimum
2083 3032 2169 3065 diem
2193 3043 2298 3066 mors.

1420 3080 1451 3112 C
1476 3080 1509 3112 A
1536 3080 1567 3111 D
1592 3080 1619 3111 A
1647 3078 1676 3110 V
1703 3078 1730 3111 E
1755 3077 1786 3109 R
1812 3076 1841 3107 E
1885 3076 1977 3122 ,clam
2020 3076 2149 3119 *sepulto
2185 3098 2198 3115 ,
2241 3074 2430 3111 diffefflone

1422 3122 1554 3163 quidem
1578 3121 1644 3163 ipsa
1666 3118 1854 3153 confirmari
1879 3120 2040 3160 judicium
2064 3130 2129 3152 non
2154 3121 2265 3162 potuit
2289 3120 2326 3154 de
2358 3116 2429 3152 laesa

1424 3166 1544 3207 Spinali
1568 3163 1724 3198 medulla.
1751 3163 1826 3195 Hoc
1852 3171 1957 3196 tamen
1992 3175 2030 3196 ex
2073 3171 2202 3195 artuum
2248 3160 2383 3207 paralysi
2411 3187 2422 3202 ‚

1425 3220 1463 3242 ex
1487 3208 1628 3242 vulneris
1654 3208 1746 3244 loco,
1771 3208 1801 3238 &
1824 3216 1862 3237 ex
1887 3208 1994 3248 parvis
2018 3217 2089 3248 quae
2112 3204 2151 3239 de
2183 3205 2255 3248 ipso
2300 3204 2434 3248 prodie-

1426 3261 1496 3285 rant
1518 3275 1530 3292 ,
1564 3251 1634 3284 offis
1658 3249 1847 3291 fragmentis
1872 3251 1938 3282 veri
1962 3250 2040 3284 adeo
2062 3248 2164 3282 fimile
2199 3249 2304 3284 visum
2350 3247 2392 3282 est
2412 3270 2424 3287 ,

1424 3306 1459 3329 ut
1484 3295 1759 3328 Observationem
1782 3291 1862 3326 hanc
1886 3293 2015 3335 prorsus
2037 3292 2254 3326 omittendam
2265 3303 2329 3327 non
2352 3301 2430 3326 cen-

1424 3339 1540 3372 suerim
1556 3364 1562 3370 .

1462 3393 1492 3424 3.
1525 3382 1605 3414 VIR
1629 3391 1726 3413 annos
1749 3388 1842 3413 natus
1865 3380 2000 3422 triginta
2024 3381 2192 3423 quinque,
2213 3379 2429 3414 biliosotem-

1421 3433 1629 3465 peramento,
1654 3423 1841 3456 Novembri
1866 3422 1971 3457 mense
1994 3425 2037 3457 A.
2067 3424 2159 3456 1688.
2194 3423 2233 3457 ad
2277 3420 2417 3455 medium

1414 3468 1507 3501 sterni
1534 3471 1618 3500 inter
1644 3466 1810 3508 quinetam
1835 3467 1976 3506 costam,
1999 3469 2029 3500 &
2055 3467 2174 3500 sextam
2207 3467 2313 3501 cultro
2347 3462 2419 3496 sau-

1415 3514 1529 3550 ciatus,
1541 3512 1632 3544 illico
1645 3511 1772 3551 ingenti
1790 3511 1908 3544 virium
1923 3510 2138 3552 prostratione
2151 3511 2327 3551 corripitur
2340 3530 2352 3546 ,
2365 3515 2401 3538 ut
2416 3529 2427 3544 ‚

1412 3566 1485 3587 cum
1500 3554 1604 3596 pulsus
1630 3554 1684 3584 vix
1710 3556 1970 3595 perciperentur,
1998 3553 2121 3586 Medici
2147 3554 2239 3586 brevi
2262 3551 2415 3583 interitu-

1414 3609 1484 3630 rum
1501 3606 1649 3639 putarent
1665 3597 1807 3630 .Tribus
1821 3606 1927 3629 tamen
1940 3598 2056 3629 exaesis
2071 3597 2159 3629 horis
2172 3619 2180 3634 ,
2198 3594 2307 3629 senfim
2323 3593 2424 3627 redire

1415 3642 1578 3683 incipiunt
1591 3641 1672 3672 vires
1685 3654 1692 3673 .·
1705 3643 1813 3682 itaque
1827 3643 1859 3672 in
1874 3642 1902 3672 S.
1917 3641 2030 3672 Mariae
2044 3641 2082 3674 de
2097 3641 2176 3673 Vita
2187 3638 2428 3711 Nosogorsnium

2307 3692 2386 3711 effis-
