2498 4075
577 181 728 248 Epist.
766 185 929 235 Anat.
965 178 1178 233 Medica
1213 176 1359 229 XIV.
1393 176 1511 228 Art.
1548 175 1625 244 38.

74 262 190 295 vicinia
215 260 301 303 quasi
314 260 573 295 subinflammatae
597 259 810 302 apparebant:
832 268 960 300 eratque
975 256 1085 299 sputo-

76 316 146 339 rum
170 305 261 345 copia
276 327 289 344 ,
311 315 447 346 quorum
460 305 551 347 sapor
574 301 733 336 manifeste
743 301 851 336 acidus
861 302 898 335 ab
909 312 993 344 aegro
1017 311 1084 342 per-

80 346 278 396 cipiebatur.-
301 358 473 390 eorumque
496 347 646 385 eductio,
671 357 725 387 per
748 345 948 385 saccharum,
972 353 1007 379 ut
1028 354 1084 376 vo-

78 398 169 426 cant,
195 388 304 422 hordei
330 389 459 423 facilior
484 390 627 425 reddita,
650 387 778 422 affe-etus
810 389 1014 434 invasionem*
1035 398 1081 418 ar-

78 444 145 467 cere
170 443 396 475 nonnunquam
419 434 605 467 videbatur.
633 433 709 465 Erat
731 434 796 466 veri
820 433 958 465 maxime
993 431 1080 464 sirni-

76 479 126 515 le,
152 476 367 510 membranam
390 488 452 519 qua
474 477 615 518 laryngis
639 485 710 516 pars
736 476 877 515 summa,
901 478 932 509 δε
967 477 1079 517 proxi-

75 532 134 554 mae
158 517 215 560 ipsi
239 529 477 562 conteguntur,
501 530 539 553 eo
563 517 766 560 exquisitiore
791 518 877 552 sensu
910 518 1078 560 praeditam

74 561 163 606 quod
189 561 334 604 plilogosi
358 561 494 605 quadam
519 561 734 599 afficiebatur,
758 562 814 596 ubi
847 563 949 594 acrius
982 562 1080 603 paulo

74 607 255 640 irritaretur
277 606 317 638 ab
340 605 439 639 acidis
461 606 630 649 particulis
654 615 707 637 aut
731 606 822 642 vini,
846 614 897 637 aut
933 604 1079 638 humoris

73 651 117 683 ob
139 647 389 689 oscitationem,
413 649 702 688 sternutationem,
726 648 850 685 tuffim‚
889 651 920 680 ὃς
951 648 1080 689 copiam

73 692 246 735 aliquando
269 692 393 734 ipsam,
417 693 544 726 uberius
568 704 583 725 e
605 690 765 733 glandulis
787 689 1021 732 circumcisis,
1046 692 1079 723 in

73 737 191 780 quibus
216 746 306 768 mora
330 736 435 777 magis
455 733 592 769 vitiasset
611 758 623 775 ‚
658 734 787 776 expressi
808 757 819 774 ,
849 734 1047 767 conti-aetam
1071 758 1080 773 ,

72 779 306 822 crispatamque
331 781 366 812 in
388 779 570 813 consensum
595 776 715 810 trahere
739 788 875 817 nervos,
900 779 932 810 δε
957 775 1080 810 muscu-

74 825 147 863 los,
171 831 206 856 ut
239 823 403 865 laryngem
434 834 526 864 aequo
562 822 679 855 ειῑᾶἰυς
710 819 956 862 constringerent
989 829 1080 852 tanto

74 864 203 901 facilius
227 865 315 908 quod
339 877 355 898 a
378 875 489 900 natura
513 864 581 907 ipsa
604 873 691 898 erant
706 888 719 904 ,
742 874 778 899 ut
803 863 981 896 indicatum
1013 862 1079 902 est,

72 909 222 944 nonnihil
247 908 312 951 jam
336 909 374 942 ad
397 908 431 941 id
456 909 574 951 proni,
597 911 629 941 ὃ(
656 905 1079 952 abaffed'cioneliypochon-

72 954 203 990 ciriaca,
225 963 324 994 quam
341 951 500 994 sanguinis
526 952 632 990 fluxus
661 962 715 993 per
750 948 1003 985 haemorrhoides
1028 951 1075 990 ¹si-

71 994 276 1037 gnificaverat
288 1018 302 1036 ,
323 993 450 1028 fortasse
473 996 657 1038 proniores.
685 993 784 1032 Quod
806 994 988 1035 cogitatum
999 1003 1076 1041 con-

72 1037 213 1075 firmavit
238 1047 386 1072 eventus.
414 1039 505 1071 Nam
528 1039 639 1073 blande
662 1038 798 1080 expiatis
831 1038 943 1078 primis
978 1037 1039 1069 viis
1064 1060 1073 1073 ‚

70 1088 104 1118 ἃ*
129 1083 277 1124 sanguine
302 1093 389 1123 parce
422 1094 437 1114 e
460 1082 571 1117 cubito
603 1082 743 1123 primum
767 1104 780 1121 ,
814 1080 926 1113 deinde
956 1090 972 1111 e
1006 1078 1074 1112 sede

70 1138 225 1170 quoque,
244 1124 327 1159 uncle
350 1137 366 1157 a
391 1135 501 1159 natura
524 1126 626 1165 olim,
650 1133 684 1158 ut
707 1123 803 1164 dixi,
834 1123 1037 1156 consueverat
1060 1146 1074 1162 ,

70 1171 209 1210 edufto,
230 1168 321 1203 fimul
345 1178 450 1202 autem
472 1180 541 1210 quae
565 1169 757 1206 mulcerent,
780 1167 948 1206 laxarent,
971 1165 1073 1199 dilue-

71 1221 163 1254 rent,
190 1212 378 1256 acidumque
402 1211 545 1255 saporem
575 1212 770 1252 corrigerent
793 1233 806 1249 ,
836 1209 926 1243 datis.
947 1233 960 1249 ,
993 1221 1068 1255 cum

72 1260 195 1301 aliquot
218 1254 283 1299 jam
314 1256 423 1289 noetes
457 1254 518 1288 sine
553 1256 699 1298 aphoniae
732 1252 851 1287 insultu
889 1253 992 1287 duciae
1026 1255 1071 1285 es-

71 1303 160 1341 sent,
186 1299 325 1333 interdiu
366 1309 469 1333 autem
503 1299 609 1332 multo
646 1297 714 1332 haec
748 1298 849 1330 rarius
878 1298 1036 1343 ingrueret
1058 1320 1071 1336 ,

71 1346 157 1379 brevi
179 1343 292 1376 itinere
314 1341 539 1378 commendato
553 1369 562 1383 ‚
586 1341 678 1385 sputa
702 1342 807 1374 miuus
824 1341 983 1383 copiola,
1007 1340 1071 1371 mi-

71 1387 191 1431 nusque
215 1384 305 1422 acida
328 1384 410 1420 sanita
436 1385 505 1419 sunt
523 1409 534 1425 ,
555 1386 728 1427 vinumque
753 1395 831 1426 aqua
854 1383 995 1416 dilutum
1008 1381 1072 1431 fer-

72 1434 102 1465 ri
128 1432 237 1473 potuit
261 1453 271 1470 ,
296 1432 328 1463 δε
347 1453 359 1469 ,
392 1440 429 1462 ne
460 1430 571 1463 multis
590 1452 602 1469 ,
636 1430 721 1462 intra
752 1426 839 1461 diem
873 1427 1071 1470 quadragesi-

69 1486 182 1511 mum,
206 1484 248 1516 an
267 1471 565 1515 quinquagesimum
585 1484 624 1505 ex
646 1484 712 1516 quo
735 1472 913 1513 inceperat,
939 1481 992 1502 nec
1005 1481 1071 1502 me-

68 1530 124 1552 tus
146 1516 327 1560 gravioris,
349 1516 541 1558 longioris‘ve
573 1516 648 1550 mali
665 1538 672 1551 ‚
697 1523 750 1548 aut
785 1514 922 1550 redituri
959 1513 1067 1546 saltem

68 1573 178 1605 expers
194 1584 201 1596 ‚
226 1558 350 1593 a'ffeetio
372 1559 495 1602 prorsus
518 1560 601 1592 vieta
619 1581 629 1597 ‚
655 1562 687 1591 ὃς
711 1558 830 1594 sublata
863 1557 904 1591 est
927 1580 935 1588 .

68 1607 146 1639 Huc
172 1605 273 1648 placet
297 1602 428 1642 addere,
452 1605 484 1635 &
507 1601 597 1638 simul
632 1611 735 1635 tamen
766 1602 801 1634 in
830 1599 939 1634 medio
972 1601 1067 1634 relin-
1085 1620 1095 1625 -=

66 1660 163 1691 quere
186 1646 273 1691 quod
297 1657 378 1688 :eger
400 1645 505 1684 idem,
528 1647 579 1678 vir
602 1655 686 1678 certe
708 1646 811 1689 gravis
825 1668 832 1682 ‚
858 1643 1067 1685 asseverabat,

67 1694 182 1727 Romae
206 1691 285 1723 olim
310 1701 325 1722 a
350 1689 377 1722 se
402 1689 502 1722 visum
527 1690 560 1723 in
585 1690 670 1723 Viro
696 1691 863 1731 Principe,
889 1690 946 1731 qui
981 1688 1068 1722 fimi·

67 1737 97 1769 li
117 1733 230 1781 affeetu
254 1733 511 1776 corripiebatur:
533 1733 622 1768 hunc
645 1734 794 1768 videlicet
831 1733 909 1767 tolli
938 1733 1071 1768 consue-

66 1778 165 1817 visse,
189 1778 211 1809 si
234 1778 307 1820 quis
331 1778 363 1809 in
389 1789 493 1812 aurem
518 1778 705 1821 inspiraret.
741 1780 862 1813 Verum
885 1777 961 1810 satis
984 1777 1069 1811 diffi-

66 1822 154 1855 milis
178 1819 278 1854 fuerit
302 1819 452 1863 affeffio,
474 1829 628 1862 oportet;
653 1833 755 1866 neque
776 1822 862 1856 enim
895 1820 1002 1854 noster
1032 1821 1070 1855 ad

65 1866 113 1899 sui
147 1865 345 1898 curationem
378 1876 434 1899 nos
468 1864 643 1900 advocaffet
665 1890 677 1906 ,
710 1866 732 1900 si
756 1879 771 1899 a
805 1876 870 1899 tam
903 1864 991 1899 facili
1024 1878 1071 1899 re-

65 1908 175 1942 medio
198 1908 326 1941 eandem
351 1907 408 1941 fibi
432 1920 526 1952 opem
551 1908 650 1948 ferri,
677 1909 829 1944 sensisset.

105 1952 162 1994 38.
188 1954 239 1986 De
264 1952 413 1986 Balbutie
435 1964 560 1996 quoque
594 1953 635 1987 est
667 1953 790 1998 aliquid
824 1953 1038 1997 adjiciendum
1061 1979 1068 1987 .

63 1996 216 2037 Namque
240 1995 475 2029 Observatione
498 1998 586 2030 XXI.
614 2002 668 2038 (y
691 2001 705 2037 )
738 1996 903 2032 inducitur
939 1999 1070 2031 &inesto-

64 2041 131 2073 rius
157 2038 282 2079 noster,
305 2039 372 2072 haec
396 2039 537 2073 docens:
563 2039 616 2084 effi?
639 2041 672 2073 in
707 2041 806 2075 media
835 2041 939 2084 palati
971 2042 1071 2083 regio-

63 2094 121 2119 ne,
146 2080 218 2121 idest
240 2082 272 2114 in
295 2091 407 2125 quarto
430 2082 486 2127 offe
513 2082 687 2125 superioris
719 2085 857 2118 maxilla:
880 2108 892 2124 ,
925 2085 957 2117 in
995 2083 1065 2117 illis

64 2123 207 2159 omnibns
230 2135 304 2166 quos
329 2125 367 2158 ad
390 2126 423 2160 id
447 2136 572 2169 tempus
595 2125 718 2170 ,vidisset
739 2129 793 2170 qui·
815 2129 942 2161 literam
967 2131 994 2168 R
1016 2137 1069 2161 ex-

61 2169 201 2211 primere
224 2178 282 2200 non
302 2167 420 2212 poffent
439 2193 449 2208 ‚
485 2170 545 2202 duo
572 2169 734 2210 foramina
767 2182 832 2212 qnae
864 2169 950 2203 nullo
983 2171 1071 2202 modo

65 2219 174 2253 aperta
197 2211 238 2244 ἔν
261 2209 355 2244 obvia
379 2212 585 2245 inveniuntur
607 2213 639 2244 in
664 2213 707 2244 iis
732 2214 786 2254 qui
810 2212 865 2245 illo
888 2211 1000 2255 affecisti
1024 2220 1072 2245 te-

64 2262 201 2288 nentur:
224 2256 305 2294 Ergo
327 2254 451 2296 causam
473 2254 688 2288 immediatam
710 2277 723 2294 ,
748 2266 810 2297 quae
830 2253 930 2297 pofit'a
946 2257 1040 2296 ponit
1063 2276 1073 2292 ‚

61 2295 138 2340 fore
160 2296 234 2329 illos
259 2297 334 2328 duos
356 2305 477 2330 meatus
500 2305 643 2338 apertos.
670 2299 742 2331 Irno
765 2309 827 2331 non
840 2306 964 2340 apertos
990 2298 1075 2332 dicet

25 2363 28 2365 -
66 2340 184 2383 aliquis
209 2350 273 2371 non
298 2340 472 2372 oscitanter
496 2339 563 2373 liaec
587 2341 713 2382 legens,
740 2343 772 2373 ὃ(
806 2341 963 2385 prefixum
997 2343 1070 2374 Ob-

66 2382 238 2418 servationi
263 2392 484 2423 argumentum
510 2383 672 2416 attendens
696 2395 704 2415 .-
730 2383 908 2416 Balbutiem
930 2386 1070 2424 pendere

66 2426 233 2468 aliquanao
256 2437 274 2457 a
297 2424 417 2467 dcfcffiu
431 2424 626 2467 foraminum
660 2427 767 2468 quarti
802 2426 866 2468 offis
894 2426 1067 2468 ssiperioris

66 2468 221 2504 maxillae.
248 2470 368 2501 'Verum
392 2467 415 2501 fi
438 2470 638 2503 Sanctorium
661 2469 764 2519 ipsum
798 2469 946 2512 inspiciat
970 2483 979 2506 ς
1015 2470 1070 2503 his

65 2512 228 2545 contraria
252 2510 420 2554 scripsisse,
444 2513 584 2544 inveniet
599 2536 606 2543 .
634 2514 669 2545 Se
694 2514 779 2545 euim
804 2514 842 2545 in-
871 2513 982 2547 tranlis
1016 2515 1065 2545 vi-

65 2554 167 2595 disse,
189 2555 234 2587 ait
251 2576 260 2592 ,
285 2554 349 2588 duo
374 2555 429 2588 illa
454 2554 632 2593 foramina,
664 2567 727 2598 qttae
760 2555 845 2591 millo
877 2557 964 2591 modo
996 2557 1070 2589 adeo

67 2606 175 2641 aperta
198 2599 239 2632 ej*
263 2598 353 2631 obi-‘ia
376 2599 580 2632 inveniuntur
603 2624 612 2638 ‚
635 2599 667 2632 in
691 2599 757 2639 iis,
780 2598 835 2641 qai
866 2599 921 2633 illo
956 2597 1067 2643 affeefiu

67 2649 207 2681 carent,·
253 2652 322 2683 ergo
368 2641 457 2684 causa
489 2642 670 2675 immediata
695 2665 707 2682 ,
738 2653 801 2684 quae
829 2642 929 2685 posita
950 2645 1063 2685 ponit,

67 2692 160 2719 erant
192 2708 205 2724 ,
238 2685 347 2727 inquit
378 2709 391 2725 ,
424 2686 482 2718 duo
513 2685 564 2718 illi
596 2693 717 2719 meatus
755 2685 830 2727 plus
865 2685 949 2729 justo
981 2695 1070 2727 aper-

69 2729 99 2762 ti
119 2750 128 2759 .
154 2727 237 2760 Vide
260 2751 271 2767 ,
294 2729 421 2770 quaeso,
447 2740 508 2770 qua
532 2728 692 2762 interdum
730 2729 854 2762 incuria
886 2729 1069 2762 Auel-orum

69 2774 164 2804 verba
187 2770 424 2806 describantur}
446 2773 514 2804 Hic
550 2782 653 2805 tamen
686 2773 714 2805 is
748 2771 948 2814 Sepulchreti
980 2772 1069 2805 locus

67 2814 130 2853 est,
154 2825 248 2856 quern
276 2813 444 2855 spe&antes
467 2817 541 2850 Viri
567 2814 812 2849 Praessantiffimi
846 2814 1035 2858 scripserunt
1062 2838 1070 2851 ‚

70 2859 364 2898 SANCTORIUM
409 2858 581 2893 balbutiem
625 2856 761 2899 defebiui
801 2858 910 2891 dubius
947 2858 1070 2900 incisivi

69 2900 211 2943 tribtciffe
233 2902 314 2942 apud
335 2904 547 2943 BO'NETUM
572 2901 731 2943 Sepulchr.
765 2905 790 2933 Ι.
824 2912 856 2944 p.
889 2913 966 2945 473.
1001 2902 1070 2935 Qui

69 2942 91 2976 si
117 2942 201 2976 forte
226 2943 382 2976 Sanetorii
407 2954 502 2987 caput
518 2969 530 2986 ,
552 2945 640 2987 quod
662 2944 782 2978 ibidem
805 2946 925 2978 citatur
951 2946 1010 2988 (z
1030 2948 1067 2984 ),

68 2986 220 3028 inspicere
245 2985 455 3027 maluissent3
490 2990 599 3031 procul
624 2988 724 3022 dubio
760 2999 859 3030 neque
894 2988 928 3021 id
963 2988 1067 3021 credi-

69 3029 204 3070 dissent,
229 3040 328 3072 neque
351 3030 482 3065 <suffitum
504 3031 670 3066 incisivum
705 3030 927 3065 intellexissent
950 3058 958 3065 .
990 3033 1068 3064 San-

70 3075 193 3107 ‹stoi-iu<
216 3074 302 3105 enim
325 3073 418 3115 paulo
439 3075 574 3109 inferius
598 3075 665 3109 haec
699 3075 787 3108 addit
811 3087 818 3108 .·
847 3075 943 3117 ficuti
983 3075 1064 3108 dixi-

69 3127 141 3151 mus
163 3119 194 3149 ia
219 3117 318 3150 media
342 3118 461 3159 regione
481 3119 583 3160 palati
605 3118 760 3162 observari
782 3119 858 3151 duos
881 3126 1002 3151 meatus
1014 3119 1068 3160 qui
1081 3134 1085 3139 ¹

63 3159 190 3205 faciunt
213 3159 334 3192 traalos
346 3182 357 3199 ,
375 3159 523 3202 similiter
544 3162 741 3205 observamus
760 3162 856 3204 juxta
878 3163 982 3195 dentes
1013 3159 1068 3204 fo-

71 3204 193 3237 ramina
216 3203 380 3242 (omnibus
404 3204 445 3236 iis
467 3212 568 3239 tamen
591 3205 631 3238 ab
654 3213 724 3239 ortu
747 3212 863 3238 naturae
886 3205 1068 3247 congenita)

72 3247 212 3289 majora,
232 3256 287 3287 per
310 3256 374 3288 quae
393 3247 516 3288 pituita
533 3248 659 3286 stillans
673 3272 681 3286 ‚
705 3248 757 3282 vel
780 3250 915 3291 irrigans
930 3247 1069 3291 linguam

71 3291 106 3324 in
126 3298 217 3332 parte
240 3289 297 3322 illa
320 3289 493 3329 anteriori,
516 3290 636 3333 blaesum
659 3291 843 3325 locutionem
859 3290 946 3335 facit
968 3314 981 3331 ,
998 3302 1070 3325 >un-

73 3334 108 3367 de
131 3332 235 3369 balbi,
259 3334 300 3366 (ΞΝ
315 3331 515 3374 semilingnes
532 3333 636 3375 sunt3
660 3344 696 3368 ut
720 3334 920 3369 manifestum
944 3332 981 3367 sit
1006 3360 1015 3374 ‚
1050 3346 1067 3367 a

75 3377 175 3418 magis
200 3385 325 3417 patente
348 3376 408 3408 illo
433 3386 514 3417 pone
536 3376 642 3411 dentes
665 3379 821 3412 Incisores
846 3387 950 3412 meatu
972 3401 984 3418 ,
1005 3389 1069 3411 non

73 3420 268 3456 traulorum,
293 3420 331 3452 de
355 3419 470 3463 quibus
494 3419 527 3452 in
553 3420 609 3454 hac
631 3422 862 3455 Observatione
886 3422 986 3455 sermo
1009 3422 1069 3460 est,

74 3462 124 3497 secl
149 3463 315 3496 blaesorum
339 3463 458 3497 vitium
481 3461 640 3498 deduxisse
663 3476 670 3498 ε
707 3477 777 3509 quae
810 3465 875 3499 duo
908 3463 1069 3499 balbutiet

160 3508 324 3550 Morgagni
335 3507 369 3540 de
382 3507 449 3540 Sed.
464 3508 505 3540 Θ
515 3506 600 3549 Caus.
613 3507 714 3542 Morb.
728 3510 826 3542 Tom.
841 3510 867 3543 I.

1976 189 2062 226 121

1133 264 1243 297 genera
1265 260 1421 294 quantum
1443 250 1590 286 differant
1614 251 1696 281 inter
1719 247 1748 281 se
1769 271 1778 287 ,
1817 246 1938 283 erudita
1974 246 2135 280 ostendent

1135 295 1263 329 Scholia
1299 294 1336 327 ad
1369 297 1550 337 proximam
1583 292 1849 325 Observationem
1878 290 2000 323 XXIV.

1134 341 1201 372 Hic
1225 348 1368 380 quaeres,
1390 349 1446 371 cur
1471 338 1538 371 haec
1562 337 1659 369 altera
1693 336 1850 368 Sapotorii
1885 333 2065 367 observatio
2096 332 2130 364 in

1133 380 1340 425 Sepulchreto
1363 380 1473 414 omissa
1496 378 1559 420 fit,
1583 390 1656 412 cum
1690 378 1779 418 prior
1798 402 1811 418 ,
1843 377 1988 420 quamvis
2021 386 2133 417 perpe-

1133 437 1220 462 ram,
1244 428 1465 466 proponatur?
1490 426 1568 456 item
1590 433 1659 465 quae
1682 419 1742 452 sint
1766 421 1867 464 igitur
1890 421 1924 452 in
1947 418 2057 452 eodem
2080 417 2132 451 os-

1133 468 1160 501 se
1184 477 1324 510 quarto,
1347 467 1380 499 in
1404 467 1569 509 mediaque
1592 465 1691 507 palati
1724 466 1854 506 regione
1886 463 1946 496 alia
1978 461 2033 494 illa
2064 460 2130 494 duo

1131 511 1314 550 foramina,
1336 521 1406 552 quae
1431 512 1531 553 tnagis
1565 511 1597 542 in
1630 507 1742 541 traulis
1776 515 1903 549 pateant
1925 527 1934 542 ,
1966 515 2061 546 quarn
2098 506 2133 536 in

1130 552 1278 587 caeteris?
1302 553 1429 586 tandem
1452 561 1609 596 quantum
1641 550 1679 584 sit
1711 549 1761 583 his
1797 550 1958 583 Sanesorii
1990 547 2132 580 observa-

1131 597 1275 632 tionibus
1299 595 1526 630 tribuendum?
1549 598 1623 638 Ego
1647 605 1721 626 vero
1744 593 1786 626 ob
1809 591 1937 626 eandem
1973 591 2132 624 incuriam

1130 652 1200 683 quae
1224 642 1361 683 primam
1385 639 1461 673 adeo
1496 639 1646 682 pervertit
1671 661 1681 677 ,
1713 636 1967 671 observationem
2002 634 2134 666 alteram

1130 682 1186 716 esse
1211 683 1474 726 praetermissam,
1497 693 1560 714 non
1584 680 1717 715 dubito.
1852 679 2019 712 Foramina
2032 686 2136 710 autem

1132 729 1165 758 in
1192 727 1291 760 media
1316 727 1371 759 illa
1394 727 1490 768 palati
1515 726 1643 767 regione
1666 725 1698 756 in
1724 732 1774 769 tot
1798 735 1867 766 qua:
1892 721 2038 764 inspexi,
2062 731 2138 762 pur.

1133 771 1240 812 gatis,
1264 769 1419 812 aridisque
1443 769 1602 811 capitibus
1636 767 1745 799 vidisse
1779 777 1843 799 non
1876 765 2007 798 memini
2031 787 2044 803 ,
2078 774 2133 795 nec

1134 815 1167 845 in
1191 814 1260 847 ullo
1283 825 1392 846 eorum
1415 815 1509 846 video
1529 835 1541 851 ,
1573 823 1643 854 quae
1679 810 1779 843 multa
1815 820 1897 842 nunc
1931 809 2032 841 etiam
2064 806 2133 839 haec

1134 856 1271 889 scribens
1296 880 1304 894 ,
1346 868 1408 899 prae
1433 856 1534 891 oculis
1561 853 1663 887 haheo
1686 866 1695 892 ς
1721 864 1774 885 nec
1810 861 1915 884 tamen
1946 850 2135 899 fficssecre-

1132 899 1291 939 diderim,
1314 900 1347 932 in
1373 909 1465 932 tanto
1489 909 1621 932 numero
1645 908 1693 929 me
1717 906 1879 939 nunquam
1903 897 1936 928 in
1962 894 2060 928 trauli
2084 903 2137 926 ca-

1131 953 1189 984 put
1213 941 1358 976 incidisse
1374 965 1383 980 ,
1409 944 1442 975 in
1467 952 1532 985 quo
1559 940 1734 978 videlicet,
1757 940 1878 982 quippe
1902 939 2004 980 magis
2017 937 2110 970 obvia
2126 961 2138 977 ,

1130 996 1223 1029 atque
1247 995 1349 1028 aperta
1367 1009 1379 1026 ,
1402 997 1437 1018 ea
1462 985 1624 1018 foramina
1649 983 1865 1025 conspicerem
1889 993 1960 1024 quae
1985 984 2019 1014 in
2042 988 2136 1029 caete-

1130 1030 1172 1062 ris
1197 1028 1290 1063 essent
1316 1028 1502 1071 perobscura
1527 1052 1536 1061 .
1673 1027 1865 1068 Quanquam
1900 1036 2005 1059 autem
2036 1023 2138 1066 suspi-

1129 1073 1193 1105 cari
1218 1073 1355 1114 proclive
1378 1071 1415 1104 fit
1431 1083 1533 1113 ‚quae
1559 1068 1643 1102 forte
1680 1070 1713 1101 in
1746 1069 1868 1111 aliquot
1903 1067 2137 1102 animadverte-

1130 1126 1177 1149 rat
1193 1140 1202 1155 ‚
1225 1128 1257 1148 ea
1282 1116 1484 1148 saliam-ium
1511 1113 1547 1146 ad
1573 1111 1696 1145 traulos
1720 1122 1829 1145 omnes
1841 1110 2055 1150 transtulisse,
2078 1120 2136 1142 nec

1127 1159 1249 1198 desint,
1274 1159 1320 1192 vel
1347 1157 1418 1199 ipso
1443 1157 1604 1199 perlcfto,
1629 1156 1700 1188 imo
1722 1166 1760 1187 ex
1784 1155 1825 1187 iis
1848 1152 1924 1197 ipsis
1957 1166 2026 1197 quae
2061 1152 2138 1186 scri-

1125 1203 1177 1235 bit
1192 1226 1202 1242 ,
1224 1203 1303 1236 oriri
1328 1201 1496 1234 videantur
1521 1199 1752 1238 difficultates,
1776 1196 1928 1232 assensum
1951 1205 2140 1235 moi·antes;

1126 1245 1247 1279 fatetur
1272 1247 1357 1278 enirn
1375 1269 1387 1285 ,
1411 1244 1457 1277 vel
1483 1243 1599 1287 quibus
1623 1253 1660 1275 os
1685 1254 1700 1276 a
1726 1250 1837 1275 natura
1862 1241 1980 1283 semper
2014 1241 2136 1284 pituita

1126 1289 1299 1326 redundet,
1326 1300 1388 1322 non
1425 1296 1589 1330 propterea
1620 1286 1742 1320 traulos
1765 1309 1777 1326 ‚
1812 1294 1866 1318 aut
1899 1284 2010 1318 blaesos
2044 1281 2138 1322 esses

1127 1342 1233 1366 tamen
1258 1333 1301 1366 ob
1326 1332 1498 1374 spectatam
1521 1331 1555 1363 in
1579 1328 1651 1362 aliis
1666 1330 1740 1363 Viri
1767 1328 2138 1372 praestantiam,aequius

1127 1377 1211 1417 erit,
1235 1386 1270 1410 ut
1294 1377 1436 1419 opinor,
1460 1385 1523 1407 non
1549 1382 1620 1407 ante
1646 1372 1767 1417 aliquid
1794 1374 2005 1414 pronunciare
2040 1382 2137 1414 quam

1126 1423 1160 1453 in
1183 1420 1296 1454 traulis
1321 1418 1487 1461 pluribus,
1512 1419 1545 1453 <Sc
1568 1415 1670 1450 blaesis
1694 1427 1740 1450 res
1779 1415 1953 1459 diligenter
1984 1415 2084 1464 fuerit
2120 1426 2137 1447 a

1125 1465 1235 1505 peritis
1258 1463 1467 1498 Anatomicis
1492 1460 1529 1495 ad
1555 1471 1685 1494 examen
1709 1469 1878 1496 revocata,
2015 1460 2067 1492 Sic
2078 1458 2137 1491 Cl.

1123 1508 1237 1541 Delius
1260 1510 1273 1546 (
1295 1519 1313 1540 a
1337 1511 1350 1549 )
1374 1518 1446 1540 cum
1470 1507 1502 1537 iu
1530 1504 1638 1538 traulo
1662 1502 1804 1546 quodam
1817 1502 1981 1546 duplicem
2005 1501 2137 1548 uvulanji

1122 1548 1420 1589 animadvertissem
1443 1548 1618 1593 prudenter
1642 1548 1773 1594 monuit
1793 1570 1802 1584 ,
1828 1545 2061 1591 inquirendum
2090 1547 2138 1579 es-

1121 1594 1173 1634 se,
1197 1606 1233 1628 an
1258 1594 1354 1634 trauli
1380 1593 1435 1631 alii
1459 1593 1585 1629 uvulae,
1608 1590 1660 1623 vel
1686 1590 1892 1624 tonsillarum
1918 1590 2041 1632 vitium
2078 1587 2138 1622 ha-

1119 1637 1231 1671 beant.
1259 1636 1360 1682 Qod
1383 1635 1405 1670 si
1430 1635 1511 1676 fiat;
1533 1646 1596 1669 non
1618 1633 1836 1680 improbabili
1869 1634 1994 1667 ratione
2031 1631 2156 1675 addu-v

1121 1683 1189 1715 &us
1217 1706 1223 1718 ,
1269 1679 1412 1722 conjicio
1438 1706 1446 1721 ‚
1492 1689 1651 1723 repertum
1677 1678 1751 1721 iri,
1777 1690 1813 1714 ne
1837 1678 1871 1712 in
1894 1677 1956 1711 illo
1999 1676 2138 1722 quidem

1121 1725 1210 1771 quod
1234 1725 1357 1764 emulus
1381 1724 1478 1769 esset,
1498 1725 1535 1763 id
1558 1725 1685 1771 duplici
1711 1724 1815 1761 uvulae
1849 1721 1989 1761 adscribi
2021 1719 2106 1768 posse
2126 1746 2139 1760 ι

1118 1774 1207 1807 Cum
1231 1774 1315 1806 enim
1341 1774 1431 1816 plura
1455 1773 1548 1824 hujus
1574 1771 1780 1815 duplicitatis
1804 1770 1946 1814 prostent
1963 1769 2136 1812 exem-pla,

1123 1817 1199 1850 alibi
1223 1821 1236 1857 (
1259 1815 1279 1850 b
1300 1822 1336 1858 ),
1360 1825 1397 1851 ut
1421 1817 1529 1857 host-1,
1554 1827 1571 1849 a
1599 1826 1649 1850 me
1672 1813 1817 1850 indicata
1839 1826 1854 1854 3·
1884 1825 1943 1848 nec
1980 1812 2103 1848 Zerbus
2123 1835 2138 1851 5

1122 1872 1177 1894 nec
1200 1863 1224 1894 ii
1249 1872 1329 1903 quos
1354 1859 1462 1895 laudat
1487 1861 1693 1902 Slevogtius,
1719 1869 1774 1892 nec
1795 1856 1862 1901 ipse
1888 1859 1922 1892 in
1955 1869 1993 1891 eo
2026 1857 2149 1891 saltem>

1121 1917 1215 1947 quem
1253 1905 1408 1938 Bononiae
1442 1903 1572 1937 dissecui
1596 1927 1608 1944 ,
1644 1902 1823 1946 quidquam
1869 1901 2050 1937 audivimus
2097 1900 2140 1946 de

1122 1947 1304 1982 istiusmodi
1329 1947 1464 1991 loquelae
1488 1949 1594 1987 vitio,
1616 1957 1689 1980 curn
1715 1945 1779 1980 fere
1801 1956 1910 1980 omnes
1933 1957 2081 1993 quaenam
2094 1947 2144 1978 esar

1123 1992 1190 2026 sent
1214 1990 1423 2025 incommoda·
1452 2002 1526 2024 cum
1558 1991 1661 2024 uvulae
1696 1989 1891 2033 duplicitate
1923 1990 2096 2031 conluneta
2121 2011 2142 2028 ,-

1122 2036 1294 2078 diligenter
1318 2045 1548 2077 quaereremus:
1573 2046 1628 2067 nec
1651 2042 1735 2067 certe
1758 2034 1815 2067 illa
1842 2034 1940 2067 Zerbi‘
1956 2034 2109 2067 Lucretia
2125 2057 2136 2072 ,

1121 2079 1143 2112 fi
1170 2078 1284 2111 vitiose
1308 2078 1416 2112 locuta
1441 2076 1537 2118 esset,
1561 2087 1616 2112 aut
1638 2077 1787 2112 cantandi
1813 2079 1874 2110 arti
1908 2077 1943 2111 se
1970 2074 2103 2110 dedisset
2125 2098 2137 2113 s

1122 2133 1175 2155 aut
1198 2120 1381 2161 cantando,
1400 2120 1577 2163 plurimum
1589 2145 1601 2162 ,
1623 2121 1710 2163 quod
1734 2120 1800 2164 ipse
1823 2120 1978 2159 testatur,
2003 2119 2138 2154 desesia-

1122 2164 1215 2209 viffet
1237 2190 1244 2196 .
1378 2167 1409 2197 A
1444 2165 1595 2206 gravibus
1627 2172 1732 2198 autern
1771 2164 1906 2208 hyoidis
1941 2163 2010 2198 offis
2045 2164 2139 2197 vitiis

1123 2209 1297 2242 balbutiem
1321 2208 1496 2251 aliquando
1518 2206 1574 2242 esse
1601 2232 1614 2249 ,
1645 2207 1803 2242 credibile
1836 2207 1910 2242 est:
1944 2210 1977 2240 &
2011 2206 2083 2241 sane
2118 2219 2138 2240 a

1128 2262 1221 2294 prava
1245 2250 1312 2294 ejus
1338 2250 1438 2293 figura
1461 2250 1591 2291 blaesos,
1614 2249 1746 2291 balbos,
1770 2253 1810 2284 ἴθ’
1833 2259 1937 2285 mutos
1955 2249 2051 2292 fieri,
2075 2250 2136 2284 do-

1126 2293 1226 2328 cuisse
1247 2294 1398 2335 intelligo
1421 2294 1681 2327 Eruditiffimum
1709 2293 1879 2328 Halmium
1911 2297 1924 2334 (
1947 2305 1963 2326 c
1983 2297 2002 2333 )
2018 2318 2025 2325 .
2061 2294 2137 2327 Nec

1127 2337 1277 2375 videntur
1301 2336 1391 2380 posse
1413 2337 1629 2371 musculorum
1653 2360 1663 2375 ‚
1696 2339 1753 2381 qui
1792 2339 1935 2381 linguam
1968 2347 2099 2371 movent
2121 2362 2138 2379 ,

1125 2380 1320 2414 direfflones
1344 2381 1483 2420 mutari,
1507 2383 1584 2423 quin
1609 2379 1705 2422 hujus
1729 2390 1835 2415 motus
1861 2382 1899 2414 ab
1923 2390 2045 2415 naturae
2057 2392 2135 2415 nor.
2175 2380 2179 2386 ⁸

1122 2435 1172 2457 rna
1197 2425 1360 2458 declinent
1380 2449 1387 2457 .
1411 2423 1511 2460 Quod
1542 2423 1565 2456 si
1599 2424 1839 2467 Kerckringius
1883 2429 1896 2464 (
1919 2426 1939 2458 d
1962 2428 1975 2465 )
2020 2436 2132 2460 verum

1120 2466 1285 2510 scripsisset
1309 2467 1347 2499 cle
1372 2464 1435 2499 osse
1457 2466 1605 2508 hyoide,
1631 2479 1704 2501 cum
1730 2470 1764 2500 in
1781 2467 1939 2512 foetibus,
1963 2469 2010 2501 ait
2031 2491 2040 2507 ,
2077 2480 2136 2504 ne-

1119 2512 1243 2552 quidem
1267 2510 1489 2552 cartilaginem
1507 2510 1577 2548 ejus
1600 2520 1772 2552 apparere,-
1798 2512 1873 2545 hinc
1898 2524 2025 2556 quoque
2048 2511 2105 2547 esse
2122 2538 2138 2555 ,

1125 2564 1190 2586 non
1214 2552 1414 2593 dubitarem,
1441 2552 1526 2595 quod
1550 2553 1675 2596 parvuli
1701 2554 1798 2589 serius
1835 2554 1904 2596 post
1937 2565 2049 2590 ortum
2082 2557 2133 2590 lo„

1125 2598 1183 2639 qui
1209 2598 1366 2639 incipiant
1382 2623 1391 2638 ,
1416 2599 1448 2629 ἃ·
1471 2607 1545 2630 cum
1578 2599 1765 2640 inceperunt
1789 2621 1799 2636 ‚
1832 2599 1931 2633 adlmc
1962 2601 2129 2634 dimidiata

1123 2639 1220 2673 verba
1243 2648 1386 2682 tentent,
1410 2639 1463 2674 seu
1486 2640 1578 2674 balba
1600 2641 1708 2674 dicant
1737 2642 1830 2677 verba
1850 2666 1862 2681 ‚
1896 2651 1932 2676 ut
1966 2644 2135 2679 Minucius

1122 2684 1217 2716 Felix
1238 2686 1253 2722 (
1274 2693 1290 2716 e
1313 2687 1349 2723 )‚
1373 2687 1405 2718 δε
1429 2683 1544 2717 Albius
1570 2685 1725 2718 Tibullus
1748 2684 1834 2727 (f)
1868 2697 1980 2719 eorum
2016 2687 2129 2730 loque-

1123 2727 1189 2760 ]am
1212 2726 1401 2768 expressere.
1428 2727 1486 2759 Sed
1513 2736 1619 2762 tamen
1650 2729 1731 2762 illud
1766 2740 1800 2762 os
1822 2753 1836 2770 ,
1868 2729 1961 2772 quod
1990 2728 2130 2765 fulcrum

1122 2771 1243 2812 linguae
1266 2769 1330 2811 est,
1353 2773 1386 2804 δε
1409 2770 1536 2812 aliquot
1560 2771 1624 2815 ejus
1650 2772 1867 2807 musculorum
1891 2796 1904 2812 ,
1935 2784 2032 2818 quam
2063 2774 2132 2809 sero

1123 2814 1265 2856 undique
1290 2814 1506 2856 perficiatur,
1541 2817 1571 2848 ὗε
1595 2827 1633 2849 ex
1657 2825 1732 2848 toto
1753 2827 1788 2849 os
1812 2815 1867 2849 fiat
1888 2838 1900 2855 ,
1935 2817 2009 2849 satis
2043 2817 2129 2851 indi-

1122 2867 1175 2889 cat
1200 2857 1336 2891 Illustris
1369 2858 1507 2891 Albinus
1542 2861 1630 2900 (g)
1655 2883 1663 2891 .
1809 2860 1990 2893 Molinetto
2020 2870 2128 2894 autem

1121 2900 1229 2934 nostro
1252 2904 1266 2940 (
1288 2900 1307 2933 h
1329 2906 1344 2941 )
1367 2902 1467 2935 visum
1493 2900 1556 2940 es‘t,
1580 2901 1654 2934 ideo
1669 2900 1780 2941 statim
1804 2902 1843 2936 ab
1866 2911 1937 2936 ortu
1960 2914 2019 2936 non
2042 2904 2129 2947 loqui

1123 2942 1300 2987 infantem,
1324 2945 1411 2987 quod
1435 2944 1627 2986 styliformis
1653 2945 1814 2987 processus
1834 2970 1846 2986 ,
1893 2957 1909 2979 a
1954 2957 2021 2989 quo
2054 2959 2126 2983 mu-

1120 2986 1197 3020 sculi
1224 2988 1433 3029 Styloglossus
1456 3011 1469 3028 ,
1502 2990 1534 3020 &
1567 2987 1832 3030 Stylohyoidaeus
1865 2990 2018 3023 oriuntur
2041 3015 2050 3031 ,
2094 2994 2126 3025 in

1113 3028 1198 3073 foetu
1220 3041 1279 3063 non
1302 3040 1448 3072 apparet.
1476 3030 1575 3070 Quod
1600 3032 1622 3064 si
1647 3033 1693 3066 ita
1715 3034 1853 3075 accipias
1877 3057 1891 3074 ,
1927 3032 2017 3077 quasi
2042 3033 2125 3076 esse,

1121 3075 1279 3116 negaverit
1299 3085 1312 3113 ,·
1346 3073 1561 3108 hallucinatus
1597 3075 1670 3115 est),
1716 3076 1847 3110 testante
1892 3076 2126 3112 Cassebohmio

1119 3118 1166 3160 (i
1188 3121 1223 3158 )‚
1250 3117 1278 3150 se
1301 3119 1334 3150 in
1357 3117 1577 3159 quadrimestri
1610 3117 1693 3153 foetu
1725 3119 1835 3153 vidisse
1861 3145 1873 3161 ,
1907 3122 2126 3164 Kerckringio

1121 3170 1226 3194 autem
1250 3164 1263 3199 (
1285 3161 1303 3200 l<
1325 3163 1362 3201 )‚
1384 3162 1432 3194 vel
1455 3163 1488 3194 in
1514 3161 1685 3195 trimestri.
1711 3164 1766 3196 Sin
1790 3166 1835 3197 ita
1859 3164 2018 3206 intelligas
2039 3188 2049 3203 ,
2086 3176 2122 3198 ut

1121 3216 1185 3247 prae
1210 3205 1379 3245 exilitate,
1402 3207 1434 3237 Sc
1458 3205 1631 3238 flexilitate
1655 3207 1876 3250 cartilaginis,
1901 3219 1939 3240 ex
1960 3219 2021 3249 qua
2044 3216 2121 3242 tunc

1120 3248 1266 3288 constat,
1290 3258 1353 3280 non
1378 3248 1479 3290 pluris
1505 3248 1638 3287 fecerit,
1661 3262 1757 3294 quam
1779 3250 1801 3285 fi
1823 3252 1929 3285 nullus
1942 3250 2015 3285 esset
2028 3251 2067 3285 ad
2081 3253 2121 3285 il-

1120 3291 1227 3325 lorum
1260 3291 1432 3333 praesertim
1459 3293 1673 3327 musculorum
1695 3296 1876 3337 originem,
1900 3294 2122 3338 aetionemque

1122 3334 1476 3381 firmandam,·tuerific
1489 3336 1562 3369 satis
1585 3336 1627 3369 ab
1650 3349 1687 3370 eo
1710 3339 1827 3380 poteris
1849 3337 2042 3381 quod,cum
2053 3338 2119 3372 haec

1121 3380 1287 3421 relegerem
1300 3403 1311 3418 ,
1322 3390 1400 3421 ⁴ejus
1413 3378 1511 3421 objici
1536 3380 1696 3414 sententiae
1708 3380 1794 3422 vidi,
1818 3383 1956 3423 petitum
1966 3394 2004 3416 ex
2016 3382 2121 3424 fingu-

1121 3422 1180 3454 lari
1193 3422 1423 3456 Observatione
1446 3424 1571 3457 Eximii
1594 3425 1749 3458 Austoris
1767 3448 1781 3466 ,
1802 3425 1927 3458 Halleri
1949 3426 2026 3466 (l).
2051 3426 2119 3458 Hic

1120 3467 1204 3499 enim
1226 3466 1261 3499 in
1285 3466 1356 3498 viro
1366 3488 1379 3505 ,
1404 3477 1500 3500 annos
1523 3476 1600 3501 nato
1621 3469 1749 3548 cgciter
1771 3470 2043 3546 quinquagintass,
2066 3470 2118 3503 cui

1953 3522 1995 3547 nu
2025 3524 2080 3546 um

135 3703 176 3733 <y
192 3704 206 3732 )
223 3704 283 3729 8εᾶ-
303 3711 338 3727 2²·
402 3701 412 3728 (
430 3712 447 3732 z
464 3704 472 3735 )
487 3702 566 3728 Meth·
585 3704 676 3730 vitand.
693 3713 765 3731 error.
783 3704 800 3730 l.
817 3713 840 3736 3.
857 3714 877 3731 c.
896 3714 918 3737 9.

134 3733 145 3761 s
161 3741 172 3756 c
186 3733 197 3765 )
213 3737 350 3759 Commerc.
368 3734 451 3759 Litter.
473 3735 502 3758 A.
522 3737 587 3763 1736.
605 3738 680 3761 Hebd.
697 3745 733 3767 3¹-
749 3744 773 3761 n.
795 3744 813 3761 ¹.
829 3737 856 3762 ad
874 3738 896 3769 §.
913 3747 950 3769 ις.

135 3765 213 3825 {g}
231 3767 295 3789 scon.
310 3767 359 3791 off.
377 3767 441 3790 Foet.
458 3767 486 3790 ad
503 3767 553 3795 Fig.
572 3775 624 3797 15²·

223 3797 345 3827 Osteogen.
360 3804 381 3821 c.
401 3806 420 3826 ς.

979 3708 994 3737 ζ
1010 3715 1026 3732 a
1041 3706 1050 3738 )
1067 3708 1120 3732 Aci.
1138 3711 1172 3732 N.
1189 3709 1221 3733 C.
1237 3709 1311 3733 Tom.
1328 3709 1349 3732 8.
1366 3706 1424 3732 obs.
1444 3712 1492 3733 106.

758 3767 760 3771 ι
799 3767 804 3771 .
1012 3739 1027 3767 ζ
1043 3738 1059 3761 d
1077 3743 1085 3768 )
1102 3739 1231 3768 Osteogen.
1246 3747 1269 3765 c.
1289 3749 1323 3765 ιι.

685 3768 698 3797 ζ
715 3769 729 3791 h
743 3768 758 3796 Ἰ
775 3768 869 3793 bissext.
887 3773 962 3794 Anat.
979 3769 1072 3793 Parnes.
1090 3772 1107 3794 li
1125 3777 1147 3793 2.
1164 3777 1184 3794 c.
1202 3778 1224 3795 1.

483 3798 496 3826 (
512 3798 521 3821 Ι
538 3800 548 3827 )
566 3799 588 3823 in
606 3798 699 3823 Differt.
717 3799 823 3829 Willigii
840 3800 943 3830 inscript.
961 3800 1062 3825 observ.
1080 3803 1165 3827 Botan.
1182 3798 1227 3826 Sec.
1244 3801 1268 3832 §.
1285 3803 1307 3827 i.

1467 3739 1473 3743 ,
1553 3715 1568 3744 <
1583 3713 1597 3738 b
1614 3712 1622 3742 )
1638 3712 1712 3742 Epist.
1729 3712 1799 3736 Anat.
1819 3716 1858 3736 10.
1873 3717 1898 3734 n.
1917 3715 1956 3735 ιι.

1287 3770 1354 3801 (ι’)
1371 3741 1491 3798 Dceea'uiii
1503 3744 1626 3800 isffif'ii’ri
1644 3781 1664 3799 ι.
1684 3741 1757 3804 {23²-
1771 3743 1787 3769 ¹'
1805 3747 1829 3767 ²'
1846 3740 1913 3771 ΕΜ·
1931 3749 1951 3771 ⁵·
1968 3746 1990 3765 ν’
2007 3746 2045 3769 '⁴'
