<?xml version="1.0" encoding="UTF-8"?>
<!DOCTYPE html PUBLIC "-//W3C//DTD XHTML 1.0 Transitional//EN"
    "http://www.w3.org/TR/xhtml1/DTD/xhtml1-transitional.dtd">
<html xmlns="http://www.w3.org/1999/xhtml" xml:lang="en" lang="en">
 <head>
  <title>
</title>
<meta http-equiv="Content-Type" content="text/html;charset=utf-8" />
  <meta name='ocr-system' content='tesseract 3.04.00' />
  <meta name='ocr-capabilities' content='ocr_page ocr_carea ocr_par ocr_line ocrx_word'/>
</head>
<body>
  <div class='ocr_page' id='page_1' title='image "./desedibusetcausi00morg/desedibusetcausi00morg_0418.png"; bbox 0 0 2498 4075; ppageno 0'>
   <div class='ocr_carea' id='block_1_1' title="bbox 401 94 467 134">
    <p class='ocr_par' dir='ltr' id='par_1_1' title="bbox 401 94 467 134">
     <span class='ocr_line' id='line_1_1' title="bbox 401 94 467 134; baseline 0.015 -1"><span class='ocrx_word' id='word_1_1' title='bbox 401 94 467 134; x_wconf 83' lang='lat'>20</span> 
     </span>
    </p>
   </div>
   <div class='ocr_carea' id='block_1_2' title="bbox 322 153 1349 3570">
    <p class='ocr_par' dir='ltr' id='par_1_2' title="bbox 328 153 1339 1106">
     <span class='ocr_line' id='line_1_2' title="bbox 335 153 1335 198; baseline 0 -10"><span class='ocrx_word' id='word_1_2' title='bbox 335 156 382 188; x_wconf 73' lang='lat' dir='ltr'>ea&#39;</span> <span class='ocrx_word' id='word_1_3' title='bbox 402 155 579 191; x_wconf 78' lang='lat' dir='ltr'>crebriores</span> <span class='ocrx_word' id='word_1_4' title='bbox 602 164 730 198; x_wconf 87' lang='lat' dir='ltr'>quoque</span> <span class='ocrx_word' id='word_1_5' title='bbox 761 162 849 190; x_wconf 84' lang='lat' dir='ltr'>erant</span> <span class='ocrx_word' id='word_1_6' title='bbox 870 153 1062 188; x_wconf 84' lang='lat' dir='ltr'>vomitiones</span> <span class='ocrx_word' id='word_1_7' title='bbox 1086 175 1097 191; x_wconf 93' lang='lat'>,</span> <span class='ocrx_word' id='word_1_8' title='bbox 1136 156 1170 187; x_wconf 89' lang='lat'>&amp;</span> <span class='ocrx_word' id='word_1_9' title='bbox 1192 155 1335 188; x_wconf 86' lang='lat' dir='ltr'>materiae</span> 
     </span>
     <span class='ocr_line' id='line_1_3' title="bbox 334 196 1337 242; baseline -0.003 -9"><span class='ocrx_word' id='word_1_10' title='bbox 334 200 467 241; x_wconf 69' lang='lat' dir='ltr'>quidem</span> <span class='ocrx_word' id='word_1_11' title='bbox 489 199 630 242; x_wconf 89' lang='lat' dir='ltr'>porracei</span> <span class='ocrx_word' id='word_1_12' title='bbox 644 199 790 239; x_wconf 88' lang='lat' dir='ltr'>coloris,</span> <span class='ocrx_word' id='word_1_13' title='bbox 810 200 845 231; x_wconf 92' lang='lat' dir='ltr'>in</span> <span class='ocrx_word' id='word_1_14' title='bbox 867 208 928 240; x_wconf 86' lang='lat' dir='ltr'>qua</span> <span class='ocrx_word' id='word_1_15' title='bbox 940 196 1118 238; x_wconf 82' lang='lat' dir='ltr'>fragmenta</span> <span class='ocrx_word' id='word_1_16' title='bbox 1140 197 1225 240; x_wconf 85' lang='lat' dir='ltr'>quasi</span> <span class='ocrx_word' id='word_1_17' title='bbox 1240 209 1337 230; x_wconf 85' lang='lat' dir='ltr'>mem-</span> 
     </span>
     <span class='ocr_line' id='line_1_4' title="bbox 335 239 1337 283; baseline -0.001 -9"><span class='ocrx_word' id='word_1_18' title='bbox 335 241 540 281; x_wconf 86' lang='lat' dir='ltr'>branularum</span> <span class='ocrx_word' id='word_1_19' title='bbox 561 240 748 275; x_wconf 82' lang='lat' dir='ltr'>innatabant</span> <span class='ocrx_word' id='word_1_20' title='bbox 772 267 779 273; x_wconf 91' lang='lat'><strong>.</strong></span> <span class='ocrx_word' id='word_1_21' title='bbox 819 239 984 283; x_wconf 78' lang='lat' dir='ltr'>Singultus</span> <span class='ocrx_word' id='word_1_22' title='bbox 1005 239 1133 282; x_wconf 81' lang='lat' dir='ltr'>insuper</span> <span class='ocrx_word' id='word_1_23' title='bbox 1153 263 1167 280; x_wconf 87' lang='lat'><em>‚</em></span> <span class='ocrx_word' id='word_1_24' title='bbox 1188 241 1245 283; x_wconf 90' lang='lat' dir='ltr'>qui</span> <span class='ocrx_word' id='word_1_25' title='bbox 1267 239 1337 283; x_wconf 85' lang='lat' dir='ltr'>post</span> 
     </span>
     <span class='ocr_line' id='line_1_5' title="bbox 330 282 1338 327; baseline -0.004 -8"><span class='ocrx_word' id='word_1_26' title='bbox 330 294 542 320; x_wconf 53' lang='lat' dir='ltr'>*memoratam</span> <span class='ocrx_word' id='word_1_27' title='bbox 565 284 731 327; x_wconf 83' lang='lat' dir='ltr'>paralysim</span> <span class='ocrx_word' id='word_1_28' title='bbox 752 286 836 318; x_wconf 87' lang='lat' dir='ltr'>circa</span> <span class='ocrx_word' id='word_1_29' title='bbox 859 282 1025 317; x_wconf 82' lang='lat' dir='ltr'>meridiem</span> <span class='ocrx_word' id='word_1_30' title='bbox 1048 282 1206 325; x_wconf 79' lang='lat' dir='ltr'>inceperat</span> <span class='ocrx_word' id='word_1_31' title='bbox 1229 307 1241 324; x_wconf 91' lang='lat'><em>‚</em></span> <span class='ocrx_word' id='word_1_32' title='bbox 1274 283 1338 326; x_wconf 80' lang='lat' dir='ltr'>jam</span> 
     </span>
     <span class='ocr_line' id='line_1_6' title="bbox 333 325 1339 371; baseline -0.002 -10"><span class='ocrx_word' id='word_1_33' title='bbox 333 329 551 363; x_wconf 81' lang='lat' dir='ltr'>vehementius</span> <span class='ocrx_word' id='word_1_34' title='bbox 561 327 747 371; x_wconf 89' lang='lat' dir='ltr'>torquebat.</span> <span class='ocrx_word' id='word_1_35' title='bbox 773 328 903 361; x_wconf 86' lang='lat' dir='ltr'>Etlicet</span> <span class='ocrx_word' id='word_1_36' title='bbox 926 327 1034 359; x_wconf 91' lang='lat' dir='ltr'>omnia</span> <span class='ocrx_word' id='word_1_37' title='bbox 1046 325 1193 359; x_wconf 89' lang='lat' dir='ltr'>nonnihil</span> <span class='ocrx_word' id='word_1_38' title='bbox 1217 337 1339 369; x_wconf 86' lang='lat' dir='ltr'>apran-</span> 
     </span>
     <span class='ocr_line' id='line_1_7' title="bbox 336 367 1338 411; baseline -0.004 -6"><span class='ocrx_word' id='word_1_39' title='bbox 336 371 393 405; x_wconf 91' lang='lat' dir='ltr'>dio</span> <span class='ocrx_word' id='word_1_40' title='bbox 407 372 509 406; x_wconf 84' lang='lat' dir='ltr'>sedata</span> <span class='ocrx_word' id='word_1_41' title='bbox 521 371 704 405; x_wconf 86' lang='lat' dir='ltr'>viderentur</span> <span class='ocrx_word' id='word_1_42' title='bbox 715 382 727 410; x_wconf 99' lang='grc'><strong><em>5</em></strong></span> <span class='ocrx_word' id='word_1_43' title='bbox 750 379 854 403; x_wconf 84' lang='lat' dir='ltr'>tamen</span> <span class='ocrx_word' id='word_1_44' title='bbox 867 377 944 402; x_wconf 59' lang='lat' dir='ltr'>cum*</span> <span class='ocrx_word' id='word_1_45' title='bbox 964 367 1224 411; x_wconf 84' lang='lat' dir='ltr'>advesperasceret</span> <span class='ocrx_word' id='word_1_46' title='bbox 1235 393 1248 410; x_wconf 86' lang='lat'>,</span> <span class='ocrx_word' id='word_1_47' title='bbox 1271 381 1338 410; x_wconf 85' lang='lat' dir='ltr'>gra-</span> 
     </span>
     <span class='ocr_line' id='line_1_8' title="bbox 334 413 1339 456; baseline -0.001 -9"><span class='ocrx_word' id='word_1_48' title='bbox 334 416 425 449; x_wconf 86' lang='lat' dir='ltr'>viora</span> <span class='ocrx_word' id='word_1_49' title='bbox 449 414 562 448; x_wconf 81' lang='lat' dir='ltr'>fiebant</span> <span class='ocrx_word' id='word_1_50' title='bbox 584 426 595 452; x_wconf 83' lang='lat'><em>3</em></span> <span class='ocrx_word' id='word_1_51' title='bbox 627 423 664 447; x_wconf 89' lang='lat' dir='ltr'>ut</span> <span class='ocrx_word' id='word_1_52' title='bbox 688 413 813 456; x_wconf 82' lang='lat' dir='ltr'>pulsu,</span> <span class='ocrx_word' id='word_1_53' title='bbox 847 416 879 446; x_wconf 71' lang='grc' dir='ltr'>δε</span> <span class='ocrx_word' id='word_1_54' title='bbox 902 413 1023 445; x_wconf 89' lang='lat' dir='ltr'>viribus</span> <span class='ocrx_word' id='word_1_55' title='bbox 1046 413 1146 455; x_wconf 87' lang='lat' dir='ltr'>magis</span> <span class='ocrx_word' id='word_1_56' title='bbox 1178 413 1339 455; x_wconf 81' lang='lat' dir='ltr'>magisque</span> 
     </span>
     <span class='ocr_line' id='line_1_9' title="bbox 328 455 1339 498; baseline -0.003 -8"><span class='ocrx_word' id='word_1_57' title='bbox 328 467 407 491; x_wconf 68' lang='lat' dir='ltr'>tota</span> <span class='ocrx_word' id='word_1_58' title='bbox 430 458 522 494; x_wconf 66' lang='lat' dir='ltr'>nocte</span> <span class='ocrx_word' id='word_1_59' title='bbox 547 455 767 491; x_wconf 79' lang='lat' dir='ltr'>fatiscentibus</span> <span class='ocrx_word' id='word_1_60' title='bbox 782 467 853 489; x_wconf 89' lang='lat' dir='ltr'>cum</span> <span class='ocrx_word' id='word_1_61' title='bbox 875 466 955 498; x_wconf 79' lang='lat' dir='ltr'>aeger</span> <span class='ocrx_word' id='word_1_62' title='bbox 967 466 1048 489; x_wconf 91' lang='lat' dir='ltr'>nunc</span> <span class='ocrx_word' id='word_1_63' title='bbox 1075 455 1212 489; x_wconf 90' lang='lat' dir='ltr'>modicis</span> <span class='ocrx_word' id='word_1_64' title='bbox 1235 457 1339 489; x_wconf 91' lang='lat' dir='ltr'>vomi-</span> 
     </span>
     <span class='ocr_line' id='line_1_10' title="bbox 337 498 1339 541; baseline -0.001 -9"><span class='ocrx_word' id='word_1_65' title='bbox 337 501 506 541; x_wconf 79' lang='lat' dir='ltr'>tionibus,</span> <span class='ocrx_word' id='word_1_66' title='bbox 529 511 611 534; x_wconf 89' lang='lat' dir='ltr'>nunc</span> <span class='ocrx_word' id='word_1_67' title='bbox 634 501 747 533; x_wconf 88' lang='lat' dir='ltr'>delirio</span> <span class='ocrx_word' id='word_1_68' title='bbox 762 524 770 539; x_wconf 87' lang='lat'><em>‚</em></span> <span class='ocrx_word' id='word_1_69' title='bbox 795 501 827 533; x_wconf 71' lang='grc' dir='ltr'>δι</span> <span class='ocrx_word' id='word_1_70' title='bbox 852 498 1014 540; x_wconf 76' lang='lat' dir='ltr'>singultu,</span> <span class='ocrx_word' id='word_1_71' title='bbox 1037 499 1149 540; x_wconf 85' lang='lat' dir='ltr'>saepius</span> <span class='ocrx_word' id='word_1_72' title='bbox 1162 508 1266 532; x_wconf 89' lang='lat' dir='ltr'>autem</span> <span class='ocrx_word' id='word_1_73' title='bbox 1286 499 1339 532; x_wconf 87' lang='lat' dir='ltr'>di-</span> 
     </span>
     <span class='ocr_line' id='line_1_11' title="bbox 334 541 1338 587; baseline -0.004 -9"><span class='ocrx_word' id='word_1_74' title='bbox 334 544 399 583; x_wconf 85' lang='lat' dir='ltr'>ris,</span> <span class='ocrx_word' id='word_1_75' title='bbox 422 546 566 587; x_wconf 89' lang='lat' dir='ltr'>quamvis</span> <span class='ocrx_word' id='word_1_76' title='bbox 589 543 805 579; x_wconf 87' lang='lat' dir='ltr'>brevioribus,</span> <span class='ocrx_word' id='word_1_77' title='bbox 827 541 1035 584; x_wconf 86' lang='lat' dir='ltr'>spasmodicis</span> <span class='ocrx_word' id='word_1_78' title='bbox 1051 542 1220 576; x_wconf 83' lang='lat' dir='ltr'>insultibus</span> <span class='ocrx_word' id='word_1_79' title='bbox 1244 553 1338 575; x_wconf 79' lang='lat' dir='ltr'>vexa-</span> 
     </span>
     <span class='ocr_line' id='line_1_12' title="bbox 334 584 1337 627; baseline -0.002 -8"><span class='ocrx_word' id='word_1_80' title='bbox 334 596 445 627; x_wconf 81' lang='lat' dir='ltr'>retur,</span> <span class='ocrx_word' id='word_1_81' title='bbox 468 597 560 621; x_wconf 86' lang='lat' dir='ltr'>mane</span> <span class='ocrx_word' id='word_1_82' title='bbox 583 586 770 621; x_wconf 89' lang='lat' dir='ltr'>duodecima</span> <span class='ocrx_word' id='word_1_83' title='bbox 794 586 874 619; x_wconf 89' lang='lat' dir='ltr'>hora</span> <span class='ocrx_word' id='word_1_84' title='bbox 889 584 1055 619; x_wconf 83' lang='lat' dir='ltr'>deficeret.</span> <span class='ocrx_word' id='word_1_85' title='bbox 1187 585 1337 618; x_wconf 85' lang='lat' dir='ltr'>ABDO-</span> 
     </span>
     <span class='ocr_line' id='line_1_13' title="bbox 334 628 1336 671; baseline -0.003 -8"><span class='ocrx_word' id='word_1_86' title='bbox 334 630 444 665; x_wconf 78' lang='grc' dir='ltr'>ΜΕΝ</span> <span class='ocrx_word' id='word_1_87' title='bbox 468 639 533 663; x_wconf 88' lang='lat' dir='ltr'>erat</span> <span class='ocrx_word' id='word_1_88' title='bbox 556 630 738 668; x_wconf 85' lang='lat' dir='ltr'>tumidum,</span> <span class='ocrx_word' id='word_1_89' title='bbox 762 638 799 662; x_wconf 89' lang='lat' dir='ltr'>ut</span> <span class='ocrx_word' id='word_1_90' title='bbox 821 628 967 663; x_wconf 86' lang='lat' dir='ltr'>intestina</span> <span class='ocrx_word' id='word_1_91' title='bbox 990 639 1133 671; x_wconf 91' lang='lat' dir='ltr'>quoque.</span> <span class='ocrx_word' id='word_1_92' title='bbox 1159 628 1241 660; x_wconf 77' lang='lat' dir='ltr'>Haec</span> <span class='ocrx_word' id='word_1_93' title='bbox 1264 653 1272 667; x_wconf 90' lang='lat'>,</span> <span class='ocrx_word' id='word_1_94' title='bbox 1304 630 1336 660; x_wconf 70' lang='grc' dir='ltr'>δε</span> 
     </span>
     <span class='ocr_line' id='line_1_14' title="bbox 333 669 1336 716; baseline -0.003 -10"><span class='ocrx_word' id='word_1_95' title='bbox 333 673 528 708; x_wconf 87' lang='lat' dir='ltr'>ventriculus</span> <span class='ocrx_word' id='word_1_96' title='bbox 550 685 611 715; x_wconf 84' lang='lat' dir='ltr'>qua</span> <span class='ocrx_word' id='word_1_97' title='bbox 638 672 898 716; x_wconf 45' lang='lat' dir='ltr'>facie-anteriora</span> <span class='ocrx_word' id='word_1_98' title='bbox 922 671 1100 713; x_wconf 67' lang='lat' dir='ltr'>spectabant</span> <span class='ocrx_word' id='word_1_99' title='bbox 1120 694 1133 711; x_wconf 86' lang='lat'>,</span> <span class='ocrx_word' id='word_1_100' title='bbox 1160 669 1270 703; x_wconf 89' lang='lat' dir='ltr'>eodem</span> <span class='ocrx_word' id='word_1_101' title='bbox 1294 671 1336 703; x_wconf 91' lang='lat' dir='ltr'>il-</span> 
     </span>
     <span class='ocr_line' id='line_1_15' title="bbox 333 713 1336 758; baseline -0.003 -9"><span class='ocrx_word' id='word_1_102' title='bbox 333 716 367 749; x_wconf 92' lang='lat' dir='ltr'>lo</span> <span class='ocrx_word' id='word_1_103' title='bbox 398 726 485 750; x_wconf 89' lang='lat' dir='ltr'>erant</span> <span class='ocrx_word' id='word_1_104' title='bbox 506 718 613 751; x_wconf 91' lang='lat' dir='ltr'>colore</span> <span class='ocrx_word' id='word_1_105' title='bbox 646 715 764 750; x_wconf 58' lang='lat' dir='ltr'>infesta</span> <span class='ocrx_word' id='word_1_106' title='bbox 787 723 854 758; x_wconf 65' lang='lat' dir='ltr'>qno</span> <span class='ocrx_word' id='word_1_107' title='bbox 885 715 1048 747; x_wconf 80' lang='lat' dir='ltr'>materiam</span> <span class='ocrx_word' id='word_1_108' title='bbox 1071 714 1211 748; x_wconf 80' lang='lat' dir='ltr'>diximus</span> <span class='ocrx_word' id='word_1_109' title='bbox 1246 713 1336 747; x_wconf 74' lang='lat' dir='ltr'>fuisse</span> 
     </span>
     <span class='ocr_line' id='line_1_16' title="bbox 333 757 1337 802; baseline -0.005 -8"><span class='ocrx_word' id='word_1_110' title='bbox 333 771 405 802; x_wconf 88' lang='lat' dir='ltr'>quae</span> <span class='ocrx_word' id='word_1_111' title='bbox 426 761 549 794; x_wconf 91' lang='lat' dir='ltr'>vomitu</span> <span class='ocrx_word' id='word_1_112' title='bbox 574 759 759 802; x_wconf 82' lang='lat' dir='ltr'>ejiciebatur</span> <span class='ocrx_word' id='word_1_113' title='bbox 780 783 788 792; x_wconf 91' lang='lat'>.</span> <span class='ocrx_word' id='word_1_114' title='bbox 822 757 1029 791; x_wconf 82' lang='lat' dir='ltr'>Ventriculus</span> <span class='ocrx_word' id='word_1_115' title='bbox 1051 758 1136 792; x_wconf 88' lang='lat' dir='ltr'>intus</span> <span class='ocrx_word' id='word_1_116' title='bbox 1160 757 1337 792; x_wconf 82' lang='lat' dir='ltr'>inflamma-</span> 
     </span>
     <span class='ocr_line' id='line_1_17' title="bbox 334 799 1336 844; baseline -0.001 -9"><span class='ocrx_word' id='word_1_117' title='bbox 334 810 404 840; x_wconf 89' lang='lat' dir='ltr'>tus,</span> <span class='ocrx_word' id='word_1_118' title='bbox 427 803 569 837; x_wconf 86' lang='lat' dir='ltr'>minimis</span> <span class='ocrx_word' id='word_1_119' title='bbox 591 802 765 844; x_wconf 83' lang='lat' dir='ltr'>quibusque</span> <span class='ocrx_word' id='word_1_120' title='bbox 787 799 919 835; x_wconf 80' lang='lat' dir='ltr'>vasculis</span> <span class='ocrx_word' id='word_1_121' title='bbox 943 801 1080 835; x_wconf 90' lang='lat' dir='ltr'>multum</span> <span class='ocrx_word' id='word_1_122' title='bbox 1099 801 1248 843; x_wconf 85' lang='lat' dir='ltr'>sanguine</span> <span class='ocrx_word' id='word_1_123' title='bbox 1270 811 1336 834; x_wconf 87' lang='lat' dir='ltr'>tur-</span> 
     </span>
     <span class='ocr_line' id='line_1_18' title="bbox 332 843 1334 888; baseline 0 -10"><span class='ocrx_word' id='word_1_124' title='bbox 332 846 479 888; x_wconf 82' lang='lat' dir='ltr'>gentibus</span> <span class='ocrx_word' id='word_1_125' title='bbox 503 870 510 875; x_wconf 92' lang='lat'><em>.</em></span> <span class='ocrx_word' id='word_1_126' title='bbox 541 845 623 878; x_wconf 82' lang='lat' dir='ltr'>Bilis</span> <span class='ocrx_word' id='word_1_127' title='bbox 646 843 777 878; x_wconf 85' lang='lat' dir='ltr'>vesicula</span> <span class='ocrx_word' id='word_1_128' title='bbox 799 843 856 877; x_wconf 89' lang='lat' dir='ltr'>etsi</span> <span class='ocrx_word' id='word_1_129' title='bbox 887 845 989 876; x_wconf 85' lang='lat' dir='ltr'>inanis</span> <span class='ocrx_word' id='word_1_130' title='bbox 1011 853 1075 878; x_wconf 87' lang='lat' dir='ltr'>erat</span> <span class='ocrx_word' id='word_1_131' title='bbox 1099 869 1110 885; x_wconf 94' lang='lat'>,</span> <span class='ocrx_word' id='word_1_132' title='bbox 1134 844 1263 887; x_wconf 83' lang='lat' dir='ltr'>turgida</span> <span class='ocrx_word' id='word_1_133' title='bbox 1284 854 1334 878; x_wconf 82' lang='lat' dir='ltr'>ta—</span> 
     </span>
     <span class='ocr_line' id='line_1_19' title="bbox 332 886 1334 931; baseline -0.003 -9"><span class='ocrx_word' id='word_1_134' title='bbox 332 900 403 923; x_wconf 86' lang='lat' dir='ltr'>men</span> <span class='ocrx_word' id='word_1_135' title='bbox 420 913 430 931; x_wconf 87' lang='lat'>,</span> <span class='ocrx_word' id='word_1_136' title='bbox 452 899 517 921; x_wconf 89' lang='lat' dir='ltr'>aere</span> <span class='ocrx_word' id='word_1_137' title='bbox 539 888 711 928; x_wconf 75' lang='lat' dir='ltr'>videlicet,</span> <span class='ocrx_word' id='word_1_138' title='bbox 733 886 1009 928; x_wconf 80' lang='lat' dir='ltr'>conspiciebatur.</span> <span class='ocrx_word' id='word_1_139' title='bbox 1142 890 1181 920; x_wconf 88' lang='lat' dir='ltr'>In</span> <span class='ocrx_word' id='word_1_140' title='bbox 1203 887 1334 921; x_wconf 81' lang='lat' dir='ltr'>Thora-</span> 
     </span>
     <span class='ocr_line' id='line_1_20' title="bbox 336 930 1334 976; baseline -0.002 -11"><span class='ocrx_word' id='word_1_141' title='bbox 336 943 370 965; x_wconf 87' lang='lat' dir='ltr'>ce</span> <span class='ocrx_word' id='word_1_142' title='bbox 403 933 515 975; x_wconf 88' lang='lat' dir='ltr'>pulmo</span> <span class='ocrx_word' id='word_1_143' title='bbox 536 930 645 965; x_wconf 85' lang='lat' dir='ltr'>dexter</span> <span class='ocrx_word' id='word_1_144' title='bbox 668 930 958 976; x_wconf 43' lang='lat' dir='ltr'>aifiefadhaerebat</span> <span class='ocrx_word' id='word_1_145' title='bbox 982 930 1020 965; x_wconf 87' lang='lat' dir='ltr'>ad</span> <span class='ocrx_word' id='word_1_146' title='bbox 1044 931 1185 973; x_wconf 89' lang='lat' dir='ltr'>pleuram</span> <span class='ocrx_word' id='word_1_147' title='bbox 1205 945 1212 963; x_wconf 93' lang='lat'><strong>:</strong></span> <span class='ocrx_word' id='word_1_148' title='bbox 1253 931 1334 973; x_wconf 81' lang='lat' dir='ltr'>ipse-</span> 
     </span>
     <span class='ocr_line' id='line_1_21' title="bbox 332 973 1334 1018; baseline -0.003 -9"><span class='ocrx_word' id='word_1_149' title='bbox 332 987 419 1018; x_wconf 83' lang='lat' dir='ltr'>que,</span> <span class='ocrx_word' id='word_1_150' title='bbox 442 978 475 1009; x_wconf 83' lang='lat'>&amp;</span> <span class='ocrx_word' id='word_1_151' title='bbox 497 975 615 1008; x_wconf 84' lang='lat' dir='ltr'>sinister</span> <span class='ocrx_word' id='word_1_152' title='bbox 635 975 730 1018; x_wconf 87' lang='lat' dir='ltr'>nigro</span> <span class='ocrx_word' id='word_1_153' title='bbox 751 983 840 1006; x_wconf 85' lang='lat' dir='ltr'>erant</span> <span class='ocrx_word' id='word_1_154' title='bbox 862 974 969 1007; x_wconf 90' lang='lat' dir='ltr'>colore</span> <span class='ocrx_word' id='word_1_155' title='bbox 994 975 1089 1008; x_wconf 74' lang='lat' dir='ltr'>tinffi</span> <span class='ocrx_word' id='word_1_156' title='bbox 1108 997 1120 1014; x_wconf 83' lang='lat'>,</span> <span class='ocrx_word' id='word_1_157' title='bbox 1144 977 1175 1007; x_wconf 88' lang='lat'>&amp;</span> <span class='ocrx_word' id='word_1_158' title='bbox 1201 973 1334 1007; x_wconf 87' lang='lat' dir='ltr'>ichoro-</span> 
     </span>
     <span class='ocr_line' id='line_1_22' title="bbox 329 1016 1333 1060; baseline -0.003 -7"><span class='ocrx_word' id='word_1_159' title='bbox 329 1020 361 1054; x_wconf 84' lang='lat' dir='ltr'>sa</span> <span class='ocrx_word' id='word_1_160' title='bbox 384 1019 514 1053; x_wconf 86' lang='lat' dir='ltr'>materia</span> <span class='ocrx_word' id='word_1_161' title='bbox 537 1018 628 1060; x_wconf 85' lang='lat' dir='ltr'>plena</span> <span class='ocrx_word' id='word_1_162' title='bbox 654 1042 661 1048; x_wconf 88' lang='lat'>.</span> <span class='ocrx_word' id='word_1_163' title='bbox 686 1020 724 1051; x_wconf 92' lang='lat' dir='ltr'>In</span> <span class='ocrx_word' id='word_1_164' title='bbox 748 1016 880 1053; x_wconf 84' lang='lat' dir='ltr'>dextero</span> <span class='ocrx_word' id='word_1_165' title='bbox 901 1016 1007 1051; x_wconf 86' lang='lat' dir='ltr'>cordis</span> <span class='ocrx_word' id='word_1_166' title='bbox 1030 1018 1209 1051; x_wconf 84' lang='lat' dir='ltr'>ventriculo</span> <span class='ocrx_word' id='word_1_167' title='bbox 1231 1019 1333 1051; x_wconf 88' lang='lat' dir='ltr'>tenuis</span> 
     </span>
     <span class='ocr_line' id='line_1_23' title="bbox 330 1060 781 1106; baseline -0.009 -10"><span class='ocrx_word' id='word_1_168' title='bbox 330 1062 484 1106; x_wconf 87' lang='lat' dir='ltr'>polyposa</span> <span class='ocrx_word' id='word_1_169' title='bbox 508 1062 674 1095; x_wconf 88' lang='lat' dir='ltr'>concretio</span> <span class='ocrx_word' id='word_1_170' title='bbox 696 1060 781 1094; x_wconf 87' lang='lat' dir='ltr'>fuit.</span> 
     </span>
    </p>

    <p class='ocr_par' dir='ltr' id='par_1_3' title="bbox 322 1102 1335 2005">
     <span class='ocr_line' id='line_1_24' title="bbox 374 1102 1333 1148; baseline -0.004 -9"><span class='ocrx_word' id='word_1_171' title='bbox 374 1117 403 1148; x_wconf 79' lang='grc' dir='ltr'>ς.</span> <span class='ocrx_word' id='word_1_172' title='bbox 430 1106 581 1139; x_wconf 85' lang='lat' dir='ltr'>Exitium</span> <span class='ocrx_word' id='word_1_173' title='bbox 612 1104 697 1148; x_wconf 88' lang='lat' dir='ltr'>quod</span> <span class='ocrx_word' id='word_1_174' title='bbox 729 1104 920 1137; x_wconf 83' lang='lat' dir='ltr'>indicaverat</span> <span class='ocrx_word' id='word_1_175' title='bbox 954 1113 1062 1146; x_wconf 88' lang='lat' dir='ltr'>quarta</span> <span class='ocrx_word' id='word_1_176' title='bbox 1083 1127 1094 1143; x_wconf 89' lang='lat'>,</span> <span class='ocrx_word' id='word_1_177' title='bbox 1138 1102 1213 1137; x_wconf 91' lang='lat' dir='ltr'>huic</span> <span class='ocrx_word' id='word_1_178' title='bbox 1246 1104 1333 1136; x_wconf 88' lang='lat' dir='ltr'>Viro</span> 
     </span>
     <span class='ocr_line' id='line_1_25' title="bbox 330 1146 1333 1190; baseline -0.002 -8"><span class='ocrx_word' id='word_1_179' title='bbox 330 1149 399 1182; x_wconf 88' lang='lat' dir='ltr'>dies</span> <span class='ocrx_word' id='word_1_180' title='bbox 434 1149 546 1182; x_wconf 83' lang='lat' dir='ltr'>attulit</span> <span class='ocrx_word' id='word_1_181' title='bbox 581 1147 711 1190; x_wconf 87' lang='lat' dir='ltr'>septima</span> <span class='ocrx_word' id='word_1_182' title='bbox 733 1171 740 1179; x_wconf 89' lang='lat'><strong>.</strong></span> <span class='ocrx_word' id='word_1_183' title='bbox 774 1146 874 1190; x_wconf 89' lang='lat' dir='ltr'>Quod</span> <span class='ocrx_word' id='word_1_184' title='bbox 910 1146 933 1179; x_wconf 83' lang='lat' dir='ltr'>fi</span> <span class='ocrx_word' id='word_1_185' title='bbox 970 1147 1153 1190; x_wconf 88' lang='lat' dir='ltr'>priusquam</span> <span class='ocrx_word' id='word_1_186' title='bbox 1175 1155 1264 1179; x_wconf 84' lang='lat' dir='ltr'>tanta</span> <span class='ocrx_word' id='word_1_187' title='bbox 1285 1147 1333 1180; x_wconf 84' lang='lat' dir='ltr'>vis</span> 
     </span>
     <span class='ocr_line' id='line_1_26' title="bbox 327 1189 1334 1232; baseline -0.003 -7"><span class='ocrx_word' id='word_1_188' title='bbox 327 1191 434 1225; x_wconf 89' lang='lat' dir='ltr'>morbi</span> <span class='ocrx_word' id='word_1_189' title='bbox 471 1191 648 1225; x_wconf 86' lang='lat' dir='ltr'>ventriculo</span> <span class='ocrx_word' id='word_1_190' title='bbox 671 1189 860 1224; x_wconf 73' lang='lat' dir='ltr'>incubuisset</span> <span class='ocrx_word' id='word_1_191' title='bbox 879 1213 892 1230; x_wconf 91' lang='lat'><em>‚</em></span> <span class='ocrx_word' id='word_1_192' title='bbox 924 1202 962 1223; x_wconf 83' lang='lat' dir='ltr'>ex</span> <span class='ocrx_word' id='word_1_193' title='bbox 984 1190 1112 1223; x_wconf 87' lang='lat' dir='ltr'>indiciis</span> <span class='ocrx_word' id='word_1_194' title='bbox 1144 1189 1334 1232; x_wconf 85' lang='lat' dir='ltr'>quibusdam</span> 
     </span>
     <span class='ocr_line' id='line_1_27' title="bbox 327 1232 1334 1279; baseline -0.001 -12"><span class='ocrx_word' id='word_1_195' title='bbox 327 1235 474 1279; x_wconf 87' lang='lat' dir='ltr'>priorum</span> <span class='ocrx_word' id='word_1_196' title='bbox 500 1234 622 1268; x_wconf 87' lang='lat' dir='ltr'>dierum</span> <span class='ocrx_word' id='word_1_197' title='bbox 646 1232 725 1277; x_wconf 89' lang='lat' dir='ltr'>quid</span> <span class='ocrx_word' id='word_1_198' title='bbox 755 1234 936 1266; x_wconf 89' lang='lat' dir='ltr'>immineret</span> <span class='ocrx_word' id='word_1_199' title='bbox 960 1232 1132 1275; x_wconf 87' lang='lat' dir='ltr'>suspicatus</span> <span class='ocrx_word' id='word_1_200' title='bbox 1154 1233 1298 1267; x_wconf 85' lang='lat' dir='ltr'>Medicus</span> <span class='ocrx_word' id='word_1_201' title='bbox 1321 1257 1334 1274; x_wconf 93' lang='lat'>,</span> 
     </span>
     <span class='ocr_line' id='line_1_28' title="bbox 328 1276 1331 1322; baseline -0.003 -10"><span class='ocrx_word' id='word_1_202' title='bbox 328 1279 510 1321; x_wconf 88' lang='lat' dir='ltr'>quicunque</span> <span class='ocrx_word' id='word_1_203' title='bbox 532 1278 560 1311; x_wconf 88' lang='lat' dir='ltr'>is</span> <span class='ocrx_word' id='word_1_204' title='bbox 584 1276 649 1311; x_wconf 87' lang='lat' dir='ltr'>fuit</span> <span class='ocrx_word' id='word_1_205' title='bbox 669 1300 682 1316; x_wconf 92' lang='lat'><em>‚</em></span> <span class='ocrx_word' id='word_1_206' title='bbox 715 1286 843 1322; x_wconf 80' lang='lat' dir='ltr'>maturo</span> <span class='ocrx_word' id='word_1_207' title='bbox 866 1285 963 1318; x_wconf 19' lang='lat' dir='ltr'>atque,</span> <span class='ocrx_word' id='word_1_208' title='bbox 985 1289 998 1309; x_wconf 88' lang='lat' dir='ltr'>a</span> <span class='ocrx_word' id='word_1_209' title='bbox 1026 1286 1062 1309; x_wconf 90' lang='lat' dir='ltr'>to</span> <span class='ocrx_word' id='word_1_210' title='bbox 1084 1277 1215 1310; x_wconf 86' lang='lat' dir='ltr'>corticis</span> <span class='ocrx_word' id='word_1_211' title='bbox 1239 1278 1331 1309; x_wconf 89' lang='lat' dir='ltr'>Peru-</span> 
     </span>
     <span class='ocr_line' id='line_1_29' title="bbox 326 1319 1334 1362; baseline -0.003 -8"><span class='ocrx_word' id='word_1_212' title='bbox 326 1321 414 1354; x_wconf 88' lang='lat' dir='ltr'>viani</span> <span class='ocrx_word' id='word_1_213' title='bbox 437 1320 493 1354; x_wconf 85' lang='lat' dir='ltr'>usu</span> <span class='ocrx_word' id='word_1_214' title='bbox 517 1331 681 1355; x_wconf 86' lang='lat' dir='ltr'>occurrere</span> <span class='ocrx_word' id='word_1_215' title='bbox 703 1319 874 1361; x_wconf 78' lang='lat' dir='ltr'>potuisset3</span> <span class='ocrx_word' id='word_1_216' title='bbox 899 1319 983 1353; x_wconf 90' lang='lat' dir='ltr'>forta</span> <span class='ocrx_word' id='word_1_217' title='bbox 1011 1330 1025 1352; x_wconf 88' lang='lat' dir='ltr'>e</span> <span class='ocrx_word' id='word_1_218' title='bbox 1040 1328 1248 1362; x_wconf 81' lang='lat' dir='ltr'>aegrotantem</span> <span class='ocrx_word' id='word_1_219' title='bbox 1271 1320 1334 1352; x_wconf 80' lang='lat' dir='ltr'>ser-</span> 
     </span>
     <span class='ocr_line' id='line_1_30' title="bbox 324 1362 1333 1405; baseline -0.005 -6"><span class='ocrx_word' id='word_1_220' title='bbox 324 1363 439 1399; x_wconf 78' lang='lat' dir='ltr'>vasset.</span> <span class='ocrx_word' id='word_1_221' title='bbox 468 1365 592 1398; x_wconf 87' lang='lat' dir='ltr'>Verum</span> <span class='ocrx_word' id='word_1_222' title='bbox 615 1364 775 1405; x_wconf 88' lang='lat' dir='ltr'>contigere</span> <span class='ocrx_word' id='word_1_223' title='bbox 799 1362 867 1396; x_wconf 85' lang='lat' dir='ltr'>haec</span> <span class='ocrx_word' id='word_1_224' title='bbox 888 1386 901 1404; x_wconf 86' lang='lat'>,</span> <span class='ocrx_word' id='word_1_225' title='bbox 942 1371 1097 1405; x_wconf 88' lang='lat' dir='ltr'>quantum</span> <span class='ocrx_word' id='word_1_226' title='bbox 1116 1374 1154 1396; x_wconf 83' lang='lat' dir='ltr'>ex</span> <span class='ocrx_word' id='word_1_227' title='bbox 1177 1362 1333 1405; x_wconf 87' lang='lat' dir='ltr'>superiore</span> 
     </span>
     <span class='ocr_line' id='line_1_31' title="bbox 325 1405 1331 1450; baseline -0.003 -9"><span class='ocrx_word' id='word_1_228' title='bbox 325 1409 424 1442; x_wconf 75' lang='lat' dir='ltr'>ctiam</span> <span class='ocrx_word' id='word_1_229' title='bbox 447 1407 680 1441; x_wconf 85' lang='lat' dir='ltr'>Observatione</span> <span class='ocrx_word' id='word_1_230' title='bbox 701 1405 867 1450; x_wconf 76' lang='lat' dir='ltr'>conjicio,</span> <span class='ocrx_word' id='word_1_231' title='bbox 889 1418 926 1439; x_wconf 91' lang='lat' dir='ltr'>eo</span> <span class='ocrx_word' id='word_1_232' title='bbox 949 1415 1091 1449; x_wconf 88' lang='lat' dir='ltr'>tempore</span> <span class='ocrx_word' id='word_1_233' title='bbox 1111 1418 1178 1449; x_wconf 86' lang='lat' dir='ltr'>quo</span> <span class='ocrx_word' id='word_1_234' title='bbox 1199 1406 1331 1439; x_wconf 81' lang='lat' dir='ltr'>necdum</span> 
     </span>
     <span class='ocr_line' id='line_1_32' title="bbox 325 1449 1330 1492; baseline -0.003 -7"><span class='ocrx_word' id='word_1_235' title='bbox 325 1449 493 1492; x_wconf 79' lang='lat' dir='ltr'>febrifugo</span> <span class='ocrx_word' id='word_1_236' title='bbox 531 1452 650 1483; x_wconf 91' lang='lat' dir='ltr'>cortice</span> <span class='ocrx_word' id='word_1_237' title='bbox 673 1451 723 1487; x_wconf 86' lang='lat' dir='ltr'>uti</span> <span class='ocrx_word' id='word_1_238' title='bbox 759 1449 913 1484; x_wconf 81' lang='lat' dir='ltr'>audebant</span> <span class='ocrx_word' id='word_1_239' title='bbox 938 1450 1062 1482; x_wconf 89' lang='lat' dir='ltr'>tatione</span> <span class='ocrx_word' id='word_1_240' title='bbox 1086 1451 1140 1482; x_wconf 87' lang='lat' dir='ltr'>illa</span> <span class='ocrx_word' id='word_1_241' title='bbox 1163 1461 1224 1492; x_wconf 86' lang='lat' dir='ltr'>qua</span> <span class='ocrx_word' id='word_1_242' title='bbox 1248 1460 1330 1482; x_wconf 87' lang='lat' dir='ltr'>nunc</span> 
     </span>
     <span class='ocr_line' id='line_1_33' title="bbox 327 1493 1332 1536; baseline -0.005 -7"><span class='ocrx_word' id='word_1_243' title='bbox 327 1494 568 1534; x_wconf 83' lang='lat' dir='ltr'>consuevimus,</span> <span class='ocrx_word' id='word_1_244' title='bbox 592 1497 624 1527; x_wconf 87' lang='lat'>&amp;</span> <span class='ocrx_word' id='word_1_245' title='bbox 645 1505 707 1536; x_wconf 89' lang='lat' dir='ltr'>qua</span> <span class='ocrx_word' id='word_1_246' title='bbox 730 1494 849 1535; x_wconf 89' lang='lat' dir='ltr'>primus</span> <span class='ocrx_word' id='word_1_247' title='bbox 874 1493 1027 1527; x_wconf 86' lang='lat' dir='ltr'>Bononiae</span> <span class='ocrx_word' id='word_1_248' title='bbox 1052 1495 1139 1527; x_wconf 88' lang='lat' dir='ltr'>annis</span> <span class='ocrx_word' id='word_1_249' title='bbox 1163 1493 1232 1535; x_wconf 86' lang='lat' dir='ltr'>post</span> <span class='ocrx_word' id='word_1_250' title='bbox 1255 1503 1332 1534; x_wconf 79' lang='lat' dir='ltr'>pau-</span> 
     </span>
     <span class='ocr_line' id='line_1_34' title="bbox 325 1534 1332 1579; baseline -0.005 -7"><span class='ocrx_word' id='word_1_251' title='bbox 325 1541 372 1572; x_wconf 90' lang='lat' dir='ltr'>cis</span> <span class='ocrx_word' id='word_1_252' title='bbox 395 1537 536 1571; x_wconf 86' lang='lat' dir='ltr'>feliciter</span> <span class='ocrx_word' id='word_1_253' title='bbox 560 1536 631 1571; x_wconf 86' lang='lat' dir='ltr'>usus</span> <span class='ocrx_word' id='word_1_254' title='bbox 656 1537 697 1571; x_wconf 86' lang='lat' dir='ltr'>est</span> <span class='ocrx_word' id='word_1_255' title='bbox 720 1534 981 1579; x_wconf 77' lang='lat' dir='ltr'>ingeniofiffimus</span> <span class='ocrx_word' id='word_1_256' title='bbox 1004 1536 1151 1571; x_wconf 83' lang='lat' dir='ltr'>Medicus</span> <span class='ocrx_word' id='word_1_257' title='bbox 1175 1537 1332 1569; x_wconf 90' lang='lat' dir='ltr'>Domini-</span> 
     </span>
     <span class='ocr_line' id='line_1_35' title="bbox 325 1577 1333 1622; baseline -0.003 -8"><span class='ocrx_word' id='word_1_258' title='bbox 325 1592 380 1615; x_wconf 86' lang='lat' dir='ltr'>cus</span> <span class='ocrx_word' id='word_1_259' title='bbox 402 1581 620 1614; x_wconf 85' lang='lat' dir='ltr'>Gulielminus</span> <span class='ocrx_word' id='word_1_260' title='bbox 643 1582 677 1613; x_wconf 86' lang='lat' dir='ltr'>in</span> <span class='ocrx_word' id='word_1_261' title='bbox 700 1577 927 1622; x_wconf 83' lang='lat' dir='ltr'>generofiffimo</span> <span class='ocrx_word' id='word_1_262' title='bbox 949 1581 1036 1613; x_wconf 86' lang='lat' dir='ltr'>Viro</span> <span class='ocrx_word' id='word_1_263' title='bbox 1058 1592 1095 1613; x_wconf 89' lang='lat' dir='ltr'>ex</span> <span class='ocrx_word' id='word_1_264' title='bbox 1117 1581 1224 1614; x_wconf 77' lang='lat' dir='ltr'>Gente</span> <span class='ocrx_word' id='word_1_265' title='bbox 1246 1579 1333 1612; x_wconf 89' lang='lat' dir='ltr'>Mal-</span> 
     </span>
     <span class='ocr_line' id='line_1_36' title="bbox 324 1622 1333 1666; baseline -0.002 -10"><span class='ocrx_word' id='word_1_266' title='bbox 324 1624 439 1664; x_wconf 85' lang='lat' dir='ltr'>vezia,</span> <span class='ocrx_word' id='word_1_267' title='bbox 462 1635 556 1666; x_wconf 88' lang='lat' dir='ltr'>quern</span> <span class='ocrx_word' id='word_1_268' title='bbox 580 1624 725 1665; x_wconf 87' lang='lat' dir='ltr'>proxima</span> <span class='ocrx_word' id='word_1_269' title='bbox 748 1623 894 1665; x_wconf 84' lang='lat' dir='ltr'>alioquin</span> <span class='ocrx_word' id='word_1_270' title='bbox 919 1623 1118 1658; x_wconf 81' lang='lat' dir='ltr'>exacerbatio</span> <span class='ocrx_word' id='word_1_271' title='bbox 1148 1622 1333 1666; x_wconf 72' lang='lat' dir='ltr'>perniciosae</span> 
     </span>
     <span class='ocr_line' id='line_1_37' title="bbox 322 1664 1333 1707; baseline -0.002 -7"><span class='ocrx_word' id='word_1_272' title='bbox 322 1666 443 1707; x_wconf 84' lang='lat' dir='ltr'>febris,</span> <span class='ocrx_word' id='word_1_273' title='bbox 466 1676 503 1700; x_wconf 87' lang='lat' dir='ltr'>ut</span> <span class='ocrx_word' id='word_1_274' title='bbox 528 1667 597 1700; x_wconf 90' lang='lat' dir='ltr'>aliis</span> <span class='ocrx_word' id='word_1_275' title='bbox 611 1666 766 1699; x_wconf 86' lang='lat' dir='ltr'>acciderat</span> <span class='ocrx_word' id='word_1_276' title='bbox 778 1689 790 1705; x_wconf 89' lang='lat'>,</span> <span class='ocrx_word' id='word_1_277' title='bbox 813 1664 1016 1699; x_wconf 82' lang='lat' dir='ltr'>interemisset</span> <span class='ocrx_word' id='word_1_278' title='bbox 1031 1689 1040 1698; x_wconf 93' lang='lat'><strong><em>.</em></strong></span> <span class='ocrx_word' id='word_1_279' title='bbox 1171 1667 1333 1699; x_wconf 78' lang='lat' dir='ltr'>Caeterum</span> 
     </span>
     <span class='ocr_line' id='line_1_38' title="bbox 324 1706 1332 1756; baseline -0.003 -12"><span class='ocrx_word' id='word_1_280' title='bbox 324 1710 405 1745; x_wconf 86' lang='lat' dir='ltr'>unde</span> <span class='ocrx_word' id='word_1_281' title='bbox 429 1720 576 1754; x_wconf 83' lang='lat' dir='ltr'>porracea</span> <span class='ocrx_word' id='word_1_282' title='bbox 601 1710 739 1742; x_wconf 70' lang='lat' dir='ltr'>tint‘tura</span> <span class='ocrx_word' id='word_1_283' title='bbox 755 1706 830 1756; x_wconf 67' lang='lat' dir='ltr'>efl‘et</span> <span class='ocrx_word' id='word_1_284' title='bbox 853 1719 914 1751; x_wconf 88' lang='lat' dir='ltr'>qua</span> <span class='ocrx_word' id='word_1_285' title='bbox 926 1707 1057 1751; x_wconf 70' lang='lat' dir='ltr'>rejeetus</span> <span class='ocrx_word' id='word_1_286' title='bbox 1080 1708 1332 1742; x_wconf 87' lang='lat' dir='ltr'>humorinficie-</span> 
     </span>
     <span class='ocr_line' id='line_1_39' title="bbox 323 1751 1332 1795; baseline -0.003 -8"><span class='ocrx_word' id='word_1_287' title='bbox 323 1755 442 1795; x_wconf 87' lang='lat' dir='ltr'>batur,</span> <span class='ocrx_word' id='word_1_288' title='bbox 466 1754 570 1787; x_wconf 85' lang='lat' dir='ltr'>inanis</span> <span class='ocrx_word' id='word_1_289' title='bbox 593 1751 723 1786; x_wconf 80' lang='lat' dir='ltr'>vesicula</span> <span class='ocrx_word' id='word_1_290' title='bbox 746 1752 837 1785; x_wconf 62' lang='lat' dir='ltr'>fellea</span> <span class='ocrx_word' id='word_1_291' title='bbox 860 1751 1013 1785; x_wconf 88' lang='lat' dir='ltr'>ostendit.</span> <span class='ocrx_word' id='word_1_292' title='bbox 1040 1751 1099 1785; x_wconf 82' lang='lat' dir='ltr'>Sed</span> <span class='ocrx_word' id='word_1_293' title='bbox 1123 1752 1180 1785; x_wconf 84' lang='lat' dir='ltr'>alii</span> <span class='ocrx_word' id='word_1_294' title='bbox 1201 1752 1234 1784; x_wconf 89' lang='lat' dir='ltr'>in</span> <span class='ocrx_word' id='word_1_295' title='bbox 1258 1763 1332 1784; x_wconf 81' lang='lat' dir='ltr'>ven-</span> 
     </span>
     <span class='ocr_line' id='line_1_40' title="bbox 323 1795 1334 1838; baseline -0.003 -7"><span class='ocrx_word' id='word_1_296' title='bbox 323 1797 467 1838; x_wconf 86' lang='lat' dir='ltr'>triculo,</span> <span class='ocrx_word' id='word_1_297' title='bbox 490 1800 522 1830; x_wconf 87' lang='lat'>&amp;</span> <span class='ocrx_word' id='word_1_298' title='bbox 545 1796 700 1830; x_wconf 78' lang='lat' dir='ltr'>intestinis</span> <span class='ocrx_word' id='word_1_299' title='bbox 723 1795 806 1829; x_wconf 90' lang='lat' dir='ltr'>succi</span> <span class='ocrx_word' id='word_1_300' title='bbox 832 1806 903 1828; x_wconf 89' lang='lat' dir='ltr'>curn</span> <span class='ocrx_word' id='word_1_301' title='bbox 927 1795 990 1828; x_wconf 91' lang='lat' dir='ltr'>bile</span> <span class='ocrx_word' id='word_1_302' title='bbox 1001 1802 1215 1829; x_wconf 87' lang='lat' dir='ltr'>convenerunt</span> <span class='ocrx_word' id='word_1_303' title='bbox 1238 1796 1334 1828; x_wconf 89' lang='lat' dir='ltr'>etiam</span> 
     </span>
     <span class='ocr_line' id='line_1_41' title="bbox 325 1837 1331 1881; baseline -0.005 -7"><span class='ocrx_word' id='word_1_304' title='bbox 325 1850 417 1874; x_wconf 86' lang='lat' dir='ltr'>antea</span> <span class='ocrx_word' id='word_1_305' title='bbox 443 1863 451 1878; x_wconf 89' lang='lat'>‚</span> <span class='ocrx_word' id='word_1_306' title='bbox 486 1852 559 1874; x_wconf 89' lang='lat' dir='ltr'>cum</span> <span class='ocrx_word' id='word_1_307' title='bbox 583 1840 676 1881; x_wconf 80' lang='lat' dir='ltr'>longe</span> <span class='ocrx_word' id='word_1_308' title='bbox 714 1839 779 1872; x_wconf 87' lang='lat' dir='ltr'>alio</span> <span class='ocrx_word' id='word_1_309' title='bbox 801 1838 910 1871; x_wconf 90' lang='lat' dir='ltr'>colore</span> <span class='ocrx_word' id='word_1_310' title='bbox 942 1839 1045 1871; x_wconf 64' lang='lat' dir='ltr'>tiocia</span> <span class='ocrx_word' id='word_1_311' title='bbox 1075 1837 1299 1880; x_wconf 83' lang='lat' dir='ltr'>rejiciebantur</span> <span class='ocrx_word' id='word_1_312' title='bbox 1323 1862 1331 1869; x_wconf 90' lang='lat'>.</span> 
     </span>
     <span class='ocr_line' id='line_1_42' title="bbox 324 1880 1335 1921; baseline -0.005 -3"><span class='ocrx_word' id='word_1_313' title='bbox 324 1887 415 1918; x_wconf 86' lang='lat' dir='ltr'>Utro</span> <span class='ocrx_word' id='word_1_314' title='bbox 437 1892 541 1917; x_wconf 90' lang='lat' dir='ltr'>autem</span> <span class='ocrx_word' id='word_1_315' title='bbox 564 1882 678 1916; x_wconf 82' lang='lat' dir='ltr'>horum</span> <span class='ocrx_word' id='word_1_316' title='bbox 700 1883 849 1915; x_wconf 83' lang='lat' dir='ltr'>colorum</span> <span class='ocrx_word' id='word_1_317' title='bbox 873 1892 908 1915; x_wconf 84' lang='lat' dir='ltr'>ea</span> <span class='ocrx_word' id='word_1_318' title='bbox 939 1882 1055 1915; x_wconf 71' lang='lat' dir='ltr'>viscera</span> <span class='ocrx_word' id='word_1_319' title='bbox 1079 1881 1181 1914; x_wconf 64' lang='lat' dir='ltr'>tiocia</span> <span class='ocrx_word' id='word_1_320' title='bbox 1205 1880 1299 1914; x_wconf 75' lang='lat' dir='ltr'>essent</span> <span class='ocrx_word' id='word_1_321' title='bbox 1322 1904 1335 1921; x_wconf 88' lang='lat'>,</span> 
     </span>
     <span class='ocr_line' id='line_1_43' title="bbox 327 1924 1330 1968; baseline -0.006 -6"><span class='ocrx_word' id='word_1_322' title='bbox 327 1939 402 1962; x_wconf 89' lang='lat' dir='ltr'>cum</span> <span class='ocrx_word' id='word_1_323' title='bbox 426 1926 500 1960; x_wconf 83' lang='lat' dir='ltr'>satis</span> <span class='ocrx_word' id='word_1_324' title='bbox 524 1926 671 1961; x_wconf 82' lang='lat' dir='ltr'>Valsalva</span> <span class='ocrx_word' id='word_1_325' title='bbox 694 1925 756 1959; x_wconf 84' lang='lat' dir='ltr'>suis</span> <span class='ocrx_word' id='word_1_326' title='bbox 780 1927 814 1957; x_wconf 92' lang='lat' dir='ltr'>in</span> <span class='ocrx_word' id='word_1_327' title='bbox 837 1924 960 1960; x_wconf 85' lang='lat' dir='ltr'>schedis</span> <span class='ocrx_word' id='word_1_328' title='bbox 985 1935 1047 1958; x_wconf 90' lang='lat' dir='ltr'>non</span> <span class='ocrx_word' id='word_1_329' title='bbox 1071 1925 1250 1968; x_wconf 81' lang='lat' dir='ltr'>aperuerit3</span> <span class='ocrx_word' id='word_1_330' title='bbox 1274 1934 1330 1957; x_wconf 89' lang='lat' dir='ltr'>nec</span> 
     </span>
     <span class='ocr_line' id='line_1_44' title="bbox 326 1968 1067 2005; baseline -0.007 0"><span class='ocrx_word' id='word_1_331' title='bbox 326 1971 411 2005; x_wconf 88' lang='lat' dir='ltr'>mihi</span> <span class='ocrx_word' id='word_1_332' title='bbox 435 1970 548 2004; x_wconf 83' lang='lat' dir='ltr'>diserte</span> <span class='ocrx_word' id='word_1_333' title='bbox 574 1971 608 2003; x_wconf 90' lang='lat' dir='ltr'>in</span> <span class='ocrx_word' id='word_1_334' title='bbox 633 1968 765 2002; x_wconf 82' lang='lat' dir='ltr'>historia</span> <span class='ocrx_word' id='word_1_335' title='bbox 790 1969 882 2001; x_wconf 90' lang='lat' dir='ltr'>licuit</span> <span class='ocrx_word' id='word_1_336' title='bbox 907 1968 1067 2002; x_wconf 89' lang='lat' dir='ltr'>indicare.</span> 
     </span>
    </p>

    <p class='ocr_par' dir='ltr' id='par_1_4' title="bbox 326 2010 1335 2272">
     <span class='ocr_line' id='line_1_45' title="bbox 369 2010 1332 2059; baseline -0.004 -12"><span class='ocrx_word' id='word_1_337' title='bbox 369 2018 400 2047; x_wconf 89' lang='lat'>6.</span> <span class='ocrx_word' id='word_1_338' title='bbox 421 2015 497 2059; x_wconf 82' lang='lat' dir='ltr'>Jam</span> <span class='ocrx_word' id='word_1_339' title='bbox 529 2024 604 2046; x_wconf 89' lang='lat' dir='ltr'>vero</span> <span class='ocrx_word' id='word_1_340' title='bbox 627 2015 730 2055; x_wconf 79' lang='lat' dir='ltr'>accipe</span> <span class='ocrx_word' id='word_1_341' title='bbox 753 2010 900 2046; x_wconf 87' lang='lat' dir='ltr'>historias</span> <span class='ocrx_word' id='word_1_342' title='bbox 926 2012 1001 2045; x_wconf 88' lang='lat' dir='ltr'>alias</span> <span class='ocrx_word' id='word_1_343' title='bbox 1018 2035 1030 2052; x_wconf 87' lang='lat'>,</span> <span class='ocrx_word' id='word_1_344' title='bbox 1065 2012 1099 2044; x_wconf 90' lang='lat' dir='ltr'>in</span> <span class='ocrx_word' id='word_1_345' title='bbox 1123 2010 1188 2045; x_wconf 80' lang='lat' dir='ltr'>duo</span> <span class='ocrx_word' id='word_1_346' title='bbox 1212 2011 1332 2053; x_wconf 83' lang='lat' dir='ltr'>pariter</span> 
     </span>
     <span class='ocr_line' id='line_1_46' title="bbox 326 2053 1331 2097; baseline -0.005 -6"><span class='ocrx_word' id='word_1_347' title='bbox 326 2070 436 2097; x_wconf 65' lang='lat' dir='ltr'>genera</span> <span class='ocrx_word' id='word_1_348' title='bbox 459 2056 595 2094; x_wconf 83' lang='lat' dir='ltr'>divisas,</span> <span class='ocrx_word' id='word_1_349' title='bbox 617 2057 833 2090; x_wconf 83' lang='lat' dir='ltr'>vomitionum</span> <span class='ocrx_word' id='word_1_350' title='bbox 858 2065 910 2089; x_wconf 87' lang='lat' dir='ltr'>aut</span> <span class='ocrx_word' id='word_1_351' title='bbox 935 2055 972 2089; x_wconf 81' lang='lat' dir='ltr'>ad</span> <span class='ocrx_word' id='word_1_352' title='bbox 995 2054 1159 2088; x_wconf 88' lang='lat' dir='ltr'>diuturnas</span> <span class='ocrx_word' id='word_1_353' title='bbox 1180 2076 1191 2093; x_wconf 86' lang='lat'>‚</span> <span class='ocrx_word' id='word_1_354' title='bbox 1215 2063 1268 2088; x_wconf 88' lang='lat' dir='ltr'>aut</span> <span class='ocrx_word' id='word_1_355' title='bbox 1292 2053 1331 2086; x_wconf 87' lang='lat' dir='ltr'>ad</span> 
     </span>
     <span class='ocr_line' id='line_1_47' title="bbox 327 2095 1331 2141; baseline -0.005 -6"><span class='ocrx_word' id='word_1_356' title='bbox 327 2103 433 2135; x_wconf 71' lang='lat' dir='ltr'>breves</span> <span class='ocrx_word' id='word_1_357' title='bbox 457 2101 663 2134; x_wconf 77' lang='lat' dir='ltr'>attinentium</span> <span class='ocrx_word' id='word_1_358' title='bbox 691 2124 699 2131; x_wconf 97' lang='lat'>.</span> <span class='ocrx_word' id='word_1_359' title='bbox 732 2100 784 2132; x_wconf 83' lang='lat' dir='ltr'>Ex</span> <span class='ocrx_word' id='word_1_360' title='bbox 807 2099 873 2132; x_wconf 85' lang='lat' dir='ltr'>iliis</span> <span class='ocrx_word' id='word_1_361' title='bbox 907 2109 1011 2132; x_wconf 88' lang='lat' dir='ltr'>autem</span> <span class='ocrx_word' id='word_1_362' title='bbox 1033 2099 1135 2141; x_wconf 86' lang='lat' dir='ltr'>prima</span> <span class='ocrx_word' id='word_1_363' title='bbox 1167 2095 1231 2130; x_wconf 87' lang='lat' dir='ltr'>esto</span> <span class='ocrx_word' id='word_1_364' title='bbox 1259 2108 1331 2139; x_wconf 82' lang='lat' dir='ltr'>quae</span> 
     </span>
     <span class='ocr_line' id='line_1_48' title="bbox 327 2141 1334 2187; baseline -0.007 -8"><span class='ocrx_word' id='word_1_365' title='bbox 327 2145 507 2187; x_wconf 74' lang='lat' dir='ltr'>exemplum</span> <span class='ocrx_word' id='word_1_366' title='bbox 533 2141 652 2186; x_wconf 81' lang='lat' dir='ltr'>profert</span> <span class='ocrx_word' id='word_1_367' title='bbox 677 2143 818 2176; x_wconf 87' lang='lat' dir='ltr'>vomitus</span> <span class='ocrx_word' id='word_1_368' title='bbox 841 2153 907 2185; x_wconf 90' lang='lat' dir='ltr'>quo</span> <span class='ocrx_word' id='word_1_369' title='bbox 925 2141 1140 2175; x_wconf 85' lang='lat' dir='ltr'>diuturniores</span> <span class='ocrx_word' id='word_1_370' title='bbox 1164 2151 1228 2174; x_wconf 89' lang='lat' dir='ltr'>non</span> <span class='ocrx_word' id='word_1_371' title='bbox 1239 2141 1334 2174; x_wconf 90' lang='lat' dir='ltr'>multi</span> 
     </span>
     <span class='ocr_line' id='line_1_49' title="bbox 328 2185 1335 2233; baseline -0.008 -9"><span class='ocrx_word' id='word_1_372' title='bbox 328 2190 526 2233; x_wconf 77' lang='lat' dir='ltr'>reperientur</span> <span class='ocrx_word' id='word_1_373' title='bbox 539 2186 726 2229; x_wconf 85' lang='lat' dir='ltr'>:eademque</span> <span class='ocrx_word' id='word_1_374' title='bbox 736 2186 777 2219; x_wconf 84' lang='lat' dir='ltr'>est</span> <span class='ocrx_word' id='word_1_375' title='bbox 789 2196 886 2228; x_wconf 89' lang='lat' dir='ltr'>quarn</span> <span class='ocrx_word' id='word_1_376' title='bbox 898 2185 973 2226; x_wconf 86' lang='lat' dir='ltr'>tibi,</span> <span class='ocrx_word' id='word_1_377' title='bbox 983 2196 1057 2219; x_wconf 87' lang='lat' dir='ltr'>cum</span> <span class='ocrx_word' id='word_1_378' title='bbox 1069 2185 1106 2218; x_wconf 90' lang='lat' dir='ltr'>de</span> <span class='ocrx_word' id='word_1_379' title='bbox 1120 2185 1335 2227; x_wconf 88' lang='lat' dir='ltr'>Palpitatione</span> 
     </span>
     <span class='ocr_line' id='line_1_50' title="bbox 327 2226 1331 2272; baseline -0.004 -6"><span class='ocrx_word' id='word_1_380' title='bbox 327 2232 448 2267; x_wconf 81' lang='lat' dir='ltr'>Cordls</span> <span class='ocrx_word' id='word_1_381' title='bbox 461 2232 622 2265; x_wconf 68' lang='lat' dir='ltr'>scriberem</span> <span class='ocrx_word' id='word_1_382' title='bbox 634 2230 679 2270; x_wconf 79' lang='lat' dir='ltr'>(b)</span> <span class='ocrx_word' id='word_1_383' title='bbox 691 2241 705 2261; x_wconf 82' lang='lat' dir='ltr'>a</span> <span class='ocrx_word' id='word_1_384' title='bbox 717 2240 765 2262; x_wconf 79' lang='lat' dir='ltr'>me</span> <span class='ocrx_word' id='word_1_385' title='bbox 775 2229 978 2271; x_wconf 85' lang='lat' dir='ltr'>peculiariter</span> <span class='ocrx_word' id='word_1_386' title='bbox 989 2226 1170 2272; x_wconf 79' lang='lat' dir='ltr'>promissam</span> <span class='ocrx_word' id='word_1_387' title='bbox 1179 2229 1331 2262; x_wconf 90' lang='lat' dir='ltr'>memini.</span> 
     </span>
    </p>

    <p class='ocr_par' dir='ltr' id='par_1_5' title="bbox 329 2271 1346 3442">
     <span class='ocr_line' id='line_1_51' title="bbox 372 2271 1333 2320; baseline -0.006 -11"><span class='ocrx_word' id='word_1_388' title='bbox 372 2288 402 2320; x_wconf 91' lang='lat'>7.</span> <span class='ocrx_word' id='word_1_389' title='bbox 428 2276 621 2309; x_wconf 70' lang='lat' dir='ltr'><strong>NOBILIS</strong></span> <span class='ocrx_word' id='word_1_390' title='bbox 646 2275 795 2306; x_wconf 82' lang='lat' dir='ltr'>Matrona</span> <span class='ocrx_word' id='word_1_391' title='bbox 820 2274 971 2306; x_wconf 85' lang='lat' dir='ltr'>Patavina</span> <span class='ocrx_word' id='word_1_392' title='bbox 995 2295 1007 2312; x_wconf 87' lang='lat'>,</span> <span class='ocrx_word' id='word_1_393' title='bbox 1030 2283 1099 2314; x_wconf 72' lang='lat' dir='ltr'>quae</span> <span class='ocrx_word' id='word_1_394' title='bbox 1125 2272 1162 2304; x_wconf 90' lang='lat' dir='ltr'>ab</span> <span class='ocrx_word' id='word_1_395' title='bbox 1184 2281 1259 2305; x_wconf 89' lang='lat' dir='ltr'>ortu</span> <span class='ocrx_word' id='word_1_396' title='bbox 1282 2271 1333 2304; x_wconf 83' lang='lat' dir='ltr'>us·-</span> 
     </span>
     <span class='ocr_line' id='line_1_52' title="bbox 332 2314 1333 2362; baseline -0.007 -9"><span class='ocrx_word' id='word_1_397' title='bbox 332 2332 393 2362; x_wconf 83' lang='lat' dir='ltr'>que</span> <span class='ocrx_word' id='word_1_398' title='bbox 417 2319 494 2362; x_wconf 68' lang='lat' dir='ltr'>saepe</span> <span class='ocrx_word' id='word_1_399' title='bbox 519 2318 595 2351; x_wconf 89' lang='lat' dir='ltr'>adeo</span> <span class='ocrx_word' id='word_1_400' title='bbox 618 2318 664 2350; x_wconf 87' lang='lat' dir='ltr'>lac</span> <span class='ocrx_word' id='word_1_401' title='bbox 689 2315 852 2359; x_wconf 76' lang='lat' dir='ltr'>rejiciebat</span> <span class='ocrx_word' id='word_1_402' title='bbox 867 2341 879 2358; x_wconf 84' lang='lat'>‚</span> <span class='ocrx_word' id='word_1_403' title='bbox 902 2325 936 2350; x_wconf 89' lang='lat' dir='ltr'>ut</span> <span class='ocrx_word' id='word_1_404' title='bbox 962 2317 1072 2349; x_wconf 84' lang='lat' dir='ltr'>nutrix</span> <span class='ocrx_word' id='word_1_405' title='bbox 1096 2315 1255 2347; x_wconf 68' lang='lat' dir='ltr'>victuram</span> <span class='ocrx_word' id='word_1_406' title='bbox 1278 2314 1333 2347; x_wconf 87' lang='lat' dir='ltr'>de-</span> 
     </span>
     <span class='ocr_line' id='line_1_53' title="bbox 329 2357 1334 2406; baseline -0.007 -9"><span class='ocrx_word' id='word_1_407' title='bbox 329 2363 491 2406; x_wconf 71' lang='lat' dir='ltr'>speraret,</span> <span class='ocrx_word' id='word_1_408' title='bbox 514 2361 618 2395; x_wconf 85' lang='lat' dir='ltr'>adulta</span> <span class='ocrx_word' id='word_1_409' title='bbox 641 2359 875 2400; x_wconf 79' lang='lat' dir='ltr'>nihilominus,</span> <span class='ocrx_word' id='word_1_410' title='bbox 899 2369 1019 2401; x_wconf 84' lang='lat' dir='ltr'>nupta,</span> <span class='ocrx_word' id='word_1_411' title='bbox 1041 2361 1073 2390; x_wconf 75' lang='grc' dir='ltr'>δε</span> <span class='ocrx_word' id='word_1_412' title='bbox 1103 2357 1168 2400; x_wconf 80' lang='lat' dir='ltr'>jam</span> <span class='ocrx_word' id='word_1_413' title='bbox 1193 2359 1334 2400; x_wconf 88' lang='lat' dir='ltr'>plurium</span> 
     </span>
     <span class='ocr_line' id='line_1_54' title="bbox 330 2403 1333 2447; baseline -0.007 -7"><span class='ocrx_word' id='word_1_414' title='bbox 330 2408 506 2441; x_wconf 85' lang='lat' dir='ltr'>liberorum</span> <span class='ocrx_word' id='word_1_415' title='bbox 530 2415 639 2447; x_wconf 74' lang='lat' dir='ltr'>parens</span> <span class='ocrx_word' id='word_1_416' title='bbox 656 2429 663 2435; x_wconf 88' lang='lat'>..</span> <span class='ocrx_word' id='word_1_417' title='bbox 686 2414 759 2435; x_wconf 91' lang='lat' dir='ltr'>cum</span> <span class='ocrx_word' id='word_1_418' title='bbox 781 2412 931 2445; x_wconf 89' lang='lat' dir='ltr'>quartum</span> <span class='ocrx_word' id='word_1_419' title='bbox 955 2412 1069 2433; x_wconf 88' lang='lat' dir='ltr'>annum</span> <span class='ocrx_word' id='word_1_420' title='bbox 1095 2411 1196 2441; x_wconf 88' lang='lat' dir='ltr'>ageret</span> <span class='ocrx_word' id='word_1_421' title='bbox 1220 2404 1252 2433; x_wconf 63' lang='grc' dir='ltr'>ὃ(</span> <span class='ocrx_word' id='word_1_422' title='bbox 1275 2403 1333 2433; x_wconf 90' lang='lat' dir='ltr'>tri-</span> 
     </span>
     <span class='ocr_line' id='line_1_55' title="bbox 331 2443 1332 2493; baseline -0.009 -9"><span class='ocrx_word' id='word_1_423' title='bbox 331 2450 505 2493; x_wconf 84' lang='lat' dir='ltr'>gesimum,</span> <span class='ocrx_word' id='word_1_424' title='bbox 528 2448 629 2490; x_wconf 82' lang='lat' dir='ltr'>coepit</span> <span class='ocrx_word' id='word_1_425' title='bbox 652 2447 686 2478; x_wconf 86' lang='lat' dir='ltr'>in</span> <span class='ocrx_word' id='word_1_426' title='bbox 710 2446 878 2487; x_wconf 80' lang='lat' dir='ltr'>puerperio</span> <span class='ocrx_word' id='word_1_427' title='bbox 901 2444 1011 2485; x_wconf 78' lang='lat' dir='ltr'>saepius</span> <span class='ocrx_word' id='word_1_428' title='bbox 1037 2443 1332 2483; x_wconf 77' lang='lat' dir='ltr'>vomitulaboraie,</span> 
     </span>
     <span class='ocr_line' id='line_1_56' title="bbox 332 2486 1333 2538; baseline -0.009 -10"><span class='ocrx_word' id='word_1_429' title='bbox 332 2505 350 2528; x_wconf 83' lang='lat' dir='ltr'>a</span> <span class='ocrx_word' id='word_1_430' title='bbox 371 2505 436 2538; x_wconf 90' lang='lat' dir='ltr'>quo</span> <span class='ocrx_word' id='word_1_431' title='bbox 459 2491 580 2525; x_wconf 87' lang='lat' dir='ltr'>duobus</span> <span class='ocrx_word' id='word_1_432' title='bbox 604 2489 673 2532; x_wconf 85' lang='lat' dir='ltr'>post</span> <span class='ocrx_word' id='word_1_433' title='bbox 696 2487 848 2522; x_wconf 81' lang='lat' dir='ltr'>mensibus</span> <span class='ocrx_word' id='word_1_434' title='bbox 874 2487 903 2521; x_wconf 90' lang='lat' dir='ltr'>se</span> <span class='ocrx_word' id='word_1_435' title='bbox 928 2487 1061 2522; x_wconf 84' lang='lat' dir='ltr'>liberam</span> <span class='ocrx_word' id='word_1_436' title='bbox 1084 2486 1152 2519; x_wconf 87' lang='lat' dir='ltr'>fore</span> <span class='ocrx_word' id='word_1_437' title='bbox 1175 2487 1209 2519; x_wconf 89' lang='lat' dir='ltr'>in</span> <span class='ocrx_word' id='word_1_438' title='bbox 1233 2486 1333 2530; x_wconf 89' lang='lat' dir='ltr'>poste-</span> 
     </span>
     <span class='ocr_line' id='line_1_57' title="bbox 333 2528 1331 2578; baseline -0.007 -8"><span class='ocrx_word' id='word_1_439' title='bbox 333 2549 428 2578; x_wconf 83' lang='lat' dir='ltr'>rum,</span> <span class='ocrx_word' id='word_1_440' title='bbox 451 2533 611 2573; x_wconf 85' lang='lat' dir='ltr'>credidit,</span> <span class='ocrx_word' id='word_1_441' title='bbox 633 2543 704 2565; x_wconf 91' lang='lat' dir='ltr'>cum</span> <span class='ocrx_word' id='word_1_442' title='bbox 726 2530 859 2573; x_wconf 88' lang='lat' dir='ltr'>globum</span> <span class='ocrx_word' id='word_1_443' title='bbox 883 2528 1030 2573; x_wconf 79' lang='lat' dir='ltr'>rejecisset</span> <span class='ocrx_word' id='word_1_444' title='bbox 1051 2529 1208 2572; x_wconf 87' lang='lat' dir='ltr'>quendam</span> <span class='ocrx_word' id='word_1_445' title='bbox 1229 2553 1241 2570; x_wconf 90' lang='lat'>,</span> <span class='ocrx_word' id='word_1_446' title='bbox 1263 2530 1331 2563; x_wconf 88' lang='lat' dir='ltr'>dia·</span> 
     </span>
     <span class='ocr_line' id='line_1_58' title="bbox 332 2573 1333 2620; baseline -0.009 -5"><span class='ocrx_word' id='word_1_447' title='bbox 332 2591 436 2615; x_wconf 86' lang='lat' dir='ltr'>metro</span> <span class='ocrx_word' id='word_1_448' title='bbox 458 2578 538 2612; x_wconf 89' lang='lat' dir='ltr'>duos</span> <span class='ocrx_word' id='word_1_449' title='bbox 560 2576 691 2620; x_wconf 79' lang='lat' dir='ltr'>pollices</span> <span class='ocrx_word' id='word_1_450' title='bbox 715 2576 907 2617; x_wconf 83' lang='lat' dir='ltr'>superantem</span> <span class='ocrx_word' id='word_1_451' title='bbox 922 2600 930 2615; x_wconf 93' lang='lat'>‚</span> <span class='ocrx_word' id='word_1_452' title='bbox 953 2575 1092 2608; x_wconf 76' lang='lat' dir='ltr'>mate&#39;riae</span> <span class='ocrx_word' id='word_1_453' title='bbox 1103 2583 1177 2607; x_wconf 87' lang='lat' dir='ltr'>tunc</span> <span class='ocrx_word' id='word_1_454' title='bbox 1202 2573 1333 2606; x_wconf 88' lang='lat' dir='ltr'>mollio-</span> 
     </span>
     <span class='ocr_line' id='line_1_59' title="bbox 333 2616 1334 2665; baseline -0.008 -7"><span class='ocrx_word' id='word_1_455' title='bbox 333 2626 399 2665; x_wconf 84' lang='lat' dir='ltr'>ris,</span> <span class='ocrx_word' id='word_1_456' title='bbox 423 2622 555 2664; x_wconf 81' lang='lat' dir='ltr'>sedquae</span> <span class='ocrx_word' id='word_1_457' title='bbox 578 2631 655 2653; x_wconf 84' lang='lat' dir='ltr'>mox</span> <span class='ocrx_word' id='word_1_458' title='bbox 666 2620 729 2652; x_wconf 87' lang='lat' dir='ltr'>aeri</span> <span class='ocrx_word' id='word_1_459' title='bbox 755 2618 917 2660; x_wconf 80' lang='lat' dir='ltr'>exposita,</span> <span class='ocrx_word' id='word_1_460' title='bbox 940 2617 1097 2651; x_wconf 81' lang='lat' dir='ltr'>duriffima</span> <span class='ocrx_word' id='word_1_461' title='bbox 1111 2616 1179 2659; x_wconf 84' lang='lat' dir='ltr'>post</span> <span class='ocrx_word' id='word_1_462' title='bbox 1191 2617 1334 2650; x_wconf 86' lang='lat' dir='ltr'>triduum</span> 
     </span>
     <span class='ocr_line' id='line_1_60' title="bbox 332 2661 1338 2704; baseline -0.008 -3"><span class='ocrx_word' id='word_1_463' title='bbox 332 2669 462 2701; x_wconf 87' lang='lat' dir='ltr'>inventa</span> <span class='ocrx_word' id='word_1_464' title='bbox 485 2663 543 2697; x_wconf 86' lang='lat' dir='ltr'>est.</span> <span class='ocrx_word' id='word_1_465' title='bbox 568 2664 689 2697; x_wconf 88' lang='lat' dir='ltr'>Verum</span> <span class='ocrx_word' id='word_1_466' title='bbox 701 2661 763 2704; x_wconf 85' lang='lat' dir='ltr'>spei</span> <span class='ocrx_word' id='word_1_467' title='bbox 787 2672 850 2695; x_wconf 88' lang='lat' dir='ltr'>non</span> <span class='ocrx_word' id='word_1_468' title='bbox 866 2661 1027 2703; x_wconf 86' lang='lat' dir='ltr'>respondit</span> <span class='ocrx_word' id='word_1_469' title='bbox 1050 2671 1196 2694; x_wconf 88' lang='lat' dir='ltr'>eventus.</span> <span class='ocrx_word' id='word_1_470' title='bbox 1221 2661 1338 2694; x_wconf 84' lang='lat' dir='ltr'>Vomi-</span> 
     </span>
     <span class='ocr_line' id='line_1_61' title="bbox 335 2703 1337 2753; baseline -0.007 -10"><span class='ocrx_word' id='word_1_471' title='bbox 335 2712 388 2745; x_wconf 86' lang='lat' dir='ltr'>tio</span> <span class='ocrx_word' id='word_1_472' title='bbox 412 2707 574 2753; x_wconf 86' lang='lat' dir='ltr'>perstitit,</span> <span class='ocrx_word' id='word_1_473' title='bbox 597 2706 784 2748; x_wconf 83' lang='lat' dir='ltr'>&amp;quamvis</span> <span class='ocrx_word' id='word_1_474' title='bbox 809 2704 980 2747; x_wconf 87' lang='lat' dir='ltr'>apluribus</span> <span class='ocrx_word' id='word_1_475' title='bbox 991 2704 1131 2738; x_wconf 87' lang='lat' dir='ltr'>Medicis</span> <span class='ocrx_word' id='word_1_476' title='bbox 1153 2703 1229 2740; x_wconf 91' lang='lat' dir='ltr'>diu,</span> <span class='ocrx_word' id='word_1_477' title='bbox 1254 2705 1337 2737; x_wconf 84' lang='lat' dir='ltr'>mul-</span> 
     </span>
     <span class='ocr_line' id='line_1_62' title="bbox 335 2747 1336 2796; baseline -0.01 -7"><span class='ocrx_word' id='word_1_478' title='bbox 335 2764 467 2796; x_wconf 89' lang='lat' dir='ltr'>tumque</span> <span class='ocrx_word' id='word_1_479' title='bbox 492 2750 590 2784; x_wconf 91' lang='lat' dir='ltr'>modo</span> <span class='ocrx_word' id='word_1_480' title='bbox 612 2749 750 2789; x_wconf 84' lang='lat' dir='ltr'>leniter,</span> <span class='ocrx_word' id='word_1_481' title='bbox 772 2747 850 2781; x_wconf 86' lang='lat' dir='ltr'>alias</span> <span class='ocrx_word' id='word_1_482' title='bbox 873 2748 1087 2781; x_wconf 84' lang='lat' dir='ltr'>vehementius</span> <span class='ocrx_word' id='word_1_483' title='bbox 1119 2757 1302 2790; x_wconf 73' lang='lat' dir='ltr'>oppugnata</span> <span class='ocrx_word' id='word_1_484' title='bbox 1326 2759 1336 2786; x_wconf 86' lang='grc'><strong><em>5</em></strong></span> 
     </span>
     <span class='ocr_line' id='line_1_63' title="bbox 336 2790 1339 2836; baseline -0.008 -5"><span class='ocrx_word' id='word_1_485' title='bbox 336 2798 375 2832; x_wconf 85' lang='lat' dir='ltr'>ad</span> <span class='ocrx_word' id='word_1_486' title='bbox 398 2803 534 2829; x_wconf 86' lang='lat' dir='ltr'>mortem</span> <span class='ocrx_word' id='word_1_487' title='bbox 557 2793 653 2836; x_wconf 86' lang='lat' dir='ltr'>usque</span> <span class='ocrx_word' id='word_1_488' title='bbox 679 2817 688 2833; x_wconf 90' lang='lat'>,</span> <span class='ocrx_word' id='word_1_489' title='bbox 710 2794 745 2826; x_wconf 90' lang='lat' dir='ltr'>id</span> <span class='ocrx_word' id='word_1_490' title='bbox 770 2791 812 2825; x_wconf 71' lang='lat' dir='ltr'>est</span> <span class='ocrx_word' id='word_1_491' title='bbox 834 2791 950 2834; x_wconf 86' lang='lat' dir='ltr'>viginti</span> <span class='ocrx_word' id='word_1_492' title='bbox 974 2800 1111 2834; x_wconf 89' lang='lat' dir='ltr'>quatuor</span> <span class='ocrx_word' id='word_1_493' title='bbox 1134 2790 1220 2833; x_wconf 83' lang='lat' dir='ltr'>ipsos</span> <span class='ocrx_word' id='word_1_494' title='bbox 1243 2802 1339 2823; x_wconf 87' lang='lat' dir='ltr'>annos</span> 
     </span>
     <span class='ocr_line' id='line_1_64' title="bbox 336 2832 1339 2885; baseline -0.008 -11"><span class='ocrx_word' id='word_1_495' title='bbox 336 2839 537 2885; x_wconf 86' lang='lat' dir='ltr'>perduravit.</span> <span class='ocrx_word' id='word_1_496' title='bbox 561 2836 702 2871; x_wconf 89' lang='lat' dir='ltr'>Redibat</span> <span class='ocrx_word' id='word_1_497' title='bbox 726 2833 872 2879; x_wconf 89' lang='lat' dir='ltr'>quotidie</span> <span class='ocrx_word' id='word_1_498' title='bbox 895 2834 1015 2868; x_wconf 86' lang='lat' dir='ltr'>duabus</span> <span class='ocrx_word' id='word_1_499' title='bbox 1040 2847 1054 2867; x_wconf 89' lang='lat' dir='ltr'>a</span> <span class='ocrx_word' id='word_1_500' title='bbox 1078 2833 1215 2876; x_wconf 87' lang='lat' dir='ltr'>prandio</span> <span class='ocrx_word' id='word_1_501' title='bbox 1230 2832 1339 2866; x_wconf 87' lang='lat' dir='ltr'>horis.</span> 
     </span>
     <span class='ocr_line' id='line_1_65' title="bbox 337 2877 1341 2921; baseline -0.006 -5"><span class='ocrx_word' id='word_1_502' title='bbox 337 2887 371 2919; x_wconf 87' lang='lat' dir='ltr'>A</span> <span class='ocrx_word' id='word_1_503' title='bbox 393 2892 484 2916; x_wconf 86' lang='lat' dir='ltr'>coena</span> <span class='ocrx_word' id='word_1_504' title='bbox 506 2889 571 2913; x_wconf 89' lang='lat' dir='ltr'>non</span> <span class='ocrx_word' id='word_1_505' title='bbox 596 2878 739 2918; x_wconf 86' lang='lat' dir='ltr'>redibat,</span> <span class='ocrx_word' id='word_1_506' title='bbox 762 2878 818 2911; x_wconf 88' lang='lat' dir='ltr'>nisi</span> <span class='ocrx_word' id='word_1_507' title='bbox 844 2878 994 2921; x_wconf 84' lang='lat' dir='ltr'>postridie</span> <span class='ocrx_word' id='word_1_508' title='bbox 1017 2889 1127 2911; x_wconf 89' lang='lat' dir='ltr'>mane.</span> <span class='ocrx_word' id='word_1_509' title='bbox 1153 2879 1198 2911; x_wconf 85' lang='lat' dir='ltr'>Et</span> <span class='ocrx_word' id='word_1_510' title='bbox 1222 2877 1341 2918; x_wconf 84' lang='lat' dir='ltr'>liceta-</span> 
     </span>
     <span class='ocr_line' id='line_1_66' title="bbox 339 2920 1342 2966; baseline -0.008 -5"><span class='ocrx_word' id='word_1_511' title='bbox 339 2926 466 2961; x_wconf 86' lang='lat' dir='ltr'>limenti</span> <span class='ocrx_word' id='word_1_512' title='bbox 491 2933 600 2966; x_wconf 85' lang='lat' dir='ltr'>genera</span> <span class='ocrx_word' id='word_1_513' title='bbox 625 2931 845 2959; x_wconf 85' lang='lat' dir='ltr'>mutai·eiitur;</span> <span class='ocrx_word' id='word_1_514' title='bbox 870 2921 987 2964; x_wconf 86' lang='lat' dir='ltr'>semper</span> <span class='ocrx_word' id='word_1_515' title='bbox 1011 2920 1187 2954; x_wconf 88' lang='lat' dir='ltr'>recurrebat</span> <span class='ocrx_word' id='word_1_516' title='bbox 1210 2920 1248 2953; x_wconf 89' lang='lat' dir='ltr'>ad</span> <span class='ocrx_word' id='word_1_517' title='bbox 1267 2931 1342 2954; x_wconf 90' lang='lat' dir='ltr'>eun-</span> 
     </span>
     <span class='ocr_line' id='line_1_67' title="bbox 339 2963 1341 3011; baseline -0.008 -7"><span class='ocrx_word' id='word_1_518' title='bbox 339 2971 412 3005; x_wconf 90' lang='lat' dir='ltr'>dem</span> <span class='ocrx_word' id='word_1_519' title='bbox 436 2967 568 3001; x_wconf 89' lang='lat' dir='ltr'>modum</span> <span class='ocrx_word' id='word_1_520' title='bbox 583 2987 593 3003; x_wconf 89' lang='lat'>,</span> <span class='ocrx_word' id='word_1_521' title='bbox 616 2963 977 3011; x_wconf 38' lang='lat' dir='ltr'>materiamque-semper</span> <span class='ocrx_word' id='word_1_522' title='bbox 1000 2964 1144 3007; x_wconf 83' lang='lat' dir='ltr'>ejiciebat</span> <span class='ocrx_word' id='word_1_523' title='bbox 1158 2963 1341 3003; x_wconf 86' lang='lat' dir='ltr'>subalbam,</span> 
     </span>
     <span class='ocr_line' id='line_1_68' title="bbox 340 3008 1339 3050; baseline -0.008 -3"><span class='ocrx_word' id='word_1_524' title='bbox 340 3010 490 3049; x_wconf 74' lang='lat' dir='ltr'>crassam,</span> <span class='ocrx_word' id='word_1_525' title='bbox 514 3008 686 3044; x_wconf 63' lang='lat' dir='ltr'>ductilem.</span> <span class='ocrx_word' id='word_1_526' title='bbox 710 3009 816 3050; x_wconf 82' lang='lat' dir='ltr'>Qam</span> <span class='ocrx_word' id='word_1_527' title='bbox 831 3008 851 3039; x_wconf 86' lang='lat' dir='ltr'>si</span> <span class='ocrx_word' id='word_1_528' title='bbox 877 3009 990 3042; x_wconf 87' lang='lat' dir='ltr'>mulier</span> <span class='ocrx_word' id='word_1_529' title='bbox 1001 3017 1170 3041; x_wconf 90' lang='lat' dir='ltr'>conaretur</span> <span class='ocrx_word' id='word_1_530' title='bbox 1181 3009 1339 3045; x_wconf 74' lang='lat' dir='ltr'>retinere3</span> 
     </span>
     <span class='ocr_line' id='line_1_69' title="bbox 340 3050 1340 3100; baseline -0.007 -10"><span class='ocrx_word' id='word_1_531' title='bbox 340 3066 470 3100; x_wconf 85' lang='lat' dir='ltr'>magnas</span> <span class='ocrx_word' id='word_1_532' title='bbox 493 3056 527 3086; x_wconf 89' lang='lat' dir='ltr'>in</span> <span class='ocrx_word' id='word_1_533' title='bbox 548 3051 718 3086; x_wconf 86' lang='lat' dir='ltr'>ventriculi</span> <span class='ocrx_word' id='word_1_534' title='bbox 743 3052 870 3093; x_wconf 79' lang='lat' dir='ltr'>regione</span> <span class='ocrx_word' id='word_1_535' title='bbox 902 3053 1081 3094; x_wconf 86' lang='lat' dir='ltr'>patiebatur</span> <span class='ocrx_word' id='word_1_536' title='bbox 1105 3050 1258 3084; x_wconf 88' lang='lat' dir='ltr'>molestias</span> <span class='ocrx_word' id='word_1_537' title='bbox 1282 3052 1340 3083; x_wconf 89' lang='lat' dir='ltr'>do-</span> 
     </span>
     <span class='ocr_line' id='line_1_70' title="bbox 342 3093 1341 3135; baseline -0.008 -1"><span class='ocrx_word' id='word_1_538' title='bbox 342 3111 397 3135; x_wconf 86' lang='lat' dir='ltr'>nec</span> <span class='ocrx_word' id='word_1_539' title='bbox 419 3095 582 3132; x_wconf 90' lang='lat' dir='ltr'>redderet;</span> <span class='ocrx_word' id='word_1_540' title='bbox 606 3095 754 3129; x_wconf 87' lang='lat' dir='ltr'>reddebat</span> <span class='ocrx_word' id='word_1_541' title='bbox 765 3104 866 3127; x_wconf 87' lang='lat' dir='ltr'>autem</span> <span class='ocrx_word' id='word_1_542' title='bbox 878 3105 941 3128; x_wconf 90' lang='lat' dir='ltr'>non</span> <span class='ocrx_word' id='word_1_543' title='bbox 954 3095 1015 3128; x_wconf 87' lang='lat' dir='ltr'>sine</span> <span class='ocrx_word' id='word_1_544' title='bbox 1037 3095 1226 3128; x_wconf 84' lang='lat' dir='ltr'>conatibus:</span> <span class='ocrx_word' id='word_1_545' title='bbox 1252 3093 1301 3127; x_wconf 89' lang='lat' dir='ltr'>sed</span> <span class='ocrx_word' id='word_1_546' title='bbox 1325 3105 1341 3126; x_wconf 90' lang='lat' dir='ltr'>a</span> 
     </span>
     <span class='ocr_line' id='line_1_71' title="bbox 343 3137 1342 3179; baseline -0.007 -3"><span class='ocrx_word' id='word_1_547' title='bbox 343 3143 470 3177; x_wconf 89' lang='lat' dir='ltr'>vomitu</span> <span class='ocrx_word' id='word_1_548' title='bbox 493 3140 600 3174; x_wconf 85' lang='lat' dir='ltr'>omnia</span> <span class='ocrx_word' id='word_1_549' title='bbox 613 3138 816 3172; x_wconf 86' lang='lat' dir='ltr'>sedabantur.</span> <span class='ocrx_word' id='word_1_550' title='bbox 841 3138 942 3171; x_wconf 88' lang='lat' dir='ltr'>Alvus</span> <span class='ocrx_word' id='word_1_551' title='bbox 963 3139 1069 3179; x_wconf 83' lang='lat' dir='ltr'>nihil,</span> <span class='ocrx_word' id='word_1_552' title='bbox 1092 3137 1149 3171; x_wconf 83' lang='lat' dir='ltr'>nisi</span> <span class='ocrx_word' id='word_1_553' title='bbox 1162 3137 1342 3179; x_wconf 81' lang='lat' dir='ltr'>solicitata,</span> 
     </span>
     <span class='ocr_line' id='line_1_72' title="bbox 344 3180 1343 3229; baseline -0.006 -10"><span class='ocrx_word' id='word_1_554' title='bbox 344 3185 509 3229; x_wconf 82' lang='lat' dir='ltr'>egerebat.-</span> <span class='ocrx_word' id='word_1_555' title='bbox 532 3182 620 3226; x_wconf 84' lang='lat' dir='ltr'>quod</span> <span class='ocrx_word' id='word_1_556' title='bbox 642 3181 773 3224; x_wconf 78' lang='lat' dir='ltr'>jamdiu</span> <span class='ocrx_word' id='word_1_557' title='bbox 796 3191 882 3221; x_wconf 80' lang='lat' dir='ltr'>nnn,</span> <span class='ocrx_word' id='word_1_558' title='bbox 903 3180 964 3214; x_wconf 87' lang='lat' dir='ltr'>fine</span> <span class='ocrx_word' id='word_1_559' title='bbox 987 3194 1078 3225; x_wconf 73' lang='lat' dir='ltr'>aegrae</span> <span class='ocrx_word' id='word_1_560' title='bbox 1090 3191 1172 3215; x_wconf 78' lang='lat' dir='ltr'>noxa</span> <span class='ocrx_word' id='word_1_561' title='bbox 1186 3205 1196 3220; x_wconf 84' lang='lat'><em>‚</em></span> <span class='ocrx_word' id='word_1_562' title='bbox 1218 3181 1343 3213; x_wconf 63' lang='lat' dir='ltr'>obtine-</span> 
     </span>
     <span class='ocr_line' id='line_1_73' title="bbox 346 3224 1341 3271; baseline -0.007 -8"><span class='ocrx_word' id='word_1_563' title='bbox 346 3234 374 3264; x_wconf 87' lang='lat' dir='ltr'>ri</span> <span class='ocrx_word' id='word_1_564' title='bbox 398 3236 521 3271; x_wconf 83' lang='lat' dir='ltr'>poterat</span> <span class='ocrx_word' id='word_1_565' title='bbox 545 3226 685 3260; x_wconf 88' lang='lat' dir='ltr'>remedio</span> <span class='ocrx_word' id='word_1_566' title='bbox 706 3249 718 3266; x_wconf 83' lang='lat'>,</span> <span class='ocrx_word' id='word_1_567' title='bbox 748 3224 858 3268; x_wconf 85' lang='lat' dir='ltr'>pilulis</span> <span class='ocrx_word' id='word_1_568' title='bbox 878 3247 890 3263; x_wconf 84' lang='lat'>‚</span> <span class='ocrx_word' id='word_1_569' title='bbox 922 3234 957 3257; x_wconf 89' lang='lat' dir='ltr'>ut</span> <span class='ocrx_word' id='word_1_570' title='bbox 980 3226 1125 3258; x_wconf 88' lang='lat' dir='ltr'>Venetiis</span> <span class='ocrx_word' id='word_1_571' title='bbox 1145 3233 1288 3263; x_wconf 81' lang='lat' dir='ltr'>vocant,</span> <span class='ocrx_word' id='word_1_572' title='bbox 1311 3225 1341 3257; x_wconf 91' lang='lat' dir='ltr'>S.</span> 
     </span>
     <span class='ocr_line' id='line_1_74' title="bbox 345 3267 1344 3313; baseline -0.008 -7"><span class='ocrx_word' id='word_1_573' title='bbox 345 3273 474 3311; x_wconf 76' lang='lat' dir='ltr'>Fuscae,</span> <span class='ocrx_word' id='word_1_574' title='bbox 496 3280 632 3313; x_wconf 90' lang='lat' dir='ltr'>quarum</span> <span class='ocrx_word' id='word_1_575' title='bbox 656 3279 844 3311; x_wconf 85' lang='lat' dir='ltr'>perpaucae,</span> <span class='ocrx_word' id='word_1_576' title='bbox 865 3268 1127 3307; x_wconf 63' lang='lat' dir='ltr'>n0&amp;uretentae‚</span> <span class='ocrx_word' id='word_1_577' title='bbox 1149 3279 1237 3300; x_wconf 82' lang='lat' dir='ltr'>mane</span> <span class='ocrx_word' id='word_1_578' title='bbox 1261 3267 1344 3309; x_wconf 78' lang='lat' dir='ltr'>leni-</span> 
     </span>
     <span class='ocr_line' id='line_1_75' title="bbox 346 3309 1343 3354; baseline -0.007 -4"><span class='ocrx_word' id='word_1_579' title='bbox 346 3327 408 3354; x_wconf 85' lang='lat' dir='ltr'>ter,</span> <span class='ocrx_word' id='word_1_580' title='bbox 436 3323 472 3349; x_wconf 87' lang='lat' dir='ltr'>ut</span> <span class='ocrx_word' id='word_1_581' title='bbox 496 3312 616 3350; x_wconf 88' lang='lat' dir='ltr'>solent,</span> <span class='ocrx_word' id='word_1_582' title='bbox 642 3313 748 3346; x_wconf 89' lang='lat' dir='ltr'>alvum</span> <span class='ocrx_word' id='word_1_583' title='bbox 774 3310 937 3345; x_wconf 82' lang='lat' dir='ltr'>solvebant</span> <span class='ocrx_word' id='word_1_584' title='bbox 955 3337 964 3350; x_wconf 91' lang='lat'><em>‚</em></span> <span class='ocrx_word' id='word_1_585' title='bbox 985 3311 1033 3345; x_wconf 88' lang='lat' dir='ltr'>sed</span> <span class='ocrx_word' id='word_1_586' title='bbox 1046 3310 1128 3345; x_wconf 88' lang='lat' dir='ltr'>nihil</span> <span class='ocrx_word' id='word_1_587' title='bbox 1153 3309 1215 3343; x_wconf 87' lang='lat' dir='ltr'>fere</span> <span class='ocrx_word' id='word_1_588' title='bbox 1230 3319 1343 3352; x_wconf 66' lang='lat' dir='ltr'>praeter</span> 
     </span>
     <span class='ocr_line' id='line_1_76' title="bbox 348 3354 1346 3402; baseline -0.007 -9"><span class='ocrx_word' id='word_1_589' title='bbox 348 3359 465 3402; x_wconf 77' lang='lat' dir='ltr'>aquosa</span> <span class='ocrx_word' id='word_1_590' title='bbox 487 3355 708 3398; x_wconf 84' lang='lat' dir='ltr'>dejicientem.</span> <span class='ocrx_word' id='word_1_591' title='bbox 731 3354 893 3388; x_wconf 75' lang='lat' dir='ltr'>Coccolata</span> <span class='ocrx_word' id='word_1_592' title='bbox 914 3366 1040 3397; x_wconf 88' lang='lat' dir='ltr'>quoque</span> <span class='ocrx_word' id='word_1_593' title='bbox 1063 3355 1259 3387; x_wconf 84' lang='lat' dir='ltr'>retinebatur</span> <span class='ocrx_word' id='word_1_594' title='bbox 1277 3376 1289 3393; x_wconf 89' lang='lat'>,</span> <span class='ocrx_word' id='word_1_595' title='bbox 1314 3356 1346 3386; x_wconf 65' lang='lat'>&amp;-</span> 
     </span>
     <span class='ocr_line' id='line_1_77' title="bbox 347 3396 1346 3442; baseline -0.006 -7"><span class='ocrx_word' id='word_1_596' title='bbox 347 3400 557 3436; x_wconf 84' lang='lat' dir='ltr'>ventriculum</span> <span class='ocrx_word' id='word_1_597' title='bbox 580 3398 706 3442; x_wconf 85' lang='lat' dir='ltr'>juvabat</span> <span class='ocrx_word' id='word_1_598' title='bbox 727 3424 735 3432; x_wconf 95' lang='lat'>.</span> <span class='ocrx_word' id='word_1_599' title='bbox 759 3397 867 3441; x_wconf 85' lang='lat' dir='ltr'>Hujus</span> <span class='ocrx_word' id='word_1_600' title='bbox 889 3399 1048 3440; x_wconf 81' lang='lat' dir='ltr'>regionem</span> <span class='ocrx_word' id='word_1_601' title='bbox 1070 3398 1094 3431; x_wconf 83' lang='lat' dir='ltr'>si</span> <span class='ocrx_word' id='word_1_602' title='bbox 1119 3408 1213 3432; x_wconf 88' lang='lat' dir='ltr'>manu</span> <span class='ocrx_word' id='word_1_603' title='bbox 1235 3396 1346 3438; x_wconf 81' lang='lat' dir='ltr'>explo-</span> 
     </span>
    </p>

    <p class='ocr_par' dir='ltr' id='par_1_6' title="bbox 351 3441 1349 3570">
     <span class='ocr_line' id='line_1_78' title="bbox 352 3441 1345 3484; baseline -0.006 -7"><span class='ocrx_word' id='word_1_604' title='bbox 352 3456 459 3482; x_wconf 78' lang='lat' dir='ltr'>rares5</span> <span class='ocrx_word' id='word_1_605' title='bbox 481 3442 564 3477; x_wconf 89' lang='lat' dir='ltr'>nihil</span> <span class='ocrx_word' id='word_1_606' title='bbox 588 3443 659 3481; x_wconf 84' lang='lat' dir='ltr'>ibi,</span> <span class='ocrx_word' id='word_1_607' title='bbox 684 3451 717 3476; x_wconf 89' lang='lat' dir='ltr'>ut</span> <span class='ocrx_word' id='word_1_608' title='bbox 729 3453 827 3484; x_wconf 84' lang='lat' dir='ltr'>neque</span> <span class='ocrx_word' id='word_1_609' title='bbox 850 3443 883 3474; x_wconf 89' lang='lat' dir='ltr'>in</span> <span class='ocrx_word' id='word_1_610' title='bbox 898 3442 1020 3484; x_wconf 89' lang='lat' dir='ltr'>reliquo</span> <span class='ocrx_word' id='word_1_611' title='bbox 1034 3450 1164 3481; x_wconf 87' lang='lat' dir='ltr'>ventre,</span> <span class='ocrx_word' id='word_1_612' title='bbox 1188 3441 1345 3482; x_wconf 82' lang='lat' dir='ltr'>percipie-</span> 
     </span>
     <span class='ocr_line' id='line_1_79' title="bbox 351 3483 1346 3531; baseline -0.007 -10"><span class='ocrx_word' id='word_1_613' title='bbox 351 3489 404 3521; x_wconf 87' lang='lat' dir='ltr'>bas</span> <span class='ocrx_word' id='word_1_614' title='bbox 426 3486 512 3531; x_wconf 86' lang='lat' dir='ltr'>quod</span> <span class='ocrx_word' id='word_1_615' title='bbox 547 3484 618 3518; x_wconf 79' lang='lat' dir='ltr'>esset</span> <span class='ocrx_word' id='word_1_616' title='bbox 642 3494 754 3527; x_wconf 69' lang='lat' dir='ltr'>praeter</span> <span class='ocrx_word' id='word_1_617' title='bbox 776 3493 918 3518; x_wconf 89' lang='lat' dir='ltr'>naturam</span> <span class='ocrx_word' id='word_1_618' title='bbox 942 3508 949 3515; x_wconf 89' lang='lat'>.</span> <span class='ocrx_word' id='word_1_619' title='bbox 973 3485 1025 3517; x_wconf 89' lang='lat' dir='ltr'>Ad</span> <span class='ocrx_word' id='word_1_620' title='bbox 1050 3496 1083 3517; x_wconf 85' lang='lat' dir='ltr'>ea</span> <span class='ocrx_word' id='word_1_621' title='bbox 1105 3495 1176 3526; x_wconf 87' lang='lat' dir='ltr'>quae</span> <span class='ocrx_word' id='word_1_622' title='bbox 1201 3483 1346 3516; x_wconf 84' lang='lat' dir='ltr'>narravi-</span> 
     </span>
     <span class='ocr_line' id='line_1_80' title="bbox 352 3525 1349 3570; baseline -0.006 -6"><span class='ocrx_word' id='word_1_623' title='bbox 352 3541 420 3564; x_wconf 87' lang='lat' dir='ltr'>mus</span> <span class='ocrx_word' id='word_1_624' title='bbox 443 3553 454 3570; x_wconf 85' lang='lat'>,</span> <span class='ocrx_word' id='word_1_625' title='bbox 487 3528 646 3563; x_wconf 78' lang='lat' dir='ltr'>accesserat</span> <span class='ocrx_word' id='word_1_626' title='bbox 668 3528 798 3562; x_wconf 89' lang='lat' dir='ltr'>biennio</span> <span class='ocrx_word' id='word_1_627' title='bbox 821 3537 890 3561; x_wconf 86' lang='lat' dir='ltr'>ante</span> <span class='ocrx_word' id='word_1_628' title='bbox 912 3527 1037 3561; x_wconf 89' lang='lat' dir='ltr'>obitum</span> <span class='ocrx_word' id='word_1_629' title='bbox 1060 3527 1166 3570; x_wconf 87' lang='lat' dir='ltr'>pulsus</span> <span class='ocrx_word' id='word_1_630' title='bbox 1189 3525 1349 3559; x_wconf 84' lang='lat' dir='ltr'>intermis-</span> 
     </span>
    </p>
   </div>
   <div class='ocr_carea' id='block_1_3' title="bbox 930 75 1808 130">
    <p class='ocr_par' dir='ltr' id='par_1_7' title="bbox 930 75 1808 130">
     <span class='ocr_line' id='line_1_81' title="bbox 930 75 1808 130; baseline -0.001 -1"><span class='ocrx_word' id='word_1_631' title='bbox 930 75 1208 129; x_wconf 70' lang='lat' dir='ltr'>Liberni.</span> <span class='ocrx_word' id='word_1_632' title='bbox 1241 76 1326 130; x_wconf 88' lang='lat' dir='ltr'>De</span> <span class='ocrx_word' id='word_1_633' title='bbox 1360 76 1567 128; x_wconf 90' lang='lat' dir='ltr'>Morbis</span> <span class='ocrx_word' id='word_1_634' title='bbox 1600 76 1808 129; x_wconf 80' lang='lat' dir='ltr'>Ventris</span> 
     </span>
    </p>
   </div>
   <div class='ocr_carea' id='block_1_4' title="bbox 1381 151 2401 3608">
    <p class='ocr_par' dir='ltr' id='par_1_8' title="bbox 1381 151 2401 2313">
     <span class='ocr_line' id='line_1_82' title="bbox 1385 151 2395 197; baseline 0.002 -12"><span class='ocrx_word' id='word_1_635' title='bbox 1385 151 1451 186; x_wconf 83' lang='lat' dir='ltr'>sio.</span> <span class='ocrx_word' id='word_1_636' title='bbox 1475 153 1626 186; x_wconf 85' lang='lat' dir='ltr'>Matrona</span> <span class='ocrx_word' id='word_1_637' title='bbox 1649 161 1755 186; x_wconf 86' lang='lat' dir='ltr'>tamen</span> <span class='ocrx_word' id='word_1_638' title='bbox 1779 153 1873 186; x_wconf 89' lang='lat' dir='ltr'>solita</span> <span class='ocrx_word' id='word_1_639' title='bbox 1896 154 1972 188; x_wconf 79' lang='lat' dir='ltr'>vitae</span> <span class='ocrx_word' id='word_1_640' title='bbox 1996 154 2103 189; x_wconf 76' lang='lat' dir='ltr'>munia</span> <span class='ocrx_word' id='word_1_641' title='bbox 2125 153 2214 187; x_wconf 85' lang='lat' dir='ltr'>domi</span> <span class='ocrx_word' id='word_1_642' title='bbox 2247 153 2395 197; x_wconf 49' lang='lat' dir='ltr'>forisque,</span> 
     </span>
     <span class='ocr_line' id='line_1_83' title="bbox 1386 194 2401 238; baseline 0.002 -11"><span class='ocrx_word' id='word_1_643' title='bbox 1386 197 1475 228; x_wconf 87' lang='lat' dir='ltr'>obire</span> <span class='ocrx_word' id='word_1_644' title='bbox 1498 206 1562 227; x_wconf 91' lang='lat' dir='ltr'>non</span> <span class='ocrx_word' id='word_1_645' title='bbox 1585 194 1732 236; x_wconf 90' lang='lat' dir='ltr'>destitit,</span> <span class='ocrx_word' id='word_1_646' title='bbox 1754 195 1852 229; x_wconf 89' lang='lat' dir='ltr'>donec</span> <span class='ocrx_word' id='word_1_647' title='bbox 1876 198 1982 231; x_wconf 88' lang='lat' dir='ltr'>minus</span> <span class='ocrx_word' id='word_1_648' title='bbox 2004 198 2081 232; x_wconf 87' lang='lat' dir='ltr'>bene</span> <span class='ocrx_word' id='word_1_649' title='bbox 2106 197 2134 230; x_wconf 89' lang='lat' dir='ltr'>se</span> <span class='ocrx_word' id='word_1_650' title='bbox 2157 196 2270 231; x_wconf 86' lang='lat' dir='ltr'>habere</span> <span class='ocrx_word' id='word_1_651' title='bbox 2283 221 2295 238; x_wconf 91' lang='lat'><em>‚</em></span> <span class='ocrx_word' id='word_1_652' title='bbox 2320 197 2401 230; x_wconf 57' lang='lat' dir='ltr'>sen-</span> 
     </span>
     <span class='ocr_line' id='line_1_84' title="bbox 1387 236 2388 279; baseline 0.002 -9"><span class='ocrx_word' id='word_1_653' title='bbox 1387 239 1493 278; x_wconf 82' lang='lat' dir='ltr'>tiens,</span> <span class='ocrx_word' id='word_1_654' title='bbox 1517 240 1549 270; x_wconf 71' lang='lat' dir='ltr'>Sc</span> <span class='ocrx_word' id='word_1_655' title='bbox 1569 236 1706 271; x_wconf 89' lang='lat' dir='ltr'>debilior</span> <span class='ocrx_word' id='word_1_656' title='bbox 1729 238 1812 272; x_wconf 67' lang='lat' dir='ltr'>fasta</span> <span class='ocrx_word' id='word_1_657' title='bbox 1831 262 1844 279; x_wconf 90' lang='lat'><em>‚</em></span> <span class='ocrx_word' id='word_1_658' title='bbox 1877 241 2079 275; x_wconf 76' lang='lat' dir='ltr'>novissimum</span> <span class='ocrx_word' id='word_1_659' title='bbox 2099 242 2182 274; x_wconf 82' lang='lat' dir='ltr'>vitae·</span> <span class='ocrx_word' id='word_1_660' title='bbox 2197 241 2331 275; x_wconf 85' lang='lat' dir='ltr'>mensem</span> <span class='ocrx_word' id='word_1_661' title='bbox 2353 241 2388 273; x_wconf 89' lang='lat' dir='ltr'>in</span> 
     </span>
     <span class='ocr_line' id='line_1_85' title="bbox 1389 281 2386 325; baseline 0.002 -11"><span class='ocrx_word' id='word_1_662' title='bbox 1389 281 1473 315; x_wconf 62' lang='lat' dir='ltr'>lecto</span> <span class='ocrx_word' id='word_1_663' title='bbox 1496 282 1619 323; x_wconf 81' lang='lat' dir='ltr'>exigere</span> <span class='ocrx_word' id='word_1_664' title='bbox 1641 283 1750 316; x_wconf 62' lang='lat' dir='ltr'>coafta</span> <span class='ocrx_word' id='word_1_665' title='bbox 1774 281 1817 315; x_wconf 87' lang='lat' dir='ltr'>est</span> <span class='ocrx_word' id='word_1_666' title='bbox 1839 305 1848 314; x_wconf 83' lang='grc'><strong>.</strong></span> <span class='ocrx_word' id='word_1_667' title='bbox 1883 282 1934 315; x_wconf 90' lang='lat' dir='ltr'>Ibi</span> <span class='ocrx_word' id='word_1_668' title='bbox 1957 294 2028 317; x_wconf 89' lang='lat' dir='ltr'>cum</span> <span class='ocrx_word' id='word_1_669' title='bbox 2052 285 2159 316; x_wconf 89' lang='lat' dir='ltr'>omnia</span> <span class='ocrx_word' id='word_1_670' title='bbox 2181 308 2193 325; x_wconf 92' lang='lat'>,</span> <span class='ocrx_word' id='word_1_671' title='bbox 2225 287 2257 318; x_wconf 71' lang='grc' dir='ltr'>δε</span> <span class='ocrx_word' id='word_1_672' title='bbox 2278 285 2312 316; x_wconf 90' lang='lat' dir='ltr'>in</span> <span class='ocrx_word' id='word_1_673' title='bbox 2335 282 2386 316; x_wconf 83' lang='lat' dir='ltr'>his</span> 
     </span>
     <span class='ocr_line' id='line_1_86' title="bbox 1381 323 2387 368; baseline 0.002 -11"><span class='ocrx_word' id='word_1_674' title='bbox 1381 323 1543 357; x_wconf 60' lang='lat' dir='ltr'>roccolata</span> <span class='ocrx_word' id='word_1_675' title='bbox 1565 335 1692 367; x_wconf 88' lang='lat' dir='ltr'>quoque</span> <span class='ocrx_word' id='word_1_676' title='bbox 1707 348 1715 363; x_wconf 92' lang='lat'>,</span> <span class='ocrx_word' id='word_1_677' title='bbox 1740 324 1883 359; x_wconf 88' lang='lat' dir='ltr'>nauseosa</span> <span class='ocrx_word' id='word_1_678' title='bbox 1905 325 1971 368; x_wconf 81' lang='lat' dir='ltr'>jam</span> <span class='ocrx_word' id='word_1_679' title='bbox 1994 325 2110 367; x_wconf 83' lang='lat' dir='ltr'>essent,</span> <span class='ocrx_word' id='word_1_680' title='bbox 2133 326 2229 365; x_wconf 87' lang='lat' dir='ltr'>febris</span> <span class='ocrx_word' id='word_1_681' title='bbox 2244 326 2387 361; x_wconf 88' lang='lat' dir='ltr'>animad—</span> 
     </span>
     <span class='ocr_line' id='line_1_87' title="bbox 1389 366 2387 414; baseline 0.004 -16"><span class='ocrx_word' id='word_1_682' title='bbox 1389 366 1472 399; x_wconf 90' lang='lat' dir='ltr'>versa</span> <span class='ocrx_word' id='word_1_683' title='bbox 1496 366 1537 399; x_wconf 85' lang='lat' dir='ltr'>est</span> <span class='ocrx_word' id='word_1_684' title='bbox 1558 378 1628 408; x_wconf 86' lang='lat' dir='ltr'>quae</span> <span class='ocrx_word' id='word_1_685' title='bbox 1650 367 1740 401; x_wconf 87' lang='lat' dir='ltr'>horis</span> <span class='ocrx_word' id='word_1_686' title='bbox 1763 368 1991 410; x_wconf 87' lang='lat' dir='ltr'>pomeridianis</span> <span class='ocrx_word' id='word_1_687' title='bbox 2014 369 2182 414; x_wconf 88' lang='lat' dir='ltr'>quotidie,</span> <span class='ocrx_word' id='word_1_688' title='bbox 2205 372 2260 404; x_wconf 87' lang='lat' dir='ltr'>vix</span> <span class='ocrx_word' id='word_1_689' title='bbox 2282 372 2387 413; x_wconf 84' lang='lat' dir='ltr'>aliqua</span> 
     </span>
     <span class='ocr_line' id='line_1_88' title="bbox 1389 410 2386 456; baseline 0.004 -14"><span class='ocrx_word' id='word_1_690' title='bbox 1389 419 1494 442; x_wconf 85' lang='lat' dir='ltr'>tamen</span> <span class='ocrx_word' id='word_1_691' title='bbox 1518 410 1621 452; x_wconf 90' lang='lat' dir='ltr'>pulsus</span> <span class='ocrx_word' id='word_1_692' title='bbox 1644 410 1727 445; x_wconf 66' lang='lat' dir='ltr'>faeta</span> <span class='ocrx_word' id='word_1_693' title='bbox 1749 414 1927 445; x_wconf 90' lang='lat' dir='ltr'>mutatione</span> <span class='ocrx_word' id='word_1_694' title='bbox 1953 435 1963 451; x_wconf 87' lang='lat'>,</span> <span class='ocrx_word' id='word_1_695' title='bbox 1994 413 2205 454; x_wconf 88' lang='lat' dir='ltr'>increscebat,</span> <span class='ocrx_word' id='word_1_696' title='bbox 2227 414 2386 456; x_wconf 62' lang='lat' dir='ltr'>nouaque</span> 
     </span>
     <span class='ocr_line' id='line_1_89' title="bbox 1388 453 2385 500; baseline 0.006 -16"><span class='ocrx_word' id='word_1_697' title='bbox 1388 453 1526 486; x_wconf 87' lang='lat' dir='ltr'>calorem</span> <span class='ocrx_word' id='word_1_698' title='bbox 1550 453 1681 495; x_wconf 88' lang='lat' dir='ltr'>augebat</span> <span class='ocrx_word' id='word_1_699' title='bbox 1695 478 1703 485; x_wconf 93' lang='lat'><strong>.</strong></span> <span class='ocrx_word' id='word_1_700' title='bbox 1730 454 1839 489; x_wconf 87' lang='lat' dir='ltr'>Pulsus</span> <span class='ocrx_word' id='word_1_701' title='bbox 1862 464 1927 488; x_wconf 89' lang='lat' dir='ltr'>erat</span> <span class='ocrx_word' id='word_1_702' title='bbox 1951 458 2060 498; x_wconf 89' lang='lat' dir='ltr'>potius</span> <span class='ocrx_word' id='word_1_703' title='bbox 2078 468 2233 500; x_wconf 82' lang='lat' dir='ltr'>magnus,</span> <span class='ocrx_word' id='word_1_704' title='bbox 2255 455 2325 495; x_wconf 87' lang='lat' dir='ltr'>sed,</span> <span class='ocrx_word' id='word_1_705' title='bbox 2350 463 2385 490; x_wconf 89' lang='lat' dir='ltr'>ut</span> 
     </span>
     <span class='ocr_line' id='line_1_90' title="bbox 1390 495 2386 541; baseline 0.006 -13"><span class='ocrx_word' id='word_1_706' title='bbox 1390 495 1529 533; x_wconf 88' lang='lat' dir='ltr'>solebat,</span> <span class='ocrx_word' id='word_1_707' title='bbox 1553 497 1788 531; x_wconf 89' lang='lat' dir='ltr'>intermittens.</span> <span class='ocrx_word' id='word_1_708' title='bbox 1811 500 1898 531; x_wconf 88' lang='lat' dir='ltr'>Cum</span> <span class='ocrx_word' id='word_1_709' title='bbox 1911 509 2038 541; x_wconf 85' lang='lat' dir='ltr'>propter</span> <span class='ocrx_word' id='word_1_710' title='bbox 2062 500 2123 533; x_wconf 87' lang='lat' dir='ltr'>alvi</span> <span class='ocrx_word' id='word_1_711' title='bbox 2146 499 2300 535; x_wconf 85' lang='lat' dir='ltr'>duritiam</span> <span class='ocrx_word' id='word_1_712' title='bbox 2313 503 2386 536; x_wconf 89' lang='lat' dir='ltr'>Me-</span> 
     </span>
     <span class='ocr_line' id='line_1_91' title="bbox 1382 538 2384 588; baseline 0.008 -16"><span class='ocrx_word' id='word_1_713' title='bbox 1382 539 1498 588; x_wconf 78' lang='lat' dir='ltr'>·dicum</span> <span class='ocrx_word' id='word_1_714' title='bbox 1519 538 1696 580; x_wconf 78' lang='lat' dir='ltr'>exorasset,</span> <span class='ocrx_word' id='word_1_715' title='bbox 1719 551 1757 573; x_wconf 91' lang='lat' dir='ltr'>ne</span> <span class='ocrx_word' id='word_1_716' title='bbox 1779 540 1916 575; x_wconf 87' lang='lat' dir='ltr'>obstaret</span> <span class='ocrx_word' id='word_1_717' title='bbox 1939 541 1998 575; x_wconf 83' lang='lat' dir='ltr'>fibi</span> <span class='ocrx_word' id='word_1_718' title='bbox 2020 543 2179 577; x_wconf 89' lang='lat' dir='ltr'>consuetis</span> <span class='ocrx_word' id='word_1_719' title='bbox 2204 545 2312 587; x_wconf 87' lang='lat' dir='ltr'>pilulis</span> <span class='ocrx_word' id='word_1_720' title='bbox 2334 549 2384 580; x_wconf 92' lang='lat' dir='ltr'>uti</span> 
     </span>
     <span class='ocr_line' id='line_1_92' title="bbox 1387 583 2385 631; baseline 0.008 -17"><span class='ocrx_word' id='word_1_721' title='bbox 1387 584 1553 620; x_wconf 77' lang='lat' dir='ltr'>cupienti3</span> <span class='ocrx_word' id='word_1_722' title='bbox 1575 584 1723 616; x_wconf 86' lang='lat' dir='ltr'>immanis</span> <span class='ocrx_word' id='word_1_723' title='bbox 1746 583 1863 616; x_wconf 89' lang='lat' dir='ltr'>oborta</span> <span class='ocrx_word' id='word_1_724' title='bbox 1897 584 1938 619; x_wconf 86' lang='lat' dir='ltr'>est</span> <span class='ocrx_word' id='word_1_725' title='bbox 1959 586 2064 620; x_wconf 89' lang='lat' dir='ltr'>cordis</span> <span class='ocrx_word' id='word_1_726' title='bbox 2088 587 2285 630; x_wconf 87' lang='lat' dir='ltr'>palpitatio:</span> <span class='ocrx_word' id='word_1_727' title='bbox 2315 599 2385 631; x_wconf 81' lang='lat' dir='ltr'>quae</span> 
     </span>
     <span class='ocr_line' id='line_1_93' title="bbox 1387 623 2385 674; baseline 0.009 -18"><span class='ocrx_word' id='word_1_728' title='bbox 1387 623 1574 674; x_wconf 41' lang='lat' dir='ltr'>etsi-paucis</span> <span class='ocrx_word' id='word_1_729' title='bbox 1596 628 1697 660; x_wconf 87' lang='lat' dir='ltr'>unciis</span> <span class='ocrx_word' id='word_1_730' title='bbox 1721 626 1880 669; x_wconf 86' lang='lat' dir='ltr'>sanguinis</span> <span class='ocrx_word' id='word_1_731' title='bbox 1902 639 1918 659; x_wconf 89' lang='lat' dir='ltr'>e</span> <span class='ocrx_word' id='word_1_732' title='bbox 1944 628 2075 663; x_wconf 89' lang='lat' dir='ltr'>brachio</span> <span class='ocrx_word' id='word_1_733' title='bbox 2096 629 2264 669; x_wconf 65' lang='lat' dir='ltr'>detractis,</span> <span class='ocrx_word' id='word_1_734' title='bbox 2287 630 2385 665; x_wconf 82' lang='lat' dir='ltr'>ferme</span> 
     </span>
     <span class='ocr_line' id='line_1_94' title="bbox 1386 667 2386 716; baseline 0.007 -15"><span class='ocrx_word' id='word_1_735' title='bbox 1386 667 1490 702; x_wconf 81' lang='lat' dir='ltr'>statim</span> <span class='ocrx_word' id='word_1_736' title='bbox 1514 667 1617 702; x_wconf 86' lang='lat' dir='ltr'>sedata</span> <span class='ocrx_word' id='word_1_737' title='bbox 1640 670 1703 709; x_wconf 76' lang='lat' dir='ltr'>est5</span> <span class='ocrx_word' id='word_1_738' title='bbox 1727 682 1803 703; x_wconf 83' lang='lat' dir='ltr'>mox</span> <span class='ocrx_word' id='word_1_739' title='bbox 1814 679 1918 703; x_wconf 85' lang='lat' dir='ltr'>tamen</span> <span class='ocrx_word' id='word_1_740' title='bbox 1941 673 2056 706; x_wconf 88' lang='lat' dir='ltr'>iterum</span> <span class='ocrx_word' id='word_1_741' title='bbox 2070 673 2282 716; x_wconf 81' lang='lat' dir='ltr'>ingravescens</span> <span class='ocrx_word' id='word_1_742' title='bbox 2305 677 2386 708; x_wconf 90' lang='lat' dir='ltr'>toti-</span> 
     </span>
     <span class='ocr_line' id='line_1_95' title="bbox 1387 710 2385 757; baseline 0.008 -13"><span class='ocrx_word' id='word_1_743' title='bbox 1387 710 1459 745; x_wconf 91' lang='lat' dir='ltr'>dem</span> <span class='ocrx_word' id='word_1_744' title='bbox 1481 724 1497 744; x_wconf 90' lang='lat' dir='ltr'>e</span> <span class='ocrx_word' id='word_1_745' title='bbox 1519 712 1596 754; x_wconf 90' lang='lat' dir='ltr'>pede</span> <span class='ocrx_word' id='word_1_746' title='bbox 1617 714 1724 757; x_wconf 83' lang='lat' dir='ltr'>coegit</span> <span class='ocrx_word' id='word_1_747' title='bbox 1746 712 1907 747; x_wconf 84' lang='lat' dir='ltr'>detrahere</span> <span class='ocrx_word' id='word_1_748' title='bbox 1928 738 1941 755; x_wconf 93' lang='lat'><em>‚</em></span> <span class='ocrx_word' id='word_1_749' title='bbox 1972 717 2054 749; x_wconf 88' lang='lat' dir='ltr'>unde</span> <span class='ocrx_word' id='word_1_750' title='bbox 2078 717 2181 751; x_wconf 91' lang='lat' dir='ltr'>rursus</span> <span class='ocrx_word' id='word_1_751' title='bbox 2214 719 2385 752; x_wconf 85' lang='lat' dir='ltr'>imminuta</span> 
     </span>
     <span class='ocr_line' id='line_1_96' title="bbox 1388 754 2385 798; baseline 0.008 -12"><span class='ocrx_word' id='word_1_752' title='bbox 1388 754 1454 795; x_wconf 76' lang='lat' dir='ltr'>esi,</span> <span class='ocrx_word' id='word_1_753' title='bbox 1477 766 1541 789; x_wconf 90' lang='lat' dir='ltr'>non</span> <span class='ocrx_word' id='word_1_754' title='bbox 1553 755 1594 788; x_wconf 85' lang='lat' dir='ltr'>fic</span> <span class='ocrx_word' id='word_1_755' title='bbox 1617 766 1722 790; x_wconf 86' lang='lat' dir='ltr'>tamen</span> <span class='ocrx_word' id='word_1_756' title='bbox 1736 778 1745 793; x_wconf 90' lang='lat'>‚</span> <span class='ocrx_word' id='word_1_757' title='bbox 1769 766 1805 790; x_wconf 90' lang='lat' dir='ltr'>ut</span> <span class='ocrx_word' id='word_1_758' title='bbox 1818 756 1922 798; x_wconf 86' lang='lat' dir='ltr'>postea</span> <span class='ocrx_word' id='word_1_759' title='bbox 1945 758 1979 791; x_wconf 92' lang='lat' dir='ltr'>in</span> <span class='ocrx_word' id='word_1_760' title='bbox 2002 759 2157 794; x_wconf 86' lang='lat' dir='ltr'>sinistrum</span> <span class='ocrx_word' id='word_1_761' title='bbox 2173 762 2253 796; x_wconf 90' lang='lat' dir='ltr'>latus</span> <span class='ocrx_word' id='word_1_762' title='bbox 2275 761 2385 796; x_wconf 87' lang='lat' dir='ltr'>cubare</span> 
     </span>
     <span class='ocr_line' id='line_1_97' title="bbox 1386 795 2384 843; baseline 0.007 -13"><span class='ocrx_word' id='word_1_763' title='bbox 1386 795 1497 833; x_wconf 84' lang='lat' dir='ltr'>sineret</span> <span class='ocrx_word' id='word_1_764' title='bbox 1518 824 1526 831; x_wconf 92' lang='lat'><strong>.</strong></span> <span class='ocrx_word' id='word_1_765' title='bbox 1562 800 1667 833; x_wconf 85' lang='lat' dir='ltr'>Nulla</span> <span class='ocrx_word' id='word_1_766' title='bbox 1691 799 1783 834; x_wconf 86' lang='lat' dir='ltr'>misso</span> <span class='ocrx_word' id='word_1_767' title='bbox 1806 799 1949 843; x_wconf 89' lang='lat' dir='ltr'>sanguini</span> <span class='ocrx_word' id='word_1_768' title='bbox 1972 803 2070 837; x_wconf 88' lang='lat' dir='ltr'>crusta</span> <span class='ocrx_word' id='word_1_769' title='bbox 2093 803 2245 839; x_wconf 85' lang='lat' dir='ltr'>infidebat</span> <span class='ocrx_word' id='word_1_770' title='bbox 2265 830 2272 838; x_wconf 94' lang='lat'><strong><em>.</em></strong></span> <span class='ocrx_word' id='word_1_771' title='bbox 2306 807 2384 839; x_wconf 91' lang='lat' dir='ltr'>Dies</span> 
     </span>
     <span class='ocr_line' id='line_1_98' title="bbox 1386 842 2384 892; baseline 0.009 -18"><span class='ocrx_word' id='word_1_772' title='bbox 1386 843 1456 883; x_wconf 86' lang='lat' dir='ltr'>post</span> <span class='ocrx_word' id='word_1_773' title='bbox 1479 842 1625 886; x_wconf 86' lang='lat' dir='ltr'>aliquot,</span> <span class='ocrx_word' id='word_1_774' title='bbox 1647 842 1768 877; x_wconf 87' lang='lat' dir='ltr'>duritia</span> <span class='ocrx_word' id='word_1_775' title='bbox 1792 843 1853 876; x_wconf 89' lang='lat' dir='ltr'>alvi</span> <span class='ocrx_word' id='word_1_776' title='bbox 1877 842 1978 878; x_wconf 85' lang='lat' dir='ltr'>rursus</span> <span class='ocrx_word' id='word_1_777' title='bbox 2000 856 2150 889; x_wconf 81' lang='lat' dir='ltr'>urgente,</span> <span class='ocrx_word' id='word_1_778' title='bbox 2175 849 2243 882; x_wconf 89' lang='lat' dir='ltr'>lene</span> <span class='ocrx_word' id='word_1_779' title='bbox 2264 849 2384 892; x_wconf 79' lang='lat' dir='ltr'>clysma</span> 
     </span>
     <span class='ocr_line' id='line_1_99' title="bbox 1387 886 2384 928; baseline 0.007 -10"><span class='ocrx_word' id='word_1_780' title='bbox 1387 886 1630 928; x_wconf 80' lang='lat' dir='ltr'>palpitationem</span> <span class='ocrx_word' id='word_1_781' title='bbox 1656 888 1804 920; x_wconf 80' lang='lat' dir='ltr'>incitavit</span> <span class='ocrx_word' id='word_1_782' title='bbox 1826 912 1835 922; x_wconf 91' lang='grc'><strong><em>,</em></strong></span> <span class='ocrx_word' id='word_1_783' title='bbox 1866 888 1953 921; x_wconf 88' lang='lat' dir='ltr'>Cum</span> <span class='ocrx_word' id='word_1_784' title='bbox 1975 890 2121 924; x_wconf 82' lang='lat' dir='ltr'>adversus</span> <span class='ocrx_word' id='word_1_785' title='bbox 2152 891 2232 925; x_wconf 88' lang='lat' dir='ltr'>hanc</span> <span class='ocrx_word' id='word_1_786' title='bbox 2257 904 2384 927; x_wconf 84' lang='lat' dir='ltr'>externa</span> 
     </span>
     <span class='ocr_line' id='line_1_100' title="bbox 1385 928 2383 979; baseline 0.01 -19"><span class='ocrx_word' id='word_1_787' title='bbox 1385 929 1520 963; x_wconf 83' lang='lat' dir='ltr'>remedia</span> <span class='ocrx_word' id='word_1_788' title='bbox 1545 929 1628 964; x_wconf 88' lang='lat' dir='ltr'>nihil</span> <span class='ocrx_word' id='word_1_789' title='bbox 1653 928 1828 971; x_wconf 79' lang='lat' dir='ltr'>prodessent</span> <span class='ocrx_word' id='word_1_790' title='bbox 1842 956 1851 970; x_wconf 94' lang='lat'><em>‚</em></span> <span class='ocrx_word' id='word_1_791' title='bbox 1873 931 1996 964; x_wconf 85' lang='lat' dir='ltr'>interna</span> <span class='ocrx_word' id='word_1_792' title='bbox 2019 943 2122 967; x_wconf 87' lang='lat' dir='ltr'>autem</span> <span class='ocrx_word' id='word_1_793' title='bbox 2146 936 2185 968; x_wconf 90' lang='lat' dir='ltr'>ab</span> <span class='ocrx_word' id='word_1_794' title='bbox 2208 948 2289 977; x_wconf 79' lang='lat' dir='ltr'>aegra</span> <span class='ocrx_word' id='word_1_795' title='bbox 2311 947 2383 979; x_wconf 84' lang='lat' dir='ltr'>quae</span> 
     </span>
     <span class='ocr_line' id='line_1_101' title="bbox 1385 972 2384 1019; baseline 0.01 -16"><span class='ocrx_word' id='word_1_796' title='bbox 1385 972 1536 1006; x_wconf 85' lang='lat' dir='ltr'>alimenta</span> <span class='ocrx_word' id='word_1_797' title='bbox 1559 975 1614 1007; x_wconf 79' lang='lat' dir='ltr'>vix</span> <span class='ocrx_word' id='word_1_798' title='bbox 1636 974 1741 1016; x_wconf 89' lang='lat' dir='ltr'>aliqua</span> <span class='ocrx_word' id='word_1_799' title='bbox 1756 999 1765 1013; x_wconf 92' lang='lat'>,</span> <span class='ocrx_word' id='word_1_800' title='bbox 1790 976 1821 1007; x_wconf 87' lang='lat'>&amp;</span> <span class='ocrx_word' id='word_1_801' title='bbox 1845 975 1946 1006; x_wconf 91' lang='lat' dir='ltr'>invita</span> <span class='ocrx_word' id='word_1_802' title='bbox 1957 973 2112 1015; x_wconf 80' lang='lat' dir='ltr'>sumeret,</span> <span class='ocrx_word' id='word_1_803' title='bbox 2136 974 2384 1019; x_wconf 49' lang='lat' dir='ltr'>pauca‘omnino</span> 
     </span>
     <span class='ocr_line' id='line_1_102' title="bbox 1386 1014 2385 1062; baseline 0.01 -16"><span class='ocrx_word' id='word_1_804' title='bbox 1386 1014 1653 1057; x_wconf 87' lang='lat' dir='ltr'>admitterentur,</span> <span class='ocrx_word' id='word_1_805' title='bbox 1676 1017 1835 1060; x_wconf 86' lang='lat' dir='ltr'>inquibus</span> <span class='ocrx_word' id='word_1_806' title='bbox 1856 1016 1972 1050; x_wconf 88' lang='lat' dir='ltr'>stillata</span> <span class='ocrx_word' id='word_1_807' title='bbox 1994 1019 2191 1062; x_wconf 86' lang='lat' dir='ltr'>cerasorum,</span> <span class='ocrx_word' id='word_1_808' title='bbox 2214 1031 2267 1055; x_wconf 90' lang='lat' dir='ltr'>aut</span> <span class='ocrx_word' id='word_1_809' title='bbox 2279 1023 2385 1056; x_wconf 82' lang='lat' dir='ltr'>melis-</span> 
     </span>
     <span class='ocr_line' id='line_1_103' title="bbox 1386 1056 2387 1102; baseline 0.01 -12"><span class='ocrx_word' id='word_1_810' title='bbox 1386 1056 1424 1091; x_wconf 79' lang='lat' dir='ltr'>sae</span> <span class='ocrx_word' id='word_1_811' title='bbox 1449 1070 1527 1102; x_wconf 89' lang='lat' dir='ltr'>aqua</span> <span class='ocrx_word' id='word_1_812' title='bbox 1542 1086 1551 1098; x_wconf 89' lang='lat'>‚</span> <span class='ocrx_word' id='word_1_813' title='bbox 1575 1062 1607 1093; x_wconf 83' lang='lat'>&amp;</span> <span class='ocrx_word' id='word_1_814' title='bbox 1623 1060 1895 1102; x_wconf 82' lang='lat' dir='ltr'>compositionum</span> <span class='ocrx_word' id='word_1_815' title='bbox 1917 1059 2087 1095; x_wconf 82' lang='lat' dir='ltr'>castoreum</span> <span class='ocrx_word' id='word_1_816' title='bbox 2101 1062 2283 1098; x_wconf 86' lang='lat' dir='ltr'>habentium</span> <span class='ocrx_word' id='word_1_817' title='bbox 2307 1077 2387 1100; x_wconf 88' lang='lat' dir='ltr'>non-</span> 
     </span>
     <span class='ocr_line' id='line_1_104' title="bbox 1385 1100 2385 1151; baseline 0.012 -19"><span class='ocrx_word' id='word_1_818' title='bbox 1385 1100 1492 1151; x_wconf 75' lang='lat' dir='ltr'>niliil,</span> <span class='ocrx_word' id='word_1_819' title='bbox 1513 1103 1628 1144; x_wconf 86' lang='lat' dir='ltr'>quibus</span> <span class='ocrx_word' id='word_1_820' title='bbox 1652 1102 1743 1137; x_wconf 84' lang='lat' dir='ltr'>semel</span> <span class='ocrx_word' id='word_1_821' title='bbox 1768 1104 1839 1144; x_wconf 79' lang='lat' dir='ltr'>opii</span> <span class='ocrx_word' id='word_1_822' title='bbox 1862 1114 1996 1145; x_wconf 87' lang='lat' dir='ltr'>granum</span> <span class='ocrx_word' id='word_1_823' title='bbox 2018 1104 2202 1147; x_wconf 69' lang='lat' dir='ltr'>adjunc&#39;tuin</span> <span class='ocrx_word' id='word_1_824' title='bbox 2226 1107 2267 1142; x_wconf 89' lang='lat' dir='ltr'>est</span> <span class='ocrx_word' id='word_1_825' title='bbox 2285 1132 2298 1148; x_wconf 88' lang='lat'><em>‚</em></span> <span class='ocrx_word' id='word_1_826' title='bbox 2329 1120 2385 1147; x_wconf 82' lang='lat' dir='ltr'>nec</span> 
     </span>
     <span class='ocr_line' id='line_1_105' title="bbox 1384 1144 2386 1194; baseline 0.01 -18"><span class='ocrx_word' id='word_1_827' title='bbox 1384 1146 1558 1187; x_wconf 75' lang='lat' dir='ltr'>quidquam</span> <span class='ocrx_word' id='word_1_828' title='bbox 1581 1144 1653 1179; x_wconf 83' lang='lat' dir='ltr'>esset</span> <span class='ocrx_word' id='word_1_829' title='bbox 1677 1145 1764 1189; x_wconf 85' lang='lat' dir='ltr'>quod</span> <span class='ocrx_word' id='word_1_830' title='bbox 1789 1155 1842 1179; x_wconf 88' lang='lat' dir='ltr'>aut</span> <span class='ocrx_word' id='word_1_831' title='bbox 1866 1149 2025 1182; x_wconf 88' lang='lat' dir='ltr'>vomitum</span> <span class='ocrx_word' id='word_1_832' title='bbox 2049 1159 2223 1190; x_wconf 86' lang='lat' dir='ltr'>averteret,</span> <span class='ocrx_word' id='word_1_833' title='bbox 2250 1161 2303 1185; x_wconf 86' lang='lat' dir='ltr'>aut</span> <span class='ocrx_word' id='word_1_834' title='bbox 2317 1154 2386 1194; x_wconf 89' lang='lat' dir='ltr'>pal-</span> 
     </span>
     <span class='ocr_line' id='line_1_106' title="bbox 1384 1188 2386 1236; baseline 0.009 -16"><span class='ocrx_word' id='word_1_835' title='bbox 1384 1188 1577 1227; x_wconf 80' lang='lat' dir='ltr'>pitationem</span> <span class='ocrx_word' id='word_1_836' title='bbox 1595 1188 1738 1227; x_wconf 67' lang='lat' dir='ltr'>sedaret,</span> <span class='ocrx_word' id='word_1_837' title='bbox 1762 1188 1924 1231; x_wconf 86' lang='lat' dir='ltr'>postremis</span> <span class='ocrx_word' id='word_1_838' title='bbox 1948 1193 2089 1235; x_wconf 86' lang='lat' dir='ltr'>quinque</span> <span class='ocrx_word' id='word_1_839' title='bbox 2103 1193 2213 1228; x_wconf 89' lang='lat' dir='ltr'>diebus</span> <span class='ocrx_word' id='word_1_840' title='bbox 2235 1194 2386 1236; x_wconf 84' lang='lat' dir='ltr'>pulsuin-</span> 
     </span>
     <span class='ocr_line' id='line_1_107' title="bbox 1384 1230 2386 1280; baseline 0.009 -16"><span class='ocrx_word' id='word_1_841' title='bbox 1384 1230 1582 1269; x_wconf 84' lang='lat' dir='ltr'>firmiffimo,</span> <span class='ocrx_word' id='word_1_842' title='bbox 1605 1234 1763 1274; x_wconf 83' lang='lat' dir='ltr'>perexili,</span> <span class='ocrx_word' id='word_1_843' title='bbox 1786 1234 1818 1266; x_wconf 58' lang='grc' dir='ltr'>δέ</span> <span class='ocrx_word' id='word_1_844' title='bbox 1843 1232 2035 1267; x_wconf 88' lang='lat' dir='ltr'>formicante</span> <span class='ocrx_word' id='word_1_845' title='bbox 2059 1234 2169 1276; x_wconf 69' lang='lat' dir='ltr'>facto,</span> <span class='ocrx_word' id='word_1_846' title='bbox 2193 1238 2386 1280; x_wconf 85' lang='lat' dir='ltr'>palpitatio-</span> 
     </span>
     <span class='ocr_line' id='line_1_108' title="bbox 1384 1274 2387 1324; baseline 0.008 -17"><span class='ocrx_word' id='word_1_847' title='bbox 1384 1285 1427 1324; x_wconf 72' lang='lat' dir='ltr'>ne⁴</span> <span class='ocrx_word' id='word_1_848' title='bbox 1444 1284 1549 1309; x_wconf 87' lang='lat' dir='ltr'>autem</span> <span class='ocrx_word' id='word_1_849' title='bbox 1572 1274 1749 1317; x_wconf 87' lang='lat' dir='ltr'>persistente</span> <span class='ocrx_word' id='word_1_850' title='bbox 1773 1300 1782 1315; x_wconf 91' lang='lat'><em>‚</em></span> <span class='ocrx_word' id='word_1_851' title='bbox 1818 1276 1903 1309; x_wconf 89' lang='lat' dir='ltr'>alvus</span> <span class='ocrx_word' id='word_1_852' title='bbox 1926 1276 2036 1319; x_wconf 87' lang='lat' dir='ltr'>sponte</span> <span class='ocrx_word' id='word_1_853' title='bbox 2067 1278 2169 1313; x_wconf 90' lang='lat' dir='ltr'>soluta</span> <span class='ocrx_word' id='word_1_854' title='bbox 2190 1280 2233 1314; x_wconf 92' lang='lat' dir='ltr'>est</span> <span class='ocrx_word' id='word_1_855' title='bbox 2264 1282 2310 1314; x_wconf 75' lang='lat' dir='ltr'>vel</span> <span class='ocrx_word' id='word_1_856' title='bbox 2335 1283 2387 1315; x_wconf 92' lang='lat' dir='ltr'>ni-</span> 
     </span>
     <span class='ocr_line' id='line_1_109' title="bbox 1384 1318 2386 1366; baseline 0.009 -16"><span class='ocrx_word' id='word_1_857' title='bbox 1384 1329 1508 1357; x_wconf 85' lang='lat' dir='ltr'>mium3</span> <span class='ocrx_word' id='word_1_858' title='bbox 1532 1327 1568 1352; x_wconf 90' lang='lat' dir='ltr'>ut</span> <span class='ocrx_word' id='word_1_859' title='bbox 1589 1318 1689 1360; x_wconf 55' lang='lat' dir='ltr'>serpe,</span> <span class='ocrx_word' id='word_1_860' title='bbox 1712 1322 1743 1353; x_wconf 90' lang='lat'>&amp;</span> <span class='ocrx_word' id='word_1_861' title='bbox 1766 1320 1887 1358; x_wconf 87' lang='lat' dir='ltr'>multa,</span> <span class='ocrx_word' id='word_1_862' title='bbox 1913 1321 2125 1362; x_wconf 73' lang='lat' dir='ltr'>etiamdum,</span> <span class='ocrx_word' id='word_1_863' title='bbox 2148 1322 2295 1366; x_wconf 78' lang='lat' dir='ltr'>ejiceret.</span> <span class='ocrx_word' id='word_1_864' title='bbox 2321 1327 2386 1359; x_wconf 90' lang='lat' dir='ltr'>Ita-</span> 
     </span>
     <span class='ocr_line' id='line_1_110' title="bbox 1382 1361 2387 1412; baseline 0.008 -17"><span class='ocrx_word' id='word_1_865' title='bbox 1382 1373 1441 1403; x_wconf 83' lang='lat' dir='ltr'>que</span> <span class='ocrx_word' id='word_1_866' title='bbox 1466 1361 1673 1403; x_wconf 85' lang='lat' dir='ltr'>perstantibus</span> <span class='ocrx_word' id='word_1_867' title='bbox 1696 1364 1838 1401; x_wconf 87' lang='lat' dir='ltr'>caeteris,</span> <span class='ocrx_word' id='word_1_868' title='bbox 1864 1365 1896 1396; x_wconf 89' lang='lat'>&amp;</span> <span class='ocrx_word' id='word_1_869' title='bbox 1922 1364 2075 1405; x_wconf 82' lang='lat' dir='ltr'>paulatim</span> <span class='ocrx_word' id='word_1_870' title='bbox 2099 1369 2249 1401; x_wconf 86' lang='lat' dir='ltr'>extremis</span> <span class='ocrx_word' id='word_1_871' title='bbox 2271 1379 2387 1412; x_wconf 84' lang='lat' dir='ltr'>corpo-</span> 
     </span>
     <span class='ocr_line' id='line_1_111' title="bbox 1385 1405 2388 1456; baseline 0.01 -19"><span class='ocrx_word' id='word_1_872' title='bbox 1385 1407 1427 1437; x_wconf 86' lang='lat' dir='ltr'>ris</span> <span class='ocrx_word' id='word_1_873' title='bbox 1451 1405 1691 1447; x_wconf 78' lang='lat' dir='ltr'>frigescentibus</span> <span class='ocrx_word' id='word_1_874' title='bbox 1710 1429 1724 1446; x_wconf 89' lang='lat'>,</span> <span class='ocrx_word' id='word_1_875' title='bbox 1754 1405 1881 1439; x_wconf 84' lang='lat' dir='ltr'>vivendi</span> <span class='ocrx_word' id='word_1_876' title='bbox 1905 1406 1998 1441; x_wconf 83' lang='lat' dir='ltr'>finem</span> <span class='ocrx_word' id='word_1_877' title='bbox 2022 1407 2099 1442; x_wconf 88' lang='lat' dir='ltr'>fecit</span> <span class='ocrx_word' id='word_1_878' title='bbox 2126 1411 2276 1445; x_wconf 80' lang='lat' dir='ltr'>Matrona</span> <span class='ocrx_word' id='word_1_879' title='bbox 2300 1415 2388 1456; x_wconf 89' lang='lat' dir='ltr'>opti-</span> 
     </span>
     <span class='ocr_line' id='line_1_112' title="bbox 1384 1448 2388 1496; baseline 0.009 -15"><span class='ocrx_word' id='word_1_880' title='bbox 1384 1459 1456 1487; x_wconf 87' lang='lat' dir='ltr'>ma,</span> <span class='ocrx_word' id='word_1_881' title='bbox 1478 1451 1509 1482; x_wconf 66' lang='grc' dir='ltr'>ἃ</span> <span class='ocrx_word' id='word_1_882' title='bbox 1533 1448 1575 1481; x_wconf 90' lang='lat' dir='ltr'>ob</span> <span class='ocrx_word' id='word_1_883' title='bbox 1597 1448 1631 1482; x_wconf 92' lang='lat' dir='ltr'>id</span> <span class='ocrx_word' id='word_1_884' title='bbox 1653 1450 1749 1482; x_wconf 91' lang='lat' dir='ltr'>etiarn</span> <span class='ocrx_word' id='word_1_885' title='bbox 1772 1450 1838 1482; x_wconf 87' lang='lat' dir='ltr'>vita</span> <span class='ocrx_word' id='word_1_886' title='bbox 1861 1451 1965 1484; x_wconf 86' lang='lat' dir='ltr'>multo</span> <span class='ocrx_word' id='word_1_887' title='bbox 1988 1451 2132 1493; x_wconf 79' lang='lat' dir='ltr'>longiori</span> <span class='ocrx_word' id='word_1_888' title='bbox 2156 1455 2253 1496; x_wconf 87' lang='lat' dir='ltr'>digna</span> <span class='ocrx_word' id='word_1_889' title='bbox 2268 1479 2277 1495; x_wconf 94' lang='lat'><em>‚</em></span> <span class='ocrx_word' id='word_1_890' title='bbox 2299 1456 2388 1496; x_wconf 83' lang='lat' dir='ltr'>quod</span> 
     </span>
     <span class='ocr_line' id='line_1_113' title="bbox 1384 1491 2388 1536; baseline 0.009 -12"><span class='ocrx_word' id='word_1_891' title='bbox 1384 1491 1549 1526; x_wconf 86' lang='lat' dir='ltr'>mandavit</span> <span class='ocrx_word' id='word_1_892' title='bbox 1573 1493 1715 1525; x_wconf 89' lang='lat' dir='ltr'>moriens</span> <span class='ocrx_word' id='word_1_893' title='bbox 1736 1504 1748 1531; x_wconf 91' lang='grc'><strong><em>5</em></strong></span> <span class='ocrx_word' id='word_1_894' title='bbox 1772 1493 1806 1525; x_wconf 92' lang='lat' dir='ltr'>id</span> <span class='ocrx_word' id='word_1_895' title='bbox 1829 1493 1916 1535; x_wconf 90' lang='lat' dir='ltr'>quod</span> <span class='ocrx_word' id='word_1_896' title='bbox 1941 1505 2104 1536; x_wconf 85' lang='lat' dir='ltr'>perpaucae</span> <span class='ocrx_word' id='word_1_897' title='bbox 2127 1497 2275 1532; x_wconf 86' lang='lat' dir='ltr'>mulieres</span> <span class='ocrx_word' id='word_1_898' title='bbox 2300 1498 2388 1532; x_wconf 86' lang='lat' dir='ltr'>face-</span> 
     </span>
     <span class='ocr_line' id='line_1_114' title="bbox 1383 1534 2389 1585; baseline 0.011 -19"><span class='ocrx_word' id='word_1_899' title='bbox 1383 1545 1474 1576; x_wconf 87' lang='lat' dir='ltr'>rent‚·</span> <span class='ocrx_word' id='word_1_900' title='bbox 1497 1543 1533 1569; x_wconf 87' lang='lat' dir='ltr'>ut</span> <span class='ocrx_word' id='word_1_901' title='bbox 1543 1534 1690 1569; x_wconf 85' lang='lat' dir='ltr'>diuturni</span> <span class='ocrx_word' id='word_1_902' title='bbox 1714 1535 1760 1569; x_wconf 88' lang='lat' dir='ltr'>sui</span> <span class='ocrx_word' id='word_1_903' title='bbox 1771 1538 1910 1570; x_wconf 89' lang='lat' dir='ltr'>vomitus</span> <span class='ocrx_word' id='word_1_904' title='bbox 1933 1537 2023 1571; x_wconf 85' lang='lat' dir='ltr'>causa</span> <span class='ocrx_word' id='word_1_905' title='bbox 2047 1549 2101 1580; x_wconf 89' lang='lat' dir='ltr'>per</span> <span class='ocrx_word' id='word_1_906' title='bbox 2112 1551 2280 1575; x_wconf 83' lang='lat' dir='ltr'>anatomen</span> <span class='ocrx_word' id='word_1_907' title='bbox 2300 1553 2389 1585; x_wconf 84' lang='lat' dir='ltr'>quae-</span> 
     </span>
     <span class='ocr_line' id='line_1_115' title="bbox 1383 1577 2388 1626; baseline 0.009 -16"><span class='ocrx_word' id='word_1_908' title='bbox 1383 1588 1523 1615; x_wconf 89' lang='lat' dir='ltr'>reretur‚</span> <span class='ocrx_word' id='word_1_909' title='bbox 1548 1578 1570 1611; x_wconf 87' lang='lat' dir='ltr'>fi</span> <span class='ocrx_word' id='word_1_910' title='bbox 1593 1577 1678 1613; x_wconf 90' lang='lat' dir='ltr'>forte</span> <span class='ocrx_word' id='word_1_911' title='bbox 1699 1579 1754 1612; x_wconf 90' lang='lat' dir='ltr'>illa</span> <span class='ocrx_word' id='word_1_912' title='bbox 1778 1580 1907 1613; x_wconf 86' lang='lat' dir='ltr'>inventa</span> <span class='ocrx_word' id='word_1_913' title='bbox 1924 1604 1932 1619; x_wconf 95' lang='lat'>‚</span> <span class='ocrx_word' id='word_1_914' title='bbox 1957 1581 2112 1615; x_wconf 70' lang='lat' dir='ltr'>auxilium</span> <span class='ocrx_word' id='word_1_915' title='bbox 2125 1583 2199 1617; x_wconf 88' lang='lat' dir='ltr'>ferri</span> <span class='ocrx_word' id='word_1_916' title='bbox 2224 1584 2325 1626; x_wconf 82' lang='lat' dir='ltr'>posset</span> <span class='ocrx_word' id='word_1_917' title='bbox 2349 1585 2388 1619; x_wconf 85' lang='lat' dir='ltr'>fi-</span> 
     </span>
     <span class='ocr_line' id='line_1_116' title="bbox 1383 1621 2389 1668; baseline 0.01 -15"><span class='ocrx_word' id='word_1_918' title='bbox 1383 1621 1457 1660; x_wconf 88' lang='lat' dir='ltr'>liis,</span> <span class='ocrx_word' id='word_1_919' title='bbox 1482 1623 1515 1654; x_wconf 90' lang='lat' dir='ltr'>iri</span> <span class='ocrx_word' id='word_1_920' title='bbox 1540 1621 1654 1668; x_wconf 83' lang='lat' dir='ltr'>quibus</span> <span class='ocrx_word' id='word_1_921' title='bbox 1679 1632 1745 1655; x_wconf 88' lang='lat' dir='ltr'>erat</span> <span class='ocrx_word' id='word_1_922' title='bbox 1768 1633 1838 1664; x_wconf 68' lang='lat' dir='ltr'>quae</span> <span class='ocrx_word' id='word_1_923' title='bbox 1861 1621 1924 1664; x_wconf 81' lang='lat' dir='ltr'>jam</span> <span class='ocrx_word' id='word_1_924' title='bbox 1948 1624 2180 1661; x_wconf 83' lang='lat' dir='ltr'>vomitionibus</span> <span class='ocrx_word' id='word_1_925' title='bbox 2197 1630 2313 1662; x_wconf 84' lang='lat' dir='ltr'>tentari</span> <span class='ocrx_word' id='word_1_926' title='bbox 2337 1630 2389 1662; x_wconf 90' lang='lat' dir='ltr'>in-</span> 
     </span>
     <span class='ocr_line' id='line_1_117' title="bbox 1383 1664 2390 1708; baseline 0.011 -13"><span class='ocrx_word' id='word_1_927' title='bbox 1383 1666 1499 1707; x_wconf 81' lang='lat' dir='ltr'>ciperet</span> <span class='ocrx_word' id='word_1_928' title='bbox 1513 1687 1520 1701; x_wconf 84' lang='lat'>,</span> <span class='ocrx_word' id='word_1_929' title='bbox 1542 1664 1687 1698; x_wconf 86' lang='lat' dir='ltr'>adversus</span> <span class='ocrx_word' id='word_1_930' title='bbox 1710 1664 1949 1700; x_wconf 81' lang='lat' dir='ltr'>haereditarium</span> <span class='ocrx_word' id='word_1_931' title='bbox 1970 1669 2145 1708; x_wconf 83' lang='lat' dir='ltr'>morbum3</span> <span class='ocrx_word' id='word_1_932' title='bbox 2169 1670 2280 1705; x_wconf 84' lang='lat' dir='ltr'>eodem</span> <span class='ocrx_word' id='word_1_933' title='bbox 2302 1673 2390 1707; x_wconf 79' lang='lat' dir='ltr'>enim</span> 
     </span>
     <span class='ocr_line' id='line_1_118' title="bbox 1383 1707 2388 1757; baseline 0.009 -17"><span class='ocrx_word' id='word_1_934' title='bbox 1383 1719 1448 1750; x_wconf 89' lang='lat' dir='ltr'>quo</span> <span class='ocrx_word' id='word_1_935' title='bbox 1470 1707 1536 1749; x_wconf 89' lang='lat' dir='ltr'>ipsa</span> <span class='ocrx_word' id='word_1_936' title='bbox 1560 1707 1707 1741; x_wconf 83' lang='lat' dir='ltr'>vomendi</span> <span class='ocrx_word' id='word_1_937' title='bbox 1729 1708 1936 1742; x_wconf 88' lang='lat' dir='ltr'>incommodo</span> <span class='ocrx_word' id='word_1_938' title='bbox 1960 1735 1969 1748; x_wconf 92' lang='lat'>,</span> <span class='ocrx_word' id='word_1_939' title='bbox 2003 1721 2103 1744; x_wconf 87' lang='lat' dir='ltr'>mater</span> <span class='ocrx_word' id='word_1_940' title='bbox 2134 1725 2261 1756; x_wconf 81' lang='lat' dir='ltr'>quoque</span> <span class='ocrx_word' id='word_1_941' title='bbox 2279 1737 2291 1754; x_wconf 87' lang='lat'>,</span> <span class='ocrx_word' id='word_1_942' title='bbox 2323 1714 2388 1757; x_wconf 74' lang='lat' dir='ltr'>jam</span> 
     </span>
     <span class='ocr_line' id='line_1_119' title="bbox 1386 1751 2390 1800; baseline 0.01 -18"><span class='ocrx_word' id='word_1_943' title='bbox 1386 1760 1456 1783; x_wconf 87' lang='lat' dir='ltr'>ante</span> <span class='ocrx_word' id='word_1_944' title='bbox 1479 1751 1582 1792; x_wconf 89' lang='lat' dir='ltr'>plures</span> <span class='ocrx_word' id='word_1_945' title='bbox 1602 1761 1699 1784; x_wconf 87' lang='lat' dir='ltr'>annos</span> <span class='ocrx_word' id='word_1_946' title='bbox 1722 1751 1863 1785; x_wconf 60' lang='lat' dir='ltr'>extincta</span> <span class='ocrx_word' id='word_1_947' title='bbox 1883 1775 1896 1792; x_wconf 88' lang='lat'>,</span> <span class='ocrx_word' id='word_1_948' title='bbox 1918 1751 2115 1788; x_wconf 79' lang='lat' dir='ltr'>laboraverat</span> <span class='ocrx_word' id='word_1_949' title='bbox 2140 1779 2149 1789; x_wconf 89' lang='lat'>.</span> <span class='ocrx_word' id='word_1_950' title='bbox 2182 1759 2295 1800; x_wconf 83' lang='lat' dir='ltr'>Itaque</span> <span class='ocrx_word' id='word_1_951' title='bbox 2318 1770 2390 1792; x_wconf 84' lang='lat' dir='ltr'>cum</span> 
     </span>
     <span class='ocr_line' id='line_1_120' title="bbox 1384 1792 2390 1845; baseline 0.008 -18"><span class='ocrx_word' id='word_1_952' title='bbox 1384 1804 1403 1827; x_wconf 88' lang='lat' dir='ltr'>a</span> <span class='ocrx_word' id='word_1_953' title='bbox 1424 1805 1485 1841; x_wconf 22' lang='lat' dir='ltr'>*me</span> <span class='ocrx_word' id='word_1_954' title='bbox 1508 1792 1644 1835; x_wconf 83' lang='lat' dir='ltr'>petiisset</span> <span class='ocrx_word' id='word_1_955' title='bbox 1675 1794 1891 1827; x_wconf 82' lang='lat' dir='ltr'>Nobiliffimae</span> <span class='ocrx_word' id='word_1_956' title='bbox 1913 1796 2056 1829; x_wconf 83' lang='lat' dir='ltr'>Familiae</span> <span class='ocrx_word' id='word_1_957' title='bbox 2090 1800 2220 1832; x_wconf 87' lang='lat' dir='ltr'>nornine</span> <span class='ocrx_word' id='word_1_958' title='bbox 2253 1802 2390 1845; x_wconf 84' lang='lat' dir='ltr'>Collega</span> 
     </span>
     <span class='ocr_line' id='line_1_121' title="bbox 1385 1837 2389 1882; baseline 0.008 -12"><span class='ocrx_word' id='word_1_959' title='bbox 1385 1848 1473 1871; x_wconf 86' lang='lat' dir='ltr'>meus</span> <span class='ocrx_word' id='word_1_960' title='bbox 1508 1837 1730 1871; x_wconf 82' lang='lat' dir='ltr'>Ornatiffimus</span> <span class='ocrx_word' id='word_1_961' title='bbox 1755 1837 1964 1872; x_wconf 86' lang='lat' dir='ltr'>Vallisrierius</span> <span class='ocrx_word' id='word_1_962' title='bbox 1996 1839 2085 1874; x_wconf 84' lang='lat' dir='ltr'>filius</span> <span class='ocrx_word' id='word_1_963' title='bbox 2106 1865 2118 1882; x_wconf 87' lang='lat'>‚</span> <span class='ocrx_word' id='word_1_964' title='bbox 2148 1852 2184 1876; x_wconf 90' lang='lat' dir='ltr'>ut</span> <span class='ocrx_word' id='word_1_965' title='bbox 2207 1841 2389 1878; x_wconf 63' lang='lat' dir='ltr'>diffestioni</span> 
     </span>
     <span class='ocr_line' id='line_1_122' title="bbox 1385 1878 2391 1932; baseline 0.009 -19"><span class='ocrx_word' id='word_1_966' title='bbox 1385 1878 1508 1922; x_wconf 81' lang='lat' dir='ltr'>praeesse</span> <span class='ocrx_word' id='word_1_967' title='bbox 1529 1880 1642 1914; x_wconf 90' lang='lat' dir='ltr'>vellem</span> <span class='ocrx_word' id='word_1_968' title='bbox 1664 1904 1676 1920; x_wconf 89' lang='lat'>,</span> <span class='ocrx_word' id='word_1_969' title='bbox 1709 1892 1844 1923; x_wconf 86' lang='lat' dir='ltr'>cumque</span> <span class='ocrx_word' id='word_1_970' title='bbox 1878 1892 1894 1913; x_wconf 88' lang='lat' dir='ltr'>a</span> <span class='ocrx_word' id='word_1_971' title='bbox 1927 1883 2058 1916; x_wconf 88' lang='lat' dir='ltr'>Medico</span> <span class='ocrx_word' id='word_1_972' title='bbox 2081 1886 2312 1928; x_wconf 62' lang='lat' dir='ltr'>speetatiffimo</span> <span class='ocrx_word' id='word_1_973' title='bbox 2334 1891 2391 1932; x_wconf 89' lang='lat' dir='ltr'>qui</span> 
     </span>
     <span class='ocr_line' id='line_1_123' title="bbox 1385 1923 2391 1969; baseline 0.011 -14"><span class='ocrx_word' id='word_1_974' title='bbox 1385 1934 1483 1955; x_wconf 86' lang='lat' dir='ltr'>annos</span> <span class='ocrx_word' id='word_1_975' title='bbox 1505 1923 1676 1965; x_wconf 83' lang='lat' dir='ltr'>postremos</span> <span class='ocrx_word' id='word_1_976' title='bbox 1698 1924 1889 1964; x_wconf 86' lang='lat' dir='ltr'>duodecim,</span> <span class='ocrx_word' id='word_1_977' title='bbox 1912 1927 1986 1958; x_wconf 90' lang='lat' dir='ltr'>miti</span> <span class='ocrx_word' id='word_1_978' title='bbox 2016 1949 2025 1964; x_wconf 92' lang='lat'>,</span> <span class='ocrx_word' id='word_1_979' title='bbox 2058 1937 2093 1960; x_wconf 91' lang='lat' dir='ltr'>ut</span> <span class='ocrx_word' id='word_1_980' title='bbox 2116 1928 2246 1963; x_wconf 86' lang='lat' dir='ltr'>decebat</span> <span class='ocrx_word' id='word_1_981' title='bbox 2267 1956 2276 1969; x_wconf 87' lang='lat'>,</span> <span class='ocrx_word' id='word_1_982' title='bbox 2299 1942 2391 1965; x_wconf 83' lang='lat' dir='ltr'>cura-</span> 
     </span>
     <span class='ocr_line' id='line_1_124' title="bbox 1381 1965 2391 2016; baseline 0.011 -18"><span class='ocrx_word' id='word_1_983' title='bbox 1381 1967 1483 1999; x_wconf 90' lang='lat' dir='ltr'>tionis</span> <span class='ocrx_word' id='word_1_984' title='bbox 1505 1977 1617 2007; x_wconf 82' lang='lat' dir='ltr'>genere</span> <span class='ocrx_word' id='word_1_985' title='bbox 1641 1967 1799 2000; x_wconf 82' lang='lat' dir='ltr'>Matronae</span> <span class='ocrx_word' id='word_1_986' title='bbox 1823 1965 1978 2010; x_wconf 76' lang='lat' dir='ltr'>affuerat,</span> <span class='ocrx_word' id='word_1_987' title='bbox 2002 1972 2097 2003; x_wconf 90' lang='lat' dir='ltr'>Petro</span> <span class='ocrx_word' id='word_1_988' title='bbox 2120 1972 2157 2005; x_wconf 86' lang='lat' dir='ltr'>de</span> <span class='ocrx_word' id='word_1_989' title='bbox 2172 1974 2391 2016; x_wconf 85' lang='lat' dir='ltr'>Marchettis,</span> 
     </span>
     <span class='ocr_line' id='line_1_125' title="bbox 1382 2010 2391 2063; baseline 0.012 -22"><span class='ocrx_word' id='word_1_990' title='bbox 1382 2010 1469 2041; x_wconf 88' lang='lat' dir='ltr'>Petri</span> <span class='ocrx_word' id='word_1_991' title='bbox 1492 2010 1623 2058; x_wconf 80' lang='lat' dir='ltr'>Equitis</span> <span class='ocrx_word' id='word_1_992' title='bbox 1646 2020 1760 2052; x_wconf 89' lang='lat' dir='ltr'>nepote</span> <span class='ocrx_word' id='word_1_993' title='bbox 1780 2033 1793 2050; x_wconf 96' lang='lat'>,</span> <span class='ocrx_word' id='word_1_994' title='bbox 1818 2022 1852 2043; x_wconf 85' lang='lat' dir='ltr'>ea</span> <span class='ocrx_word' id='word_1_995' title='bbox 1875 2015 1983 2046; x_wconf 87' lang='lat' dir='ltr'>omnia</span> <span class='ocrx_word' id='word_1_996' title='bbox 2003 2024 2073 2055; x_wconf 83' lang='lat' dir='ltr'>quae</span> <span class='ocrx_word' id='word_1_997' title='bbox 2099 2013 2249 2050; x_wconf 70' lang='lat' dir='ltr'>haetenus</span> <span class='ocrx_word' id='word_1_998' title='bbox 2274 2017 2391 2063; x_wconf 81' lang='lat' dir='ltr'>scripta</span> 
     </span>
     <span class='ocr_line' id='line_1_126' title="bbox 1383 2050 2391 2103; baseline 0.012 -19"><span class='ocrx_word' id='word_1_999' title='bbox 1383 2050 1476 2101; x_wconf 75' lang='lat' dir='ltr'>sunt,</span> <span class='ocrx_word' id='word_1_1000' title='bbox 1497 2050 1680 2094; x_wconf 80' lang='lat' dir='ltr'>accepissem</span> <span class='ocrx_word' id='word_1_1001' title='bbox 1703 2064 1714 2091; x_wconf 79' lang='lat'>3</span> <span class='ocrx_word' id='word_1_1002' title='bbox 1746 2064 1855 2086; x_wconf 88' lang='lat' dir='ltr'>coram</span> <span class='ocrx_word' id='word_1_1003' title='bbox 1879 2054 1968 2096; x_wconf 87' lang='lat' dir='ltr'>ipso,</span> <span class='ocrx_word' id='word_1_1004' title='bbox 1991 2057 2124 2098; x_wconf 85' lang='lat' dir='ltr'>aliisque</span> <span class='ocrx_word' id='word_1_1005' title='bbox 2146 2060 2285 2094; x_wconf 81' lang='lat' dir='ltr'>Medicis</span> <span class='ocrx_word' id='word_1_1006' title='bbox 2311 2085 2325 2103; x_wconf 81' lang='lat'>,</span> <span class='ocrx_word' id='word_1_1007' title='bbox 2356 2064 2391 2095; x_wconf 86' lang='lat' dir='ltr'>in</span> 
     </span>
     <span class='ocr_line' id='line_1_127' title="bbox 1384 2094 2388 2143; baseline 0.014 -18"><span class='ocrx_word' id='word_1_1008' title='bbox 1384 2094 1501 2137; x_wconf 81' lang='lat' dir='ltr'>quibus</span> <span class='ocrx_word' id='word_1_1009' title='bbox 1525 2095 1577 2126; x_wconf 92' lang='lat' dir='ltr'>Cl.</span> <span class='ocrx_word' id='word_1_1010' title='bbox 1604 2096 1668 2128; x_wconf 89' lang='lat' dir='ltr'>Vir</span> <span class='ocrx_word' id='word_1_1011' title='bbox 1692 2095 1779 2135; x_wconf 85' lang='lat' dir='ltr'>fuit,</span> <span class='ocrx_word' id='word_1_1012' title='bbox 1801 2096 1934 2130; x_wconf 85' lang='lat' dir='ltr'>auditor</span> <span class='ocrx_word' id='word_1_1013' title='bbox 1955 2100 2037 2133; x_wconf 90' lang='lat' dir='ltr'>olim</span> <span class='ocrx_word' id='word_1_1014' title='bbox 2061 2112 2171 2143; x_wconf 87' lang='lat' dir='ltr'>meus,</span> <span class='ocrx_word' id='word_1_1015' title='bbox 2192 2105 2388 2140; x_wconf 90' lang='lat' dir='ltr'>Dominicus</span> 
     </span>
     <span class='ocr_line' id='line_1_128' title="bbox 1386 2136 2391 2182; baseline 0.01 -10"><span class='ocrx_word' id='word_1_1016' title='bbox 1386 2138 1536 2178; x_wconf 87' lang='lat' dir='ltr'>Militia,</span> <span class='ocrx_word' id='word_1_1017' title='bbox 1557 2136 1778 2172; x_wconf 66' lang='lat' dir='ltr'>dissestionem</span> <span class='ocrx_word' id='word_1_1018' title='bbox 1800 2150 1947 2174; x_wconf 84' lang='lat' dir='ltr'>accurate</span> <span class='ocrx_word' id='word_1_1019' title='bbox 1964 2142 2189 2179; x_wconf 86' lang='lat' dir='ltr'>instituendam</span> <span class='ocrx_word' id='word_1_1020' title='bbox 2213 2150 2320 2182; x_wconf 90' lang='lat' dir='ltr'>curavi</span> <span class='ocrx_word' id='word_1_1021' title='bbox 2334 2149 2391 2182; x_wconf 90' lang='lat' dir='ltr'>sub</span> 
     </span>
     <span class='ocr_line' id='line_1_129' title="bbox 1385 2180 2390 2230; baseline 0.012 -16"><span class='ocrx_word' id='word_1_1022' title='bbox 1385 2181 1513 2214; x_wconf 65' lang='lat' dir='ltr'>nostem</span> <span class='ocrx_word' id='word_1_1023' title='bbox 1536 2180 1601 2230; x_wconf 54' lang='lat' dir='ltr'>eju?</span> <span class='ocrx_word' id='word_1_1024' title='bbox 1622 2180 1707 2219; x_wconf 89' lang='lat' dir='ltr'>diei,</span> <span class='ocrx_word' id='word_1_1025' title='bbox 1730 2193 1795 2225; x_wconf 89' lang='lat' dir='ltr'>quo</span> <span class='ocrx_word' id='word_1_1026' title='bbox 1815 2180 1867 2216; x_wconf 90' lang='lat' dir='ltr'>die</span> <span class='ocrx_word' id='word_1_1027' title='bbox 1889 2194 1978 2217; x_wconf 87' lang='lat' dir='ltr'>mane</span> <span class='ocrx_word' id='word_1_1028' title='bbox 2002 2198 2084 2229; x_wconf 85' lang='lat' dir='ltr'>aegra</span> <span class='ocrx_word' id='word_1_1029' title='bbox 2108 2188 2298 2230; x_wconf 75' lang='lat' dir='ltr'>decesserat,</span> <span class='ocrx_word' id='word_1_1030' title='bbox 2324 2193 2390 2226; x_wconf 81' lang='lat' dir='ltr'>VI.</span> 
     </span>
     <span class='ocr_line' id='line_1_130' title="bbox 1385 2224 2392 2275; baseline 0.012 -17"><span class='ocrx_word' id='word_1_1031' title='bbox 1385 2224 1461 2258; x_wconf 85' lang='lat' dir='ltr'>Idus</span> <span class='ocrx_word' id='word_1_1032' title='bbox 1483 2225 1609 2266; x_wconf 75' lang='lat' dir='ltr'>Aprilis</span> <span class='ocrx_word' id='word_1_1033' title='bbox 1632 2225 1674 2260; x_wconf 75' lang='lat' dir='ltr'>A..</span> <span class='ocrx_word' id='word_1_1034' title='bbox 1704 2236 1795 2275; x_wconf 32' lang='lat'>1744..</span> <span class='ocrx_word' id='word_1_1035' title='bbox 1931 2229 2161 2267; x_wconf 83' lang='lat' dir='ltr'>CADAVER</span> <span class='ocrx_word' id='word_1_1036' title='bbox 2184 2236 2392 2270; x_wconf 89' lang='lat' dir='ltr'>macilentum</span> 
     </span>
     <span class='ocr_line' id='line_1_131' title="bbox 1385 2270 2389 2313; baseline 0.01 -12"><span class='ocrx_word' id='word_1_1037' title='bbox 1385 2277 1472 2305; x_wconf 87' lang='lat' dir='ltr'>erat,</span> <span class='ocrx_word' id='word_1_1038' title='bbox 1496 2277 1551 2300; x_wconf 87' lang='lat' dir='ltr'>nec</span> <span class='ocrx_word' id='word_1_1039' title='bbox 1575 2277 1680 2301; x_wconf 87' lang='lat' dir='ltr'>tamen</span> <span class='ocrx_word' id='word_1_1040' title='bbox 1705 2270 1903 2311; x_wconf 87' lang='lat' dir='ltr'>plurimum,</span> <span class='ocrx_word' id='word_1_1041' title='bbox 1927 2274 1958 2304; x_wconf 87' lang='lat'>&amp;</span> <span class='ocrx_word' id='word_1_1042' title='bbox 1982 2271 2045 2306; x_wconf 85' lang='lat' dir='ltr'>sirie</span> <span class='ocrx_word' id='word_1_1043' title='bbox 2066 2282 2193 2310; x_wconf 81' lang='lat' dir='ltr'>artuum</span> <span class='ocrx_word' id='word_1_1044' title='bbox 2214 2277 2389 2313; x_wconf 86' lang='lat' dir='ltr'>oedemate.</span> 
     </span>
    </p>

    <p class='ocr_par' dir='ltr' id='par_1_9' title="bbox 1381 2311 2397 3574">
     <span class='ocr_line' id='line_1_132' title="bbox 1515 2311 2390 2363; baseline 0.014 -18"><span class='ocrx_word' id='word_1_1045' title='bbox 1515 2311 1639 2345; x_wconf 89' lang='lat' dir='ltr'>Venter</span> <span class='ocrx_word' id='word_1_1046' title='bbox 1661 2323 1775 2354; x_wconf 84' lang='lat' dir='ltr'>aquam</span> <span class='ocrx_word' id='word_1_1047' title='bbox 1799 2312 1911 2347; x_wconf 84' lang='lat' dir='ltr'>habuit</span> <span class='ocrx_word' id='word_1_1048' title='bbox 1936 2315 2107 2350; x_wconf 84' lang='lat' dir='ltr'>subflavam</span> <span class='ocrx_word' id='word_1_1049' title='bbox 2139 2330 2203 2353; x_wconf 88' lang='lat' dir='ltr'>non</span> <span class='ocrx_word' id='word_1_1050' title='bbox 2226 2333 2356 2363; x_wconf 88' lang='lat' dir='ltr'>paucam</span> <span class='ocrx_word' id='word_1_1051' title='bbox 2383 2336 2390 2356; x_wconf 93' lang='lat'>:</span> 
     </span>
     <span class='ocr_line' id='line_1_133' title="bbox 1385 2354 2392 2405; baseline 0.015 -20"><span class='ocrx_word' id='word_1_1052' title='bbox 1385 2361 1550 2404; x_wconf 83' lang='lat' dir='ltr'>omentum</span> <span class='ocrx_word' id='word_1_1053' title='bbox 1573 2365 1670 2396; x_wconf 86' lang='lat' dir='ltr'>pauca</span> <span class='ocrx_word' id='word_1_1054' title='bbox 1693 2354 1886 2397; x_wconf 84' lang='lat' dir='ltr'>pinguedine</span> <span class='ocrx_word' id='word_1_1055' title='bbox 1910 2357 2122 2401; x_wconf 63' lang='lat' dir='ltr'>instructum,</span> <span class='ocrx_word' id='word_1_1056' title='bbox 2147 2374 2293 2405; x_wconf 88' lang='lat' dir='ltr'>magnam</span> <span class='ocrx_word' id='word_1_1057' title='bbox 2309 2367 2392 2399; x_wconf 88' lang='lat' dir='ltr'>inte-</span> 
     </span>
     <span class='ocr_line' id='line_1_134' title="bbox 1384 2397 2392 2449; baseline 0.015 -20"><span class='ocrx_word' id='word_1_1058' title='bbox 1384 2397 1539 2430; x_wconf 87' lang='lat' dir='ltr'>stinorum</span> <span class='ocrx_word' id='word_1_1059' title='bbox 1550 2406 1672 2446; x_wconf 83' lang='lat' dir='ltr'>partem</span> <span class='ocrx_word' id='word_1_1060' title='bbox 1695 2398 1848 2440; x_wconf 87' lang='lat' dir='ltr'>obtegens</span> <span class='ocrx_word' id='word_1_1061' title='bbox 1859 2423 1870 2439; x_wconf 88' lang='lat'>,</span> <span class='ocrx_word' id='word_1_1062' title='bbox 1895 2412 2113 2446; x_wconf 84' lang='lat' dir='ltr'>annexumque</span> <span class='ocrx_word' id='word_1_1063' title='bbox 2131 2405 2168 2439; x_wconf 87' lang='lat' dir='ltr'>ad</span> <span class='ocrx_word' id='word_1_1064' title='bbox 2182 2410 2392 2449; x_wconf 78' lang='lat' dir='ltr'>peritonaeum</span> 
     </span>
     <span class='ocr_line' id='line_1_135' title="bbox 1383 2440 2393 2489; baseline 0.013 -17"><span class='ocrx_word' id='word_1_1065' title='bbox 1383 2440 1647 2489; x_wconf 39' lang='lat' dir='ltr'>latere-finistto:</span> <span class='ocrx_word' id='word_1_1066' title='bbox 1671 2443 1882 2477; x_wconf 87' lang='lat' dir='ltr'>ventriculum</span> <span class='ocrx_word' id='word_1_1067' title='bbox 1894 2447 2113 2485; x_wconf 67' lang='lat' dir='ltr'>conti-aetum,</span> <span class='ocrx_word' id='word_1_1068' title='bbox 2138 2450 2239 2483; x_wconf 88' lang='lat' dir='ltr'>&amp;ubi</span> <span class='ocrx_word' id='word_1_1069' title='bbox 2264 2452 2393 2485; x_wconf 82' lang='lat' dir='ltr'>accede-</span> 
     </span>
     <span class='ocr_line' id='line_1_136' title="bbox 1383 2482 2391 2538; baseline 0.013 -22"><span class='ocrx_word' id='word_1_1070' title='bbox 1383 2495 1414 2517; x_wconf 90' lang='lat' dir='ltr'>re</span> <span class='ocrx_word' id='word_1_1071' title='bbox 1428 2482 1601 2533; x_wconf 80' lang='lat' dir='ltr'>incipiebat</span> <span class='ocrx_word' id='word_1_1072' title='bbox 1623 2483 1662 2516; x_wconf 90' lang='lat' dir='ltr'>ad</span> <span class='ocrx_word' id='word_1_1073' title='bbox 1676 2485 1783 2526; x_wconf 85' lang='lat' dir='ltr'>pylori</span> <span class='ocrx_word' id='word_1_1074' title='bbox 1801 2495 1932 2531; x_wconf 25' lang='lat' dir='ltr'>*antrum</span> <span class='ocrx_word' id='word_1_1075' title='bbox 1946 2513 1954 2526; x_wconf 91' lang='lat'><strong><em>‚</em></strong></span> <span class='ocrx_word' id='word_1_1076' title='bbox 1977 2489 2024 2522; x_wconf 88' lang='lat' dir='ltr'>ibi</span> <span class='ocrx_word' id='word_1_1077' title='bbox 2040 2492 2242 2526; x_wconf 65' lang='lat' dir='ltr'>contractum</span> <span class='ocrx_word' id='word_1_1078' title='bbox 2265 2496 2367 2538; x_wconf 84' lang='lat' dir='ltr'>magis</span> <span class='ocrx_word' id='word_1_1079' title='bbox 2379 2519 2391 2536; x_wconf 91' lang='lat'>,</span> 
     </span>
     <span class='ocr_line' id='line_1_137' title="bbox 1382 2526 2392 2577; baseline 0.015 -19"><span class='ocrx_word' id='word_1_1080' title='bbox 1382 2536 1418 2561; x_wconf 90' lang='lat' dir='ltr'>ut</span> <span class='ocrx_word' id='word_1_1081' title='bbox 1442 2537 1475 2559; x_wconf 90' lang='lat' dir='ltr'>in</span> <span class='ocrx_word' id='word_1_1082' title='bbox 1497 2526 1576 2573; x_wconf 79' lang='lat' dir='ltr'>duos</span> <span class='ocrx_word' id='word_1_1083' title='bbox 1599 2526 1817 2577; x_wconf 84' lang='lat' dir='ltr'>quadantenus</span> <span class='ocrx_word' id='word_1_1084' title='bbox 1839 2528 1912 2563; x_wconf 82' lang='lat' dir='ltr'>esset</span> <span class='ocrx_word' id='word_1_1085' title='bbox 1923 2530 2068 2574; x_wconf 89' lang='lat' dir='ltr'>divisus,</span> <span class='ocrx_word' id='word_1_1086' title='bbox 2092 2536 2267 2577; x_wconf 83' lang='lat' dir='ltr'>parietibus</span> <span class='ocrx_word' id='word_1_1087' title='bbox 2289 2542 2320 2572; x_wconf 85' lang='lat'>&amp;</span> <span class='ocrx_word' id='word_1_1088' title='bbox 2338 2550 2392 2572; x_wconf 92' lang='lat' dir='ltr'>co-</span> 
     </span>
     <span class='ocr_line' id='line_1_138' title="bbox 1381 2570 2393 2620; baseline 0.015 -20"><span class='ocrx_word' id='word_1_1089' title='bbox 1381 2572 1473 2620; x_wconf 72' lang='lat' dir='ltr'>lore,</span> <span class='ocrx_word' id='word_1_1090' title='bbox 1495 2570 1516 2602; x_wconf 82' lang='lat' dir='ltr'>si</span> <span class='ocrx_word' id='word_1_1091' title='bbox 1540 2579 1676 2603; x_wconf 80' lang='lat' dir='ltr'>exterius</span> <span class='ocrx_word' id='word_1_1092' title='bbox 1700 2570 1872 2617; x_wconf 75' lang='lat' dir='ltr'>aspiceres,</span> <span class='ocrx_word' id='word_1_1093' title='bbox 1897 2574 2066 2609; x_wconf 88' lang='lat' dir='ltr'>secundum</span> <span class='ocrx_word' id='word_1_1094' title='bbox 2085 2587 2253 2619; x_wconf 83' lang='lat' dir='ltr'>naturam3</span> <span class='ocrx_word' id='word_1_1095' title='bbox 2277 2582 2327 2615; x_wconf 91' lang='lat' dir='ltr'>sed</span> <span class='ocrx_word' id='word_1_1096' title='bbox 2344 2582 2393 2615; x_wconf 84' lang='lat' dir='ltr'>fa-</span> 
     </span>
     <span class='ocr_line' id='line_1_139' title="bbox 1386 2614 2392 2661; baseline 0.011 -14"><span class='ocrx_word' id='word_1_1097' title='bbox 1386 2625 1434 2647; x_wconf 88' lang='lat' dir='ltr'>cie</span> <span class='ocrx_word' id='word_1_1098' title='bbox 1457 2616 1608 2646; x_wconf 88' lang='lat' dir='ltr'>interiore</span> <span class='ocrx_word' id='word_1_1099' title='bbox 1631 2615 1717 2661; x_wconf 71' lang='lat' dir='ltr'>quasi</span> <span class='ocrx_word' id='word_1_1100' title='bbox 1742 2614 1781 2647; x_wconf 86' lang='lat' dir='ltr'>ab</span> <span class='ocrx_word' id='word_1_1101' title='bbox 1804 2616 2057 2653; x_wconf 77' lang='lat' dir='ltr'>inflammatione</span> <span class='ocrx_word' id='word_1_1102' title='bbox 2074 2622 2258 2657; x_wconf 83' lang='lat' dir='ltr'>rubentem.</span> <span class='ocrx_word' id='word_1_1103' title='bbox 2284 2624 2392 2659; x_wconf 88' lang='lat' dir='ltr'>Inerat</span> 
     </span>
     <span class='ocr_line' id='line_1_140' title="bbox 1387 2656 2394 2710; baseline 0.013 -21"><span class='ocrx_word' id='word_1_1104' title='bbox 1387 2667 1457 2700; x_wconf 83' lang='lat' dir='ltr'>pars</span> <span class='ocrx_word' id='word_1_1105' title='bbox 1481 2668 1590 2699; x_wconf 79' lang='lat' dir='ltr'>aquae,</span> <span class='ocrx_word' id='word_1_1106' title='bbox 1613 2667 1649 2689; x_wconf 87' lang='lat' dir='ltr'>an</span> <span class='ocrx_word' id='word_1_1107' title='bbox 1673 2656 1787 2698; x_wconf 75' lang='lat' dir='ltr'>jusculi</span> <span class='ocrx_word' id='word_1_1108' title='bbox 1811 2660 1968 2694; x_wconf 79' lang='lat' dir='ltr'>noviffime</span> <span class='ocrx_word' id='word_1_1109' title='bbox 1992 2661 2108 2706; x_wconf 85' lang='lat' dir='ltr'>sumpti</span> <span class='ocrx_word' id='word_1_1110' title='bbox 2135 2689 2143 2704; x_wconf 90' lang='lat'>‚</span> <span class='ocrx_word' id='word_1_1111' title='bbox 2165 2677 2239 2699; x_wconf 90' lang='lat' dir='ltr'>cum</span> <span class='ocrx_word' id='word_1_1112' title='bbox 2261 2669 2394 2710; x_wconf 85' lang='lat' dir='ltr'>quibus—</span> 
     </span>
     <span class='ocr_line' id='line_1_141' title="bbox 1390 2700 2394 2755; baseline 0.012 -21"><span class='ocrx_word' id='word_1_1113' title='bbox 1390 2700 1683 2749; x_wconf 41' lang='lat' dir='ltr'>dam-craffioribus</span> <span class='ocrx_word' id='word_1_1114' title='bbox 1695 2703 1901 2746; x_wconf 80' lang='lat' dir='ltr'>portionibus</span> <span class='ocrx_word' id='word_1_1115' title='bbox 1923 2704 2150 2741; x_wconf 74' lang='lat' dir='ltr'>viscidaeillius</span> <span class='ocrx_word' id='word_1_1116' title='bbox 2173 2712 2312 2746; x_wconf 77' lang='lat' dir='ltr'>materiae</span> <span class='ocrx_word' id='word_1_1117' title='bbox 2323 2724 2394 2755; x_wconf 81' lang='lat' dir='ltr'>qnae</span> 
     </span>
     <span class='ocr_line' id='line_1_142' title="bbox 1391 2745 2395 2793; baseline 0.011 -19"><span class='ocrx_word' id='word_1_1118' title='bbox 1391 2752 1515 2793; x_wconf 74' lang='lat' dir='ltr'>vomitu</span> <span class='ocrx_word' id='word_1_1119' title='bbox 1539 2745 1610 2785; x_wconf 75' lang='lat' dir='ltr'>ejici</span> <span class='ocrx_word' id='word_1_1120' title='bbox 1637 2746 1857 2779; x_wconf 87' lang='lat' dir='ltr'>consueverat.</span> <span class='ocrx_word' id='word_1_1121' title='bbox 1884 2749 1921 2779; x_wconf 87' lang='lat' dir='ltr'>ln</span> <span class='ocrx_word' id='word_1_1122' title='bbox 1946 2748 2064 2790; x_wconf 84' lang='lat' dir='ltr'>pyloro</span> <span class='ocrx_word' id='word_1_1123' title='bbox 2087 2752 2183 2793; x_wconf 83' lang='lat' dir='ltr'>ipso,</span> <span class='ocrx_word' id='word_1_1124' title='bbox 2205 2756 2238 2787; x_wconf 86' lang='lat'>&amp;</span> <span class='ocrx_word' id='word_1_1125' title='bbox 2263 2756 2395 2789; x_wconf 79' lang='lat' dir='ltr'>Duode-</span> 
     </span>
     <span class='ocr_line' id='line_1_143' title="bbox 1392 2786 2394 2834; baseline 0.013 -14"><span class='ocrx_word' id='word_1_1126' title='bbox 1392 2798 1434 2820; x_wconf 88' lang='lat' dir='ltr'>no</span> <span class='ocrx_word' id='word_1_1127' title='bbox 1459 2786 1610 2834; x_wconf 74' lang='lat' dir='ltr'>intestino</span> <span class='ocrx_word' id='word_1_1128' title='bbox 1632 2786 1716 2820; x_wconf 86' lang='lat' dir='ltr'>nihil</span> <span class='ocrx_word' id='word_1_1129' title='bbox 1740 2788 1880 2823; x_wconf 88' lang='lat' dir='ltr'>morbidi</span> <span class='ocrx_word' id='word_1_1130' title='bbox 1905 2800 2017 2833; x_wconf 82' lang='lat' dir='ltr'>praeter</span> <span class='ocrx_word' id='word_1_1131' title='bbox 2040 2795 2172 2829; x_wconf 83' lang='lat' dir='ltr'>internae</span> <span class='ocrx_word' id='word_1_1132' title='bbox 2197 2796 2288 2830; x_wconf 86' lang='lat' dir='ltr'>faciei</span> <span class='ocrx_word' id='word_1_1133' title='bbox 2304 2800 2394 2832; x_wconf 78' lang='lat' dir='ltr'>colo-</span> 
     </span>
     <span class='ocr_line' id='line_1_144' title="bbox 1391 2829 2395 2880; baseline 0.01 -20"><span class='ocrx_word' id='word_1_1134' title='bbox 1391 2841 1456 2863; x_wconf 82' lang='lat' dir='ltr'>rem</span> <span class='ocrx_word' id='word_1_1135' title='bbox 1470 2855 1478 2870; x_wconf 92' lang='lat'>‚</span> <span class='ocrx_word' id='word_1_1136' title='bbox 1501 2841 1567 2879; x_wconf 72' lang='lat' dir='ltr'>ejus</span> <span class='ocrx_word' id='word_1_1137' title='bbox 1591 2829 1725 2880; x_wconf 77' lang='lat' dir='ltr'>similem</span> <span class='ocrx_word' id='word_1_1138' title='bbox 1747 2833 1803 2874; x_wconf 87' lang='lat' dir='ltr'>qui</span> <span class='ocrx_word' id='word_1_1139' title='bbox 1821 2834 1860 2870; x_wconf 52' lang='lat' dir='ltr'>,iii</span> <span class='ocrx_word' id='word_1_1140' title='bbox 1884 2836 2060 2870; x_wconf 88' lang='lat' dir='ltr'>ventriculo</span> <span class='ocrx_word' id='word_1_1141' title='bbox 2081 2837 2186 2871; x_wconf 64' lang='lat' dir='ltr'>dietus</span> <span class='ocrx_word' id='word_1_1142' title='bbox 2208 2840 2250 2875; x_wconf 88' lang='lat' dir='ltr'>est</span> <span class='ocrx_word' id='word_1_1143' title='bbox 2270 2865 2278 2872; x_wconf 92' lang='lat'><em>.</em></span> <span class='ocrx_word' id='word_1_1144' title='bbox 2315 2844 2395 2876; x_wconf 86' lang='lat' dir='ltr'>Pan.</span> 
     </span>
     <span class='ocr_line' id='line_1_145' title="bbox 1391 2873 2396 2926; baseline 0.015 -21"><span class='ocrx_word' id='word_1_1145' title='bbox 1391 2885 1472 2907; x_wconf 87' lang='lat' dir='ltr'>creas</span> <span class='ocrx_word' id='word_1_1146' title='bbox 1497 2873 1573 2915; x_wconf 79' lang='lat' dir='ltr'>Justa</span> <span class='ocrx_word' id='word_1_1147' title='bbox 1609 2875 1752 2916; x_wconf 85' lang='lat' dir='ltr'>alioquin</span> <span class='ocrx_word' id='word_1_1148' title='bbox 1775 2876 1995 2918; x_wconf 88' lang='lat' dir='ltr'>magnitudine</span> <span class='ocrx_word' id='word_1_1149' title='bbox 2017 2903 2030 2920; x_wconf 84' lang='lat'>,</span> <span class='ocrx_word' id='word_1_1150' title='bbox 2062 2890 2216 2924; x_wconf 85' lang='lat' dir='ltr'>quantum</span> <span class='ocrx_word' id='word_1_1151' title='bbox 2239 2893 2396 2926; x_wconf 83' lang='lat' dir='ltr'>quantum</span> 
     </span>
     <span class='ocr_line' id='line_1_146' title="bbox 1393 2917 2395 2967; baseline 0.012 -17"><span class='ocrx_word' id='word_1_1152' title='bbox 1393 2926 1458 2967; x_wconf 80' lang='lat' dir='ltr'>erat</span> <span class='ocrx_word' id='word_1_1153' title='bbox 1470 2940 1489 2965; x_wconf 39' lang='lat'>,-</span> <span class='ocrx_word' id='word_1_1154' title='bbox 1503 2917 1581 2950; x_wconf 85' lang='lat' dir='ltr'>adeo</span> <span class='ocrx_word' id='word_1_1155' title='bbox 1604 2918 1773 2951; x_wconf 88' lang='lat' dir='ltr'>candidum</span> <span class='ocrx_word' id='word_1_1156' title='bbox 1798 2918 1863 2953; x_wconf 88' lang='lat' dir='ltr'>fuit</span> <span class='ocrx_word' id='word_1_1157' title='bbox 1881 2943 1893 2960; x_wconf 92' lang='lat'>,</span> <span class='ocrx_word' id='word_1_1158' title='bbox 1916 2921 2032 2956; x_wconf 88' lang='lat' dir='ltr'>lobulis</span> <span class='ocrx_word' id='word_1_1159' title='bbox 2056 2933 2180 2963; x_wconf 88' lang='lat' dir='ltr'>autem,</span> <span class='ocrx_word' id='word_1_1160' title='bbox 2205 2938 2279 2961; x_wconf 91' lang='lat' dir='ltr'>cum</span> <span class='ocrx_word' id='word_1_1161' title='bbox 2303 2927 2395 2962; x_wconf 83' lang='lat' dir='ltr'>disse-</span> 
     </span>
     <span class='ocr_line' id='line_1_147' title="bbox 1391 2961 2395 3010; baseline 0.013 -18"><span class='ocrx_word' id='word_1_1162' title='bbox 1391 2972 1454 2993; x_wconf 91' lang='lat' dir='ltr'>cari</span> <span class='ocrx_word' id='word_1_1163' title='bbox 1478 2961 1619 3009; x_wconf 81' lang='lat' dir='ltr'>Juffiffem</span> <span class='ocrx_word' id='word_1_1164' title='bbox 1635 2985 1643 3000; x_wconf 88' lang='lat'><em>‚</em></span> <span class='ocrx_word' id='word_1_1165' title='bbox 1666 2961 1822 3008; x_wconf 59' lang='lat' dir='ltr'>distinffis</span> <span class='ocrx_word' id='word_1_1166' title='bbox 1847 2962 1924 2996; x_wconf 90' lang='lat' dir='ltr'>adeo</span> <span class='ocrx_word' id='word_1_1167' title='bbox 1944 2988 1956 3004; x_wconf 94' lang='lat'>,</span> <span class='ocrx_word' id='word_1_1168' title='bbox 1990 2968 2022 3000; x_wconf 84' lang='lat'>&amp;</span> <span class='ocrx_word' id='word_1_1169' title='bbox 2044 2967 2206 3010; x_wconf 70' lang='lat' dir='ltr'>exsuccis,</span> <span class='ocrx_word' id='word_1_1170' title='bbox 2230 2980 2267 3010; x_wconf 83' lang='lat' dir='ltr'>ut</span> <span class='ocrx_word' id='word_1_1171' title='bbox 2290 2970 2313 3005; x_wconf 86' lang='lat' dir='ltr'>fi</span> <span class='ocrx_word' id='word_1_1172' title='bbox 2335 2973 2395 3005; x_wconf 90' lang='lat' dir='ltr'>ali-</span> 
     </span>
     <span class='ocr_line' id='line_1_148' title="bbox 1390 3003 2394 3054; baseline 0.009 -17"><span class='ocrx_word' id='word_1_1173' title='bbox 1390 3013 1512 3046; x_wconf 88' lang='lat' dir='ltr'>quanto</span> <span class='ocrx_word' id='word_1_1174' title='bbox 1536 3003 1859 3054; x_wconf 21' lang='lat' dir='ltr'>durioreSUfuissenm</span> <span class='ocrx_word' id='word_1_1175' title='bbox 1884 3018 1969 3040; x_wconf 85' lang='lat' dir='ltr'>erant</span> <span class='ocrx_word' id='word_1_1176' title='bbox 1992 3011 2078 3044; x_wconf 82' lang='lat' dir='ltr'>enim</span> <span class='ocrx_word' id='word_1_1177' title='bbox 2100 3011 2275 3047; x_wconf 88' lang='lat' dir='ltr'>duriusculi</span> <span class='ocrx_word' id='word_1_1178' title='bbox 2297 3026 2307 3053; x_wconf 88' lang='grc'><strong><em>5</em></strong></span> <span class='ocrx_word' id='word_1_1179' title='bbox 2330 3026 2394 3049; x_wconf 87' lang='lat' dir='ltr'>non</span> 
     </span>
     <span class='ocr_line' id='line_1_149' title="bbox 1392 3046 2396 3094; baseline 0.011 -14"><span class='ocrx_word' id='word_1_1180' title='bbox 1392 3047 1491 3093; x_wconf 68' lang='lat' dir='ltr'>inodo</span> <span class='ocrx_word' id='word_1_1181' title='bbox 1522 3047 1560 3081; x_wconf 89' lang='lat' dir='ltr'>ad</span> <span class='ocrx_word' id='word_1_1182' title='bbox 1583 3046 1696 3081; x_wconf 85' lang='lat' dir='ltr'>scirrhi</span> <span class='ocrx_word' id='word_1_1183' title='bbox 1728 3057 1871 3082; x_wconf 85' lang='lat' dir='ltr'>naturam</span> <span class='ocrx_word' id='word_1_1184' title='bbox 1893 3051 2036 3085; x_wconf 84' lang='lat' dir='ltr'>accedere</span> <span class='ocrx_word' id='word_1_1185' title='bbox 2058 3077 2070 3094; x_wconf 87' lang='lat'>,</span> <span class='ocrx_word' id='word_1_1186' title='bbox 2102 3054 2152 3089; x_wconf 89' lang='lat' dir='ltr'>sed</span> <span class='ocrx_word' id='word_1_1187' title='bbox 2175 3058 2208 3088; x_wconf 88' lang='lat' dir='ltr'>in</span> <span class='ocrx_word' id='word_1_1188' title='bbox 2241 3056 2396 3092; x_wconf 68' lang='lat' dir='ltr'>scii-rhum</span> 
     </span>
     <span class='ocr_line' id='line_1_150' title="bbox 1391 3089 2393 3141; baseline 0.013 -19"><span class='ocrx_word' id='word_1_1189' title='bbox 1391 3101 1456 3140; x_wconf 77' lang='lat' dir='ltr'>jam</span> <span class='ocrx_word' id='word_1_1190' title='bbox 1480 3089 1607 3137; x_wconf 76' lang='lat' dir='ltr'>prorsus</span> <span class='ocrx_word' id='word_1_1191' title='bbox 1629 3091 1811 3141; x_wconf 78' lang='lat' dir='ltr'>conversum</span> <span class='ocrx_word' id='word_1_1192' title='bbox 1835 3105 1983 3135; x_wconf 83' lang='lat' dir='ltr'>pancreas</span> <span class='ocrx_word' id='word_1_1193' title='bbox 2005 3094 2083 3136; x_wconf 79' lang='lat' dir='ltr'>esse,</span> <span class='ocrx_word' id='word_1_1194' title='bbox 2107 3101 2362 3141; x_wconf 53' lang='lat' dir='ltr'>pronunciass&#39;ern</span> <span class='ocrx_word' id='word_1_1195' title='bbox 2386 3128 2393 3134; x_wconf 89' lang='lat'>.</span> 
     </span>
     <span class='ocr_line' id='line_1_151' title="bbox 1392 3135 2395 3183; baseline 0.012 -17"><span class='ocrx_word' id='word_1_1196' title='bbox 1392 3135 1473 3167; x_wconf 89' lang='lat' dir='ltr'>Lien</span> <span class='ocrx_word' id='word_1_1197' title='bbox 1492 3157 1503 3174; x_wconf 84' lang='lat'>,</span> <span class='ocrx_word' id='word_1_1198' title='bbox 1539 3136 1571 3166; x_wconf 89' lang='lat'>&amp;</span> <span class='ocrx_word' id='word_1_1199' title='bbox 1593 3143 1835 3183; x_wconf 46' lang='lat' dir='ltr'>Jecur-Interius</span> <span class='ocrx_word' id='word_1_1200' title='bbox 1858 3136 1929 3170; x_wconf 88' lang='lat' dir='ltr'>sana</span> <span class='ocrx_word' id='word_1_1201' title='bbox 1951 3162 1964 3179; x_wconf 89' lang='lat'>,</span> <span class='ocrx_word' id='word_1_1202' title='bbox 1984 3139 2039 3173; x_wconf 84' lang='lat' dir='ltr'>etsi</span> <span class='ocrx_word' id='word_1_1203' title='bbox 2063 3141 2119 3174; x_wconf 86' lang='lat' dir='ltr'>ille</span> <span class='ocrx_word' id='word_1_1204' title='bbox 2144 3145 2302 3176; x_wconf 83' lang='lat' dir='ltr'>exteriore</span> <span class='ocrx_word' id='word_1_1205' title='bbox 2327 3153 2395 3178; x_wconf 86' lang='lat' dir='ltr'>tota</span> 
     </span>
     <span class='ocr_line' id='line_1_152' title="bbox 1393 3176 2395 3226; baseline 0.012 -16"><span class='ocrx_word' id='word_1_1206' title='bbox 1393 3176 1494 3225; x_wconf 70' lang='lat' dir='ltr'>facie,</span> <span class='ocrx_word' id='word_1_1207' title='bbox 1518 3177 1579 3226; x_wconf 76' lang='lat' dir='ltr'>hoc</span> <span class='ocrx_word' id='word_1_1208' title='bbox 1603 3176 1755 3225; x_wconf 83' lang='lat' dir='ltr'>inferiore</span> <span class='ocrx_word' id='word_1_1209' title='bbox 1779 3191 1794 3211; x_wconf 87' lang='lat' dir='ltr'>a</span> <span class='ocrx_word' id='word_1_1210' title='bbox 1817 3179 1936 3214; x_wconf 80' lang='lat' dir='ltr'>dextris</span> <span class='ocrx_word' id='word_1_1211' title='bbox 1960 3184 2138 3224; x_wconf 88' lang='lat' dir='ltr'>pallebant.</span> <span class='ocrx_word' id='word_1_1212' title='bbox 2168 3186 2226 3219; x_wconf 85' lang='lat' dir='ltr'>Sed</span> <span class='ocrx_word' id='word_1_1213' title='bbox 2236 3186 2319 3221; x_wconf 88' lang='lat' dir='ltr'>fellis</span> <span class='ocrx_word' id='word_1_1214' title='bbox 2343 3199 2395 3221; x_wconf 83' lang='lat' dir='ltr'>ve-</span> 
     </span>
     <span class='ocr_line' id='line_1_153' title="bbox 1392 3220 2395 3274; baseline 0.014 -24"><span class='ocrx_word' id='word_1_1215' title='bbox 1392 3222 1486 3270; x_wconf 66' lang='lat' dir='ltr'>13cula</span> <span class='ocrx_word' id='word_1_1216' title='bbox 1510 3220 1684 3266; x_wconf 70' lang='lat' dir='ltr'>parietibus</span> <span class='ocrx_word' id='word_1_1217' title='bbox 1706 3223 1828 3255; x_wconf 65' lang='lat' dir='ltr'>cunetis</span> <span class='ocrx_word' id='word_1_1218' title='bbox 1854 3235 1918 3257; x_wconf 86' lang='lat' dir='ltr'>tam</span> <span class='ocrx_word' id='word_1_1219' title='bbox 1941 3226 2041 3259; x_wconf 81' lang='lat' dir='ltr'>craffis</span> <span class='ocrx_word' id='word_1_1220' title='bbox 2064 3236 2128 3261; x_wconf 88' lang='lat' dir='ltr'>erat</span> <span class='ocrx_word' id='word_1_1221' title='bbox 2145 3253 2154 3268; x_wconf 88' lang='lat'>,</span> <span class='ocrx_word' id='word_1_1222' title='bbox 2175 3239 2210 3263; x_wconf 88' lang='lat' dir='ltr'>ut</span> <span class='ocrx_word' id='word_1_1223' title='bbox 2236 3242 2395 3274; x_wconf 81' lang='lat' dir='ltr'>nunquam</span> 
     </span>
     <span class='ocr_line' id='line_1_154' title="bbox 1393 3264 2395 3316; baseline 0.011 -20"><span class='ocrx_word' id='word_1_1224' title='bbox 1393 3265 1434 3297; x_wconf 84' lang='lat' dir='ltr'>iic</span> <span class='ocrx_word' id='word_1_1225' title='bbox 1456 3264 1566 3314; x_wconf 81' lang='lat' dir='ltr'>yidisse</span> <span class='ocrx_word' id='word_1_1226' title='bbox 1577 3266 1771 3313; x_wconf 75' lang='lat' dir='ltr'>meminerim</span> <span class='ocrx_word' id='word_1_1227' title='bbox 1789 3277 1796 3297; x_wconf 78' lang='lat'><em>1</em></span> <span class='ocrx_word' id='word_1_1228' title='bbox 1821 3267 1929 3309; x_wconf 86' lang='lat' dir='ltr'>itaque</span> <span class='ocrx_word' id='word_1_1229' title='bbox 1944 3269 1995 3302; x_wconf 82' lang='lat' dir='ltr'>etsi</span> <span class='ocrx_word' id='word_1_1230' title='bbox 2011 3270 2074 3303; x_wconf 80' lang='lat' dir='ltr'>bile</span> <span class='ocrx_word' id='word_1_1231' title='bbox 2084 3282 2150 3305; x_wconf 81' lang='lat' dir='ltr'>erat</span> <span class='ocrx_word' id='word_1_1232' title='bbox 2163 3274 2253 3315; x_wconf 85' lang='lat' dir='ltr'>plena</span> <span class='ocrx_word' id='word_1_1233' title='bbox 2266 3298 2278 3313; x_wconf 93' lang='lat'><em>‚</em></span> <span class='ocrx_word' id='word_1_1234' title='bbox 2300 3275 2395 3316; x_wconf 88' lang='lat' dir='ltr'>quip-</span> 
     </span>
     <span class='ocr_line' id='line_1_155' title="bbox 1396 3306 2395 3360; baseline 0.012 -22"><span class='ocrx_word' id='word_1_1235' title='bbox 1396 3318 1433 3358; x_wconf 81' lang='lat' dir='ltr'>pe</span> <span class='ocrx_word' id='word_1_1236' title='bbox 1456 3319 1488 3340; x_wconf 88' lang='lat' dir='ltr'>in</span> <span class='ocrx_word' id='word_1_1237' title='bbox 1512 3319 1545 3339; x_wconf 88' lang='lat' dir='ltr'>ea</span> <span class='ocrx_word' id='word_1_1238' title='bbox 1557 3319 1625 3350; x_wconf 74' lang='lat' dir='ltr'>quae</span> <span class='ocrx_word' id='word_1_1239' title='bbox 1645 3306 1769 3341; x_wconf 87' lang='lat' dir='ltr'>totdies</span> <span class='ocrx_word' id='word_1_1240' title='bbox 1792 3318 1857 3342; x_wconf 87' lang='lat' dir='ltr'>tam</span> <span class='ocrx_word' id='word_1_1241' title='bbox 1870 3323 1966 3352; x_wconf 79' lang='lat' dir='ltr'>pauca</span> <span class='ocrx_word' id='word_1_1242' title='bbox 1984 3312 2176 3357; x_wconf 74' lang='lat' dir='ltr'>sumpsisset,</span> <span class='ocrx_word' id='word_1_1243' title='bbox 2201 3327 2296 3360; x_wconf 89' lang='lat' dir='ltr'>eaque</span> <span class='ocrx_word' id='word_1_1244' title='bbox 2319 3317 2395 3350; x_wconf 83' lang='lat' dir='ltr'>bilis</span> 
     </span>
     <span class='ocr_line' id='line_1_156' title="bbox 1397 3350 2396 3400; baseline 0.012 -18"><span class='ocrx_word' id='word_1_1245' title='bbox 1397 3361 1484 3394; x_wconf 86' lang='lat' dir='ltr'>nigra</span> <span class='ocrx_word' id='word_1_1246' title='bbox 1511 3360 1577 3400; x_wconf 81' lang='lat' dir='ltr'>erat</span> <span class='ocrx_word' id='word_1_1247' title='bbox 1589 3350 1688 3400; x_wconf 72' lang='lat' dir='ltr'>adeo,</span> <span class='ocrx_word' id='word_1_1248' title='bbox 1711 3360 1746 3384; x_wconf 91' lang='lat' dir='ltr'>ut</span> <span class='ocrx_word' id='word_1_1249' title='bbox 1768 3354 1952 3388; x_wconf 87' lang='lat' dir='ltr'>interiorem</span> <span class='ocrx_word' id='word_1_1250' title='bbox 1974 3356 2113 3391; x_wconf 75' lang='lat' dir='ltr'>vesiculae</span> <span class='ocrx_word' id='word_1_1251' title='bbox 2127 3358 2241 3393; x_wconf 85' lang='lat' dir='ltr'>faciem</span> <span class='ocrx_word' id='word_1_1252' title='bbox 2259 3369 2328 3393; x_wconf 89' lang='lat' dir='ltr'>atro</span> <span class='ocrx_word' id='word_1_1253' title='bbox 2340 3371 2396 3393; x_wconf 88' lang='lat' dir='ltr'>co-</span> 
     </span>
     <span class='ocr_line' id='line_1_157' title="bbox 1397 3393 2393 3444; baseline 0.01 -18"><span class='ocrx_word' id='word_1_1254' title='bbox 1397 3393 1654 3444; x_wconf 25' lang='lat' dir='ltr'>lorelinfecisset3</span> <span class='ocrx_word' id='word_1_1255' title='bbox 1679 3393 1773 3428; x_wconf 80' lang='lat' dir='ltr'>facies</span> <span class='ocrx_word' id='word_1_1256' title='bbox 1785 3406 1889 3430; x_wconf 85' lang='lat' dir='ltr'>tamen</span> <span class='ocrx_word' id='word_1_1257' title='bbox 1911 3398 2045 3442; x_wconf 85' lang='lat' dir='ltr'>ejusdem</span> <span class='ocrx_word' id='word_1_1258' title='bbox 2059 3403 2198 3435; x_wconf 87' lang='lat' dir='ltr'>exterior</span> <span class='ocrx_word' id='word_1_1259' title='bbox 2218 3402 2370 3436; x_wconf 80' lang='lat' dir='ltr'>albicabat</span> <span class='ocrx_word' id='word_1_1260' title='bbox 2385 3429 2393 3436; x_wconf 92' lang='lat'>.</span> 
     </span>
     <span class='ocr_line' id='line_1_158' title="bbox 1399 3438 2397 3487; baseline 0.009 -17"><span class='ocrx_word' id='word_1_1261' title='bbox 1399 3439 1456 3471; x_wconf 91' lang='lat' dir='ltr'>Ob</span> <span class='ocrx_word' id='word_1_1262' title='bbox 1467 3438 1554 3487; x_wconf 79' lang='lat' dir='ltr'>illarii</span> <span class='ocrx_word' id='word_1_1263' title='bbox 1566 3449 1661 3487; x_wconf 77' lang='lat' dir='ltr'>quam</span> <span class='ocrx_word' id='word_1_1264' title='bbox 1674 3438 1772 3471; x_wconf 90' lang='lat' dir='ltr'>modo</span> <span class='ocrx_word' id='word_1_1265' title='bbox 1788 3443 1902 3483; x_wconf 85' lang='lat' dir='ltr'>attigi,</span> <span class='ocrx_word' id='word_1_1266' title='bbox 1915 3442 2039 3476; x_wconf 86' lang='lat' dir='ltr'>causam</span> <span class='ocrx_word' id='word_1_1267' title='bbox 2053 3466 2061 3481; x_wconf 86' lang='lat'>‚</span> <span class='ocrx_word' id='word_1_1268' title='bbox 2073 3455 2107 3478; x_wconf 91' lang='lat' dir='ltr'>ut</span> <span class='ocrx_word' id='word_1_1269' title='bbox 2120 3447 2315 3480; x_wconf 86' lang='lat' dir='ltr'>ventriculus</span> <span class='ocrx_word' id='word_1_1270' title='bbox 2327 3445 2397 3479; x_wconf 82' lang='lat' dir='ltr'>fue-</span> 
     </span>
     <span class='ocr_line' id='line_1_159' title="bbox 1399 3480 2395 3528; baseline 0.01 -16"><span class='ocrx_word' id='word_1_1271' title='bbox 1399 3492 1446 3513; x_wconf 83' lang='lat' dir='ltr'>rat</span> <span class='ocrx_word' id='word_1_1272' title='bbox 1457 3505 1467 3520; x_wconf 85' lang='lat'>,</span> <span class='ocrx_word' id='word_1_1273' title='bbox 1480 3481 1519 3513; x_wconf 78' lang='lat' dir='ltr'>sic</span> <span class='ocrx_word' id='word_1_1274' title='bbox 1531 3480 1674 3513; x_wconf 82' lang='lat' dir='ltr'>intestina</span> <span class='ocrx_word' id='word_1_1275' title='bbox 1685 3484 1790 3515; x_wconf 87' lang='lat' dir='ltr'>omnia</span> <span class='ocrx_word' id='word_1_1276' title='bbox 1803 3507 1810 3521; x_wconf 93' lang='lat'>,</span> <span class='ocrx_word' id='word_1_1277' title='bbox 1825 3487 1857 3517; x_wconf 72' lang='grc' dir='ltr'>δε</span> <span class='ocrx_word' id='word_1_1278' title='bbox 1871 3487 1995 3519; x_wconf 84' lang='lat' dir='ltr'>Tenuia</span> <span class='ocrx_word' id='word_1_1279' title='bbox 2008 3488 2179 3528; x_wconf 76' lang='lat' dir='ltr'>praesertim</span> <span class='ocrx_word' id='word_1_1280' title='bbox 2189 3511 2201 3528; x_wconf 91' lang='lat'>,</span> <span class='ocrx_word' id='word_1_1281' title='bbox 2212 3489 2299 3522; x_wconf 84' lang='lat' dir='ltr'>valde</span> <span class='ocrx_word' id='word_1_1282' title='bbox 2309 3500 2395 3523; x_wconf 87' lang='lat' dir='ltr'>erant</span> 
     </span>
     <span class='ocr_line' id='line_1_160' title="bbox 1398 3525 2397 3574; baseline 0.011 -17"><span class='ocrx_word' id='word_1_1283' title='bbox 1398 3525 1564 3557; x_wconf 63' lang='lat' dir='ltr'>contrafm</span> <span class='ocrx_word' id='word_1_1284' title='bbox 1577 3549 1585 3564; x_wconf 87' lang='lat'>‚</span> <span class='ocrx_word' id='word_1_1285' title='bbox 1598 3535 1632 3558; x_wconf 86' lang='lat' dir='ltr'>ut</span> <span class='ocrx_word' id='word_1_1286' title='bbox 1645 3537 1677 3557; x_wconf 87' lang='lat' dir='ltr'>ea</span> <span class='ocrx_word' id='word_1_1287' title='bbox 1691 3529 1783 3559; x_wconf 75' lang='lat' dir='ltr'>etiam</span> <span class='ocrx_word' id='word_1_1288' title='bbox 1797 3540 1865 3570; x_wconf 73' lang='lat' dir='ltr'>qua:</span> <span class='ocrx_word' id='word_1_1289' title='bbox 1879 3531 2056 3572; x_wconf 79' lang='lat' dir='ltr'>nuperrime</span> <span class='ocrx_word' id='word_1_1290' title='bbox 2069 3531 2256 3574; x_wconf 56' lang='lat' dir='ltr'>praecesserat</span> <span class='ocrx_word' id='word_1_1291' title='bbox 2270 3555 2282 3573; x_wconf 90' lang='lat'>,</span> <span class='ocrx_word' id='word_1_1292' title='bbox 2297 3534 2397 3568; x_wconf 86' lang='lat' dir='ltr'>nimia</span> 
     </span>
    </p>

    <p class='ocr_par' dir='ltr' id='par_1_10' title="bbox 2290 3577 2350 3608">
     <span class='ocr_line' id='line_1_161' title="bbox 2290 3577 2350 3608; baseline 0 0"><span class='ocrx_word' id='word_1_1293' title='bbox 2290 3577 2350 3608; x_wconf 86' lang='lat' dir='ltr'>alvi</span> 
     </span>
    </p>
   </div>
   <div class='ocr_carea' id='block_1_5' title="bbox 360 3626 2394 3650">
    <p class='ocr_par' dir='ltr' id='par_1_11' title="bbox 360 3626 2394 3650">
     <span class='ocr_line' id='line_1_162' title="bbox 360 3626 2394 3650; baseline -0.004 -11"><span class='ocrx_word' id='word_1_1294' title='bbox 360 3626 2394 3650; x_wconf 40' lang='lat' dir='ltr'>Q*</span> 
     </span>
    </p>
   </div>
   <div class='ocr_carea' id='block_1_6' title="bbox 413 3659 817 3692">
    <p class='ocr_par' dir='ltr' id='par_1_12' title="bbox 413 3659 817 3692">
     <span class='ocr_line' id='line_1_163' title="bbox 413 3659 817 3692; baseline -0.007 -6"><span class='ocrx_word' id='word_1_1295' title='bbox 413 3660 452 3691; x_wconf 72' lang='lat' dir='ltr'>sb</span> <span class='ocrx_word' id='word_1_1296' title='bbox 467 3661 481 3689; x_wconf 81' lang='grc'>)</span> <span class='ocrx_word' id='word_1_1297' title='bbox 497 3661 567 3690; x_wconf 76' lang='lat' dir='ltr'>Epist.</span> <span class='ocrx_word' id='word_1_1298' title='bbox 584 3670 621 3692; x_wconf 81' lang='lat'>²3·</span> <span class='ocrx_word' id='word_1_1299' title='bbox 637 3669 662 3685; x_wconf 85' lang='lat' dir='ltr'>ri.</span> <span class='ocrx_word' id='word_1_1300' title='bbox 680 3668 706 3684; x_wconf 70' lang='grc' dir='ltr'>ιι</span> <span class='ocrx_word' id='word_1_1301' title='bbox 734 3659 757 3683; x_wconf 87' lang='lat' dir='ltr'>in</span> <span class='ocrx_word' id='word_1_1302' title='bbox 775 3659 817 3683; x_wconf 86' lang='lat' dir='ltr'>fin.</span> 
     </span>
    </p>
   </div>
  </div>
 </body>
</html>
