2498 4075
413 81 472 140 56

931 77 1090 131 Liber
1121 76 1209 130 111.
1244 78 1329 131 De
1362 76 1570 129 Morbis
1602 64 1811 129 Ventris

341 152 429 191 'ferre
451 157 566 201 poffis,
588 157 622 190 in
645 156 758 190 iisdem
782 160 843 197 (o)
865 156 1022 197 reperies,
1045 162 1082 190 ut
1102 154 1348 198 cumJuvenis,
1398 153 1455 185 Sed
1480 162 1555 185 curn
1577 150 1626 186 ibi
1649 164 1688 186 ex
1710 153 1841 186 vulnere
1864 154 2034 196 praegress'o
2058 128 2163 197 fistula
2197 154 2307 191 renen
2352 154 2399 189 es-

341 202 376 232 in
401 203 559 236 abdomen
583 201 698 234 cadens
715 199 762 233 fic
785 210 822 233 ut
846 201 932 233 intus
956 201 1051 239 rup'ta
1084 196 1183 231 vesica
1216 197 1334 238 effuso..

342 255 407 286 que
430 245 513 281 lotio
534 246 568 279 in
594 244 713 276 ventris
735 253 872 282 cavum,
895 239 1023 274 insolita
1047 241 1223 274 acrimonia
1247 238 1345 275 laces-

343 288 403 321 sita
427 288 598 324 intestina,
621 287 708 329 quod
731 297 842 320 eorum
863 283 1103 321 inflammatio,
1127 283 1253 323 &hanc
1264 294 1345 320 con-

344 330 449 365 secuta
474 339 644 373 gangraena
669 328 828 367 ostendit,
850 328 941 360 suum
966 325 1342 370 peristalticnminverte—

341 385 418 409 runt
441 382 588 412 motum,
614 381 669 406 aut
692 384 766 410 cum
790 383 830 404 ex
853 370 948 403 fimili
974 371 1088 402 matris
1119 369 1193 403 casu
1228 380 1343 405 contu·

341 414 412 451 sum
435 417 533 450 foetus
556 415 622 457 jam
648 417 765 449 maturi
792 413 948 447 abdomen
984 415 1018 448 in
1051 411 1142 447 causa
1176 410 1241 450 fuit
1265 437 1276 454 ,
1309 423 1344 447 ut

341 459 527 495 subsistens,
553 460 798 503 putrescensque
821 458 853 489 in
878 456 957 489 vafis
1001 455 1230 490 intestinorum
1273 456 1346 489 san-

340 504 414 545 guis
436 512 523 545 pares
545 504 579 535 in
602 502 651 535 his
675 501 822 539 effectus,
845 497 1023 536 irritando,
1061 499 1226 532 induxerit
1250 523 1260 539 ‚
1296 501 1348 531 in-

338 546 428 579 fante
452 545 534 578 nihil
558 547 694 579 omnino
717 554 770 585 per
794 543 925 580 alvum,
948 542 1057 577 omnia
1074 551 1204 582 autem,
1227 541 1348 585 ipsum-

333 600 398 632 que
423 590 606 625 meconium
630 599 683 630 per
697 598 732 620 os
755 585 926 624 reddente,
955 586 1129 628 misereque
1151 586 1236 631 intra
1257 586 1349 620 osta-

337 644 415 669 vum
439 632 479 667 ab
500 642 577 665 ortu
599 630 684 668 diem
708 630 867 663 obeunte.
892 630 992 671 Qod
1015 628 1036 661 si
1055 627 1347 662 convulsionessti-

337 678 443 710 mulus
464 677 569 713 cieat5
592 673 671 717 quid
694 685 736 706 eae
761 673 898 714 possint,
931 683 996 706 non
1033 671 1136 706 solum
1169 667 1345 712 susceptio-

339 730 414 759 nes,
438 729 475 752 ut
499 717 591 760 supra
616 721 630 755 (
650 726 672 761 p
693 717 707 757 )
730 715 894 753 diximus,
918 715 1124 758 producendo
1140 736 1150 752 ,
1177 726 1287 751 verum
1311 717 1344 747 δε

333 762 402 797 fine
424 761 495 798 his,
521 760 745 795 intestinorum
771 768 901 792 motum
946 757 1163 798 invertendo,
1187 758 1344 796 monstra-

336 804 420 842 bunt
444 805 663 844 experimenta
689 803 849 836 Brunneri
895 804 909 841 (
932 813 951 843 q
974 804 985 840 )
1012 812 1022 839 3
1064 804 1193 844 nepotis
1218 800 1308 842 dico
1330 825 1340 841 ,

333 851 410 881 Avo
432 847 551 889 digni;
575 858 630 888 per
653 857 724 888 quae
749 853 878 887 apparet
895 869 905 883 ,
930 845 1079 879 excitatis
1100 847 1133 878 in
1154 844 1340 878 -bestiarum

334 891 495 925 intestinis
518 886 805 925 convulsionibus,
829 898 1023 922 recrementa
1045 899 1116 931 quae
1138 887 1205 931 jam
1229 899 1284 931 per
1295 888 1342 920 al-

333 945 409 968 vum
434 935 521 967 exire
546 944 611 966 non
635 941 811 974 poterant,
832 932 866 964 in
890 932 1131 969 ventticulum,
1164 934 1196 967 &
1231 931 1342 973 gulam

326 976 522 1014 ascendisse.
550 975 710 1011 Morbum
734 985 866 1012 autem,
905 976 1052 1017 proxime
1085 975 1123 1008 ad
1156 975 1342 1008 Volvulum

332 1020 537 1057 accedentem
561 1019 605 1053 ob
617 1019 760 1052 tormina
778 1017 1071 1056 vehementissima,
1097 1022 1128 1052 δε
1150 1020 1343 1052 continuum

331 1065 494 1098 vomitum
511 1087 523 1103 ‚
544 1065 575 1101 ὃς
597 1064 748 1096 intestina
772 1061 880 1105 Crassa
905 1071 1018 1103 praeter
1043 1061 1175 1095 solitum
1199 1062 1343 1102 coarista-

332 1117 371 1143 ta
388 1130 398 1146 ‚
424 1118 498 1142 cum
521 1107 651 1140 Tenuia
676 1105 766 1142 valde
790 1104 886 1138 essent
911 1105 1038 1146 turgida
1056 1130 1065 1145 ,
1089 1108 1120 1137 &
1156 1103 1304 1139 rubentia
1330 1129 1340 1144 ,

334 1154 365 1184 &
389 1150 506 1193 insigni
529 1151 627 1190 copia
652 1148 814 1191 sanguinis
846 1146 932 1180 effusi
958 1170 971 1187 ,
1003 1146 1167 1189 fluidique
1201 1146 1339 1185 referta,

324 1204 395 1235 ,non
420 1194 483 1228 sine
507 1191 647 1234 spasticis
672 1190 954 1225 contrafiionibus
976 1190 1154 1232 explicavit
1177 1191 1230 1222 Cl.
1257 1191 1342 1223 Kul-

333 1237 435 1270 belius
458 1239 472 1277 (
496 1239 566 1275 r).
590 1235 742 1278 Quarum
767 1233 944 1268 identidem
970 1234 1202 1267 recurrentium
1227 1245 1266 1269 an
1290 1245 1339 1268 re—

328 1279 456 1315 fiduum
480 1277 627 1316 effefium
652 1277 808 1311 servarint
823 1276 1118 1316 eademintestina,
1142 1279 1338 1319 partesinae-

327 1321 439 1367 ‚quales
459 1321 617 1357 ‘habentia
632 1344 641 1360 ‚
664 1324 696 1355 &
720 1332 777 1364 per
798 1320 967 1352 intervalla
1001 1319 1175 1362 inaequalia
1218 1332 1335 1362 praeter

324 1366 478 1401 'naturam
504 1365 650 1407 angustas
674 1365 708 1397 in
735 1365 936 1399 Anatomico
963 1363 1019 1407 Jo.
1054 1363 1238 1398 Wilhelmo
1275 1366 1337 1398 Al-

325 1408 490 1450 brechto‚
514 1410 583 1445 Ileo
604 1408 789 1446 haematiti,
814 1407 892 1440 dum
918 1407 1040 1441 viveret
1061 1428 1071 1444 ,
1110 1407 1248 1452 persaepe
1281 1410 1341 1443 ob-

328 1455 430 1490 noxio
453 1452 535 1496 (s)
559 1451 624 1494 ipse
649 1451 863 1486 existimabis.

373 1501 426 1541 36.
452 1497 511 1531 Sed
536 1498 618 1529 inter
641 1494 750 1529 causas
773 1506 845 1540 quae
868 1492 1080 1533 stimulando,
1101 1497 1243 1531 iliacam
1268 1496 1339 1539 pas-

326 1542 448 1583 sionem
472 1541 635 1574 interdum
661 1537 797 1573 afferunt
820 1562 830 1578 ‚
865 1551 986 1574 vermes
1018 1539 1198 1574 recensendi
1232 1540 1304 1574 sunt
1325 1565 1334 1573 .

327 1584 518 1630 Aliquando
541 1584 649 1623 enirn,
671 1591 708 1616 ut
733 1583 824 1625 supra
850 1588 861 1623 (
886 1591 901 1616 t
923 1587 935 1622 )
959 1583 1138 1617 indicatum
1163 1584 1227 1623 est,
1258 1595 1335 1618 con-

328 1630 487 1664 vulsiones
511 1628 672 1662 movendo
686 1650 697 1666 ,
718 1627 1031 1668 intususceptiones,
1075 1630 1106 1659 &
1150 1628 1335 1661 Volvulum

327 1672 476 1707 faciunt:
500 1682 597 1715 quern
621 1673 653 1704 δε
676 1671 742 1703 fine
765 1669 813 1704 his
836 1670 981 1703 excitare
1004 1668 1090 1710 posse
1113 1681 1179 1703 non
1204 1670 1246 1704 est
1276 1671 1338 1703 du-

327 1716 517 1751 bitandum.
542 1715 632 1748 Alias
654 1712 879 1748 intestinorum
904 1712 1030 1748 dolores
1053 1722 1179 1746 tanturn
1201 1722 1312 1747 creant
1328 1737 1336 1745 .

329 1760 499 1795 Interdum
523 1769 561 1792 ne
587 1759 645 1792 hos
666 1756 818 1801 quidem.
842 1758 914 1789 Irno
936 1766 1170 1799 nonnunquam
1194 1756 1333 1794 accidit,

327 1815 363 1838 ut
389 1803 524 1847 plurimi
551 1805 583 1835 in
611 1803 649 1833 iis
673 1801 733 1833 lint
757 1801 790 1833 in
813 1801 953 1843 quibus,
978 1801 1055 1832 dum
1080 1802 1226 1833 viverent
1244 1825 1253 1839 ,
1282 1802 1338 1833 vix

328 1849 432 1882 ullum
459 1847 620 1880 vermium
646 1844 807 1877 indicium
832 1842 931 1877 fuerit
957 1855 967 1873 .-
997 1841 1085 1885 quod
1109 1843 1249 1884 relegens
1281 1854 1338 1875 no.

328 1892 424 1925 stram
448 1890 595 1924 mulieris
619 1887 783 1921 rusticanae
809 1885 977 1920 historiam
997 1907 1006 1922 ‚
1044 1884 1190 1928 Epistola
1223 1885 1340 1919 descri-

329 1945 417 1977 ptam
442 1934 538 1967 XVI.
562 1935 576 1972 (
598 1943 617 1965 u
640 1934 680 1970 )‚
702 1939 756 1964 aut
780 1941 852 1973 quae
876 1929 955 1963 olim
977 1929 1016 1962 de
1038 1940 1117 1962 cane
1152 1929 1211 1962 illo
1244 1940 1339 1962 vena-

328 1981 396 2012 tico
421 1976 622 2019 scripfirnus‚
648 1977 660 2013 (
684 1984 706 2007 x
729 1978 739 2012 )
765 1974 798 2006 in
822 1985 888 2016 quo
914 1982 1006 2006 erant
1041 1973 1146 2006 taeniae
1183 1972 1222 2005 ad
1254 1975 1338 2005 sexa-

329 2023 441 2066 ginta,
466 2021 541 2054 satis
563 2017 790 2053 confirmatum
815 2016 938 2049 videbis
961 2041 969 2049 .
1005 2016 1050 2049 Et
1094 2025 1228 2051 contra,
1253 2016 1339 2058 signa

330 2067 496 2100 interdurn
523 2064 597 2097 sunt
621 2062 882 2097 lumbricorum3
905 2070 1008 2102 neque
1031 2058 1090 2092 ulli
1124 2060 1337 2092 inveniuntur

330 2119 464 2149 tamen,
486 2116 521 2141 ut
545 2102 669 2147 puellus
692 2105 788 2136 docet
812 2114 910 2146 quem
935 2104 1000 2136 tibi
1026 2113 1064 2135 ex
1095 2101 1250 2135 Valsalva
1283 2102 1337 2135 de-

333 2151 439 2196 scripsi
465 2149 608 2194 Epistola
633 2148 759 2180 XXXI.
784 2149 840 2188 (y
863 2150 876 2186 )
898 2149 929 2179 &
954 2158 992 2179 ne
1017 2146 1052 2178 in
1077 2157 1108 2178 re
1132 2147 1230 2179 obvia
1265 2146 1338 2178 lon-

335 2199 410 2230 nior
433 2194 517 2232 sinis
542 2194 622 2227 alter
635 2202 782 2235 quoque,
808 2188 965 2232 cujusliic
982 2201 1014 2222 in
1030 2188 1242 2231 Sepulchreto
1264 2188 1338 2232 (ζ)

333 2222 468 2275 {istoria
496 2238 558 2271 est.
691 2235 750 2269 Sed
776 2233 816 2267 de
844 2234 1030 2270 vermibus,
1055 2236 1176 2266 ventris
1209 2232 1339 2265 dolores

332 2284 494 2318 cientibus
511 2303 520 2320 ,
543 2281 620 2314 alias
643 2279 764 2312 incidet
797 2277 927 2311 fortasse
974 2275 1131 2310 scribendi
1177 2277 1304 2309 occasio
1328 2297 1338 2312 ,

333 2327 561 2372 quaerendique
585 2321 709 2361 fufius,
734 2332 812 2355 num
836 2330 871 2353 ut
895 2322 1075 2353 viventium
1101 2319 1181 2361 saepe
1216 2319 1341 2352 intesti-

334 2384 373 2405 na
397 2370 574 2407 lacessunt‚
597 2369 642 2398 ita
667 2367 699 2396 in
724 2364 848 2397 cunetis
872 2375 942 2404 quae
967 2361 1177 2405 proferuntur
1198 2385 1207 2401 ,
1241 2361 1340 2395 histo-

334 2416 391 2448 riis
413 2412 452 2447 ad
475 2408 703 2445 ostendendum
718 2430 730 2446 ,
753 2406 903 2438 intestina
928 2404 1120 2447 perforasse,
1146 2414 1219 2437 ante
1250 2415 1339 2437 mor-

335 2467 424 2498 tem,
449 2467 487 2489 an
512 2454 580 2496 post
606 2461 743 2484 mortem
768 2447 937 2491 perforasse
960 2447 1108 2481 credendi
1134 2446 1218 2485 sint,
1240 2449 1290 2484 δε,
1315 2446 1339 2479 fi

335 2503 392 2535 illa
417 2509 490 2534 ante
513 2505 651 2531 mortem
676 2493 893 2536 pervaserint,
917 2503 955 2524 an
980 2502 1042 2534 qua
1066 2489 1219 2524 abscessus
1238 2515 1248 2531 ‚
1282 2498 1339 2524 aut

334 2545 425 2578 ulcus
450 2542 580 2584 aliquod
602 2538 679 2580 ipsis
700 2538 784 2570 viam
808 2547 846 2568 ex
869 2535 1027 2568 intestinis
1052 2535 1232 2575 aperuerit.
1248 2534 1340 2567 Mul-

336 2599 377 2621 tae
399 2598 507 2624 enim,
531 2587 562 2617 &
585 2583 682 2615 variae
707 2580 928 2623 producuntur
952 2578 1225 2611 Observationes:
1258 2590 1341 2620 qua-

340 2644 412 2664 rum
437 2631 546 2663 saltem
572 2626 695 2668 aliquot
721 2625 773 2657 bic
798 2622 861 2656 tibi
887 2622 1029 2655 indicare
1063 2620 1136 2653 satis
1168 2620 1268 2654 fuerit
1298 2632 1339 2653 ex

335 2676 376 2708 iis
398 2685 476 2717 quas
500 2670 613 2704 addere
638 2667 849 2710 Sepulchreto
873 2665 985 2707 poffis-
1012 2662 1140 2697 Videsis
1175 2666 1208 2696 in
1245 2665 1341 2697 Aetis

336 2720 487 2751 Caesareae
513 2712 695 2747 Academiae
719 2715 729 2750 (
753 2711 806 2751 a)
831 2712 974 2751 primum
996 2708 1091 2741 duas.
1118 2707 1267 2743 Quarum
1295 2708 1340 2739 al-

337 2772 403 2796 tera
427 2769 551 2803 quanto
576 2756 676 2798 magis
700 2754 851 2787 intestina
873 2754 913 2785 ab
939 2753 1062 2785 summo
1086 2750 1122 2783 ad
1147 2753 1248 2783 imum
1282 2762 1340 2782 co-

339 2807 390 2846 pia
415 2803 649 2838 lumbricorum
672 2795 854 2830 incredibili
878 2796 994 2829 referta
1021 2795 1173 2838 proponit
1202 2819 1210 2832 ,
1246 2803 1341 2826 tanto

339 2847 466 2884 fortasse
491 2844 636 2877 videatur
658 2842 845 2873 credibilius
857 2839 1007 2878 reddere,
1034 2838 1141 2881 ipsos,
1166 2835 1341 2885 praesertim

341 2892 439 2926 amari
464 2889 581 2922 elixirii
607 2888 698 2926 copia
725 2883 911 2924 institutos,
937 2885 970 2915 in
996 2884 1072 2915 vivo
1096 2880 1257 2924 perforare
1291 2891 1342 2912 in—

339 2936 449 2969 testina
476 2928 624 2973 coepisse,
647 2940 662 2959 e
686 2927 802 2969 quibus
827 2937 915 2967 parte
937 2926 1002 2968 jam
1015 2925 1149 2958 dimidia
1161 2925 1315 2957 extabant
1331 2949 1339 2957 .

341 2981 472 3015 Parem,
498 2976 564 3007 imo
591 2971 743 3012 majorem
769 2971 1005 3002 lumbricoruin
1031 2978 1200 3002 numerum
1237 2967 1341 2999 Moli-

341 3031 446 3055 nettus
471 3018 574 3053 noster
618 3013 706 3054 (b)
738 3013 982 3053 deprehendit;
1015 3024 1087 3045 nam
1132 3019 1245 3053 praeter
1290 3021 1344 3043 eos

342 3065 460 3109 quibus
485 3063 597 3105 plena,
622 3062 652 3091 ὅί
678 3056 812 3089 infareta
839 3067 925 3089 erant
950 3056 1096 3090 intestina
1120 3054 1253 3093 omnia,
1285 3054 1339 3086 alii

344 3120 383 3141 cx
409 3109 479 3142 his,
503 3105 601 3139 cribri
628 3102 726 3134 instar
749 3098 887 3141 perfoffis
902 3121 912 3136 ⁷
934 3101 1099 3139 exierant,
1132 3098 1188 3143 qui
1222 3098 1341 3129 ventris

345 3151 481 3193 spatium
507 3149 649 3189 undique
674 3143 888 3184 repleverant.
915 3144 974 3175 Sed
1009 3143 1073 3176 lizec
1121 3143 1153 3174 in
1201 3141 1341 3173 mortuis

345 3194 527 3237 conspecta,
551 3201 585 3224 ut
609 3200 680 3231 quae
705 3200 721 3220 a
746 3198 796 3219 me
840 3197 967 3228 quoque
1011 3189 1024 3225 (
1047 3199 1061 3219 c
1083 3190 1098 3225 )
1120 3186 1170 3217 vin
1203 3185 1342 3225 gallina-

473 3235 563 3272 Quid
588 3244 661 3265 cum
685 3232 720 3262 in
746 3230 850 3262 vivis?
876 3230 976 3261 Extat
1000 3229 1128 3271 quidem
1165 3226 1344 3267 antiquissi—

347 3293 395 3315 ma
419 3278 633 3322 Hippocratis
657 3279 666 3314 (
691 3275 710 3305 d
731 3277 745 3312 )
768 3273 965 3305 Observatio
989 3274 1020 3304 in
1046 3272 1139 3305 Dinii
1175 3270 1310 3311 puerulo
1332 3291 1342 3306 ,

347 3337 364 3358 e
386 3324 476 3364 cujus
500 3320 657 3356 umbilico
681 3316 845 3358 aliquando
869 3316 975 3349 exibat
1000 3315 1169 3350 lumbricus
1192 3323 1317 3356 magnus
1335 3337 1343 3344 .

1397 195 1466 234 set,
1488 205 1544 236 per
1565 194 1765 238 eundemque
1788 197 1898 230 locum
1918 201 1950 231 δε
1974 198 2153 232 lumbricus
2179 223 2187 237 ‚
2220 203 2252 232 δι
2283 199 2399 234 biliosa

1398 237 1568 280 prodirent
1584 249 1598 278 ,·
1620 237 1817 279 perforatum
1840 241 1954 282 utique
1966 242 2081 277 Tenue
2104 241 2292 276 intestinum
2314 240 2397 280 esse,

1395 280 1590 321 consiabat5
1613 293 1629 314 a
1653 282 1780 315 vulnere
1804 291 1935 322 tamen5
1969 295 1984 316 a
2008 284 2173 317 lumbrico
2206 288 2292 319 enim
2314 309 2324 325 ,
2357 296 2396 318 ne

1396 323 1616 366 suspicabatur
1642 325 1774 366 quidem
1797 328 1904 366 gravis
1928 328 2090 369 Interpres
2120 327 2272 362 Vallefius
2292 331 2307 366 (
2327 338 2342 361 e
2363 331 2396 368 ).

1396 368 1496 413 Extat
1521 369 1640 405 etiam3
1665 378 1704 400 ne
1727 368 1766 400 ab
1787 370 1828 401 iis
1849 381 1921 412 quae
1943 382 2018 404 cum
2038 369 2228 405 diffestione
2262 372 2395 405 cadave-

1396 411 1439 443 ris
1461 411 1569 453 Jum‘iia
1592 409 1687 448 sunt,
1712 419 1827 452 praeter
1851 414 2050 455 propositum
2072 415 2201 455 longius
2234 414 2396 457 digrediass

1397 464 1495 499 mur5
1519 462 1628 490 extat,
1650 454 1807 497 inquam,
1830 456 1862 487 in
1888 456 1980 489 Aeris
2003 457 2101 499 paulo
2144 468 2215 490 ante
2259 457 2395 491 laudatis

1397 498 1411 535 (
1430 495 1450 539 f
1470 500 1485 537 )
1508 498 1692 538 exemplum
1715 498 1900 539 quindecim
1924 500 2158 533 lumbricorum
2180 522 2189 538 ,
2221 511 2260 533 ex
2291 500 2394 542 hypo-

1400 538 1561 574 chondrio
1583 541 1738 579 dextero,
1761 542 1791 573 &
1814 541 2021 583 respondente
2053 543 2129 577 huic
2161 544 2274 577 lumbo
2307 555 2395 585 egre—

1399 582 1582 620 dientium,
1605 594 1659 625 per
1682 592 1825 617 tumores
1837 593 1943 618 tamen
1957 586 2134 629 utrobique
2144 596 2253 627 ort05‚
2275 589 2307 619 δὲ
2321 588 2395 628 sup—

1400 636 1552 668 puratos,
1575 637 1713 669 quorum
1745 627 1844 670 origo
1870 636 2038 663 tumorum
2070 629 2229 664 tribuitur
2261 630 2396 672 quidem

1398 671 1585 710 vermibus,
1618 670 1726 702 Colon
1760 670 1953 706 intestinum
1983 673 2176 707 rodentibus
2195 695 2204 711 ,
2236 684 2269 708 at
2302 674 2394 707 simul

1394 713 1550 754 congestae
1573 715 1606 745 in
1630 712 1744 747 eodem
1777 713 1901 747 vitiosae
1922 736 1932 752 ‚
1964 725 2124 758 corruptae
2145 740 2154 755 ,
2186 717 2395 760 erodentique

1395 755 1552 789 saburrae.
1576 757 1662 789 Cum
1685 756 1769 799 leges
1793 758 1897 800 igitur
1920 759 1953 791 in
1976 760 2143 793 Centuriis
2168 758 2306 801 ejusdem
2320 763 2396 795 Cae-

1394 799 1488 833 sareae
1512 799 1700 833 Academiae
1723 801 1751 831 1.
1773 801 1856 847 (g),
1878 803 1908 833 &
1933 802 2015 836 VII.
2040 802 2113 843 (h)
2133 804 2211 837 alias
2234 805 2396 838 istiusmo-

1392 843 1426 876 di
1450 842 1728 880 Observatione53
1753 846 1810 876 etsi
1832 844 1868 876 in
1894 844 2013 883 altera,
2037 847 2082 881 ob
2105 847 2296 881 brevitatem
2329 848 2397 882 for-

1394 886 1490 924 tasle,
1513 887 1631 920 nullius
1654 888 1812 925 tumori5‚
1841 896 1893 920 aut
1918 887 2069 923 abscessus
2093 893 2219 924 mentio
2229 890 2291 931 fit3
2313 892 2395 935 quid

1394 929 1544 972 suspicari
1569 928 1823 976 aliquis-point,
1845 930 2083 966 considerabis.
2107 933 2198 967 Mihi
2223 936 2307 968 enim
2319 935 2396 971 hic,

1394 983 1431 1006 ut
1454 975 1549 1010 dixi,
1574 972 1776 1016 propositum
1799 974 1844 1007 est
1868 974 2012 1016 exempla
2034 975 2199 1014 indicare,
2223 978 2259 1010 ad
2291 981 2394 1012 varias

1395 1018 1598 1051 cruciatuum
1622 1015 1851 1051 intestinorum
1875 1017 1981 1050 causas
2003 1017 2199 1060 speiftantia3
2231 1031 2295 1053 non
2327 1034 2395 1064 quo

1393 1059 1512 1097 modo,
1537 1072 1571 1094 ac
1594 1061 1719 1093 ratione
1741 1073 1774 1093 ea
1798 1061 2018 1103 contigerint,
2041 1073 2198 1104 quaerere.
2222 1063 2297 1097 Hoc
2319 1076 2396 1098 curn

1392 1114 1572 1146 quaeremus
1589 1125 1598 1141 ,
1623 1103 1703 1136 illud
1727 1115 1857 1147 quoque
1880 1107 1943 1137 erit
1967 1105 2195 1146 inquirendum
2218 1108 2305 1148 quod
2321 1109 2396 1142 Pla-

1393 1150 1475 1184 teri,
1501 1148 1538 1179 ad
1564 1147 1746 1180 Volvulum
1768 1157 1867 1180 etiarn
1902 1150 2058 1188 attinens,
2082 1148 2281 1183 Observatio
2310 1154 2326 1190 (
2348 1152 2361 1185 i
2381 1155 2396 1192 )

1392 1191 1599 1232 perquirendi
1624 1189 1729 1222 ansam
1754 1191 1894 1232 praebet‚
1920 1191 2076 1224 nimirum
2101 1203 2140 1224 an
2166 1192 2317 1227 lumbrici
2333 1195 2397 1229 fint

1392 1234 1530 1276 vivipari
1544 1258 1553 1266 .
1574 1233 1755 1275 Conspexit
1780 1233 1834 1267 ille
1845 1233 2021 1272 convoluta
2035 1258 2045 1274 ‚
2067 1235 2209 1275 intorta,
2233 1237 2396 1279 implexa,

1394 1278 1542 1318 mireque
1566 1275 1701 1310 distenta
1723 1279 1847 1318 pueri,
1870 1277 1918 1309 vel
1943 1278 2054 1318 potius
2085 1278 2311 1313 adolescentuli
2342 1284 2396 1315 in-

1392 1320 1527 1359 testina,
1550 1332 1614 1354 non
1639 1319 1737 1353 modo
1759 1322 1986 1358 recrementis,
2005 1323 2035 1353 δι
2071 1320 2207 1356 flatibus
2230 1348 2237 1361 ‚
2267 1322 2323 1364 sed
2353 1325 2397 1359 Θ·

1392 1362 1552 1397 vermibus
1575 1364 1662 1396 viris
1679 1387 1691 1403 ‚
1713 1362 1873 1406 oblongis,
1898 1363 2139 1406 quamplurimis
2163 1366 2277 1407 repleta
2302 1391 2311 1405 ‚
2341 1368 2397 1409 qui

1393 1408 1515 1450 rursum
1536 1406 1610 1441 aliis
1632 1405 1804 1440 minoribus
1827 1403 1939 1449 referti
1961 1414 2050 1439 erant
2074 1432 2082 1439 .
2116 1408 2396 1445 Observationem

1389 1450 1471 1484 hanc
1497 1452 1531 1484 in
1556 1449 1766 1493 Sepulchreto
1788 1461 1920 1493 quoque
1942 1450 2024 1491 leges
2048 1459 2117 1485 tum
2150 1452 2299 1486 Sefflone
2330 1456 2397 1494 cir-

1388 1506 1424 1529 ca
1446 1506 1545 1537 quam
1571 1493 1730 1528 versamur
1753 1493 1850 1528 XIV.
1876 1498 1886 1533 (
1911 1492 1929 1534 l<
1952 1497 1966 1534 )
1987 1503 2057 1527 turn
2080 1497 2177 1528 etiam
2200 1495 2291 1529 XXI.
2318 1496 2396 1538 (l),

1388 1549 1490 1582 eoque
1513 1539 1617 1582 magis
1640 1536 1805 1577 attendes,
1829 1537 1850 1569 si
1874 1538 1908 1570 in
1942 1534 2208 1572 Dissertationem
2245 1540 2395 1574 incideris

1386 1593 1448 1626 qua
1473 1583 1577 1617 Solers
1603 1582 1748 1617 Medicus
1772 1579 1968 1621 Zamponius
1998 1578 2154 1615 describit
2187 1583 2240 1615 Cl.
2276 1584 2396 1617 Planco

1386 1626 1548 1669 dejefium
1571 1626 1612 1660 ab
1634 1626 1702 1659 alio
1728 1636 1829 1667 puero
1855 1623 2051 1656 lumbricum
2071 1646 2084 1664 ,
2117 1636 2194 1659 mox
2239 1624 2302 1658 suis
2336 1627 2395 1661 sub

1387 1670 1489 1702 oculis
1512 1672 1689 1712 parientem
1714 1669 1858 1701 minutos
1882 1667 1972 1699 vivos
1997 1668 2188 1702 vermiculos
2207 1668 2248 1702 ad
2272 1669 2395 1704 duode-

1386 1714 1542 1754 triginta,
1568 1712 1627 1747 Sed
1651 1712 1717 1746 haec
1740 1710 1779 1744 ad
1801 1710 1935 1744 Teretes
1960 1720 2079 1743 vermes
2101 1714 2241 1745 attinent
2264 1715 2374 1749 omnia
2393 1742 2395 1745 .
2417 1720 2423 1725 ·

1431 1765 1484 1798 37.
1511 1756 1600 1790 Nam
1623 1753 1713 1799 quod
1736 1753 1776 1787 de
1799 1752 1925 1785 Taeniis
1948 1774 1958 1790 ‚
1991 1754 2022 1784 ὅ(
2047 1753 2257 1788 Ascaridibus
2286 1756 2396 1799 legisse

1391 1799 1548 1836 memini,
1573 1799 1695 1842 singula
1718 1797 1848 1830 illarum
1881 1796 2067 1830 internodia
2100 1798 2219 1832 multis,
2244 1798 2395 1834 ascaridi-

1391 1842 1450 1875 bus
1474 1840 1566 1877 fuisse
1588 1843 1706 1886 repleta
1729 1850 1795 1873 non
1822 1838 1908 1873 secus
1931 1850 1965 1872 ac
1987 1837 2010 1872 fi
2037 1851 2097 1882 pro
2118 1840 2168 1875 his
2205 1843 2395 1878 ovariorum

1391 1884 1527 1925 officio,
1549 1886 1600 1919 vel
1625 1886 1732 1927 potius
1757 1884 1840 1927 uteri
1866 1882 2099 1924 fungerentur;
2123 1894 2177 1918 aut
2189 1896 2250 1927 ego
2261 1886 2395 1929 quidem

1392 1928 1569 1970 plurimum
1591 1927 1707 1967 fallor,
1730 1936 1783 1959 aut
1808 1925 1965 1967 eiusmodi
1990 1926 2032 1961 est
2052 1952 2062 1967 ,
2095 1937 2132 1962 ut
2159 1926 2200 1961 de
2238 1940 2276 1962 eo
2311 1930 2396 1964 mihi

1390 1981 1456 2003 non
1480 1982 1590 2013 putem
1613 1971 1673 2006 esse
1694 1970 1900 2013 quaerendum
1916 1992 1926 2008 ‚
1952 1979 1987 2002 ut
2033 1981 2135 2013 neque
2179 1982 2255 2005 num
2299 1974 2395 2006 taeniae:

1390 2015 1544 2055 ascarides
1548 2015 1638 2057 fi'nt,
1662 2024 1726 2055 quae
1742 2013 1776 2054 se
1799 2021 1905 2046 mutuo
1929 2014 2104 2051 retineam,
2132 2014 2307 2055 praesertim
2318 2027 2394 2049 curn

1389 2058 1448 2100 qui
1470 2057 1504 2091 id
1528 2058 1667 2094 docent,
1690 2055 1840 2098 ascarides
1863 2057 1895 2088 in
1910 2054 1979 2096 s0l⁰
2001 2056 2054 2098 effe
2066 2056 2146 2089 recia
2168 2056 2395 2098 intestino,fa-

1391 2110 1545 2139 teantur‚
1571 2103 1713 2143 itemque
1736 2109 1814 2131 num
1839 2098 1992 2132 ascarides
2012 2108 2134 2133 vermes
2158 2099 2224 2142 sint
2256 2103 2393 2143 corporis

1390 2145 1518 2181 humani
1540 2144 1623 2187 quafi
1645 2141 1766 2185 proprii
1776 2151 1787 2179 ς
1810 2140 1877 2174 aliae
1910 2141 2061 2175 vermium
2098 2141 2225 2184 specics
2263 2145 2394 2179 rariores

1385 2190 1470 2232 fint,
1495 2188 1623 2230 aliaque
1646 2187 1684 2218 de
1706 2184 1769 2218 hoc
1792 2195 1924 2226 genere,
1952 2195 2024 2226 quae
2049 2186 2142 2218 aliter
2163 2209 2175 2226 ,
2209 2196 2244 2219 ut
2278 2197 2359 2229 puto
2381 2211 2392 2226 ‚

1389 2234 1498 2266 deceat
1522 2229 1753 2273 interpretari,
1776 2237 1873 2270 atque
1899 2241 1914 2261 a
1939 2229 2044 2270 primo
2068 2228 2246 2271 significare
2280 2231 2394 2264 viden-

1390 2287 1465 2309 tur.
1489 2275 1590 2307 Certe
1617 2271 1826 2305 Vallisnerius
1848 2274 1862 2310 <
1883 2282 1914 2305 m
1936 2275 1949 2310 )
1971 2282 2036 2304 non
2061 2271 2232 2310 ascarides,
2257 2272 2307 2306 sed
2341 2284 2394 2307 cu-

1391 2317 1565 2352 curbitinos
1589 2327 1671 2359 quos
1693 2326 1767 2348 cum
1791 2315 1862 2347 aliis
1886 2315 2045 2356 vocabat,
2069 2326 2190 2349 vermes
2215 2316 2244 2349 se
2268 2317 2297 2348 se
2323 2329 2395 2351 mu-

1390 2372 1450 2396 tuo
1473 2361 1634 2399 retinere,
1655 2361 1687 2391 &
1711 2357 1753 2392 sic
1775 2358 1903 2390 taeniam
1927 2359 2029 2391 facere
2051 2381 2060 2395 ,
2092 2369 2157 2391 non
2189 2358 2362 2393 dubitabat
2383 2385 2393 2399 ,

1390 2404 1463 2438 usus
1486 2405 1571 2436 inter
1592 2411 1706 2436 caetera
1730 2400 1958 2438 similitudine,
1984 2411 2046 2442 qua
2070 2401 2109 2435 ad
2132 2401 2227 2434 aliam
2253 2414 2318 2435 rem
2343 2405 2393 2436 vel

1390 2448 1575 2480 Homerum
1597 2448 1610 2484 (
1633 2456 1651 2478 n
1674 2448 1686 2482 >
1709 2445 1791 2478 olim
1813 2445 1908 2477 usum
1931 2444 2009 2480 effe,
2034 2444 2127 2477 video
2147 2465 2156 2481 ,
2191 2445 2394 2486 vespertilio-

1391 2501 1470 2523 num
1492 2491 1549 2532 qui
1573 2489 1607 2520 in
1631 2489 1715 2520 antri
1740 2488 1848 2528 magni
1871 2485 1989 2520 recessu
2012 2487 2184 2528 pendentes
2218 2501 2233 2521 a
2269 2498 2357 2531 petra
2383 2511 2395 2526 ,

1393 2542 1511 2567 mutuo
1535 2540 1706 2565 tenentur.
1731 2531 1790 2564 Sed
1814 2540 1882 2562 eam
1905 2541 2002 2571 quam
2034 2530 2244 2564 Vallisnerius
2282 2535 2393 2566 tirel-:a-

1391 2586 1466 2614 tur‚
1489 2574 1679 2609 sententiam
1702 2584 1763 2614 ego
1788 2571 2004 2619 saepenumero
2027 2571 2094 2606 sum
2118 2575 2252 2608 miratus
2274 2578 2308 2608 in
2341 2588 2393 2609 tot

1392 2632 1408 2653 a
1429 2630 1482 2653 me
1505 2619 1679 2660 diligenter
1702 2615 1873 2657 inspeetis,
1896 2616 2152 2659 examinatisque
2198 2627 2269 2651 tum
2314 2630 2394 2662 qua-

1390 2663 1594 2704 drupedum,
1619 2670 1689 2693 tum
1714 2659 1872 2704 piscium,
1899 2669 1971 2695 tum
1992 2660 2098 2693 avium
2123 2672 2254 2703 quoque
2286 2664 2393 2696 taeniis

1391 2706 1575 2740 confirmari
1601 2715 1664 2737 non
1689 2702 1849 2745 potuisse:
1872 2704 1961 2745 quod
1984 2702 2076 2736 facile
2101 2705 2273 2745 agnosces,
2297 2707 2317 2737 li
2344 2715 2393 2739 at-

1391 2760 1480 2783 tente
1502 2749 1618 2790 legeris
1640 2746 1877 2780 observationes
1901 2759 1978 2789 quas
2002 2745 2063 2787 ipse
2092 2745 2234 2787 Epistola
2268 2750 2394 2782 Anato-

1393 2795 1477 2827 mica
1523 2792 1615 2824 XIV.
1664 2793 1676 2828 <
1698 2789 1747 2830 o)
1794 2791 1945 2830 vulgavi,
1970 2793 2037 2823 imo
2061 2790 2150 2823 illam
2176 2793 2271 2824 etiarn
2295 2803 2394 2834 quam

1392 2847 1466 2870 cum
1489 2847 1557 2868 mea
1581 2833 1619 2867 acl
1645 2836 1671 2865 le
1696 2832 1812 2875 scripta
1836 2834 1978 2873 Epistola
2002 2832 2103 2866 edidit
2126 2834 2205 2867 olim
2230 2835 2393 2872 Vall'rsnef·

1393 2882 1460 2913 rius
1480 2882 1493 2918 (
1513 2889 1536 2920 p
1558 2880 1571 2915 )
1598 2891 1605 2909 :
1643 2876 1759 2918 quibus
1784 2887 1823 2908 ex
1845 2875 2125 2911 observationibus
2149 2879 2256 2919 potius
2278 2879 2392 2921 colligi

1395 2924 1459 2956 tibi
1483 2921 1669 2958 videbitur,
1694 2930 1744 2952 eas
1768 2919 1903 2961 singulas
1937 2922 2046 2952 taenias
2080 2919 2219 2961 singulos
2254 2922 2393 2964 praelon-

1391 2978 1449 3008 gos
1473 2974 1738 3004 veriries„quam
1762 2964 1903 3004 plurium
1926 2973 2050 2996 catenas
2075 2963 2183 2996 suisle.
2206 2965 2282 3008 Jarn
2316 2977 2393 2999 vero

1393 3011 1504 3042 mirari
1528 3008 1606 3041 desii
1629 3017 1668 3039 ex
1691 3018 1756 3048 quo
1779 3008 1918 3048 cognovi
1943 3028 1951 3042 ‚
1985 3008 2053 3040 Cel.
2081 3007 2265 3041 Winslowii
2298 3008 2393 3041 indu-

1393 3053 1465 3086 stria
1490 3061 1651 3087 repertum
1675 3050 1810 3095 denique
1835 3049 1891 3081 esse
1915 3050 2072 3089 ductum,
2094 3053 2124 3083 Sc
2157 3062 2211 3092 per
2242 3050 2394 3084 fluidiffi-

1393 3108 1452 3129 rnae
1476 3095 1616 3128 materiae
1640 3093 1842 3133 inJthionem
1867 3093 2119 3131 confirmatum,
2141 3096 2199 3135 qui
2224 3106 2304 3128 unus
2336 3105 2392 3137 per

1394 3150 1524 3172 ornnem
1547 3137 1649 3170 taeniae
1672 3135 1908 3178 longitudinem
1934 3139 2104 3177 pertineret
2121 3161 2128 3170 .
2155 3138 2223 3174 Qui
2246 3137 2392 3172 ductusfi

1394 3195 1461 3224 quo
1484 3193 1563 3223 ego,
1587 3188 1641 3212 aut
1664 3189 1730 3220 quo
1764 3179 1981 3213 Vallisnerius
2011 3179 2168 3213 scribebat
2193 3205 2202 3220 ‚
2247 3190 2392 3223 tempore

1396 3235 1492 3258 notus
1517 3223 1622 3258 fuisset
1637 3246 1645 3261 ‚
1670 3223 1862 3265 vulgataque
1885 3221 1980 3256 essent
2004 3227 2222 3267 experimenta
2246 3234 2299 3266 per
2321 3234 2392 3265 quae

1395 3267 1540 3306 constat,
1567 3266 1721 3307 aquatiles
1745 3277 1885 3305 vermes,
1909 3267 1943 3297 in
1968 3277 2070 3308 partes
2103 3268 2205 3308 plures
2239 3267 2357 3299 divisos
2382 3290 2392 3306 ‚

1395 3320 1459 3345 tres
1480 3313 1613 3345 circiter
1636 3308 1753 3343 menses
1774 3308 1838 3342 fine
1862 3309 2016 3344 alimento
2050 3309 2159 3345 vixisse
2181 3334 2190 3348 ,
2235 3313 2392 3386 &bsnova

2244 3364 2264 3385 o
2303 3364 2350 3386 er-

348 3444 2397 3466 W

1336 3627 1349 3653 (
1364 3633 1382 3654 g
1403 3626 1408 3653 l
1425 3624 1483 3659 obs:
1499 3633 1535 3655 39·
1845 3655 1849 3658 ,

1208 3658 1221 3685 (
1238 3664 1261 3679 m
1277 3657 1290 3685 )
1306 3656 1455 3680 Coiifideraz.
1473 3661 1518 3679 int.
1535 3655 1582 3678 alla
1599 3662 1706 3682 generaz.
1723 3656 1759 3679 (ιε’
1777 3663 1851 3679 vermi
1869 3657 1913 3679 &c-

1302 3690 1316 3715 s
1330 3693 1346 3715 p
1363 3687 1375 3715 )
1392 3685 1416 3709 in
1427 3688 1495 3711 *calce
1513 3686 1585 3709 modo
1601 3691 1641 3709 cit.
1661 3684 1733 3709 libri.

408 3513 446 3541 sn
461 3513 475 3542 )
492 3515 562 3537 Cent.
579 3521 602 3541 7.
620 3511 678 3537 Obs.
698 3518 734 3540 30-
752 3513 774 3534 δι
791 3507 843 3533 Ast.
859 3511 890 3533 Τ.
912 3518 931 3538 3.
950 3507 1008 3532 Obs.
1030 3514 1079 3537 ¹31·
1133 3507 1154 3536 s
1168 3512 1185 3536 p
1201 3505 1215 3533 )
1232 3513 1256 3528 n.
1275 3512 1326 3533 32.v

408 3545 418 3567 t
434 3552 447 3567 ν
463 3546 621 3572 )Εοιτιιιιειε.
641 3543 729 3566 Litter.
746 3543 777 3564 A.
796 3547 860 3569 ¹737-
879 3540 955 3565 Hebj.
973 3546 1050 3567 20„st
1070 3546 1092 3561 2.
1152 3535 1214 3564 ss)
1234 3536 1255 3558 δι
1273 3539 1300 3558 Α.
1319 3539 1387 3563 1736.
1408 3533 1484 3558 Hebd.
1504 3542 1538 3557 12.
1557 3542 1581 3557 n.
1602 3542 1622 3558 1.

407 3575 420 3600 ί
437 3582 451 3596 x
466 3574 478 3601 )
495 3574 568 3601 Epist.
588 3578 661 3597 Anat.
683 3581 708 3600 14
734 3579 756 3595 n.
774 3571 811 3598 48.
874 3571 916 3600 (y
961 3577 982 3592 n.
1002 3577 1022 3597 5.
1084 3568 1099 3596 (
1114 3575 1132 3594 z
1148 3567 1161 3595 (
1176 3565 1234 3590 obs.
1254 3573 1272 3589 ι.
1293 3565 1314 3594 §.
1332 3572 1353 3588 2.

410 3603 418 3629 (
437 3604 449 3626 b
471 3612 476 3629 i
492 3604 586 3627 Diisert.
604 3606 678 3628 Anat.
697 3602 789 3625 Pathol.
807 3601 822 3624 l.
839 3604 860 3624 6.
878 3605 898 3636 e.
919 3609 940 3630 4.
1003 3602 1012 3623 (
1029 3599 1063 3624 c)
1081 3597 1154 3625 Epist.
1174 3600 1246 3635 Quat.
1265 3603 1301 3623 14.
1320 3603 1342 3618 ni
1359 3604 1396 3624 44.

411 3633 450 3661 (e
468 3634 474 3661 )
491 3636 629 3657 Commenr.
647 3635 671 3657 ‘in
689 3640 745 3656 eum
764 3632 780 3656 l.
797 3639 819 3655 n.
842 3639 892 3660 10⁶5.
955 3628 1015 3659 (f)
1031 3630 1105 3652 Tom.
1122 3626 1219 3650 &tent
1238 3634 1263 3654 93

410 3663 538 3692 (kllub
554 3671 578 3686 n.
598 3665 664 3687 xxi.
684 3666 703 3684 f.
724 3670 739 3684 ι.
806 3660 924 3690 ‹lJi‘ub
941 3660 1053 3683 n.x>(11
1083 3659 1146 3688 §.4

408 3695 415 3723 (
439 3702 454 3716 η
469 3699 478 3725 )
495 3694 580 3722 Odyil'.
596 3694 613 3717 l.
631 3702 668 3723 ²4·
685 3693 726 3718 sub
742 3691 855 3716 initium.
917 3690 925 3719 s
942 3699 954 3714 ο
971 3695 981 3716 )
997 3698 1018 3712 n.
1034 3698 1075 3717 47.
1093 3688 1140 3716 usq.
1157 3687 1187 3711 ad
1204 3695 1241 3717 53.

1373 3505 1382 3532 (
1400 3513 1414 3534 q
1436 3503 1444 3532 )
1460 3503 1587 3532 Experim.
1603 3503 1664 3527 circa
1681 3502 1751 3533 ligat.
1766 3511 1832 3529 nerv.
1851 3503 1871 3534 §.
1889 3511 1926 3533 3¹-

1685 3534 1848 3563 (t)n.32.
1910 3535 2080 3564 (u)n.38.

1415 3567 1429 3594 (
1444 3573 1458 3588 a
1474 3566 1488 3593 )
1505 3566 1589 3597 Tem..
1604 3571 1620 3587 ι.
1639 3563 1696 3587 obs.
1716 3571 1764 3591 172.
1786 3565 1809 3597 {k
1826 3566 1899 3588 Tem.
1920 3574 1938 3594 ς.
1955 3565 2013 3589 obs.
2030 3570 2067 3589 68.
2085 3573 2157 3595 prope
2173 3565 2213 3590 sin-

1457 3596 1472 3623 (
1488 3594 1503 3618 d
1518 3601 1528 3621 )
1545 3594 1613 3623 Epidi
1631 3596 1649 3617 l.
1667 3602 1688 3622 7.
1707 3594 1767 3618 haud
1785 3601 1819 3618 ita
1836 3596 1918 3624 procul
1937 3603 1948 3618 a
1966 3596 2012 3619 fine
2024 3613 2030 3618 .

1599 3625 1612 3653 ζ
1629 3624 1643 3646 h
1660 3626 1666 3651 l
1685 3625 1773 3650 ΟΜΖ-1.
1837 3627 1844 3647 (
1862 3627 1870 3646 i
1889 3626 1900 3652 )
1917 3626 1934 3648 l·
1952 3634 1975 3658 3.
1992 3626 2092 3650 Observ.
2110 3625 2148 3650 ubi
2161 3627 2188 3650 de
2199 3625 2371 3650 Extuberantia
2385 3644 2392 3649 .
