2498 4075
2034 236 2101 317 49

164 371 681 437 EPISTOLA
757 374 1866 441 ANATOMico-MEDICA
1941 379 2092 443 vii.
2153 344 2156 347 “

510 506 699 558 Sermo
732 503 805 555 est
838 504 903 555 de
938 503 1274 565 Phrenitide,
1307 503 1771 571 Paraphrenitide,

964 571 1020 623 ὃ(
1054 568 1287 621 Delirio.

95 697 203 808 C
220 697 271 730 Ur
297 694 367 728 duae
390 705 462 737 quae
486 691 649 736 Soporosos
672 691 821 737 ¹Affeh't‘us
844 694 879 727 in
892 693 1100 737 Sepulchreto

228 738 487 782 consequuntur,
522 738 682 771 Seffiones
712 737 774 770 sint
806 748 823 770 a
846 737 938 770 nobis
969 746 1100 780 praeter-

229 780 358 818 eundae‚
383 780 477 813 facile
499 793 538 814 ex
560 782 601 814 iis
624 781 781 822 intelligis
804 779 901 814 caufis
916 805 925 819 ‚
947 792 1023 823 quas
1043 780 1099 814 sub

93 826 228 858 initium
251 825 423 866 attigimus
445 824 600 866 Epistolae
625 822 816 865 superioris.
841 823 971 857 Eaedem
995 831 1099 857 autem

92 865 193 901 ferme
216 868 288 901 sunt
311 866 432 907 causae,
456 878 551 910 quare
575 870 607 899 &
632 867 813 902 sectionem
835 878 905 909 quae
929 866 1005 900 duas
1028 866 1098 899 illas

94 912 244 953 proxime
268 912 411 953 excipit,
439 910 473 943 de
507 909 634 953 Vigiliis
661 919 778 952 praeter
809 917 955 943 naturam
985 909 1099 942 inscri-

92 963 183 995 ptam
198 980 206 993 ,
231 963 451 995 praetereamus
466 978 473 984 .
498 954 587 986 Nam
610 952 658 985 hae
681 964 808 995 quoque
830 963 892 984 non
918 951 989 985 solae
1004 952 1097 999 sunt,

89 1006 162 1031 cum
186 999 398 1037 interimunt,
423 996 473 1029 sed
495 1007 570 1030 cum
591 996 791 1038 gravioribus
815 995 935 1028 morbis
956 1007 1093 1038 conjun-

89 1040 150 1073 &ae
165 1064 172 1071 -
201 1042 314 1084 Itaque
337 1041 463 1074 nullum
484 1040 623 1072 invenies
645 1039 851 1081 exemplum,
873 1040 907 1070 in
918 1050 984 1081 quo
994 1040 1094 1081 Vigi-

88 1083 140 1116 liae
163 1082 334 1117 dumtaxat
358 1093 607 1127 proponantur,
631 1093 670 1114 ex
693 1083 735 1115 iis
757 1081 908 1115 omnibus
944 1093 1014 1124 quae
1045 1083 1094 1115 ibi

87 1125 313 1169 proferuntur:
339 1139 409 1170 quae
433 1137 537 1161 tamen
560 1125 637 1158 οὲὶο
660 1150 670 1165 ,
693 1124 779 1159 haud
810 1124 947 1166 amplius
980 1124 1051 1158 sunt
1081 1138 1092 1165 ς

85 1172 159 1212 imo
180 1182 218 1203 ne
243 1172 321 1204 oe‘to
343 1169 493 1213 quidem.
518 1167 713 1202 Observatio
738 1169 823 1201 enim
836 1169 916 1201 VII.
936 1168 1043 1202 eadem
1054 1180 1090 1201 ac

87 1213 152 1246 IV.
179 1213 243 1246 est:
269 1214 358 1257 quod
382 1224 481 1247 unum
503 1212 605 1253 magis
628 1213 729 1244 miror
751 1212 836 1244 intra
849 1220 915 1243 tam
927 1213 1090 1254 paucasli-

84 1266 156 1289 neas
178 1256 430 1290 animadversum
453 1267 518 1289 non
541 1253 652 1293 fuisse,
677 1266 773 1298 quam
796 1255 899 1297 plures
921 1256 1092 1298 inlongio-

83 1310 118 1332 re
140 1299 325 1343 insequente
349 1300 496 1334 Setffione
509 1300 590 1332 VII.
615 1298 826 1337 iterationes-‚5
849 1297 1005 1341 liquidem
1017 1299 1092 1332 Ob-

82 1340 220 1376 feri-atio
242 1344 378 1377 XXXV.
402 1353 467 1376 non
491 1343 552 1376 alia
574 1341 617 1374 est
638 1353 673 1374 ac
695 1343 824 1375 XXIII.
848 1352 904 1373 nec
937 1343 1091 1375 XXXIV.

84 1386 146 1427 alia
170 1398 204 1419 ac
226 1387 347 1420 XXIX.
372 1387 482 1429 Atque
513 1385 641 1420 utinam
673 1386 707 1417 in
741 1383 956 1427 superioribus
984 1386 1090 1418 tribus

80 1429 287 1463 See-{tionibus
310 1428 417 1463 eadem
440 1441 503 1463 non
527 1427 622 1462 obvia
643 1426 717 1461 esset
739 1427 862 1461 incuria
881 1451 889 1457 -
926 1429 1022 1460 Certe
1055 1429 1090 1462 in

83 1474 112 1505 Ι.
127 1471 222 1506 facile
235 1471 445 1507 animadverti
468 1469 619 1515 potuisset
632 1493 644 1509 ,
666 1470 935 1504 Observationem
948 1472 1087 1504 XXXII.

80 1526 149 1548 non
174 1513 302 1549 differi-e
326 1527 341 1548 a
364 1517 457 1549 XVI.
484 1527 539 1548 nec
561 1514 717 1547 XXXIV.
743 1525 761 1548 a
784 1515 873 1547 XIX.
899 1524 956 1547 nec
968 1515 1090 1547 LXIII.

81 1570 101 1592 a
122 1560 256 1592 XXXV.
282 1570 337 1592 nec
363 1560 524 1592 LXXXV.
551 1569 567 1590 a
589 1558 714 1590 XLIV.
738 1568 794 1589 nec
816 1559 913 1591 CIII.
939 1567 955 1589 a
979 1558 1086 1592 XCV.

81 1603 201 1645 Neque
227 1603 259 1634 in
285 1604 330 1635 II.
356 1602 502 1635 Seffime
528 1599 608 1633 Obs.
633 1601 796 1633 XXVIII.
831 1612 847 1632 a
869 1602 994 1633 XXIV.
1032 1610 1087 1634 aut

80 1644 189 1678 XXII.
216 1646 253 1677 ab
276 1656 308 1677 ea
331 1655 400 1687 quae
423 1645 456 1677 in
481 1643 725 1677 Additamentis
748 1643 792 1677 est
823 1645 869 1677 ΙΙ.
904 1645 1019 1688 Neque
1052 1645 1086 1677 in

82 1690 147 1721 III.
173 1689 317 1721 Sectione
340 1686 422 1720 Obs.
445 1688 573 1720 XXIII.
609 1699 625 1720 a
648 1688 718 1719 XX.
757 1696 812 1720 aut
843 1688 1034 1721 XXXVIII.
1069 1699 1086 1720 a

80 1732 204 1765 XLIV.
231 1730 331 1774 Qod
353 1730 375 1763 si
400 1730 467 1764 haec
490 1730 583 1763 nobis
608 1740 814 1764 occurrerunt
837 1730 925 1764 aliud
961 1732 1085 1774 agenti-

80 1774 164 1813 bus3
187 1774 339 1808 credibile
362 1773 424 1813 est,
471 1775 540 1806 lura
563 1772 809 1816 deprehensuros
833 1772 890 1807 esse
913 1774 971 1817 qui
1006 1774 1084 1808 dili-

79 1824 190 1859 genter
211 1827 374 1861 quaerant.
401 1819 437 1850 Se
483 1816 550 1849 haec
565 1840 577 1857 ,
599 1821 630 1850 &
653 1825 766 1850 caetera
790 1817 1010 1859 ejuscemodi,
1033 1819 1083 1850 vi-

79 1861 184 1894 derint
206 1863 263 1905 qui
286 1873 342 1895 eos
365 1860 466 1894 libros
490 1861 626 1894 tertium
649 1861 845 1903 vulgabunt.
870 1861 946 1895 Nos
959 1873 972 1901 ;
995 1870 1032 1895 ut
1044 1860 1084 1894 ad

76 1903 280 1947 propositum
303 1914 517 1942 revertamur3
542 1904 742 1946 Vigiliarum
766 1904 908 1946 exempla
930 1905 1085 1939 cumaliis

76 1948 200 1982 morbis
222 1949 375 1988 relaturi,
397 1946 461 1990 jam
486 1946 523 1980 ad
548 1947 638 1981 istam
662 1948 742 1981 VII.
765 1958 860 1990 quam
883 1947 1008 1991 insequi
1033 1947 1086 1981 di-

76 1991 186 2025 ximus
197 2013 210 2032 ,
233 1992 415 2025 Seffionem
438 1988 622 2024 transimus.
649 1992 698 2024 Ea
720 1990 763 2025 est
794 1992 830 2025 de
866 1990 1050 2025 ‘Phrenz‘tide
1072 2015 1087 2033 ‚

76 2034 360 2077 Ῥαναρῖσνεηῖείιίε,
381 2036 424 2068 &¹
443 2032 583 2068 Delirio.
608 2033 771 2068 Historias
795 2043 903 2068 autem
925 2046 996 2077 quae
1023 2034 1086 2069 huc

75 2079 258 2128 attineant,
281 2079 442 2122 praecipue
465 2077 519 2112 has
542 2086 682 2120 quatuor
704 2079 739 2111 in
762 2077 920 2112 Valsalvae
955 2078 1085 2121 scriptis

75 2131 275 2156 invenimus.

120 2175 150 2197 2.
175 2165 488 2199 ADOLESCENS
511 2175 607 2198 annos
630 2166 762 2198 circiter
784 2164 904 2207 viginti
917 2172 1033 2203 natus,
1048 2165 1082 2197 in

75 2206 272 2242 Bononiensi
296 2209 326 2241 S.
350 2208 465 2242 Mariae
489 2207 528 2241 de
549 2209 660 2241 Morte
682 2206 891 2241 Nosocomio
914 2205 1084 2240 decumbe-

75 2251 149 2285 bat.
174 2252 276 2284 Lenta
300 2259 367 2284 erat
391 2250 489 2283 febris
512 2261 587 2283 cum
610 2250 661 2283 siti
684 2248 840 2293 quidem,
874 2249 926 2282 sed
960 2253 1050 2283 urina
1071 2273 1082 2288 ,

76 2296 111 2328 δε
134 2294 273 2337 pulsibus
297 2292 513 2336 quadantenus
537 2292 684 2327 sanorum
707 2292 865 2326 similibus
884 2305 897 2333 ;
927 2301 963 2326 ut
1000 2293 1079 2326 levis

74 2337 238 2372 videretur
260 2337 411 2371 morbus.
434 2338 483 2369 At
515 2337 597 2369 circa
628 2338 776 2370 ocftavum
809 2337 896 2369 diem
928 2335 1082 2370 delirium

74 2381 188 2424 ingens
211 2379 353 2421 acceffit,
375 2379 464 2423 quod
487 2377 604 2420 septem
627 2379 695 2412 dies
716 2378 915 2425 perduravit.
931 2380 1006 2411 Hoc
1017 2380 1082 2413 ces.

75 2425 184 2465 sante,
207 2435 289 2467 aeger
319 2431 424 2456 tamen
458 2420 543 2464 quasi
576 2433 681 2455 amens
714 2421 837 2464 iacebat
856 2445 867 2461 ,
899 2420 957 2454 iiiii
991 2423 1080 2465 quod

74 2477 303 2510 nonnunquam
329 2464 487 2507 paulisper
510 2463 613 2506 sapere
636 2464 820 2498 videbatur.
836 2464 983 2498 Tandem
1008 2478 1080 2499 mo-

73 2513 179 2545 ritur.-
309 2507 543 2543 CADAVER
565 2510 703 2542 exterius
727 2507 764 2541 ad
787 2507 927 2541 lividum
937 2509 1082 2552 aliquan-

74 2564 147 2589 tum
169 2549 342 2595 vergebat,
366 2550 541 2594 praesertim
565 2551 620 2595 sub
642 2561 796 2584 manuum
819 2553 979 2593 unguibus
1001 2566 1007 2585 .·
1046 2556 1080 2586 &

74 2596 255 2631 musculosa
278 2597 376 2629 etiam
397 2605 473 2628 caro
497 2593 536 2628 ad
560 2594 742 2628 iubfuscum
766 2596 898 2638 potius,
921 2607 1018 2638 quam
1043 2595 1082 2630 ad

73 2641 221 2675 nativum
243 2639 458 2673 rubicundum
480 2637 642 2671 colorem.
670 2639 804 2679 Sanguis
829 2649 956 2682 quoque
979 2641 1081 2681 nigri-

74 2695 150 2718 cans
172 2691 238 2716 erat
253 2705 264 2722 ,
289 2685 321 2716 &
343 2681 493 2720 craffior‘3
516 2679 640 2715 fluidus
664 2691 788 2715 tamen.
921 2684 960 2715 In
994 2685 1082 2716 Ven-

72 2738 145 2769 tre‚
168 2728 201 2761 δε
224 2725 373 2759 Thorace
395 2725 466 2759 sana
488 2727 596 2758 omnia
609 2737 620 2764 5
643 2724 701 2758 nisi
722 2725 808 2768 quod
833 2736 847 2758 a
874 2737 919 2758 uae
944 2726 976 2758 in
996 2728 1081 2768 peri-

74 2770 188 2806 cardio
209 2768 378 2811 vestigium
401 2767 547 2802 nullum.
678 2769 803 2802 Cranio
826 2736 973 2809 suissato,
991 2768 1079 2812 gela-

77 2813 181 2855 tinosa
203 2812 348 2855 quaedam
369 2812 536 2845 concretio
559 2810 773 2845 animadversa
798 2811 841 2845 est
861 2835 873 2851 ‚
905 2823 975 2854 quae
1007 2814 1077 2846 vasa

77 2854 280 2898 sanguiflua,
300 2865 355 2898 per
387 2856 532 2889 Tenuem
564 2855 746 2897 meningem
779 2856 960 2897 reptantia,
994 2867 1011 2888 a
1031 2856 1076 2889 la-

75 2900 201 2933 teribus
225 2900 457 2932 comitabatur.
493 2900 541 2931 Ea
575 2899 724 2940 meninge
755 2898 792 2931 ad
828 2897 924 2930 basim
958 2899 1079 2932 cerebri

75 2944 211 2977 lacerata
225 2967 234 2982 ‚
257 2943 350 2984 copia
372 2953 463 2985 aquae
486 2942 587 2974 exivit
601 2963 610 2978 ‚
632 2941 761 2979 colore,
788 2944 820 2974 δε
842 2941 974 2975 craffitie
1005 2953 1081 2975 vac-

75 2988 186 3021 cinum
219 2985 323 3018 serum
351 2984 517 3020 referentis
539 3008 547 3016 .
578 2986 743 3018 Caeterum
774 2992 884 3018 totum
915 2984 1077 3020 cerebrum

76 3039 143 3064 erat
167 3029 276 3062 sanum
291 3051 298 3059 .

118 3084 151 3116 3.
174 3071 378 3113 Malignam‚
400 3079 436 3106 ut
460 3080 597 3110 vocant,
622 3070 704 3105 lianc
738 3069 858 3104 febrem
880 3095 893 3112 ,
927 3071 1080 3108 delirium

77 3126 183 3152 autem
207 3114 294 3158 quod
318 3115 357 3149 ad
379 3115 480 3156 ipsam
511 3114 628 3148 acceffit
653 3137 664 3153 ‚
699 3112 920 3149 Phrenitidem
957 3115 1048 3150 fuisse
1068 3139 1081 3158 ,

75 3158 278 3194 manifestum
301 3158 361 3192 est.
386 3158 446 3192 Sed
467 3168 523 3191 cur
546 3159 579 3190 in
602 3158 805 3200 meningibus
828 3159 916 3192 nulla
947 3158 1082 3194 inflam-

76 3204 205 3237 matio?
230 3202 317 3235 nulla
341 3202 484 3234 vasorum
508 3199 686 3235 distentio?
710 3202 802 3235 Num
824 3199 905 3235 hanc
936 3202 1044 3237 credes
1067 3227 1081 3244 ,

75 3257 152 3281 cum
176 3245 332 3289 phrenitis
356 3246 391 3277 in
414 3245 586 3277 amentiam
608 3253 730 3279 mutata
753 3243 819 3285 est,
843 3244 977 3279 solutam
1000 3246 1081 3281 fuis-

76 3290 132 3329 se3
156 3298 246 3323 antea
268 3296 372 3323 autem
395 3296 460 3320 non
484 3286 634 3326 defuisse,
659 3299 760 3331 eoque
783 3298 925 3331 tempore
948 3288 991 3321 ob
1012 3290 1079 3323 len-

19 3359 24 3363 ·
74 3343 148 3368 tum
170 3335 205 3366 in
227 3331 371 3366 distentis
395 3329 472 3363 vasis
494 3330 653 3372 sanguinis
675 3341 825 3372 motum,
848 3343 915 3366 eam
928 3343 1013 3375 aquae
1023 3344 1080 3367 co-

75 3378 164 3420 piam
187 3377 337 3409 secretam
359 3371 442 3408 esse?
464 3373 513 3406 At
535 3383 636 3417 neque
658 3377 692 3408 in
715 3375 835 3409 duabus
848 3378 1078 3419 proximisob-

77 3419 311 3454 sei-vationibus
333 3415 508 3461 quidquam
530 3416 611 3459 leges
631 3417 669 3453 de
691 3418 836 3453 vasorum
859 3421 893 3452 in
919 3421 1077 3463 meningi-

74 3463 134 3497 bus
157 3462 346 3496 distentione
365 3486 372 3493 .

118 3518 149 3550 4.
174 3507 260 3540 'VIR
283 3515 440 3538 annorum
464 3503 592 3538 circiter
622 3507 757 3549 triginta
790 3509 930 3551 quinque
961 3505 1076 3541 dolore

75 3550 250 3591 corripitur
271 3549 305 3581 in
326 3548 478 3587 thorace,
499 3557 574 3580 curn
597 3545 683 3582 febre
706 3574 713 3581 .
749 3551 874 3586 Dolore
907 3549 1039 3584 abeunte
1061 3574 1071 3589 ‚

76 3593 196 3627 accedit
233 3590 270 3625 ad
308 3591 430 3625 febrem
461 3590 613 3624 delirium
639 3603 648 3623 .-
705 3591 768 3627 uod
786 3615 799 3632 ,
842 3594 928 3629 febre
972 3596 1073 3637 magis

164 3636 330 3678 Morgagm'
340 3636 375 3668 de
384 3635 452 3669 Sed.
464 3635 508 3668 (φ
518 3633 605 3676 caus.
615 3637 686 3669 Mor
709 3660 716 3668 .
729 3637 829 3671 Tom.
843 3640 870 3672 Ι.

1151 693 1269 737 semper
1293 694 1498 739 augescente,
1522 697 1561 730 ad
1583 706 1720 732 mortem
1743 696 1839 743 usque
1873 700 2023 743 perdurat
2045 725 2054 741 ‚
2087 716 2157 748 quae

1149 739 1234 772 circa
1279 739 1366 774 diem
1399 739 1603 774 undecimum
1635 741 1756 774 accidit
1781 766 1788 773 .
1924 746 2153 782 THORA-

1149 782 1220 814 CE
1256 781 1376 816 recluso
1398 805 1408 820 ,
1452 784 1640 825 pulmonum
1684 784 1857 828 posteriora
1898 786 1979 821 dura
2011 789 2154 832 aliquan-

1149 833 1219 857 tum
1242 847 1253 863 ‚
1285 830 1317 859 &
1340 825 1432 859 rubra
1455 828 1662 861 inveniuntur
1688 852 1694 857 -
1729 829 1765 860 In
1789 838 1924 872 utroque
1947 831 2053 865 cordis
2077 844 2154 865 ven-

1150 868 1272 902 triculo
1294 868 1447 916 polyposa
1471 873 1660 911 concretio,
1682 873 1717 903 in
1740 871 1862 906 finistro
1893 882 2002 908 autem
2034 886 2152 918 prope-

1149 911 1427 959 modum-major,
1453 915 1586 947 mirante
1610 914 1781 955 Valsalva‚
1805 924 1841 949 ut
1888 918 1922 950 ui
1946 917 1986 951 ad
2009 918 2043 952 id
2074 929 2156 952 tem-

1149 965 1207 995 pus
1230 966 1382 997 majorem
1407 954 1526 998 semper
1548 957 1581 990 in
1604 957 1736 991 dextero
1758 959 1861 991 anima
1889 959 2047 995 vertisset.

1146 999 1235 1031 Dum
1259 1008 1275 1030 e
1295 999 1420 1031 Cranio
1443 999 1602 1033 cerebrum
1638 1001 1837 1035 eximebatur
1854 1026 1867 1042 ‚
1902 1004 2066 1045 paululum
2098 1004 2159 1039 seri

1147 1052 1185 1072 ex
1209 1041 1410 1082 meningibus
1433 1046 1608 1076 emanavit.
1636 1045 1674 1076 In
1711 1046 1809 1077 Durae
1845 1044 1977 1087 singulis
2011 1047 2150 1090 majori-

1144 1083 1201 1117 bus
1225 1083 1354 1117 Sinibus
1391 1082 1521 1127 fingulae
1555 1094 1643 1119 eraut
1689 1085 1909 1121 concretiones
1955 1090 2120 1132 polyposae
2144 1113 2156 1123 .

1144 1127 1248 1160 Molle
1272 1126 1337 1160 fuit
1361 1128 1525 1162 cerebrum
1551 1139 1657 1162 totum
1684 1140 1691 1161 .·
1738 1130 1770 1161 in
1794 1128 1919 1163 sinistro
1954 1141 2062 1166 autem
2084 1131 2151 1176 ejus

1143 1170 1324 1204 ventriculo
1349 1170 1458 1212 plexus
1481 1171 1663 1206 Choroides
1685 1172 1846 1215 multum,
1870 1174 2014 1209 varicum
2038 1175 2157 1218 instar,

1145 1213 1291 1255 turgebat
1308 1238 1315 1245 .

1189 1268 1217 1298 ς.
1243 1260 1292 1291 De
1317 1256 1546 1300 polyposarum
1569 1260 1815 1295 concretionum
1837 1259 1935 1295 causis
1957 1285 1971 1303 ,
2005 1261 2152 1296 illarum-

1142 1312 1204 1343 que
1226 1298 1466 1335 discriminibus
1490 1313 1554 1334 non
1578 1302 1621 1337 est
1643 1302 1697 1336 hic
1726 1304 1817 1338 locus
1848 1304 1941 1338 verba
1978 1305 2117 1340 faciendi
2138 1332 2148 1340 .

1144 1342 1204 1377 Sed
1225 1355 1294 1387 quae
1319 1344 1409 1378 causa
1433 1346 1729 1387 peripneumoniam
1751 1346 1856 1381 facere
1887 1350 2048 1389 inceperat
2067 1372 2080 1389 ,
2113 1360 2149 1383 ea

1141 1386 1306 1420 videbatur
1329 1389 1363 1420 in
1386 1387 1447 1421 hoc
1469 1389 1541 1421 viro
1564 1389 1601 1424 ad
1622 1400 1717 1433 caput
1741 1391 1894 1424 translata
1910 1415 1922 1431 ‚
1944 1392 2053 1435 ibique
2077 1403 2149 1434 per-

1140 1429 1221 1463 stans
1245 1430 1284 1464 ad
1314 1440 1452 1464 mortem
1484 1430 1579 1474 usque
1601 1456 1612 1473 ,
1645 1432 1847 1475 conspicuam
1880 1436 2068 1478 meningum
2101 1437 2152 1470 in-

1141 1473 1398 1507 flammationem
1421 1473 1522 1508 facere
1551 1475 1689 1510 debuisse
1713 1501 1721 1509 .
1755 1477 1827 1509 Nec
1861 1476 1978 1511 fecerat
2011 1487 2151 1512 tamen:

1142 1516 1268 1560 istaeque
1290 1518 1325 1550 in
1349 1518 1449 1551 altero
1471 1517 1638 1552 dumtaxat
1664 1520 1760 1561 plexu
1782 1519 1953 1554 Choroide
1974 1519 2061 1564 quafi
2095 1533 2152 1556 va-

1142 1561 1220 1594 rices
1243 1561 1410 1602 antiquum
1433 1560 1529 1595 facile
1551 1562 1671 1596 vitium
1693 1570 1801 1595 erant.

1182 1607 1214 1637 6,
1239 1604 1446 1648 BAJULUS
1471 1603 1559 1638 febre
1583 1605 1706 1638 ardenti
1731 1604 1876 1640 laborans
1902 1631 1912 1646 ‚
1943 1608 2068 1651 ingenti
2093 1619 2150 1642 ca-

1141 1648 1220 1690 pitis
1243 1646 1351 1680 dolore
1365 1669 1374 1684 ,
1396 1648 1449 1680 cui
1472 1647 1625 1682 delirium
1647 1648 1785 1683 succeffit
1800 1673 1814 1689 ,
1835 1649 2030 1686 vexabatur.

1139 1691 1381 1725 MORTUUS
1392 1713 1405 1731 ‚
1431 1691 1515 1724 inter
1536 1701 1705 1735 utramque
1728 1694 1909 1735 meningem
1934 1705 2072 1737 paucum
2108 1696 2161 1729 se·

1138 1745 1212 1767 rum
1233 1733 1394 1771 ostendit,
1416 1732 1506 1776 cujus
1530 1746 1598 1777 pars
1621 1736 1705 1769 inter
1729 1735 1907 1779 sanguifera
1932 1737 2002 1771 vasa
2027 1740 2061 1771 in
2095 1749 2154 1782 ge-

1136 1777 1241 1810 latinae
1266 1775 1398 1810 modum
1421 1788 1647 1811 concreverat:
1671 1780 1706 1812 in
1730 1780 1809 1813 Sinu
1833 1789 1939 1814 autem
1964 1781 2068 1814 Paleis
2104 1792 2153 1815 te-

1136 1831 1232 1853 nuem
1246 1842 1256 1857 ,
1281 1822 1472 1864 longamque
1494 1824 1755 1856 concretionem.
1777 1824 1941 1859 Caeterum
1968 1833 2079 1859 totum
2101 1837 2154 1859 ce-

1136 1863 1264 1897 rebrum
1288 1863 1459 1897 secundum
1483 1873 1630 1900 naturam
1653 1864 1682 1899 se
1706 1864 1843 1899 habebat
1860 1892 1868 1900 .

1181 1919 1213 1950 7.
1238 1909 1323 1941 VIR
1348 1917 1453 1941 autem
1487 1919 1583 1942 annos
1616 1917 1708 1943 natus
1740 1909 1877 1951 triginta
1910 1911 2054 1955 quinque
2074 1937 2083 1953 ‚
2116 1913 2155 1946 in

1137 1960 1286 1993 magnam
1321 1949 1438 1983 incidit
1481 1949 1603 1985 febrem
1626 1965 1636 1985 :
1681 1951 1796 1985 delirat
1823 1965 1832 1986 .·
1876 1955 1964 1988 oculi
2008 1956 2117 1989 lucent
2143 1967 2152 1988 .·

1137 1993 1246 2036 pulsus
1270 1992 1312 2027 est
1333 1994 1499 2028 vehemens
1523 2019 1530 2027 .
1563 1996 1715 2038 Denique
1749 1997 1890 2031 moritui·
1911 2022 1918 2030 .
2054 2000 2085 2032 C
2106 2000 2159 2033 E—

1136 2038 1169 2071 R
1192 2038 1221 2070 E
1245 2037 1271 2069 B
1293 2039 1325 2071 R
1350 2039 1385 2070 U
1408 2039 1447 2071 M
1490 2037 1532 2071 est
1563 2040 1641 2073 bene
1675 2038 1886 2075 constitutum
1908 2052 1921 2081 ;
1965 2040 2022 2074 nisi
2056 2042 2150 2085 quod

1138 2080 1229 2113 valde
1252 2089 1383 2122 turgent
1406 2079 1554 2124 sanguine
1578 2081 1644 2125 ejus
1668 2081 1762 2123 vasa,
1785 2084 1956 2118 ventriculi
1980 2093 2086 2119 autem
2105 2085 2153 2119 se..

1137 2124 1167 2156 ri
1191 2123 1307 2156 habent
1331 2124 1530 2167 aliquantum
1545 2149 1554 2158 .
1690 2127 1810 2159 Praeter
1832 2128 1999 2162 nonnullas
2020 2129 2055 2161 in
2064 2130 2156 2163 Cor-

1137 2166 1175 2199 de
1199 2166 1370 2209 polyposas
1391 2170 1635 2212 concretiones,
1657 2170 1765 2203 omnis
1787 2170 1821 2205 in
1843 2170 1906 2205 hoc
1921 2170 2068 2207 cadavere
2081 2171 2159 2207 san*

1137 2210 1210 2252 guis
1234 2210 1279 2243 est
1304 2210 1443 2244 fluidus.

1181 2253 1212 2302 β.
1240 2254 1464 2302 Nemireris,
1486 2266 1551 2289 uno
1576 2255 1639 2291 hoc
1671 2266 1808 2299 excepto
1829 2282 1842 2299 ‚
1873 2259 1908 2292 in
1943 2259 2077 2303 reliquis
2107 2260 2157 2294 de

1133 2295 1249 2345 quibus
1273 2296 1399 2342 dictum
1422 2298 1487 2339 est,
1512 2299 1724 2335 delirantibus
1746 2301 1928 2336 Valsalvam
1951 2302 2086 2338 distenta
2096 2315 2149 2337 ce-

1132 2339 1216 2372 rebri
1239 2339 1308 2372 vasa
1332 2352 1395 2373 non
1419 2341 1549 2381 vidiffe3
1572 2344 1673 2385 relege
1694 2346 1804 2377 omnia
1818 2344 2027 2381 delirantium
2040 2359 2149 2382 exem-

1135 2383 1188 2425 pla
1211 2394 1282 2426 quae
1305 2394 1343 2416 ex
1366 2383 1436 2426 ipso
1459 2385 1556 2419 retuli
1579 2387 1613 2419 in
1637 2385 1794 2429 Epistolis
1817 2388 1850 2422 su
1876 2389 2031 2423 erioribus
2054 2394 2151 2431 (ιι),>

1133 2436 1206 2472 nam
1231 2428 1262 2458 δε
1286 2425 1435 2460 delirium
1458 2440 1497 2461 ex
1519 2429 1559 2461 iis
1582 2427 1804 2464 affectionibus
1826 2443 1841 2464 e
1880 2455 1890 2470 ,
1921 2444 1998 2475 quae.
2028 2442 2151 2467 tamet-

1131 2469 1155 2500 ii
1190 2468 1351 2503 interdum
1376 2491 1389 2510 ‚
1420 2472 1466 2503 vel
1503 2483 1518 2503 a
1549 2472 1747 2515 gravioribus
1769 2475 1838 2507 aliis
1862 2475 2008 2519 sejunstae
2032 2502 2041 2517 ,
2074 2477 2148 2521 pos-

1131 2510 1194 2544 sint
1228 2512 1373 2546 occidere
1395 2536 1408 2553 ‚
1442 2513 1555 2557 saepius
1601 2526 1704 2550 tamen
1753 2529 1828 2558 cum
1873 2520 1944 2553 aliis
1989 2521 2145 2564 copulan-

1132 2564 1222 2593 tur3
1256 2556 1382 2606 nullum
1415 2558 1550 2605 reperies
1573 2581 1584 2598 ,
1615 2560 1651 2592 in
1682 2573 1749 2605 quo
1781 2560 2009 2597 distentionem
2054 2565 2147 2598 vaso-

1133 2609 1207 2631 rum
1227 2599 1346 2632 cerebri
1372 2600 1660 2644 animadverterit,
1684 2604 1798 2646 plura,
1822 2606 1854 2638 in
1868 2607 1983 2649 quibus
2007 2618 2141 2651 aquam.

1134 2641 1222 2675 Illud
1244 2653 1353 2676 verum
1378 2641 1442 2682 est,
1466 2645 1551 2679 haud
1575 2647 1652 2679 talia
1676 2647 1860 2691 plerumque
1882 2649 1974 2684 fuisse
1997 2662 2033 2684 ea
2063 2652 2143 2686 deli-

1133 2686 1181 2718 ria
1194 2707 1213 2735 ,.
1227 2685 1333 2728 qualia
1356 2686 1530 2722 creduntur
1550 2689 1759 2732 conjunftam
1792 2694 1978 2736 meningum
2009 2694 2143 2730 inflam-

1132 2738 1310 2762 mationem
1353 2728 1469 2763 habere
1501 2756 1508 2763 .
1557 2733 1615 2766 Sed
1663 2742 1767 2768 tamen
1813 2737 1910 2769 etiarn
1954 2739 1989 2771 in
2032 2739 2142 2782 Sepul-

1131 2771 1247 2806 chi-eto
1269 2772 1414 2816 quaedam
1438 2783 1547 2808 extant
1570 2775 1818 2812 Observationes
1864 2782 1877 2818 <
1898 2778 1917 2810 b
1938 2784 1953 2821 )
1997 2782 2031 2812 in
2066 2784 2141 2826 qui-

1131 2816 1189 2849 bus
1209 2827 1284 2849 cum
1308 2817 1354 2849 vel
1381 2828 1521 2851 maXime
1543 2818 1709 2855 credibilis
1732 2820 1804 2855 effet
1828 2843 1839 2860 ‚
1873 2822 1962 2857 nulla
1995 2822 2062 2859 fuit
2086 2837 2142 2860 ve-

1131 2871 1165 2892 ra
1187 2857 1409 2908 inflammatio
1435 2885 1445 2901 ‚
1476 2864 1508 2894 &
1531 2885 1544 2902 ‚
1576 2861 1597 2894 fi
1622 2862 1691 2896 vasa
1714 2863 1848 2899 distenta
1871 2876 1960 2900 erant
1981 2891 1995 2908 ,
2027 2869 2144 2913 aquoso

1132 2903 1175 2935 Θ·
1193 2903 1348 2952 pituitofii
1365 2904 1517 2947 sanguine
1540 2905 1705 2948 turgebant
1727 2931 1736 2939 .
1772 2909 1863 2950 Qin
1899 2909 2035 2945 Williffi
2069 2911 2138 2946 dis-

1132 2945 1284 2995 sestiones
1307 2969 1320 2986 ‚
1366 2950 1397 2980 &
1421 2946 1594 2995 „sententia
1637 2952 1722 2990 (c)
1768 2951 1978 2994 proferuntur
2006 2979 2017 2996 ,
2062 2966 2144 2990 cen-

1132 2991 1227 3022 ieritis
1250 3010 1260 3027 ‚
1289 3000 1310 3038 ‚²¹
1345 3000 1531 3039 menmgurn
1555 2991 1811 3028 inflammatione
1835 2995 2004 3039 soporosos
2026 3000 2135 3041 potius

1132 3031 1262 3081 afleffiis
1285 3031 1420 3073 induci,
1443 3044 1540 3075 quarn
1564 3033 1803 3077 phrenitidem,
1825 3040 1954 3074 cerebro
1983 3042 2135 3076 videlicet

1133 3087 1149 3108 a
1174 3075 1335 3109 restitante
1367 3076 1517 3118 sanguine
1548 3080 1725 3121 compresso
1746 3104 1759 3122 ‚
1792 3092 1847 3117 aut
1891 3083 1914 3117 fi
1959 3085 2017 3118 illa
2087 3085 2139 3119 ost

1131 3118 1351 3162 phrenitidem
1375 3120 1556 3154 inveniatur
1580 3143 1591 3160 ‚
1625 3132 1702 3156 tunc
1726 3125 1863 3160 inveniri
1886 3150 1899 3167 ,
1930 3138 2006 3162 cum
2037 3139 2057 3171 p
2084 3139 2137 3162 re-

1132 3163 1214 3196 nitis
1237 3162 1371 3204 denique
1395 3164 1428 3194 in
1452 3174 1560 3198 carum
1583 3188 1593 3203 ,
1630 3175 1685 3200 aut
1716 3167 1898 3212 lethargum
1921 3179 2044 3204 mutata
2067 3172 2130 3207 est.

1132 3207 1323 3255 Contra-in
1355 3206 1509 3258 plerisque
1541 3220 1646 3243 earum
1681 3210 1954 3246 Observationum
1989 3226 2059 3258 quae
2092 3215 2131 3249 de

1132 3248 1348 3297 phreneticis,
1372 3257 1426 3282 aut
1448 3250 1656 3287 delirantibus
1680 3255 1714 3287 in
1737 3252 1818 3288 hanc
1842 3255 2042 3298 Sepulchreti
2080 3259 2133 3292 Se-

1130 3294 1271 3343 ctionem
1293 3292 1399 3326 relatae
1430 3293 1503 3327 sunt
1525 3319 1538 3336 ‚
1570 3296 1693 3330 videbis
1727 3300 1912 3340 meninguin
1945 3301 2132 3336 inflamma-

1130 3345 1250 3369 tionem
1269 3358 1283 3376 ,
1315 3344 1370 3386 aut
1414 3336 1523 3371 saltem
1567 3350 1675 3374 earum
1718 3339 1863 3375 vasorum
1908 3341 2131 3379 distentionem

1128 3389 1372 3429 commemorari
1394 3402 1406 3419 ,
1435 3384 1579 3423 quamvis
1605 3393 1676 3416 ante
1700 3392 1837 3417 mortem
1860 3385 1973 3430 sopore
1993 3400 2134 3431 occupa-

1129 3424 1157 3455 ti
1181 3434 1245 3456 non
1270 3420 1417 3455 fuissent.
1442 3427 1521 3459 Sunt
1543 3437 1618 3459 vero
1640 3427 1744 3460 Docti
1776 3429 1853 3462 Viri
1883 3432 1941 3472 qui
1977 3431 2131 3467 haetenus

1131 3464 1311 3516 Willifium
1336 3465 1528 3508 sequuntur,
1552 3479 1586 3504 ut
1610 3482 1625 3502 a
1648 3471 1836 3514 meningum
1866 3472 2129 3509 inflammatione

1127 3507 1344 3560 phren-itidem
1366 3519 1431 3543 non
1455 3511 1575 3556 semper
1597 3512 1688 3554 fieri,
1711 3515 1905 3556 agnoscant5
1928 3515 1987 3559 ipfi
2020 3527 2129 3553 autem

1125 3563 1234 3595 negari
1259 3563 1322 3601 non
1346 3551 1450 3600 posse,
1470 3556 1605 3591 credunt
1627 3581 1637 3596 ‚
1658 3557 1843 3598 cerebrum,
1866 3567 1920 3593 aut
1943 3559 2054 3594 saltem
2076 3573 2130 3596 ce-

1125 3595 1209 3630 rebri
1231 3605 1385 3630 corticem
1407 3599 1527 3643 semper
1549 3601 1583 3633 in
1606 3600 1788 3643 phrenitide
1799 3600 2128 3641 eiseinflammatum.

1646 3644 1681 3677 G
1986 3648 2090 3692 Qod

135 3810 758 3842 <a)1.n.2.&4.V.n.2.&4.V1.n.2.

821 3813 836 3842 (
852 3812 866 3838 b
881 3814 949 3843 )'ex.
967 3820 1002 3844 gr·
1023 3820 1059 3843 ¹3·
1079 3822 1112 3846 14-
1131 3819 1167 3842 16.
1187 3815 1261 3845 huius
1276 3817 1384 3848 septimae
1400 3818 1459 3845 So&-

1522 3820 1536 3850 (
1551 3828 1562 3846 c
1577 3819 1591 3850 )
1607 3819 1669 3847 thid.
1688 3821 1749 3848 ΟΜ.
1764 3828 1786 3846 ι.
1803 3828 1860 3849 cum
1876 3822 1957 3852 δεξιοὶ.
