2498 4075
550 185 703 251 Epist.
740 185 903 237 Anat.
934 180 1158 239 'Medica
1192 183 1344 237 XXI.
1384 184 1508 238 Art.
1548 202 1622 250 ¹4·

108 274 232 303 unum,
254 265 286 296 &
312 263 421 304 sitim,
455 264 551 299 febris
582 262 716 305 alicuius
749 261 909 298 indicium
941 265 1040 307 reperi
1076 264 1111 297 in

111 306 227 341 morbo
251 305 347 348 usque
372 307 450 341 adeo
481 308 544 352 jam
578 305 768 349 progresso,
804 317 839 340 ut
872 308 957 341 intra
991 308 1111 350 viginti

109 359 248 393 quatuor
270 349 384 383 exinde
409 350 504 385 horas
528 351 647 386 Virum
670 348 828 384 sustulerit
853 352 959 385 multo
981 351 1111 395 longio-

109 404 142 429 re
165 403 231 427 vita
254 391 489 434 dignissimum.

157 448 205 479 14.
232 436 316 469 Noli
341 439 478 478 mirari,
502 437 523 471 si
548 436 632 470 forte
656 437 779 479 aliquid
801 436 855 471 hic
879 449 895 471 a
928 449 978 471 me
1015 437 1111 471 habes

109 480 207 522 paulo
229 481 323 513 aliter
343 491 439 524 atque
464 483 497 514 in
520 480 586 523 ejus
609 481 691 512 Vita
717 480 882 522 proditum
905 481 969 515 est.
1005 483 1114 514 Fami-

109 525 202 558 liares
225 525 310 556 enirn
332 526 446 566 quibus
470 523 643 563 utebatur,
671 522 816 557 Medicos
838 549 846 565 ,
879 528 912 558 δε
946 524 1115 558 amantiffi-

108 579 194 601 mam
219 576 366 609 praeterea
394 569 562 603 Uxorem,
586 569 617 599 &
642 566 825 600 leetiffimos
860 569 960 601 filios
992 570 1111 602 interea

109 612 209 645 alium
234 610 301 653 post
324 610 423 644 alium
458 611 633 652 epidcrnica
667 609 763 643 febris
798 611 1006 653 prehenderat
1028 635 1040 652 ,
1075 619 1111 644 ut

109 667 182 689 cum
204 655 359 687 extremis
382 654 450 686 illis
475 654 588 687 diebus
612 664 720 686 omnes
744 657 777 686 in
803 654 889 688 lesto
913 653 1030 694 essent,
1065 655 1113 688 sa-

109 701 152 733 tis
176 698 353 733 absolutam
377 699 533 731 notitiam
557 708 668 730 eorum
693 709 763 738 quae
799 697 866 739 ipse
902 709 971 731 tum
1004 698 1072 731 vidi
1100 722 1111 738 ,

110 752 204 785 atque
229 740 462 782 animadverti,
483 742 523 775 ad
553 739 834 775 Generoliffimum
867 745 899 775 &
931 740 1113 775 Eruditiff-

108 798 200 821 mum
223 785 312 818 Vitae
336 785 536 826 scriptorem
561 785 689 817 mittere
713 795 777 816 non
800 786 988 828 potuerint.
1015 788 1053 818 In
1077 796 1115 817 eo

108 841 215 864 rerum
238 827 340 864 statu,
363 830 522 862 continuo
544 826 618 861 dedi
643 838 773 869 operam
788 850 797 865 ,
821 838 857 861 ut
890 828 1012 862 Medici
1036 852 1048 868 ,
1080 831 1113 861 ἃ

107 872 238 917 quidem
262 871 544 913 experientiffimi,
568 871 813 910 advocarentur,
838 870 859 904 si
883 871 968 905 forte
992 873 1032 904 iis
1056 872 1114 903 ali-

108 927 157 950 ter
180 927 214 949 ac
239 915 324 948 mihi
347 914 530 956 videretur,
562 917 594 947 ὅ(
629 915 840 948 meritiffimus
872 926 956 956 aeger
989 915 1111 949 auxilio

106 959 209 994 adhuc
234 959 343 1000 aliquo
367 957 480 991 servari
496 957 617 1002 osset.
632 960 741 1001 Atque
752 960 875 992 utinam
888 957 1111 1001 ipsedeceptus

107 1002 198 1037 essem
214 1027 222 1036 .
245 1001 303 1035 Sed
317 1002 500 1045 aeturnjam
524 1011 589 1034 erat
605 1027 613 1041 ‚
636 1003 808 1044 omniaque
833 1001 948 1044 semper
971 1002 1019 1034 vel
1044 1013 1112 1034 ma-

106 1045 250 1081 nifestius
273 1046 307 1078 in
331 1056 471 1088 praeceps
492 1057 578 1079 ruere
594 1045 798 1088 pergebant,
821 1044 902 1079 facie
924 1044 988 1087 jam
1021 1057 1114 1087 pror-

106 1090 157 1124 sus
181 1088 281 1127 facta,
306 1090 411 1132 qualis
435 1091 467 1122 in
491 1088 640 1122 cadavere
663 1087 720 1122 esse
756 1089 836 1123 solet
859 1113 870 1129 ,
904 1088 1113 1130 respiratione

105 1132 317 1173 difficiliore,
341 1132 443 1175 sputis
468 1132 604 1175 denique
641 1134 777 1166 omnino
811 1131 973 1175 suppressis
998 1157 1006 1164 .
1044 1131 1113 1174 Ipse

106 1186 236 1216 tamen,
261 1188 294 1208 ea
321 1186 386 1209 erat
410 1176 591 1219 deceptoris
615 1176 718 1209 morbi
741 1175 884 1215 indoles,
909 1175 1114 1210 Medicorum

107 1221 203 1254 alteri
227 1218 265 1252 ad
288 1220 450 1262 vesperum
474 1221 647 1260 redeunti,
671 1223 700 1252 ἃ
724 1218 804 1263 quid
829 1228 933 1262 ageret
957 1245 965 1257 ‚
998 1231 1115 1260 rogan-

104 1266 155 1305 ti,
179 1263 292 1297 melius
318 1263 346 1297 se
369 1264 505 1302 habere,
533 1263 714 1305 respondit.
751 1265 796 1297 Et
828 1265 972 1305 quamvis
999 1273 1111 1297 totam

103 1309 231 1342 noetem
254 1307 409 1349 stertore,
433 1311 464 1342 &
488 1319 599 1350 magna
632 1306 770 1349 spirandi
793 1306 984 1341 difficultate
1018 1319 1110 1340 vexa-

103 1361 156 1385 tus
172 1375 184 1392 ,
205 1353 261 1384 vix
285 1351 413 1385 tandem
438 1363 528 1385 mane
554 1352 718 1394 perpaucis
742 1360 813 1383 ante
836 1362 972 1384 mortem
997 1351 1111 1391 horis,

101 1407 176 1430 curn
202 1395 307 1437 pulsus
330 1394 394 1438 jam
418 1394 494 1429 faeti
519 1394 614 1429 essent
646 1394 826 1436 frequentes
848 1418 859 1434 ,
893 1397 925 1427 δε
950 1394 1086 1428 humiles
1107 1415 1117 1431 ,

103 1439 195 1473 suum
219 1437 276 1471 fibi
301 1440 451 1473 morbum
476 1435 677 1480 imposuisse,
703 1439 858 1479 agnovit,
882 1439 1078 1481 ingenueque
1102 1461 1113 1477 ,

102 1484 152 1516 uti
177 1481 324 1523 solebat,
349 1484 392 1516 iis
416 1483 474 1526 qui
501 1482 651 1521 aderant,
675 1480 769 1516 fassus
793 1481 835 1515 est
861 1504 868 1513 .
910 1482 961 1514 Ex
994 1482 1113 1525 quibus

102 1525 171 1559 haec
196 1525 262 1568 ipse
283 1527 448 1569 cognovi:
474 1526 592 1558 etenim
615 1537 654 1558 ex
685 1537 751 1567 quo
782 1524 1000 1560 inevitabilem
1023 1550 1031 1564 ‚
1065 1534 1115 1558 at-

101 1579 163 1612 que
187 1568 266 1604 adeo
289 1569 354 1612 jam
381 1571 564 1611 proximam
587 1569 733 1610 Collegae
755 1568 931 1602 amiciffimi
955 1568 1115 1610 jaeruram

101 1612 268 1655 perspexi,
289 1624 353 1653 prae
379 1613 492 1646 dolore
515 1611 657 1644 interesse
682 1622 744 1644 non
771 1612 869 1654 potui
894 1637 902 1645 .
940 1613 1114 1654 Multoque

101 1658 208 1691 minus
231 1655 392 1690 cadaveris
419 1655 552 1690 sectioni
568 1680 577 1695 ,
601 1653 623 1687 si
640 1654 749 1689 habita
762 1655 858 1695 esset,
877 1654 1091 1690 interfuissem
1106 1669 1115 1687 .-

101 1710 283 1743 quanquam
308 1710 407 1742 neque
431 1697 513 1742 apud
541 1710 613 1740 me,
638 1708 737 1740 neque
763 1698 847 1742 apud
871 1710 923 1732 eos
957 1701 1011 1741 qui
1047 1699 1117 1741 post

99 1754 151 1778 me
175 1742 351 1776 inviserunt
374 1764 383 1779 ‚
416 1742 565 1778 Medicos
601 1742 813 1779 Doffiffimos
847 1742 981 1777 dubium
1015 1741 1080 1777 fuit
1106 1766 1114 1780 ‚

99 1787 177 1830 quin
201 1786 295 1820 illum
321 1786 483 1829 pulmonis
506 1786 724 1820 inflammatio
746 1786 905 1821 sustulerit
929 1795 1023 1819 tanto
1047 1799 1117 1828 per-

99 1828 278 1871 niciosior,
300 1839 425 1873 quanto
449 1831 551 1873 magis
576 1830 737 1870 latenter,
760 1833 793 1863 ὃς
817 1830 942 1864 occulte
966 1830 1115 1872 irrepsit,

98 1883 137 1908 ut
159 1884 233 1908 cum
256 1874 392 1918 denique
414 1872 601 1916 cognoscere
626 1872 743 1915 licuit,
766 1885 876 1908 curare
902 1874 1039 1917 amplius
1050 1885 1114 1907 non

100 1918 249 1952 licuerit.
386 1918 466 1959 Qo
490 1918 596 1960 magis
618 1915 703 1959 signa
727 1915 953 1951 infidiofiffimi
978 1918 1083 1951 morbi
1099 1930 1115 1951 a

98 1960 258 2001 Medicis,
312 1960 544 2004 uotiescunque
568 1960 740 2000 inciderit,
763 1960 946 1995 adnotanda
972 1961 1044 1995 sunt
1067 1961 1122 1995 di-

99 2005 264 2047 ligenter,
285 1973 310 2039 si
333 2002 424 2038 forte
448 2003 580 2046 aliquod
605 2004 789 2038 inveniatur
817 2004 909 2048 quod
932 2013 986 2039 aut
1010 2016 1119 2048 perpe-

101 2057 183 2088 tuo,
208 2057 262 2082 aut
285 2048 426 2082 crebrius
450 2046 562 2081 saltem
585 2046 742 2091 adjungat
766 2047 794 2081 se
819 2048 936 2081 morbo
959 2047 1024 2092 jam
1046 2058 1117 2085 tum

102 2091 232 2135 quando
255 2091 466 2127 occultiffime
491 2092 631 2134 incipit.
657 2092 747 2125 Nam
771 2091 826 2125 etsi
852 2093 908 2125 illa
932 2094 1031 2126 etiam
1044 2104 1115 2134 quae

100 2135 270 2179 postquam
296 2134 428 2178 prorsus
453 2134 663 2168 confirmatus
686 2134 747 2174 est,
773 2136 1002 2175 comitantur,
1026 2134 1113 2170 haud

100 2180 191 2212 omni
215 2187 342 2212 careant
364 2179 513 2212 utilitate
537 2189 600 2211 non
625 2176 727 2210 modo
750 2188 788 2210 ne
811 2178 849 2211 ab
871 2180 948 2219 aegri
974 2178 1088 2212 fiducia
1102 2202 1113 2218 ,

100 2225 134 2256 &
158 2222 284 2263 aliquot
307 2232 371 2257 non
395 2222 490 2256 malis
515 2220 647 2254 indiciis
671 2219 822 2254 fallamur
842 2245 852 2260 ‚
874 2232 982 2254 verum
1014 2223 1114 2255 etiam

100 2275 137 2300 ut
160 2265 276 2304 instans
298 2265 437 2300 exitium
462 2265 695 2307 praedicamus3
727 2272 833 2297 tamen
868 2264 963 2307 longe
978 2267 982 2270 ’
997 2266 1113 2300 utilius

102 2308 144 2342 est
165 2309 266 2342 latens
291 2309 491 2351 periculum,
519 2308 552 2340 ni
575 2308 735 2342 continuo
757 2317 963 2349 occurratur,
996 2307 1113 2351 digno-

102 2351 209 2392 scere,
233 2351 444 2395 morbumque
468 2352 554 2384 inter
576 2352 673 2384 initia
697 2361 885 2393 oppugnare
904 2375 912 2383 .
1051 2351 1111 2386 Sed

101 2395 166 2428 tibi
189 2394 316 2429 fortaffe
342 2398 375 2428 in
400 2404 537 2427 mentem
563 2403 645 2428 nunc
667 2395 787 2427 venerit
822 2393 971 2436 suspicari
994 2417 1006 2434 ‚
1040 2406 1110 2437 quae

101 2450 164 2482 ego
185 2437 272 2480 signa
293 2437 455 2476 desidero,
479 2438 534 2470 illa
558 2437 623 2481 jam
648 2449 664 2469 a
689 2436 907 2479 Sydenhamio
930 2441 944 2477 (
966 2449 997 2470 m
1013 2438 1052 2480 ),
1078 2441 1110 2472 ὃς

100 2481 300 2516 Boerhaavio
330 2485 421 2522 (n)
466 2479 682 2515 animadversa
715 2479 806 2514 fuisse
829 2504 838 2520 ,
881 2483 913 2514 δε
948 2480 1110 2524 proposita

101 2525 157 2559 ubi
182 2526 481 2569 Peripneumoniam
497 2548 506 2564 ,
532 2536 629 2568 quam
654 2523 781 2557 notham
792 2525 924 2566 uterque
934 2527 1106 2565 vocitant,

99 2568 304 2612 descripsere.
439 2570 561 2604 Verum
586 2567 608 2601 si
632 2578 744 2601 eorum
767 2579 839 2609 quae
864 2567 1080 2611 videruntipfi
1096 2593 1105 2607 ‚

100 2615 133 2647 δι’
156 2622 269 2647 eorum
292 2624 363 2656 quae
385 2623 446 2655 ego
469 2615 502 2646 in
537 2611 732 2646 Vallisnerio
767 2610 920 2644 adnotavi
944 2635 957 2653 ,
992 2610 1108 2646 descri-

100 2656 228 2698 ptiones
252 2657 351 2699 paulo
373 2658 528 2690 attentius
551 2654 698 2689 conferas
723 2655 808 2687 inter
832 2654 884 2694 se,
908 2667 947 2688 an
970 2654 1111 2698 ejusdem

100 2697 162 2733 {int
187 2699 317 2741 morbi,
339 2699 543 2735 vehementer
567 2698 753 2734 dubitabis:
777 2710 960 2742 quanquam
984 2710 1041 2732 nec
1066 2700 1112 2734 sa-

101 2743 145 2776 tis
183 2743 233 2778 illi
277 2746 473 2779 conveniunt
518 2746 602 2777 inter
646 2742 676 2775 se
698 2766 707 2774 .
741 2742 832 2775 Nam
864 2743 1112 2785 potulentorum

102 2787 252 2822 omnium
275 2788 461 2829 vomitum,
483 2789 611 2822 urinam
632 2784 819 2826 turbidam,
842 2785 1026 2828 intenseque
1060 2799 1112 2822 ru-

102 2830 254 2870 bentem,
277 2842 293 2865 a
318 2830 389 2865 tuffi
412 2832 530 2874 capitis
553 2830 700 2864 dolorem
723 2837 873 2868 tanturn,
899 2839 933 2863 ut
967 2829 1029 2864 hoc
1063 2833 1112 2864 vi-

102 2872 213 2908 deatur
235 2875 269 2907 in
295 2883 397 2918 partes
421 2875 572 2914 diffilire,
594 2873 741 2906 dolorem
765 2874 844 2906 item
867 2874 973 2906 omnis
998 2874 1114 2909 thora-

103 2918 172 2956 cis,
194 2920 225 2951 δι
258 2918 406 2959 quaedam
443 2919 507 2952 alia
540 2929 611 2961 quae
645 2915 883 2959 Sydenhamius
918 2920 1075 2961 proponit
1100 2943 1114 2960 ,

104 2960 319 2995 Boerhaavius
342 2973 380 2996 ne
401 2970 557 2996 memorat
580 2959 711 3003 quidem
733 2973 742 2993 ε
768 2961 838 2994 imo
868 2961 902 2993 in
934 2963 1024 2995 urina
1056 2964 1114 2997 vix

102 3004 229 3048 aliquid
251 3003 334 3038 unde
356 3005 538 3040 timendum
560 3003 623 3044 sit,
647 3002 781 3046 spe&ari
798 3028 811 3044 ,
834 3003 958 3038 indicat
973 3030 980 3036 .
1021 3007 1113 3039 Con-

106 3056 178 3089 tra,
200 3047 296 3081 docet
319 3049 408 3090 ipse,
431 3048 626 3093 prostratum
648 3046 707 3080 esse
727 3048 792 3090 jam
833 3047 907 3082 inde
943 3048 981 3081 ab
1009 3049 1111 3083 initio

104 3100 235 3127 omnem
258 3090 322 3125 fere
346 3094 443 3128 animi
468 3103 615 3132 motum,
642 3090 817 3132 videlicet,
841 3101 877 3126 ut
901 3093 1017 3127 mentis
1029 3093 1111 3126 Boe-

105 3134 229 3169 rhaavii
253 3135 398 3171 conscius
422 3138 485 3170 Vir
508 3136 745 3170 Celeberrimus
768 3137 1020 3178 interpretatur,
1056 3137 1112 3170 he-

104 3178 293 3213 betudinem
316 3177 372 3213 esse
395 3179 584 3220 insolitam,
608 3179 686 3213 dum
710 3179 809 3213 nullis
833 3179 896 3212 fere
920 3181 1019 3214 animi
1044 3192 1116 3214 mo-

106 3222 194 3256 tibus
211 3222 350 3265 amplius
361 3222 543 3258 afficiuntur
555 3223 632 3256 tales
645 3224 720 3264 aegri
734 3247 746 3264 ‚
767 3223 933 3266 sensusque
944 3234 1090 3257 externos
1101 3248 1115 3265 ,

105 3269 137 3300 δε
150 3268 293 3301 internos
306 3277 429 3310 torpere
442 3279 451 3299 :
474 3267 560 3311 quod
573 3268 605 3299 in
619 3266 836 3309 Sydenhamio
849 3266 960 3301 frustra
971 3279 1092 3310 quaeras
1105 3293 1112 3300 .

107 3311 198 3344 Inter
220 3319 392 3354 utrumque
415 3319 521 3345 autem
542 3309 744 3348 convenit,s1
761 3312 857 3354 paulo
871 3311 1046 3345 habitiores
1059 3335 1067 3349 ‚
1080 3315 1112 3345 &

106 3353 215 3393 craffi,
240 3364 294 3389 aut
316 3353 339 3387 fi
364 3352 535 3397 pituitosi,
558 3353 695 3396 frigidi,
718 3353 891 3388 catarrhosi
927 3355 1114 3398 liquoribus

107 3396 312 3440 spirituosis,
335 3399 403 3431 vini
429 3398 565 3432 maxime
588 3398 740 3440 spiritui,
764 3399 835 3441 plus
858 3411 952 3442 aequo
974 3398 1036 3432 fint
1060 3400 1113 3433 ad-

104 3440 208 3482 dieti,
233 3452 287 3477 aut
312 3441 461 3475 ebrietati
483 3443 516 3474 in
539 3442 654 3483 primis.
675 3442 805 3476 avalide
829 3441 1116 3484 calefacientibus,

106 3495 162 3518 eos
183 3496 248 3528 prae
269 3486 394 3520 caeteris
418 3484 481 3519 hoc
505 3485 619 3518 morbo
641 3487 763 3528 corripi
783 3500 791 3519 ι
827 3498 911 3520 nunc
946 3488 1113 3520 incalesce-

105 3540 160 3571 re,
182 3540 266 3564 nunc
288 3529 427 3573 frigere,
451 3529 502 3563 seu
535 3530 623 3572 vagis
657 3528 963 3574 horripilationibus
994 3531 1077 3565 affici
1103 3544 1113 3564 .-

1163 262 1294 297 anhelos
1316 261 1397 303 effe,
1420 262 1480 296 five
1504 263 1654 306 spiritum
1675 264 1787 297 crebro
1808 275 1844 297 ac
1868 264 2012 298 celeriter
2033 264 2167 299 ducere:

1163 306 1413 349 opppreffionem
1435 308 1576 349 pec‘toris
1590 331 1599 346 ,
1623 306 1684 340 five
1708 308 1897 348 pulmonum
1910 308 2166 341 coarctationem

1162 361 1226 383 non
1250 348 1371 383 deesse.-
1395 361 1449 382 nec
1474 362 1571 384 unum
1587 375 1599 391 ,
1622 360 1675 384 aut
1688 351 1820 384 alterum
1841 363 1912 395 quae
1936 361 2014 383 mox
2037 361 2168 393 perpen-

1162 392 1292 427 demus.
1424 394 1522 426 Nunc
1546 393 1567 427 fi
1592 406 1624 427 ea
1650 395 1681 426 in
1713 393 1830 436 quibus
1863 394 1930 428 duo
1962 391 2012 426 isti
2037 393 2169 431 §Medici

1164 436 1341 479 peritiffimi
1386 445 1455 470 tum
1500 436 1680 480 discrepant
1700 460 1713 477 ,
1755 446 1826 470 tum
1855 437 2054 471 conveniunt
2088 438 2170 470 inter

1163 480 1214 518 se,
1239 491 1313 515 cum
1335 480 1375 512 iis
1397 479 1542 513 conferas
1564 493 1635 523 quae
1659 491 1716 514 nos
1747 479 1966 523 descripsimus
1985 485 2002 521 ,'
2033 479 2169 522 sciasque

1165 533 1339 566 praeterea,
1362 522 1548 556 Vallisnerii
1570 525 1713 558 colorem
1748 525 1912 567 optimum
1937 549 1946 563 ,
1984 522 2171 557 adstrietum

1163 567 1336 606 habitum,
1360 565 1549 601 laudabilem
1571 569 1604 600 in
1628 568 1776 602 ciborum
1798 591 1812 610 ,
1845 568 2079 610 potionumque
2112 566 2170 601 usu

1162 610 1450 649 consuetudinem,
1478 609 1570 643 facile
1594 612 1777 654 intelliges,
1798 620 1954 654 quantum
1980 610 2047 653 ejus
2083 621 2171 643 mor-

1163 655 1220 687 bus
1233 654 1271 686 ab
1282 665 1320 687 eo
1332 653 1458 688 distaret
1471 665 1566 696 quem
1580 654 1629 687 illi
1643 654 1830 697 descripsere
1846 677 1856 688 0
1987 655 2034 686 At
2059 655 2144 686 enim
2160 677 2172 693 ,

1165 699 1313 739 inquies,
1337 697 1592 730 conveniebatin
1616 710 1653 730 eo
1676 697 1763 740 quod
1786 699 1842 731 vix
1865 697 1984 730 caloris
2001 722 2010 737 ,
2035 696 2172 730 febrisve

1165 741 1285 774 indicia
1308 740 1347 774 de
1372 740 1516 783 periculo
1540 751 1728 781 monerent,
1751 740 1841 784 cujus
1866 741 1898 772 in
1923 742 2035 780 urina,
2058 740 2174 782 &pul-

1165 784 1199 818 su
1222 786 1276 817 vix
1301 785 1403 817 ullum
1427 784 1534 817 aderat
1558 784 1767 827 praesagium.
1794 783 2017 818 Conveniebat
2041 784 2171 826 utique:

1165 828 1221 861 etsi
1245 827 1282 860 de
1306 829 1512 870 inexpectato
1535 829 1649 861 mortis
1675 829 1820 871 periculo
1843 826 1925 860 nihil
1951 827 2063 860 habeat
2076 826 2176 867 Syde-

1165 871 1323 911 nhamus,
1344 873 1399 914 qui
1426 881 1574 913 praeterea
1608 871 1726 905 fatetur
1759 871 1920 914 quidems,
1953 871 2040 906 nulla
2074 868 2139 902 fere
2162 892 2176 910 ,

1165 914 1340 956 praesertim
1366 916 1399 947 in
1424 915 1643 948 habitioribus
1668 928 1707 949 eo
1730 915 1845 948 morbo
1871 913 2015 954 affeetis,
2037 911 2095 947 esse
2128 911 2178 946 fe-

1164 959 1230 990 bris
1254 958 1395 998 indicia;
1417 958 1462 992 ibi
1487 968 1593 992 tamen
1616 960 1670 992 ubi
1693 959 1811 1000 docet,
1835 957 2002 1002 quomodo
2015 958 2181 1000 peripneu-

1166 1003 1308 1034 moniam
1352 1000 1434 1036 hanc
1477 1002 1613 1035 notham
1646 1003 1683 1035 ab
1705 1002 1789 1037 ficco
1809 1001 1961 1037 asthmate
1984 1000 2180 1034 internosca-

1166 1056 1259 1084 mus,
1285 1047 1317 1077 in
1343 1046 1421 1085 illa,
1446 1047 1516 1086 ait,
1540 1046 1702 1080 manifesta
1727 1046 1850 1087 febris,
1874 1055 1970 1090 atque
1994 1044 2179 1078 inflamma-

1166 1090 1268 1122 tionis
1292 1087 1376 1130 ligna
1402 1089 1429 1121 se
1453 1089 1609 1131 prodere,
1632 1091 1778 1132 quamvis
1803 1091 1927 1124 minora
1953 1089 2013 1122 sint
2046 1088 2143 1129 longe
2167 1109 2177 1126 ‚

1165 1144 1201 1165 ac
1223 1131 1435 1173 obscuriora,
1457 1144 1552 1175 quam
1575 1133 1607 1164 in
1631 1144 1700 1164 vera
1726 1134 1985 1175 peripneumonia
2000 1156 2007 1162 .
2022 1129 2081 1164 Sed
2105 1130 2178 1170 fac,

1166 1177 1199 1209 in
1224 1174 1274 1209 his
1298 1187 1427 1218 quoque
1452 1185 1623 1217 utrumque
1649 1177 1845 1218 Scriptorem
1871 1179 1955 1209 inter
1979 1175 2007 1208 se
2043 1176 2181 1208 omnino

1164 1220 1358 1258 convenire,
1383 1231 1440 1252 nos
1465 1230 1571 1253 tamen
1596 1217 1681 1262 signa
1715 1218 1883 1261 quaerenda
1926 1217 1984 1252 esse
2000 1242 2012 1259 ‚
2049 1218 2181 1251 diceba-

1164 1274 1258 1303 mus,
1283 1274 1336 1304 per
1360 1275 1456 1305 quae,
1480 1262 1500 1295 si
1526 1264 1612 1296 idem
1634 1264 1689 1305 qui
1726 1262 1876 1296 insidiose
1910 1262 1988 1297 adeo
2019 1262 2183 1295 Vallisne-

1166 1308 1250 1340 rium
1273 1305 1420 1347 sustulit,
1445 1306 1560 1340 rediret
1583 1307 1737 1344 morbus,
1765 1317 1886 1340 mature
1901 1331 1914 1347 ,
1937 1315 1991 1340 aut
2014 1304 2124 1339 saltem
2145 1306 2182 1338 in

1167 1350 1277 1386 medio
1300 1349 1393 1383 cursu
1419 1349 1633 1393 perniciosum
1655 1350 1720 1393 ejus
1744 1352 1866 1384 exitum
1892 1349 2086 1393 praenoscere
2109 1348 2185 1392 pos-

1170 1395 1295 1428 semus:
1319 1393 1407 1436 quod
1431 1406 1506 1428 num
1531 1405 1585 1437 per
1610 1405 1642 1426 ea
1666 1406 1737 1438 qua:
1763 1394 1962 1428 tradiderunt
1986 1392 2062 1433 illi,
2086 1393 2181 1426 nobis

1168 1439 1264 1471 liceat
1286 1460 1295 1475 ,
1329 1438 1393 1479 jam
1429 1437 1502 1472 satis
1537 1436 1625 1471 vides
1647 1463 1653 1471 .
1689 1438 1791 1471 Multi
1815 1439 1899 1470 enim
1926 1437 1997 1471 sunt
2021 1437 2060 1470 ab
2083 1437 2185 1470 initio

1168 1481 1296 1516 fallaces
1319 1482 1446 1521 morbi3
1472 1481 1522 1515 sed
1546 1482 1626 1514 alius
1651 1482 1721 1513 aliis
1746 1480 1951 1523 dignoscitur
1975 1482 2081 1514 notis.
2107 1481 2185 1521 Sic,

1168 1537 1205 1558 ne
1228 1537 1245 1559 a
1269 1525 1458 1567 pulmonum
1482 1525 1738 1559 inflammatione
1764 1523 1965 1562 recedamus,
1992 1535 2088 1566 quarn
2122 1523 2185 1556 fal-

1169 1570 1230 1602 laci
1256 1569 1357 1611 specie
1382 1570 1558 1612 inciperet,
1582 1580 1678 1611 quam
1701 1568 1875 1601 exitiosum
1909 1569 1942 1600 in
1976 1566 2071 1600 finem
2107 1566 2186 1601 desi-

1167 1622 1255 1646 neret
1281 1613 1335 1645 illa
1359 1625 1430 1655 quae
1455 1624 1470 1644 a
1499 1613 1603 1645 Draecl.
1636 1613 1690 1656 Jo.
1725 1612 1871 1645 Gesnero
1904 1615 1916 1650 (
1940 1623 1956 1644 o
1979 1614 1992 1650 )
2027 1611 2188 1654 descripta

1170 1656 1235 1696 est,
1258 1655 1367 1689 videre
1391 1657 1535 1698 poteris.
1562 1658 1600 1688 In
1625 1667 1657 1688 ea
1682 1666 1811 1699 quoque
1836 1655 1965 1698 pulsus,
1989 1657 2020 1688 &
2056 1656 2149 1689 urina
2174 1678 2187 1695 ,

1170 1700 1319 1743 signaque
1344 1700 1402 1731 alia
1428 1699 1584 1732 nonnulla
1608 1699 1646 1732 ad
1672 1698 1805 1740 speciem
1841 1708 1930 1732 erant
1966 1709 2031 1732 non
2067 1699 2150 1732 mala
2177 1723 2184 1730 .

1172 1742 1230 1777 Sed
1255 1742 1374 1776 horum
1398 1742 1560 1776 fallaciam
1588 1755 1656 1784 qnae
1681 1742 1755 1775 satis
1779 1741 1977 1777 ostenderent
2000 1766 2012 1783 ,
2048 1743 2189 1786 peculia-

1170 1789 1215 1819 ria
1240 1786 1363 1820 indicia
1387 1798 1451 1819 non
1476 1787 1624 1820 deerant.
1651 1786 1750 1824 Quod
1787 1786 1809 1820 {i
1845 1787 1951 1820 morbi
1985 1787 2041 1830 qui
2077 1785 2188 1820 Wilh.

1168 1831 1272 1864 Huld.
1303 1829 1596 1863 Waldsclimidium
1623 1829 1690 1871 post
1712 1830 1795 1863 leves
1820 1830 1980 1863 molestias
2003 1831 2123 1872 aliquas
2134 1842 2187 1864 ca—

1169 1874 1326 1907 tarrhales
1351 1873 1488 1907 Medicae
1515 1874 1717 1915 Reipublicae
1742 1874 1919 1916 improviso
1943 1875 2096 1916 surripuit
2122 1879 2187 1916 (p)

1168 1917 1280 1951 eodem
1304 1916 1367 1950 fere
1390 1926 1536 1960 tempore
1560 1929 1625 1960 quo
1649 1916 1904 1958 Vallisnerium,
1928 1917 1978 1951 sed
2001 1928 2087 1951 anno
2104 1918 2188 1951 inse-

1172 1962 1308 2006 quenti,
1333 1971 1398 1993 non
1422 1962 1536 2003 ignota
1560 1961 1653 1993 nobis
1676 1957 1749 2007 esset
1772 1960 1949 2003 descriptio
1975 1974 1985 2001 5
2018 1961 2104 2005 signa
2127 1963 2187 1995 alia

1171 2017 1269 2047 quam
1303 2005 1337 2036 in
1369 2002 1432 2037 hoc
1466 2004 1604 2039 vidimus
1627 2028 1636 2044 ,
1669 2004 1762 2038 sacile
1797 2004 1943 2048 qucedam
1977 2007 2151 2048 legeremus
2177 2031 2188 2038 ,

1171 2050 1252 2082 Erat
1277 2048 1362 2080 enim
1389 2048 1543 2089 morbus,
1568 2048 1645 2090 aegri
1670 2059 1796 2091 quoque
1823 2048 1973 2092 judicio,
1997 2053 2029 2083 &
2064 2049 2150 2085 sensu
2174 2074 2187 2091 ,

1169 2091 1248 2125 levis
1274 2090 1376 2132 adeo,
1398 2100 1434 2125 ut
1459 2092 1592 2126 invisere
1617 2101 1807 2131 aegrotantes
1829 2091 1901 2127 suos
1936 2094 1975 2127 ad
2006 2102 2188 2128 extremum

1168 2135 1266 2178 usque
1290 2134 1376 2168 diem
1400 2138 1598 2179 perrexerit:
1623 2147 1689 2178 quo
1714 2135 1786 2178 ipso
1809 2135 1862 2170 die
1885 2148 1960 2171 cum
1985 2136 2060 2172 satis
2085 2139 2187 2172 alacer

1167 2176 1346 2212 surrexisset
1367 2202 1381 2219 ,
1415 2191 1492 2213 mox
1535 2180 1577 2213 ob
1621 2191 1771 2222 magnum
1799 2181 1946 2222 virium,
1969 2180 2007 2215 ad
2031 2181 2065 2216 id
2088 2182 2187 2226 usque

1166 2222 1322 2266 temporis
1346 2233 1402 2256 nec
1426 2223 1465 2256 ab
1487 2235 1526 2256 eo
1550 2233 1757 2265 perceptum,
1783 2235 1840 2258 nec
1864 2225 1904 2258 ab
1917 2225 2100 2260 domesticis
2117 2227 2186 2260 ani-

1166 2265 1367 2298 madversum
1391 2289 1404 2306 ,
1435 2267 1621 2309 languorem
1666 2266 1855 2301 decumbere
1900 2270 2030 2304 coat‘sus
2064 2295 2073 2311 ‚
2119 2282 2184 2305 non

1166 2308 1279 2342 multis
1324 2307 1546 2356 post-horis,
1581 2308 1718 2343 Medicis
1752 2312 1890 2353 periculi
1924 2314 2182 2356 magnitudinem

1165 2351 1279 2386 frustra
1304 2354 1569 2394 agnoscentibus,
1593 2354 1701 2387 vivere
1725 2354 1841 2389 desiit.‘
1984 2357 2075 2392 Mihi
2109 2370 2185 2393 vero

1162 2395 1203 2428 de
1227 2395 1343 2438 lignis,
1368 2408 1422 2439 per
1444 2409 1514 2440 quae
1538 2397 1726 2431 Vallisnerii
1750 2399 1900 2441 morbus,
1924 2410 1978 2435 aut
2002 2401 2070 2445 ejus
2093 2402 2183 2437 simi-

1165 2439 1230 2472 lior
1254 2440 1334 2473 alius
1360 2439 1459 2481 posset
1484 2439 1614 2474 fortasse
1636 2442 1721 2474 inter
1744 2443 1839 2476 initia
1864 2444 2032 2487 dignosci,
2057 2447 2184 2489 potiffi-

1165 2494 1258 2516 mum
1279 2484 1467 2524 cogitanti3
1490 2495 1528 2516 ex
1551 2485 1592 2516 iis
1617 2496 1686 2526 quae
1711 2484 1762 2518 die
1785 2497 1904 2528 quarto
1927 2490 1962 2521 in
1986 2489 2059 2532 ipso
2082 2490 2182 2524 adno-

1165 2527 1258 2566 tavi,
1282 2527 1350 2558 imo
1374 2527 1423 2559 vel
1448 2526 1499 2560 die
1523 2526 1660 2560 secundo
1686 2527 1875 2565 adnotatum
1898 2530 1990 2565 fuisse
2012 2557 2025 2574 ‚
2072 2534 2142 2568 dixi
2167 2560 2180 2576 ‚

1159 2569 1245 2603 illud
1260 2592 1270 2607 ‚
1294 2570 1433 2612 exempli
1457 2570 1570 2610 causa,
1594 2572 1716 2614 inquiri
1742 2572 1826 2615 posse
1850 2573 2000 2615 videtur,
2025 2589 2062 2611 an
2085 2578 2181 2622 siquis

1160 2624 1233 2646 cum
1256 2616 1379 2647 caeteris
1401 2614 1588 2648 catarrhalis
1611 2613 1708 2649 febris
1732 2617 1863 2651 indiciis
1888 2620 1993 2661 pulsus
2028 2633 2092 2655 non
2125 2622 2182 2656 ha.

1165 2657 1238 2690 beat
1282 2657 1352 2699 plus
1373 2680 1386 2697 ,
1417 2658 1560 2692 minusve
1583 2657 1788 2702 frequentes,
1813 2661 1863 2696 sed
1890 2665 2024 2699 rariores
2070 2668 2180 2709 potius

1163 2712 1262 2744 quam
1284 2699 1375 2734 sanus
1399 2701 1512 2735 habere
1534 2701 1729 2744 consuesset,
1752 2716 1814 2746 an,
1838 2707 1996 2749 inquam,
2020 2710 2052 2742 in
2086 2722 2124 2744 eo
2150 2711 2179 2744 se

1164 2755 1241 2778 mox
1264 2743 1380 2786 prodat
1403 2744 1559 2788 ejusmodi
1583 2746 1804 2782 inflammatio
1828 2750 2008 2791 pulmonis.
2033 2753 2091 2787 Est
2112 2766 2179 2787 cer-

1165 2797 1198 2821 te
1222 2788 1495 2822 animadversione
1520 2790 1680 2832 dignum,
1702 2793 1753 2824 vel
1779 2792 1946 2836 postquam
1970 2794 2040 2829 haec
2062 2796 2180 2841 sepro-

1165 2832 1292 2865 diderat
1308 2856 1320 2873 ,
1344 2833 1451 2875 pulsus
1475 2843 1546 2866 tum
1569 2834 1665 2866 etiam
1689 2833 1783 2869 fuisse
1809 2839 1944 2871 rariores
1968 2862 1976 2869 .
2011 2840 2087 2874 Huc
2122 2841 2180 2875 ad-

1165 2875 1203 2909 de
1218 2899 1227 2914 ,
1252 2877 1285 2909 in
1309 2888 1347 2909 eo
1369 2889 1496 2920 quoque
1520 2875 1718 2910 Suffocativo
1729 2879 1912 2918 Catari-rho,
1935 2893 2030 2925 quem
2044 2883 2180 2918 Schnei-

1167 2919 1259 2953 derus
1282 2923 1295 2959 (
1318 2932 1336 2962 q
1360 2924 1400 2960 ),
1425 2932 1460 2953 ac
1482 2921 1700 2955 Ettmullerus
1726 2927 1736 2962 (
1762 2935 1781 2957 r
1800 2928 1810 2963 )
1837 2923 2021 2959 describunt
2036 2950 2049 2968 ,
2071 2939 2178 2963 rarum

1167 2964 1295 3006 pulsum
1318 2965 1401 3010 inter
1424 2963 1510 3005 signa
1526 2967 1693 3013 proponi:
1719 2967 1777 3010 qui
1801 2968 1965 3003 catarrhus
1978 2971 2058 3011 etfi,
2079 2979 2114 3005 ut
2126 2974 2177 3006 vel

1165 3017 1287 3040 caeterae
1312 3018 1378 3048 ejus
1403 3017 1489 3040 notae
1514 3007 1712 3050 monstrant,
1736 3021 1799 3043 non
1822 3011 1864 3045 est
1886 3024 1958 3046 cum
1992 3025 2029 3047 eo
2062 3017 2178 3051 morbo

1163 3062 1257 3093 quem
1282 3062 1340 3083 nos
1363 3050 1606 3093 descripsimus,
1630 3053 1897 3096 confundendus;
1920 3067 2028 3091 tamen
2038 3058 2179 3094 abutro-

1164 3106 1227 3137 que
1250 3095 1395 3128 Auctore
1420 3094 1487 3128 fieri
1511 3095 1633 3130 dicitur
1653 3120 1666 3137 ,
1695 3108 1769 3131 cum
1806 3098 1932 3142 sanguis
1953 3125 1967 3142 ,
2001 3102 2176 3144 praesertim

1166 3136 1364 3186 pituitosus,
1389 3137 1439 3172 seu
1462 3138 1638 3181 viscidior,
1661 3150 1715 3175 aut
1737 3153 1925 3186 quacunque
1950 3148 2074 3179 ratione
2097 3147 2178 3188 spis-

1167 3184 1230 3215 sior
1254 3180 1422 3231 redditus,
1442 3182 1477 3215 in
1500 3184 1707 3225 pulmonibus
1731 3185 2023 3222 subsistit.Verum
2047 3190 2083 3223 tu
2107 3189 2176 3224 haec

1166 3227 1303 3264 melius,
1328 3225 1392 3268 ipse
1414 3227 1498 3259 enim
1522 3226 1606 3261 nihil
1629 3228 1733 3263 adhuc
1755 3228 1875 3269 definio
1901 3257 1908 3263 .
1940 3232 2016 3264 Hoc
2049 3241 2176 3268 tantum

1165 3269 1264 3309 dico,
1288 3280 1348 3312 pro
1370 3271 1456 3303 varia
1479 3269 1663 3313 sanguinis,
1686 3275 1719 3305 δε
1742 3284 1940 3315 corporum,
1962 3275 2175 3317 pulmonum-

1165 3324 1228 3357 que
1250 3315 1283 3345 in
1307 3313 1419 3354 primis
1441 3312 1669 3356 dispositione,
1695 3318 1844 3359 varioque
1868 3316 1968 3351 modo
1990 3330 2056 3361 quo
2079 3322 2112 3355 in
2124 3321 2176 3356 his

1164 3359 1254 3390 illius
1276 3357 1440 3398 congestio
1464 3360 1603 3395 accidit,
1627 3360 1691 3392 veri
1715 3359 1815 3393 simile
1838 3360 1895 3394 esse
1911 3384 1920 3399 ‚
1941 3363 2175 3407 variarisigna;

1165 3410 1202 3436 ut
1227 3399 1326 3433 modo
1350 3402 1510 3444 praecipua
1535 3404 1668 3443 omnia,
1692 3413 1745 3437 aut
1767 3404 1915 3447 pleraque
1938 3405 2175 3442 inflammatio-

1165 3447 1216 3478 nis
1241 3443 1362 3477 indicia
1386 3455 1583 3487 occurrant,
1602 3446 1699 3489 idque
1723 3448 1971 3490 utplurimum,
1993 3450 2092 3485 modo
2104 3454 2176 3487 nul-

1167 3490 1197 3522 la
1222 3487 1320 3521 ferme
1344 3488 1475 3522 illorum
1490 3515 1499 3530 ,
1523 3499 1576 3524 aut
1599 3491 1697 3523 etiam
1721 3494 1901 3531 contraria,
1927 3501 1964 3526 ut
1995 3504 2067 3527 cum
2100 3497 2176 3539 pul-

1167 3533 1217 3567 sus
1243 3542 1330 3565 rarus
1353 3531 1420 3570 est,
1441 3532 1579 3576 denique
1602 3534 1688 3568 nulla
1711 3535 1897 3577 interdum,
1921 3535 1973 3569 sed
2009 3539 2101 3580 pulsu
2125 3548 2175 3574 ta-

2059 3594 2131 3617 men

113 3668 2171 3686 ———————-——-—————-—-—————-=————————.——-.—.-q-—-—-

167 3748 182 3777 ι
197 3753 222 3776 m
238 3750 252 3779 )
268 3748 327 3773 ost.
342 3748 409 3773 enea
424 3732 510 3782 Moru
524 3749 595 3774 am.
612 3748 672 3773 nist.
690 3750 712 3774 s.
730 3753 755 3774 ⁶.
772 3757 796 3775 c.
812 3762 837 3782 4.

169 3779 184 3807 (
198 3788 212 3803 o
228 3780 241 3808 )
259 3782 396 3805 commerc.
414 3781 499 3804 Later.
516 3781 545 3806 Α.
561 3788 625 3810 ¹74³-
642 3780 721 3806 Hebd.
737 3783 761 3806 8.
778 3790 804 3808 n.
822 3793 843 3809 ι.

899 3750 949 3813 (ὁ

170 3810 230 3840 (J)
246 3813 317 3836 Prax.
334 3814 352 3837 l.
372 3820 391 3837 ι.
410 3812 435 3836 S.
456 3818 493 3840 14.
509 3817 530 3836 e.
549 3819 571 3841 3.
588 3816 635 3836 art.
651 3821 676 3842 4.

962 3751 971 3780 )
989 3752 1082 3782 Aphor.
1099 3752 1128 3776 de
1146 3757 1217 3780 cogn.
1234 3749 1257 3774 ἃ
1272 3759 1324 3779 cur.
1346 3754 1432 3778 Morb.
1451 3755 1474 3785 §.
1492 3758 1547 3787 867.
1568 3758 1589 3780 8(
1607 3756 1671 3787 seqq.

966 3785 973 3814 )
991 3784 1050 3808 Eoi.
1069 3785 1210 3809 Commerc.
1227 3783 1256 3808 A.
1274 3793 1343 3815 1731.
1359 3785 1466 3814 specim.
1484 3796 1521 3818 25.
1539 3795 1562 3811 n.
1580 3795 1600 3810 2.

1667 3788 1675 3820 (
1693 3797 1708 3819 q
1724 3790 1736 3819 )
1754 3790 1789 3813 De
1806 3790 1917 3814 Catarrh.
1934 3791 2099 3822 &e.l.5.S.2.
2115 3798 2136 3814 ε,
2148 3798 2172 3819 4·
