<?xml version="1.0" encoding="UTF-8"?>
<!DOCTYPE html PUBLIC "-//W3C//DTD XHTML 1.0 Transitional//EN"
    "http://www.w3.org/TR/xhtml1/DTD/xhtml1-transitional.dtd">
<html xmlns="http://www.w3.org/1999/xhtml" xml:lang="en" lang="en">
 <head>
  <title>
</title>
<meta http-equiv="Content-Type" content="text/html;charset=utf-8" />
  <meta name='ocr-system' content='tesseract 3.04.00' />
  <meta name='ocr-capabilities' content='ocr_page ocr_carea ocr_par ocr_line ocrx_word'/>
</head>
<body>
  <div class='ocr_page' id='page_1' title='image "./desedibusetcausi00morg_0721.png"; bbox 0 0 2498 4075; ppageno 0'>
   <div class='ocr_carea' id='block_1_1' title="bbox 1965 242 2052 291">
    <p class='ocr_par' dir='ltr' id='par_1_1' title="bbox 1965 242 2052 291">
     <span class='ocr_line' id='line_1_1' title="bbox 1965 242 2052 291; baseline -0.034 -11"><span class='ocrx_word' id='word_1_1' title='bbox 1965 242 2052 291; x_wconf 85' lang='lat'>321</span> 
     </span>
    </p>
   </div>
   <div class='ocr_carea' id='block_1_2' title="bbox 94 366 2078 441">
    <p class='ocr_par' dir='ltr' id='par_1_2' title="bbox 94 366 2078 441">
     <span class='ocr_line' id='line_1_2' title="bbox 94 366 2078 441; baseline -0.006 -4"><span class='ocrx_word' id='word_1_2' title='bbox 94 368 623 441; x_wconf 88' lang='lat' dir='ltr'><strong>EPISTOLA</strong></span> <span class='ocrx_word' id='word_1_3' title='bbox 680 366 1834 439; x_wconf 83' lang='lat' dir='ltr'>ANATOMICo-MEDICA</span> <span class='ocrx_word' id='word_1_4' title='bbox 1880 368 2078 431; x_wconf 43' lang='lat' dir='ltr'><strong>LIV*</strong></span> 
     </span>
    </p>
   </div>
   <div class='ocr_carea' id='block_1_3' title="bbox 257 486 1921 632">
    <p class='ocr_par' dir='ltr' id='par_1_3' title="bbox 257 486 1921 632">
     <span class='ocr_line' id='line_1_3' title="bbox 257 486 1921 632; baseline -0.005 -67"><span class='ocrx_word' id='word_1_5' title='bbox 257 513 455 580; x_wconf 82' lang='lat' dir='ltr'>Agitur</span> <span class='ocrx_word' id='word_1_6' title='bbox 488 511 554 563; x_wconf 81' lang='lat' dir='ltr'>de</span> <span class='ocrx_word' id='word_1_7' title='bbox 590 511 1046 632; x_wconf 49' lang='lat' dir='ltr'>viiii-ieriims&amp;a}x</span> <span class='ocrx_word' id='word_1_8' title='bbox 1061 509 1255 627; x_wconf 42' lang='lat' dir='ltr'>ttctibrigs</span> <span class='ocrx_word' id='word_1_9' title='bbox 1291 486 1528 568; x_wconf 71' lang='lat' dir='ltr'>ventris,</span> <span class='ocrx_word' id='word_1_10' title='bbox 1560 504 1921 565; x_wconf 59' lang='lat' dir='ltr'>nimborum,</span> 
     </span>
     <span class='ocr_line' id='line_1_4' title="bbox 1055 592 1269 630; baseline -0.014 0"><span class='ocrx_word' id='word_1_11' title='bbox 1055 593 1081 630; x_wconf 81' lang='grc' dir='ltr'><strong>Υ</strong></span> <span class='ocrx_word' id='word_1_12' title='bbox 1107 592 1177 628; x_wconf 85' lang='lat' dir='ltr'>uu</span> <span class='ocrx_word' id='word_1_13' title='bbox 1254 613 1269 627; x_wconf 72' lang='lat'>0</span> 
     </span>
    </p>
   </div>
   <div class='ocr_carea' id='block_1_4' title="bbox 59 704 1078 3745">
    <p class='ocr_par' dir='ltr' id='par_1_4' title="bbox 70 704 1066 793">
     <span class='ocr_line' id='line_1_5' title="bbox 161 704 1065 749; baseline 0 -10"><span class='ocrx_word' id='word_1_14' title='bbox 161 705 368 742; x_wconf 81' lang='lat' dir='ltr'>ECTORIS</span> <span class='ocrx_word' id='word_1_15' title='bbox 391 728 400 745; x_wconf 88' lang='lat'>,</span> <span class='ocrx_word' id='word_1_16' title='bbox 432 709 461 739; x_wconf 84' lang='lat'><strong>&amp;</strong></span> <span class='ocrx_word' id='word_1_17' title='bbox 485 704 581 739; x_wconf 83' lang='lat' dir='ltr'>Dorfi</span> <span class='ocrx_word' id='word_1_18' title='bbox 605 708 808 742; x_wconf 83' lang='lat' dir='ltr'>Vulneribus</span> <span class='ocrx_word' id='word_1_19' title='bbox 833 733 843 748; x_wconf 96' lang='lat'>,</span> <span class='ocrx_word' id='word_1_20' title='bbox 879 705 1065 749; x_wconf 65' lang='lat' dir='ltr'>letibusque</span> 
     </span>
     <span class='ocr_line' id='line_1_6' title="bbox 70 749 1066 793; baseline 0.003 -11"><span class='ocrx_word' id='word_1_21' title='bbox 70 751 73 755; x_wconf 91' lang='lat'>&#39;</span> <span class='ocrx_word' id='word_1_22' title='bbox 172 750 364 793; x_wconf 85' lang='lat' dir='ltr'>propositis,</span> <span class='ocrx_word' id='word_1_23' title='bbox 388 750 573 792; x_wconf 86' lang='lat' dir='ltr'>proximum</span> <span class='ocrx_word' id='word_1_24' title='bbox 596 750 638 783; x_wconf 90' lang='lat' dir='ltr'>est</span> <span class='ocrx_word' id='word_1_25' title='bbox 660 761 696 786; x_wconf 90' lang='lat' dir='ltr'>ut</span> <span class='ocrx_word' id='word_1_26' title='bbox 720 762 790 793; x_wconf 73' lang='lat' dir='ltr'>quae</span> <span class='ocrx_word' id='word_1_27' title='bbox 813 749 853 785; x_wconf 88' lang='lat' dir='ltr'>ad</span> <span class='ocrx_word' id='word_1_28' title='bbox 884 751 1066 785; x_wconf 79' lang='lat' dir='ltr'>ventrem,</span> 
     </span>
    </p>

    <p class='ocr_par' dir='ltr' id='par_1_5' title="bbox 59 793 1063 966">
     <span class='ocr_line' id='line_1_7' title="bbox 173 793 1062 837; baseline -0.003 -10"><span class='ocrx_word' id='word_1_29' title='bbox 173 794 380 836; x_wconf 87' lang='lat' dir='ltr'>Lumbosque</span> <span class='ocrx_word' id='word_1_30' title='bbox 413 794 574 833; x_wconf 83' lang='lat' dir='ltr'>attinent,</span> <span class='ocrx_word' id='word_1_31' title='bbox 599 804 838 837; x_wconf 83' lang='lat' dir='ltr'>proponamus,</span> <span class='ocrx_word' id='word_1_32' title='bbox 863 793 1002 832; x_wconf 87' lang='lat' dir='ltr'>additis;</span> <span class='ocrx_word' id='word_1_33' title='bbox 1023 803 1062 825; x_wconf 87' lang='lat' dir='ltr'>ne</span> 
     </span>
     <span class='ocr_line' id='line_1_8' title="bbox 59 834 1062 880; baseline -0.001 -11"><span class='ocrx_word' id='word_1_34' title='bbox 59 845 175 880; x_wconf 83' lang='lat' dir='ltr'>praeter</span> <span class='ocrx_word' id='word_1_35' title='bbox 199 837 287 876; x_wconf 72' lang='lat' dir='ltr'>haec,</span> <span class='ocrx_word' id='word_1_36' title='bbox 309 838 371 870; x_wconf 85' lang='lat' dir='ltr'>alia</span> <span class='ocrx_word' id='word_1_37' title='bbox 404 834 582 878; x_wconf 88' lang='lat' dir='ltr'>supersint;</span> <span class='ocrx_word' id='word_1_38' title='bbox 605 838 645 870; x_wconf 91' lang='lat' dir='ltr'>iis</span> <span class='ocrx_word' id='word_1_39' title='bbox 668 839 765 870; x_wconf 89' lang='lat' dir='ltr'>etiam</span> <span class='ocrx_word' id='word_1_40' title='bbox 798 848 870 879; x_wconf 83' lang='lat' dir='ltr'>quae</span> <span class='ocrx_word' id='word_1_41' title='bbox 894 836 931 871; x_wconf 88' lang='lat' dir='ltr'>ad</span> <span class='ocrx_word' id='word_1_42' title='bbox 963 838 1062 869; x_wconf 83' lang='lat' dir='ltr'>Attus</span> 
     </span>
     <span class='ocr_line' id='line_1_9' title="bbox 60 878 1063 924; baseline -0.001 -11"><span class='ocrx_word' id='word_1_43' title='bbox 60 880 207 924; x_wconf 65' lang='lat' dir='ltr'>spectant</span> <span class='ocrx_word' id='word_1_44' title='bbox 231 890 303 913; x_wconf 92' lang='lat' dir='ltr'>tum</span> <span class='ocrx_word' id='word_1_45' title='bbox 327 880 535 922; x_wconf 85' lang='lat' dir='ltr'>Superiores,</span> <span class='ocrx_word' id='word_1_46' title='bbox 560 889 630 913; x_wconf 91' lang='lat' dir='ltr'>tum</span> <span class='ocrx_word' id='word_1_47' title='bbox 642 878 835 914; x_wconf 88' lang='lat' dir='ltr'>Inferiores.</span> <span class='ocrx_word' id='word_1_48' title='bbox 860 881 912 913; x_wconf 86' lang='lat' dir='ltr'>Ex</span> <span class='ocrx_word' id='word_1_49' title='bbox 934 879 1063 913; x_wconf 77' lang='lat' dir='ltr'>valsal-</span> 
     </span>
     <span class='ocr_line' id='line_1_10' title="bbox 60 922 901 966; baseline -0.005 -8"><span class='ocrx_word' id='word_1_50' title='bbox 60 934 100 958; x_wconf 87' lang='lat' dir='ltr'>va</span> <span class='ocrx_word' id='word_1_51' title='bbox 124 924 228 966; x_wconf 85' lang='lat' dir='ltr'>igitur</span> <span class='ocrx_word' id='word_1_52' title='bbox 251 924 305 957; x_wconf 87' lang='lat' dir='ltr'>has</span> <span class='ocrx_word' id='word_1_53' title='bbox 329 927 469 965; x_wconf 88' lang='lat' dir='ltr'>primum</span> <span class='ocrx_word' id='word_1_54' title='bbox 493 923 601 964; x_wconf 82' lang='lat' dir='ltr'>accipe</span> <span class='ocrx_word' id='word_1_55' title='bbox 625 922 901 956; x_wconf 83' lang='lat' dir='ltr'>Observationes.</span> 
     </span>
    </p>

    <p class='ocr_par' dir='ltr' id='par_1_6' title="bbox 60 966 1075 1831">
     <span class='ocr_line' id='line_1_11' title="bbox 106 966 1062 1009; baseline 0.001 -11"><span class='ocrx_word' id='word_1_56' title='bbox 106 977 135 998; x_wconf 86' lang='lat'>2.</span> <span class='ocrx_word' id='word_1_57' title='bbox 156 966 361 1009; x_wconf 83' lang='lat' dir='ltr'>JUVENIS</span> <span class='ocrx_word' id='word_1_58' title='bbox 384 967 526 999; x_wconf 88' lang='lat' dir='ltr'>duorum</span> <span class='ocrx_word' id='word_1_59' title='bbox 549 968 579 998; x_wconf 89' lang='lat'>&amp;</span> <span class='ocrx_word' id='word_1_60' title='bbox 602 967 723 1008; x_wconf 89' lang='lat' dir='ltr'>viginti</span> <span class='ocrx_word' id='word_1_61' title='bbox 747 978 904 1000; x_wconf 86' lang='lat' dir='ltr'>annorum</span> <span class='ocrx_word' id='word_1_62' title='bbox 928 978 944 1000; x_wconf 84' lang='lat' dir='ltr'>a</span> <span class='ocrx_word' id='word_1_63' title='bbox 968 976 1062 999; x_wconf 86' lang='lat' dir='ltr'>vacca</span> 
     </span>
     <span class='ocr_line' id='line_1_12' title="bbox 60 1009 1061 1052; baseline -0.001 -10"><span class='ocrx_word' id='word_1_64' title='bbox 60 1009 258 1051; x_wconf 84' lang='lat' dir='ltr'>impetitur,</span> <span class='ocrx_word' id='word_1_65' title='bbox 280 1011 312 1042; x_wconf 76' lang='grc' dir='ltr'>δι</span> <span class='ocrx_word' id='word_1_66' title='bbox 334 1020 435 1043; x_wconf 91' lang='lat' dir='ltr'>cornu</span> <span class='ocrx_word' id='word_1_67' title='bbox 458 1010 543 1043; x_wconf 86' lang='lat' dir='ltr'>circa</span> <span class='ocrx_word' id='word_1_68' title='bbox 565 1009 701 1043; x_wconf 86' lang='lat' dir='ltr'>alterum</span> <span class='ocrx_word' id='word_1_69' title='bbox 724 1010 845 1052; x_wconf 81' lang='lat' dir='ltr'>inguen</span> <span class='ocrx_word' id='word_1_70' title='bbox 868 1010 1029 1044; x_wconf 86' lang='lat' dir='ltr'>sauciatur</span> <span class='ocrx_word' id='word_1_71' title='bbox 1053 1033 1061 1042; x_wconf 91' lang='lat'><em>.</em></span> 
     </span>
     <span class='ocr_line' id='line_1_13' title="bbox 61 1052 1064 1096; baseline -0.002 -10"><span class='ocrx_word' id='word_1_72' title='bbox 61 1053 260 1086; x_wconf 71' lang='lat' dir='ltr'>febricitat:</span> <span class='ocrx_word' id='word_1_73' title='bbox 284 1053 459 1095; x_wconf 86' lang='lat' dir='ltr'>sensimque</span> <span class='ocrx_word' id='word_1_74' title='bbox 483 1052 603 1090; x_wconf 89' lang='lat' dir='ltr'>facies,</span> <span class='ocrx_word' id='word_1_75' title='bbox 624 1054 656 1086; x_wconf 73' lang='grc' dir='ltr'>δε</span> <span class='ocrx_word' id='word_1_76' title='bbox 680 1053 839 1096; x_wconf 88' lang='lat' dir='ltr'>reliquum</span> <span class='ocrx_word' id='word_1_77' title='bbox 861 1056 978 1095; x_wconf 75' lang='lat' dir='ltr'>corpus</span> <span class='ocrx_word' id='word_1_78' title='bbox 1010 1057 1064 1085; x_wconf 61' lang='lat' dir='ltr'>tu*-</span> 
     </span>
     <span class='ocr_line' id='line_1_14' title="bbox 61 1096 1066 1139; baseline -0.002 -10"><span class='ocrx_word' id='word_1_79' title='bbox 61 1106 148 1130; x_wconf 85' lang='lat' dir='ltr'>mere</span> <span class='ocrx_word' id='word_1_80' title='bbox 171 1096 355 1139; x_wconf 87' lang='lat' dir='ltr'>incipiunt,</span> <span class='ocrx_word' id='word_1_81' title='bbox 377 1106 505 1130; x_wconf 87' lang='lat' dir='ltr'>tumore</span> <span class='ocrx_word' id='word_1_82' title='bbox 528 1105 634 1129; x_wconf 86' lang='lat' dir='ltr'>tamen</span> <span class='ocrx_word' id='word_1_83' title='bbox 657 1096 696 1130; x_wconf 82' lang='lat' dir='ltr'>ad</span> <span class='ocrx_word' id='word_1_84' title='bbox 718 1107 831 1131; x_wconf 89' lang='lat' dir='ltr'>verum</span> <span class='ocrx_word' id='word_1_85' title='bbox 852 1096 1066 1138; x_wconf 74' lang='lat' dir='ltr'>oedemajnon</span> 
     </span>
     <span class='ocr_line' id='line_1_15' title="bbox 62 1135 1066 1182; baseline 0 -10"><span class='ocrx_word' id='word_1_86' title='bbox 62 1139 228 1173; x_wconf 84' lang='lat' dir='ltr'>referendo</span> <span class='ocrx_word' id='word_1_87' title='bbox 244 1163 251 1170; x_wconf 90' lang='lat'><strong><em>.</em></strong></span> <span class='ocrx_word' id='word_1_88' title='bbox 279 1139 380 1173; x_wconf 90' lang='lat' dir='ltr'>Nihil</span> <span class='ocrx_word' id='word_1_89' title='bbox 404 1148 555 1182; x_wconf 82' lang='lat' dir='ltr'>praeterea</span> <span class='ocrx_word' id='word_1_90' title='bbox 578 1140 670 1181; x_wconf 88' lang='lat' dir='ltr'>quod</span> <span class='ocrx_word' id='word_1_91' title='bbox 695 1135 913 1174; x_wconf 67' lang='lat' dir='ltr'>memorabile*</span> <span class='ocrx_word' id='word_1_92' title='bbox 926 1139 963 1172; x_wconf 85' lang='lat' dir='ltr'>sit</span> <span class='ocrx_word' id='word_1_93' title='bbox 976 1141 995 1175; x_wconf 48' lang='lat'>‚³</span> <span class='ocrx_word' id='word_1_94' title='bbox 1008 1146 1066 1172; x_wconf 75' lang='lat' dir='ltr'>oc-</span> 
     </span>
     <span class='ocr_line' id='line_1_16' title="bbox 62 1181 1065 1225; baseline 0 -10"><span class='ocrx_word' id='word_1_95' title='bbox 62 1183 165 1215; x_wconf 85' lang='lat' dir='ltr'>currit</span> <span class='ocrx_word' id='word_1_96' title='bbox 181 1203 192 1220; x_wconf 91' lang='lat'>,</span> <span class='ocrx_word' id='word_1_97' title='bbox 215 1182 272 1215; x_wconf 85' lang='lat' dir='ltr'>nisi</span> <span class='ocrx_word' id='word_1_98' title='bbox 296 1181 424 1216; x_wconf 86' lang='lat' dir='ltr'>tandem</span> <span class='ocrx_word' id='word_1_99' title='bbox 447 1183 530 1215; x_wconf 82' lang='lat' dir='ltr'>circa</span> <span class='ocrx_word' id='word_1_100' title='bbox 552 1182 638 1216; x_wconf 87' lang='lat' dir='ltr'>diem</span> <span class='ocrx_word' id='word_1_101' title='bbox 668 1182 829 1217; x_wconf 89' lang='lat' dir='ltr'>decimum</span> <span class='ocrx_word' id='word_1_102' title='bbox 863 1182 1065 1225; x_wconf 79' lang='lat' dir='ltr'>septimum·.&#39;</span> 
     </span>
     <span class='ocr_line' id='line_1_17' title="bbox 65 1225 1066 1267; baseline -0.001 -9"><span class='ocrx_word' id='word_1_103' title='bbox 65 1226 165 1259; x_wconf 88' lang='lat' dir='ltr'>Tunc</span> <span class='ocrx_word' id='word_1_104' title='bbox 188 1227 276 1259; x_wconf 89' lang='lat' dir='ltr'>enim</span> <span class='ocrx_word' id='word_1_105' title='bbox 298 1225 469 1259; x_wconf 82' lang='lat' dir='ltr'>difficultas</span> <span class='ocrx_word' id='word_1_106' title='bbox 491 1225 630 1267; x_wconf 84' lang='lat' dir='ltr'>spirandi</span> <span class='ocrx_word' id='word_1_107' title='bbox 656 1227 779 1260; x_wconf 88' lang='lat' dir='ltr'>accedit</span> <span class='ocrx_word' id='word_1_108' title='bbox 804 1248 814 1263; x_wconf 92' lang='lat'>,</span> <span class='ocrx_word' id='word_1_109' title='bbox 844 1238 919 1259; x_wconf 89' lang='lat' dir='ltr'>cum</span> <span class='ocrx_word' id='word_1_110' title='bbox 953 1226 1066 1267; x_wconf 90' lang='lat' dir='ltr'>dolore</span> 
     </span>
     <span class='ocr_line' id='line_1_18' title="bbox 62 1268 1067 1312; baseline 0 -11"><span class='ocrx_word' id='word_1_111' title='bbox 62 1268 233 1310; x_wconf 82' lang='lat' dir='ltr'>quodam,</span> <span class='ocrx_word' id='word_1_112' title='bbox 253 1271 284 1303; x_wconf 91' lang='lat'><strong>&amp;</strong></span> <span class='ocrx_word' id='word_1_113' title='bbox 308 1269 541 1312; x_wconf 86' lang='lat' dir='ltr'>impedimento</span> <span class='ocrx_word' id='word_1_114' title='bbox 565 1270 603 1302; x_wconf 91' lang='lat' dir='ltr'>ad</span> <span class='ocrx_word' id='word_1_115' title='bbox 625 1268 753 1309; x_wconf 80' lang='lat' dir='ltr'>fauces,</span> <span class='ocrx_word' id='word_1_116' title='bbox 775 1270 865 1312; x_wconf 85' lang='lat' dir='ltr'>quod</span> <span class='ocrx_word' id='word_1_117' title='bbox 889 1280 976 1311; x_wconf 78' lang='lat' dir='ltr'>aegro</span> <span class='ocrx_word' id='word_1_118' title='bbox 998 1269 1067 1301; x_wconf 87' lang='lat' dir='ltr'>boli</span> 
     </span>
     <span class='ocr_line' id='line_1_19' title="bbox 63 1311 1071 1355; baseline 0.001 -12"><span class='ocrx_word' id='word_1_119' title='bbox 63 1311 162 1345; x_wconf 85' lang='lat' dir='ltr'>instar</span> <span class='ocrx_word' id='word_1_120' title='bbox 185 1311 244 1346; x_wconf 88' lang='lat' dir='ltr'>esse</span> <span class='ocrx_word' id='word_1_121' title='bbox 267 1311 417 1351; x_wconf 89' lang='lat' dir='ltr'>videtur,</span> <span class='ocrx_word' id='word_1_122' title='bbox 441 1324 457 1345; x_wconf 90' lang='lat' dir='ltr'>a</span> <span class='ocrx_word' id='word_1_123' title='bbox 481 1323 547 1355; x_wconf 91' lang='lat' dir='ltr'>quo</span> <span class='ocrx_word' id='word_1_124' title='bbox 569 1311 591 1344; x_wconf 89' lang='lat' dir='ltr'>si</span> <span class='ocrx_word' id='word_1_125' title='bbox 615 1313 706 1354; x_wconf 83' lang='lat' dir='ltr'>poffit</span> <span class='ocrx_word' id='word_1_126' title='bbox 731 1313 856 1346; x_wconf 87' lang='lat' dir='ltr'>liberari</span> <span class='ocrx_word' id='word_1_127' title='bbox 871 1337 878 1351; x_wconf 91' lang='lat'>,</span> <span class='ocrx_word' id='word_1_128' title='bbox 902 1322 1014 1347; x_wconf 82' lang='lat' dir='ltr'>caetera</span> <span class='ocrx_word' id='word_1_129' title='bbox 1034 1323 1071 1344; x_wconf 93' lang='lat' dir='ltr'>o-</span> 
     </span>
     <span class='ocr_line' id='line_1_20' title="bbox 66 1353 1071 1399; baseline -0.001 -11"><span class='ocrx_word' id='word_1_130' title='bbox 66 1356 184 1389; x_wconf 82' lang='lat' dir='ltr'>mnino</span> <span class='ocrx_word' id='word_1_131' title='bbox 209 1353 320 1389; x_wconf 89' lang='lat' dir='ltr'>sanum</span> <span class='ocrx_word' id='word_1_132' title='bbox 344 1356 374 1389; x_wconf 91' lang='lat' dir='ltr'>se</span> <span class='ocrx_word' id='word_1_133' title='bbox 397 1355 488 1394; x_wconf 87' lang='lat' dir='ltr'>fore,</span> <span class='ocrx_word' id='word_1_134' title='bbox 514 1355 668 1390; x_wconf 75' lang='lat' dir='ltr'>affirmat.</span> <span class='ocrx_word' id='word_1_135' title='bbox 692 1358 819 1390; x_wconf 84' lang='lat' dir='ltr'>Tamen</span> <span class='ocrx_word' id='word_1_136' title='bbox 843 1357 1019 1399; x_wconf 83' lang='lat' dir='ltr'>aliquoties</span> <span class='ocrx_word' id='word_1_137' title='bbox 1031 1355 1071 1388; x_wconf 86' lang='lat' dir='ltr'>ab</span> 
     </span>
     <span class='ocr_line' id='line_1_21' title="bbox 61 1398 1071 1442; baseline 0.001 -12"><span class='ocrx_word' id='word_1_138' title='bbox 61 1398 271 1437; x_wconf 73' lang='lat' dir='ltr'>¹afficientibus</span> <span class='ocrx_word' id='word_1_139' title='bbox 293 1409 447 1433; x_wconf 88' lang='lat' dir='ltr'>tremores</span> <span class='ocrx_word' id='word_1_140' title='bbox 469 1400 606 1433; x_wconf 85' lang='lat' dir='ltr'>univerfi</span> <span class='ocrx_word' id='word_1_141' title='bbox 630 1401 776 1442; x_wconf 88' lang='lat' dir='ltr'>corporis</span> <span class='ocrx_word' id='word_1_142' title='bbox 809 1399 1071 1432; x_wconf 89' lang='lat' dir='ltr'>animadvertun—</span> 
     </span>
     <span class='ocr_line' id='line_1_22' title="bbox 66 1441 1075 1485; baseline -0.001 -10"><span class='ocrx_word' id='word_1_143' title='bbox 66 1450 122 1475; x_wconf 82' lang='lat' dir='ltr'>tur</span> <span class='ocrx_word' id='word_1_144' title='bbox 133 1466 143 1482; x_wconf 91' lang='lat'>,</span> <span class='ocrx_word' id='word_1_145' title='bbox 164 1441 369 1485; x_wconf 88' lang='lat' dir='ltr'>ejusdemque</span> <span class='ocrx_word' id='word_1_146' title='bbox 381 1452 491 1477; x_wconf 87' lang='lat' dir='ltr'>tumor</span> <span class='ocrx_word' id='word_1_147' title='bbox 506 1464 516 1479; x_wconf 92' lang='lat'>,</span> <span class='ocrx_word' id='word_1_148' title='bbox 538 1445 661 1476; x_wconf 86' lang='lat' dir='ltr'>interea</span> <span class='ocrx_word' id='word_1_149' title='bbox 674 1443 784 1476; x_wconf 63' lang='lat' dir='ltr'>austus</span> <span class='ocrx_word' id='word_1_150' title='bbox 798 1467 806 1481; x_wconf 90' lang='lat'>,</span> <span class='ocrx_word' id='word_1_151' title='bbox 819 1442 933 1484; x_wconf 82' lang='lat' dir='ltr'>perstat</span> <span class='ocrx_word' id='word_1_152' title='bbox 946 1467 955 1475; x_wconf 88' lang='lat'><em>.</em></span> <span class='ocrx_word' id='word_1_153' title='bbox 980 1443 1075 1474; x_wconf 86' lang='lat' dir='ltr'>Tan-</span> 
     </span>
     <span class='ocr_line' id='line_1_23' title="bbox 65 1483 1074 1529; baseline 0 -12"><span class='ocrx_word' id='word_1_154' title='bbox 65 1484 140 1519; x_wconf 74' lang='lat' dir='ltr'>dem</span> <span class='ocrx_word' id='word_1_155' title='bbox 163 1487 249 1519; x_wconf 87' lang='lat' dir='ltr'>circa</span> <span class='ocrx_word' id='word_1_156' title='bbox 270 1487 355 1520; x_wconf 89' lang='lat' dir='ltr'>diem</span> <span class='ocrx_word' id='word_1_157' title='bbox 381 1487 421 1519; x_wconf 91' lang='lat' dir='ltr'>ab</span> <span class='ocrx_word' id='word_1_158' title='bbox 443 1495 575 1529; x_wconf 85' lang='lat' dir='ltr'>accepto</span> <span class='ocrx_word' id='word_1_159' title='bbox 599 1486 728 1519; x_wconf 87' lang='lat' dir='ltr'>vulnere</span> <span class='ocrx_word' id='word_1_160' title='bbox 750 1485 939 1528; x_wconf 84' lang='lat' dir='ltr'>vigesimum</span> <span class='ocrx_word' id='word_1_161' title='bbox 962 1483 1074 1518; x_wconf 85' lang='lat' dir='ltr'>secun-</span> 
     </span>
     <span class='ocr_line' id='line_1_24' title="bbox 66 1528 1072 1572; baseline -0.001 -11"><span class='ocrx_word' id='word_1_162' title='bbox 66 1528 146 1562; x_wconf 86' lang='lat' dir='ltr'>dum</span> <span class='ocrx_word' id='word_1_163' title='bbox 171 1540 257 1563; x_wconf 89' lang='lat' dir='ltr'>mors</span> <span class='ocrx_word' id='word_1_164' title='bbox 288 1530 411 1572; x_wconf 75' lang='lat' dir='ltr'>ingruit</span> <span class='ocrx_word' id='word_1_165' title='bbox 433 1553 441 1564; x_wconf 88' lang='lat'><strong>.</strong></span> <span class='ocrx_word' id='word_1_166' title='bbox 573 1529 627 1563; x_wconf 88' lang='lat' dir='ltr'>IN</span> <span class='ocrx_word' id='word_1_167' title='bbox 659 1529 924 1562; x_wconf 82' lang='lat' dir='ltr'>CADAVERE</span> <span class='ocrx_word' id='word_1_168' title='bbox 958 1528 1072 1562; x_wconf 80' lang='lat' dir='ltr'>vulnus</span> 
     </span>
     <span class='ocr_line' id='line_1_25' title="bbox 66 1571 1074 1615; baseline 0.001 -12"><span class='ocrx_word' id='word_1_169' title='bbox 66 1574 198 1614; x_wconf 82' lang='lat' dir='ltr'>penitus</span> <span class='ocrx_word' id='word_1_170' title='bbox 219 1575 457 1613; x_wconf 84' lang='lat' dir='ltr'>examinatum,</span> <span class='ocrx_word' id='word_1_171' title='bbox 477 1573 654 1615; x_wconf 83' lang='lat' dir='ltr'>incipiebat</span> <span class='ocrx_word' id='word_1_172' title='bbox 678 1584 775 1615; x_wconf 83' lang='lat' dir='ltr'>prope</span> <span class='ocrx_word' id='word_1_173' title='bbox 799 1571 1074 1615; x_wconf 85' lang='lat' dir='ltr'>Spermaticorum</span> 
     </span>
     <span class='ocr_line' id='line_1_26' title="bbox 67 1613 1073 1658; baseline 0 -12"><span class='ocrx_word' id='word_1_174' title='bbox 67 1615 216 1649; x_wconf 84' lang='lat' dir='ltr'>vasorum</span> <span class='ocrx_word' id='word_1_175' title='bbox 238 1628 292 1658; x_wconf 92' lang='lat' dir='ltr'>per</span> <span class='ocrx_word' id='word_1_176' title='bbox 317 1616 475 1649; x_wconf 85' lang='lat' dir='ltr'>musculos</span> <span class='ocrx_word' id='word_1_177' title='bbox 497 1617 700 1650; x_wconf 85' lang='lat' dir='ltr'>Abdominis</span> <span class='ocrx_word' id='word_1_178' title='bbox 721 1613 892 1649; x_wconf 79' lang='lat' dir='ltr'>transitum</span> <span class='ocrx_word' id='word_1_179' title='bbox 916 1638 924 1652; x_wconf 91' lang='lat'>,</span> <span class='ocrx_word' id='word_1_180' title='bbox 962 1625 1073 1656; x_wconf 82' lang='lat' dir='ltr'>perge-</span> 
     </span>
     <span class='ocr_line' id='line_1_27' title="bbox 65 1656 1074 1701; baseline -0.001 -10"><span class='ocrx_word' id='word_1_181' title='bbox 65 1658 187 1701; x_wconf 86' lang='lat' dir='ltr'>batque</span> <span class='ocrx_word' id='word_1_182' title='bbox 210 1660 294 1693; x_wconf 90' lang='lat' dir='ltr'>inter</span> <span class='ocrx_word' id='word_1_183' title='bbox 314 1660 452 1692; x_wconf 64' lang='lat' dir='ltr'>Reetum</span> <span class='ocrx_word' id='word_1_184' title='bbox 478 1659 677 1697; x_wconf 87' lang='lat' dir='ltr'>musculum,</span> <span class='ocrx_word' id='word_1_185' title='bbox 700 1658 884 1692; x_wconf 87' lang='lat' dir='ltr'>&amp;tendines</span> <span class='ocrx_word' id='word_1_186' title='bbox 907 1656 1074 1701; x_wconf 88' lang='lat' dir='ltr'>Obliquo-</span> 
     </span>
     <span class='ocr_line' id='line_1_28' title="bbox 66 1700 1074 1744; baseline 0 -9"><span class='ocrx_word' id='word_1_187' title='bbox 66 1713 160 1740; x_wconf 78' lang='lat' dir='ltr'>tum,</span> <span class='ocrx_word' id='word_1_188' title='bbox 189 1702 246 1735; x_wconf 88' lang='lat' dir='ltr'>ubi</span> <span class='ocrx_word' id='word_1_189' title='bbox 269 1704 412 1736; x_wconf 85' lang='lat' dir='ltr'>concreti</span> <span class='ocrx_word' id='word_1_190' title='bbox 436 1701 599 1743; x_wconf 81' lang='lat' dir='ltr'>sanguinis</span> <span class='ocrx_word' id='word_1_191' title='bbox 621 1703 753 1734; x_wconf 87' lang='lat' dir='ltr'>inventa</span> <span class='ocrx_word' id='word_1_192' title='bbox 776 1700 820 1735; x_wconf 85' lang='lat' dir='ltr'>est</span> <span class='ocrx_word' id='word_1_193' title='bbox 854 1702 947 1744; x_wconf 89' lang='lat' dir='ltr'>copia</span> <span class='ocrx_word' id='word_1_194' title='bbox 972 1725 980 1733; x_wconf 92' lang='lat'><em>.</em></span> <span class='ocrx_word' id='word_1_195' title='bbox 1013 1700 1074 1735; x_wconf 90' lang='lat' dir='ltr'>Sed</span> 
     </span>
     <span class='ocr_line' id='line_1_29' title="bbox 64 1744 1073 1788; baseline 0 -11"><span class='ocrx_word' id='word_1_196' title='bbox 64 1744 104 1777; x_wconf 70' lang='lat' dir='ltr'>in</span> <span class='ocrx_word' id='word_1_197' title='bbox 129 1746 249 1778; x_wconf 90' lang='lat' dir='ltr'>ventris</span> <span class='ocrx_word' id='word_1_198' title='bbox 270 1757 384 1786; x_wconf 79' lang='lat' dir='ltr'>cavum</span> <span class='ocrx_word' id='word_1_199' title='bbox 398 1756 461 1778; x_wconf 89' lang='lat' dir='ltr'>non</span> <span class='ocrx_word' id='word_1_200' title='bbox 486 1745 710 1788; x_wconf 75' lang='lat' dir='ltr'>perveniebat.</span> <span class='ocrx_word' id='word_1_201' title='bbox 736 1747 774 1777; x_wconf 94' lang='lat' dir='ltr'>In</span> <span class='ocrx_word' id='word_1_202' title='bbox 799 1745 860 1778; x_wconf 90' lang='lat' dir='ltr'>hoc</span> <span class='ocrx_word' id='word_1_203' title='bbox 873 1745 1012 1778; x_wconf 89' lang='lat' dir='ltr'>multum</span> <span class='ocrx_word' id='word_1_204' title='bbox 1024 1756 1073 1777; x_wconf 87' lang='lat' dir='ltr'>ae-</span> 
     </span>
     <span class='ocr_line' id='line_1_30' title="bbox 67 1786 1074 1831; baseline -0.001 -8"><span class='ocrx_word' id='word_1_205' title='bbox 67 1799 103 1823; x_wconf 78' lang='lat' dir='ltr'>re</span> <span class='ocrx_word' id='word_1_206' title='bbox 125 1788 262 1822; x_wconf 85' lang='lat' dir='ltr'>distenta</span> <span class='ocrx_word' id='word_1_207' title='bbox 285 1788 457 1827; x_wconf 80' lang='lat' dir='ltr'>intestina,</span> <span class='ocrx_word' id='word_1_208' title='bbox 481 1790 685 1831; x_wconf 88' lang='lat' dir='ltr'>multumque</span> <span class='ocrx_word' id='word_1_209' title='bbox 709 1797 775 1822; x_wconf 90' lang='lat' dir='ltr'>erat</span> <span class='ocrx_word' id='word_1_210' title='bbox 798 1787 974 1831; x_wconf 83' lang='lat' dir='ltr'>stagnantis</span> <span class='ocrx_word' id='word_1_211' title='bbox 991 1786 1074 1822; x_wconf 87' lang='lat' dir='ltr'>seri.</span> 
     </span>
    </p>

    <p class='ocr_par' dir='ltr' id='par_1_7' title="bbox 66 1830 1076 1994">
     <span class='ocr_line' id='line_1_31' title="bbox 199 1830 944 1874; baseline -0.004 -8"><span class='ocrx_word' id='word_1_212' title='bbox 199 1831 302 1869; x_wconf 81' lang='lat' dir='ltr'>Quod</span> <span class='ocrx_word' id='word_1_213' title='bbox 326 1833 443 1874; x_wconf 80' lang='lat' dir='ltr'>pariter</span> <span class='ocrx_word' id='word_1_214' title='bbox 465 1835 496 1865; x_wconf 77' lang='grc' dir='ltr'>δι</span> <span class='ocrx_word' id='word_1_215' title='bbox 518 1833 555 1866; x_wconf 87' lang='lat' dir='ltr'>in</span> <span class='ocrx_word' id='word_1_216' title='bbox 577 1831 727 1865; x_wconf 86' lang='lat' dir='ltr'>Thorace</span> <span class='ocrx_word' id='word_1_217' title='bbox 758 1830 944 1873; x_wconf 82' lang='lat' dir='ltr'>stagnabat.</span> 
     </span>
     <span class='ocr_line' id='line_1_32' title="bbox 66 1872 1072 1917; baseline 0.001 -10"><span class='ocrx_word' id='word_1_218' title='bbox 66 1873 234 1908; x_wconf 82' lang='lat' dir='ltr'>Caeteruin</span> <span class='ocrx_word' id='word_1_219' title='bbox 257 1873 372 1916; x_wconf 82' lang='lat' dir='ltr'>hujus,</span> <span class='ocrx_word' id='word_1_220' title='bbox 395 1877 426 1909; x_wconf 73' lang='grc' dir='ltr'>δε</span> <span class='ocrx_word' id='word_1_221' title='bbox 451 1875 584 1909; x_wconf 86' lang='lat' dir='ltr'>Ventris</span> <span class='ocrx_word' id='word_1_222' title='bbox 607 1874 812 1917; x_wconf 87' lang='lat' dir='ltr'>integerrima</span> <span class='ocrx_word' id='word_1_223' title='bbox 823 1884 911 1908; x_wconf 88' lang='lat' dir='ltr'>erant</span> <span class='ocrx_word' id='word_1_224' title='bbox 935 1872 1072 1908; x_wconf 81' lang='lat' dir='ltr'>viscera.</span> 
     </span>
     <span class='ocr_line' id='line_1_33' title="bbox 67 1917 1076 1994; baseline 0.001 -44"><span class='ocrx_word' id='word_1_225' title='bbox 67 1917 166 1994; x_wconf 52' lang='grc' dir='ltr'>ἕως]</span> <span class='ocrx_word' id='word_1_226' title='bbox 190 1917 300 1961; x_wconf 84' lang='lat' dir='ltr'>paffim</span> <span class='ocrx_word' id='word_1_227' title='bbox 324 1918 460 1954; x_wconf 83' lang='lat' dir='ltr'>musculi</span> <span class='ocrx_word' id='word_1_228' title='bbox 485 1918 663 1953; x_wconf 81' lang='lat' dir='ltr'>naturalem</span> <span class='ocrx_word' id='word_1_229' title='bbox 687 1919 775 1952; x_wconf 85' lang='lat' dir='ltr'>suam</span> <span class='ocrx_word' id='word_1_230' title='bbox 798 1917 965 1953; x_wconf 82' lang='lat' dir='ltr'>servabant</span> <span class='ocrx_word' id='word_1_231' title='bbox 997 1917 1076 1951; x_wconf 86' lang='lat' dir='ltr'>soli-</span> 
     </span>
    </p>

    <p class='ocr_par' dir='ltr' id='par_1_8' title="bbox 93 1970 231 1995">
     <span class='ocr_line' id='line_1_34' title="bbox 93 1970 231 1995; baseline 0.007 -1"><span class='ocrx_word' id='word_1_232' title='bbox 93 1970 207 1995; x_wconf 81' lang='lat' dir='ltr'>itatem</span> <span class='ocrx_word' id='word_1_233' title='bbox 221 1986 231 1995; x_wconf 91' lang='lat'>.</span> 
     </span>
    </p>

    <p class='ocr_par' dir='ltr' id='par_1_9' title="bbox 63 2005 1078 2999">
     <span class='ocr_line' id='line_1_35' title="bbox 118 2005 1073 2051; baseline 0 -13"><span class='ocrx_word' id='word_1_234' title='bbox 118 2018 146 2046; x_wconf 77' lang='lat'>3.</span> <span class='ocrx_word' id='word_1_235' title='bbox 169 2006 203 2038; x_wconf 90' lang='lat' dir='ltr'>Si</span> <span class='ocrx_word' id='word_1_236' title='bbox 228 2015 337 2041; x_wconf 86' lang='lat' dir='ltr'>tumor</span> <span class='ocrx_word' id='word_1_237' title='bbox 359 2017 427 2049; x_wconf 91' lang='lat' dir='ltr'>quo</span> <span class='ocrx_word' id='word_1_238' title='bbox 449 2005 539 2040; x_wconf 84' lang='lat' dir='ltr'>istius</span> <span class='ocrx_word' id='word_1_239' title='bbox 558 2006 695 2051; x_wconf 87' lang='lat' dir='ltr'>Juvenis</span> <span class='ocrx_word' id='word_1_240' title='bbox 725 2016 841 2048; x_wconf 85' lang='lat' dir='ltr'>corpus</span> <span class='ocrx_word' id='word_1_241' title='bbox 875 2005 1073 2041; x_wconf 84' lang='lat' dir='ltr'>distendeba-</span> 
     </span>
     <span class='ocr_line' id='line_1_36' title="bbox 68 2048 1074 2093; baseline -0.004 -8"><span class='ocrx_word' id='word_1_242' title='bbox 68 2059 126 2085; x_wconf 88' lang='lat' dir='ltr'>tur</span> <span class='ocrx_word' id='word_1_243' title='bbox 150 2074 160 2090; x_wconf 91' lang='lat'>,</span> <span class='ocrx_word' id='word_1_244' title='bbox 191 2050 316 2092; x_wconf 88' lang='lat' dir='ltr'>aliquid</span> <span class='ocrx_word' id='word_1_245' title='bbox 338 2048 423 2083; x_wconf 86' lang='lat' dir='ltr'>forte</span> <span class='ocrx_word' id='word_1_246' title='bbox 445 2049 582 2084; x_wconf 87' lang='lat' dir='ltr'>habebat</span> <span class='ocrx_word' id='word_1_247' title='bbox 604 2050 689 2085; x_wconf 89' lang='lat' dir='ltr'>unde</span> <span class='ocrx_word' id='word_1_248' title='bbox 712 2050 749 2084; x_wconf 91' lang='lat' dir='ltr'>ad</span> <span class='ocrx_word' id='word_1_249' title='bbox 773 2048 976 2093; x_wconf 82' lang='lat' dir='ltr'>emphysema</span> <span class='ocrx_word' id='word_1_250' title='bbox 1002 2048 1074 2091; x_wconf 88' lang='lat' dir='ltr'>spe-</span> 
     </span>
     <span class='ocr_line' id='line_1_37' title="bbox 70 2092 1074 2136; baseline -0.005 -7"><span class='ocrx_word' id='word_1_251' title='bbox 70 2096 195 2130; x_wconf 63' lang='lat' dir='ltr'>&amp;arem</span> <span class='ocrx_word' id='word_1_252' title='bbox 217 2094 360 2136; x_wconf 77' lang='lat' dir='ltr'>intelligi</span> <span class='ocrx_word' id='word_1_253' title='bbox 383 2094 458 2127; x_wconf 90' lang='lat' dir='ltr'>hinc</span> <span class='ocrx_word' id='word_1_254' title='bbox 484 2093 608 2136; x_wconf 86' lang='lat' dir='ltr'>posset,</span> <span class='ocrx_word' id='word_1_255' title='bbox 631 2092 835 2136; x_wconf 86' lang='lat' dir='ltr'>emphysema</span> <span class='ocrx_word' id='word_1_256' title='bbox 870 2104 936 2126; x_wconf 89' lang='lat' dir='ltr'>nou</span> <span class='ocrx_word' id='word_1_257' title='bbox 961 2106 977 2127; x_wconf 86' lang='lat' dir='ltr'>a</span> <span class='ocrx_word' id='word_1_258' title='bbox 1001 2093 1074 2125; x_wconf 89' lang='lat' dir='ltr'>vul-</span> 
     </span>
     <span class='ocr_line' id='line_1_38' title="bbox 67 2136 1075 2180; baseline -0.004 -8"><span class='ocrx_word' id='word_1_259' title='bbox 67 2137 201 2172; x_wconf 79' lang='lat' dir='ltr'>neribus</span> <span class='ocrx_word' id='word_1_260' title='bbox 223 2137 395 2171; x_wconf 85' lang='lat' dir='ltr'>dumtaxat</span> <span class='ocrx_word' id='word_1_261' title='bbox 419 2138 502 2173; x_wconf 88' lang='lat' dir='ltr'>oriri</span> <span class='ocrx_word' id='word_1_262' title='bbox 534 2148 606 2180; x_wconf 74' lang='lat' dir='ltr'>quae</span> <span class='ocrx_word' id='word_1_263' title='bbox 628 2138 662 2170; x_wconf 89' lang='lat' dir='ltr'>in</span> <span class='ocrx_word' id='word_1_264' title='bbox 697 2136 838 2170; x_wconf 86' lang='lat' dir='ltr'>thoracis</span> <span class='ocrx_word' id='word_1_265' title='bbox 859 2147 995 2173; x_wconf 85' lang='lat' dir='ltr'>cavum,</span> <span class='ocrx_word' id='word_1_266' title='bbox 1019 2144 1075 2168; x_wconf 93' lang='lat' dir='ltr'>aut</span> 
     </span>
     <span class='ocr_line' id='line_1_39' title="bbox 65 2179 1077 2224; baseline -0.007 -7"><span class='ocrx_word' id='word_1_267' title='bbox 65 2183 104 2218; x_wconf 79' lang='lat' dir='ltr'>in</span> <span class='ocrx_word' id='word_1_268' title='bbox 130 2179 283 2224; x_wconf 77' lang='lat' dir='ltr'>Asperam</span> <span class='ocrx_word' id='word_1_269' title='bbox 309 2180 460 2215; x_wconf 82' lang='lat' dir='ltr'>arteriam</span> <span class='ocrx_word' id='word_1_270' title='bbox 485 2181 687 2223; x_wconf 87' lang='lat' dir='ltr'>pertineant.</span> <span class='ocrx_word' id='word_1_271' title='bbox 714 2181 764 2213; x_wconf 89' lang='lat' dir='ltr'>Sic</span> <span class='ocrx_word' id='word_1_272' title='bbox 787 2181 886 2213; x_wconf 88' lang='lat' dir='ltr'>etiarn</span> <span class='ocrx_word' id='word_1_273' title='bbox 910 2179 1077 2213; x_wconf 90' lang='lat' dir='ltr'>Bartholi-</span> 
     </span>
     <span class='ocr_line' id='line_1_40' title="bbox 67 2223 1076 2266; baseline -0.006 -6"><span class='ocrx_word' id='word_1_274' title='bbox 67 2237 150 2266; x_wconf 72' lang='grc' dir='ltr'>πως,</span> <span class='ocrx_word' id='word_1_275' title='bbox 174 2235 209 2259; x_wconf 86' lang='lat' dir='ltr'>ut</span> <span class='ocrx_word' id='word_1_276' title='bbox 232 2227 265 2258; x_wconf 88' lang='lat' dir='ltr'>in</span> <span class='ocrx_word' id='word_1_277' title='bbox 290 2224 349 2259; x_wconf 89' lang='lat' dir='ltr'>hac</span> <span class='ocrx_word' id='word_1_278' title='bbox 373 2224 544 2258; x_wconf 84' lang='lat' dir='ltr'>habesIlI.</span> <span class='ocrx_word' id='word_1_279' title='bbox 560 2224 708 2257; x_wconf 67' lang='lat' dir='ltr'>Sestione</span> <span class='ocrx_word' id='word_1_280' title='bbox 730 2224 784 2265; x_wconf 85' lang='lat' dir='ltr'>(a</span> <span class='ocrx_word' id='word_1_281' title='bbox 808 2227 818 2262; x_wconf 92' lang='lat'><em>)</em></span> <span class='ocrx_word' id='word_1_282' title='bbox 843 2224 920 2257; x_wconf 85' lang='lat' dir='ltr'>libri</span> <span class='ocrx_word' id='word_1_283' title='bbox 944 2224 1007 2256; x_wconf 79' lang='grc' dir='ltr'><strong>[ΙΙ.</strong></span> <span class='ocrx_word' id='word_1_284' title='bbox 1022 2223 1076 2255; x_wconf 90' lang='lat' dir='ltr'>Se-</span> 
     </span>
     <span class='ocr_line' id='line_1_41' title="bbox 63 2264 1075 2313; baseline -0.003 -10"><span class='ocrx_word' id='word_1_285' title='bbox 63 2270 257 2313; x_wconf 76' lang='lat' dir='ltr'>pulchreti,</span> <span class='ocrx_word' id='word_1_286' title='bbox 281 2281 355 2303; x_wconf 91' lang='lat' dir='ltr'>curn</span> <span class='ocrx_word' id='word_1_287' title='bbox 378 2267 584 2309; x_wconf 86' lang='lat' dir='ltr'>emphysema</span> <span class='ocrx_word' id='word_1_288' title='bbox 609 2278 673 2300; x_wconf 88' lang='lat' dir='ltr'>non</span> <span class='ocrx_word' id='word_1_289' title='bbox 706 2264 823 2300; x_wconf 87' lang='lat' dir='ltr'>faciem</span> <span class='ocrx_word' id='word_1_290' title='bbox 854 2265 957 2300; x_wconf 88' lang='lat' dir='ltr'>solum</span> <span class='ocrx_word' id='word_1_291' title='bbox 981 2290 991 2306; x_wconf 92' lang='lat'>,</span> <span class='ocrx_word' id='word_1_292' title='bbox 1024 2264 1075 2300; x_wconf 81' lang='lat' dir='ltr'>sed</span> 
     </span>
     <span class='ocr_line' id='line_1_42' title="bbox 69 2310 1074 2354; baseline -0.004 -8"><span class='ocrx_word' id='word_1_293' title='bbox 69 2311 260 2348; x_wconf 87' lang='lat' dir='ltr'>universum</span> <span class='ocrx_word' id='word_1_294' title='bbox 282 2322 399 2354; x_wconf 85' lang='lat' dir='ltr'>corpus</span> <span class='ocrx_word' id='word_1_295' title='bbox 422 2311 625 2353; x_wconf 58' lang='lat' dir='ltr'>occupassem</span> <span class='ocrx_word' id='word_1_296' title='bbox 650 2310 765 2344; x_wconf 88' lang='lat' dir='ltr'>vulnus</span> <span class='ocrx_word' id='word_1_297' title='bbox 798 2320 903 2343; x_wconf 87' lang='lat' dir='ltr'>tamen</span> <span class='ocrx_word' id='word_1_298' title='bbox 927 2310 1074 2344; x_wconf 90' lang='lat' dir='ltr'>invenire</span> 
     </span>
     <span class='ocr_line' id='line_1_43' title="bbox 69 2352 1072 2398; baseline -0.006 -7"><span class='ocrx_word' id='word_1_299' title='bbox 69 2368 137 2391; x_wconf 87' lang='lat' dir='ltr'>non</span> <span class='ocrx_word' id='word_1_300' title='bbox 160 2358 269 2397; x_wconf 88' lang='lat' dir='ltr'>potuit</span> <span class='ocrx_word' id='word_1_301' title='bbox 294 2352 491 2398; x_wconf 87' lang='lat' dir='ltr'>profundum</span> <span class='ocrx_word' id='word_1_302' title='bbox 515 2377 528 2394; x_wconf 85' lang='lat'>‚</span> <span class='ocrx_word' id='word_1_303' title='bbox 564 2355 681 2388; x_wconf 89' lang='lat' dir='ltr'>nedum</span> <span class='ocrx_word' id='word_1_304' title='bbox 703 2352 791 2396; x_wconf 88' lang='lat' dir='ltr'>quod</span> <span class='ocrx_word' id='word_1_305' title='bbox 815 2354 913 2386; x_wconf 88' lang='lat' dir='ltr'>ullam</span> <span class='ocrx_word' id='word_1_306' title='bbox 937 2355 1072 2386; x_wconf 90' lang='lat' dir='ltr'>interio-</span> 
     </span>
     <span class='ocr_line' id='line_1_44' title="bbox 69 2396 1073 2441; baseline -0.005 -7"><span class='ocrx_word' id='word_1_307' title='bbox 69 2412 140 2435; x_wconf 75' lang='lat' dir='ltr'>rem</span> <span class='ocrx_word' id='word_1_308' title='bbox 164 2400 290 2433; x_wconf 84' lang='lat' dir='ltr'>laederet</span> <span class='ocrx_word' id='word_1_309' title='bbox 315 2409 461 2441; x_wconf 89' lang='lat' dir='ltr'>partem.</span> <span class='ocrx_word' id='word_1_310' title='bbox 595 2399 644 2431; x_wconf 89' lang='lat' dir='ltr'>De</span> <span class='ocrx_word' id='word_1_311' title='bbox 664 2396 777 2430; x_wconf 89' lang='lat' dir='ltr'>dolore</span> <span class='ocrx_word' id='word_1_312' title='bbox 800 2406 929 2434; x_wconf 89' lang='lat' dir='ltr'>autem,</span> <span class='ocrx_word' id='word_1_313' title='bbox 954 2399 984 2429; x_wconf 79' lang='grc' dir='ltr'>δι</span> <span class='ocrx_word' id='word_1_314' title='bbox 1007 2397 1073 2429; x_wconf 89' lang='lat' dir='ltr'>im-</span> 
     </span>
     <span class='ocr_line' id='line_1_45' title="bbox 70 2438 1077 2487; baseline -0.006 -10"><span class='ocrx_word' id='word_1_315' title='bbox 70 2443 260 2487; x_wconf 84' lang='lat' dir='ltr'>pedimento</span> <span class='ocrx_word' id='word_1_316' title='bbox 292 2444 351 2476; x_wconf 91' lang='lat' dir='ltr'>illo</span> <span class='ocrx_word' id='word_1_317' title='bbox 383 2442 421 2475; x_wconf 85' lang='lat' dir='ltr'>ad</span> <span class='ocrx_word' id='word_1_318' title='bbox 457 2440 563 2474; x_wconf 84' lang='lat' dir='ltr'>fauces</span> <span class='ocrx_word' id='word_1_319' title='bbox 585 2463 594 2480; x_wconf 85' lang='lat'>,</span> <span class='ocrx_word' id='word_1_320' title='bbox 632 2441 816 2474; x_wconf 87' lang='lat' dir='ltr'>memineris</span> <span class='ocrx_word' id='word_1_321' title='bbox 850 2441 961 2478; x_wconf 86' lang='lat' dir='ltr'>alias(</span> <span class='ocrx_word' id='word_1_322' title='bbox 983 2438 1002 2472; x_wconf 90' lang='lat' dir='ltr'><em>b</em></span> <span class='ocrx_word' id='word_1_323' title='bbox 1023 2442 1037 2478; x_wconf 93' lang='lat'>)</span> <span class='ocrx_word' id='word_1_324' title='bbox 1060 2450 1077 2471; x_wconf 91' lang='lat' dir='ltr'>a</span> 
     </span>
     <span class='ocr_line' id='line_1_46' title="bbox 70 2481 1078 2529; baseline -0.006 -9"><span class='ocrx_word' id='word_1_325' title='bbox 70 2489 167 2521; x_wconf 85' lang='lat' dir='ltr'>nobis</span> <span class='ocrx_word' id='word_1_326' title='bbox 192 2485 343 2529; x_wconf 70' lang='lat' dir='ltr'>injectam</span> <span class='ocrx_word' id='word_1_327' title='bbox 367 2484 425 2519; x_wconf 84' lang='lat' dir='ltr'>esse</span> <span class='ocrx_word' id='word_1_328' title='bbox 450 2486 647 2518; x_wconf 86' lang='lat' dir='ltr'>mentionem</span> <span class='ocrx_word' id='word_1_329' title='bbox 672 2495 736 2516; x_wconf 90' lang='lat' dir='ltr'>non</span> <span class='ocrx_word' id='word_1_330' title='bbox 759 2482 857 2517; x_wconf 90' lang='lat' dir='ltr'>modo</span> <span class='ocrx_word' id='word_1_331' title='bbox 889 2493 928 2516; x_wconf 82' lang='lat' dir='ltr'>ex</span> <span class='ocrx_word' id='word_1_332' title='bbox 951 2481 1078 2517; x_wconf 87' lang='lat' dir='ltr'>Valsal-</span> 
     </span>
     <span class='ocr_line' id='line_1_47' title="bbox 71 2526 1077 2571; baseline -0.005 -7"><span class='ocrx_word' id='word_1_333' title='bbox 71 2542 142 2567; x_wconf 74' lang='lat' dir='ltr'>vae,</span> <span class='ocrx_word' id='word_1_334' title='bbox 166 2529 217 2564; x_wconf 88' lang='lat' dir='ltr'>sed</span> <span class='ocrx_word' id='word_1_335' title='bbox 241 2542 280 2564; x_wconf 84' lang='lat' dir='ltr'>ex</span> <span class='ocrx_word' id='word_1_336' title='bbox 305 2527 452 2571; x_wconf 87' lang='lat' dir='ltr'>Wepferi</span> <span class='ocrx_word' id='word_1_337' title='bbox 485 2530 582 2561; x_wconf 88' lang='lat' dir='ltr'>etiam</span> <span class='ocrx_word' id='word_1_338' title='bbox 616 2528 936 2561; x_wconf 88' lang='lat' dir='ltr'>Observationibus:</span> <span class='ocrx_word' id='word_1_339' title='bbox 959 2526 1077 2569; x_wconf 90' lang='lat' dir='ltr'>quibus</span> 
     </span>
     <span class='ocr_line' id='line_1_48' title="bbox 71 2569 1076 2615; baseline -0.006 -7"><span class='ocrx_word' id='word_1_340' title='bbox 71 2574 187 2609; x_wconf 73' lang='lat' dir='ltr'>addere</span> <span class='ocrx_word' id='word_1_341' title='bbox 211 2574 286 2607; x_wconf 86' lang='lat' dir='ltr'>alias</span> <span class='ocrx_word' id='word_1_342' title='bbox 311 2574 431 2615; x_wconf 90' lang='lat' dir='ltr'>poteris</span> <span class='ocrx_word' id='word_1_343' title='bbox 455 2570 634 2604; x_wconf 86' lang='lat' dir='ltr'>Eberhardi</span> <span class='ocrx_word' id='word_1_344' title='bbox 670 2569 828 2604; x_wconf 83' lang='lat' dir='ltr'>Gockelii</span> <span class='ocrx_word' id='word_1_345' title='bbox 860 2573 874 2609; x_wconf 91' lang='lat'><strong>(</strong></span> <span class='ocrx_word' id='word_1_346' title='bbox 894 2582 910 2603; x_wconf 87' lang='lat' dir='ltr'>c</span> <span class='ocrx_word' id='word_1_347' title='bbox 931 2573 967 2609; x_wconf 87' lang='lat'>),</span> <span class='ocrx_word' id='word_1_348' title='bbox 993 2570 1076 2603; x_wconf 77' lang='lat' dir='ltr'>Eliae</span> 
     </span>
     <span class='ocr_line' id='line_1_49' title="bbox 70 2614 1077 2656; baseline -0.006 -4"><span class='ocrx_word' id='word_1_349' title='bbox 70 2619 253 2652; x_wconf 86' lang='lat' dir='ltr'>Camerarii</span> <span class='ocrx_word' id='word_1_350' title='bbox 272 2616 290 2656; x_wconf 86' lang='grc'>(</span> <span class='ocrx_word' id='word_1_351' title='bbox 313 2618 333 2649; x_wconf 86' lang='lat' dir='ltr'>d</span> <span class='ocrx_word' id='word_1_352' title='bbox 354 2620 388 2656; x_wconf 87' lang='lat'>),</span> <span class='ocrx_word' id='word_1_353' title='bbox 411 2618 442 2649; x_wconf 86' lang='lat'>&amp;</span> <span class='ocrx_word' id='word_1_354' title='bbox 467 2614 619 2648; x_wconf 86' lang='lat' dir='ltr'>Mauritii</span> <span class='ocrx_word' id='word_1_355' title='bbox 643 2614 860 2648; x_wconf 84' lang='lat' dir='ltr'>Reverhorstii</span> <span class='ocrx_word' id='word_1_356' title='bbox 883 2618 893 2653; x_wconf 96' lang='lat'>(</span> <span class='ocrx_word' id='word_1_357' title='bbox 917 2624 931 2646; x_wconf 85' lang='lat' dir='ltr'>e</span> <span class='ocrx_word' id='word_1_358' title='bbox 954 2616 988 2653; x_wconf 90' lang='lat'>).</span> <span class='ocrx_word' id='word_1_359' title='bbox 1013 2614 1077 2646; x_wconf 84' lang='lat' dir='ltr'>Eas</span> 
     </span>
     <span class='ocr_line' id='line_1_50' title="bbox 71 2657 1077 2702; baseline -0.006 -6"><span class='ocrx_word' id='word_1_360' title='bbox 71 2673 182 2696; x_wconf 88' lang='lat' dir='ltr'>omnes</span> <span class='ocrx_word' id='word_1_361' title='bbox 208 2660 230 2694; x_wconf 87' lang='lat' dir='ltr'>fi</span> <span class='ocrx_word' id='word_1_362' title='bbox 254 2659 432 2702; x_wconf 79' lang='lat' dir='ltr'>inspicia53</span> <span class='ocrx_word' id='word_1_363' title='bbox 457 2658 603 2698; x_wconf 88' lang='lat' dir='ltr'>videbis,</span> <span class='ocrx_word' id='word_1_364' title='bbox 626 2657 941 2699; x_wconf 81' lang='lat' dir='ltr'>idimpedimenturn</span> <span class='ocrx_word' id='word_1_365' title='bbox 965 2669 980 2689; x_wconf 92' lang='lat' dir='ltr'>a</span> <span class='ocrx_word' id='word_1_366' title='bbox 1006 2657 1077 2690; x_wconf 90' lang='lat' dir='ltr'>vul-</span> 
     </span>
     <span class='ocr_line' id='line_1_51' title="bbox 71 2700 1075 2747; baseline -0.007 -8"><span class='ocrx_word' id='word_1_367' title='bbox 71 2706 201 2739; x_wconf 85' lang='lat' dir='ltr'>neribus</span> <span class='ocrx_word' id='word_1_368' title='bbox 224 2700 401 2747; x_wconf 85' lang='lat' dir='ltr'>praesertim</span> <span class='ocrx_word' id='word_1_369' title='bbox 426 2702 582 2735; x_wconf 88' lang='lat' dir='ltr'>obortum</span> <span class='ocrx_word' id='word_1_370' title='bbox 606 2725 615 2741; x_wconf 92' lang='lat'>‚</span> <span class='ocrx_word' id='word_1_371' title='bbox 648 2703 680 2734; x_wconf 93' lang='lat'>&amp;</span> <span class='ocrx_word' id='word_1_372' title='bbox 713 2702 790 2742; x_wconf 81' lang='lat' dir='ltr'>saepe</span> <span class='ocrx_word' id='word_1_373' title='bbox 812 2700 943 2743; x_wconf 89' lang='lat' dir='ltr'>quidem</span> <span class='ocrx_word' id='word_1_374' title='bbox 965 2711 1075 2733; x_wconf 85' lang='lat' dir='ltr'>earum</span> 
     </span>
     <span class='ocr_line' id='line_1_52' title="bbox 71 2742 1076 2791; baseline -0.007 -10"><span class='ocrx_word' id='word_1_375' title='bbox 71 2750 217 2791; x_wconf 84' lang='lat' dir='ltr'>partium</span> <span class='ocrx_word' id='word_1_376' title='bbox 239 2758 339 2789; x_wconf 85' lang='lat' dir='ltr'>prope</span> <span class='ocrx_word' id='word_1_377' title='bbox 361 2757 438 2788; x_wconf 87' lang='lat' dir='ltr'>quas</span> <span class='ocrx_word' id='word_1_378' title='bbox 463 2742 835 2789; x_wconf 77' lang='lat' dir='ltr'>i‘steJuvenissauciatus</span> <span class='ocrx_word' id='word_1_379' title='bbox 847 2742 968 2780; x_wconf 83' lang='lat' dir='ltr'>fuerat,</span> <span class='ocrx_word' id='word_1_380' title='bbox 995 2753 1076 2785; x_wconf 85' lang='lat' dir='ltr'>prae-</span> 
     </span>
     <span class='ocr_line' id='line_1_53' title="bbox 69 2785 1076 2829; baseline -0.006 -5"><span class='ocrx_word' id='word_1_381' title='bbox 69 2793 229 2824; x_wconf 84' lang='lat' dir='ltr'>nuncium</span> <span class='ocrx_word' id='word_1_382' title='bbox 254 2787 345 2822; x_wconf 84' lang='lat' dir='ltr'>fuisse</span> <span class='ocrx_word' id='word_1_383' title='bbox 368 2787 613 2822; x_wconf 80' lang='lat' dir='ltr'>convnlfionum</span> <span class='ocrx_word' id='word_1_384' title='bbox 628 2813 636 2828; x_wconf 90' lang='lat'><em>‚</em></span> <span class='ocrx_word' id='word_1_385' title='bbox 659 2798 736 2829; x_wconf 88' lang='lat' dir='ltr'>quas</span> <span class='ocrx_word' id='word_1_386' title='bbox 748 2787 804 2820; x_wconf 91' lang='lat' dir='ltr'>sub</span> <span class='ocrx_word' id='word_1_387' title='bbox 815 2796 994 2820; x_wconf 81' lang='lat' dir='ltr'>tremorum</span> <span class='ocrx_word' id='word_1_388' title='bbox 1008 2785 1076 2827; x_wconf 90' lang='lat' dir='ltr'>spe-</span> 
     </span>
     <span class='ocr_line' id='line_1_54' title="bbox 67 2827 1078 2875; baseline -0.006 -7"><span class='ocrx_word' id='word_1_389' title='bbox 67 2839 117 2868; x_wconf 89' lang='lat' dir='ltr'>cie</span> <span class='ocrx_word' id='word_1_390' title='bbox 141 2835 194 2867; x_wconf 88' lang='lat' dir='ltr'>hic</span> <span class='ocrx_word' id='word_1_391' title='bbox 217 2842 346 2875; x_wconf 87' lang='lat' dir='ltr'>quoque</span> <span class='ocrx_word' id='word_1_392' title='bbox 369 2831 455 2864; x_wconf 88' lang='lat' dir='ltr'>vides</span> <span class='ocrx_word' id='word_1_393' title='bbox 480 2829 646 2864; x_wconf 77' lang='lat' dir='ltr'>acceffiffe.</span> <span class='ocrx_word' id='word_1_394' title='bbox 672 2831 859 2872; x_wconf 87' lang='lat' dir='ltr'>Eodemque</span> <span class='ocrx_word' id='word_1_395' title='bbox 879 2827 1006 2863; x_wconf 85' lang='lat' dir='ltr'>fortasse</span> <span class='ocrx_word' id='word_1_396' title='bbox 1029 2837 1078 2862; x_wconf 90' lang='lat' dir='ltr'>at-</span> 
     </span>
     <span class='ocr_line' id='line_1_55' title="bbox 72 2872 1076 2916; baseline -0.007 -5"><span class='ocrx_word' id='word_1_397' title='bbox 72 2879 176 2912; x_wconf 88' lang='lat' dir='ltr'>tinuit</span> <span class='ocrx_word' id='word_1_398' title='bbox 199 2886 270 2909; x_wconf 89' lang='lat' dir='ltr'>tum</span> <span class='ocrx_word' id='word_1_399' title='bbox 294 2876 523 2909; x_wconf 86' lang='lat' dir='ltr'>intestinorum</span> <span class='ocrx_word' id='word_1_400' title='bbox 544 2872 725 2913; x_wconf 82' lang='lat' dir='ltr'>distentio,</span> <span class='ocrx_word' id='word_1_401' title='bbox 748 2883 818 2907; x_wconf 88' lang='lat' dir='ltr'>tum</span> <span class='ocrx_word' id='word_1_402' title='bbox 856 2884 912 2916; x_wconf 91' lang='lat' dir='ltr'>per</span> <span class='ocrx_word' id='word_1_403' title='bbox 934 2883 1076 2906; x_wconf 85' lang='lat' dir='ltr'>remora-</span> 
     </span>
     <span class='ocr_line' id='line_1_56' title="bbox 72 2917 1076 2961; baseline -0.006 -5"><span class='ocrx_word' id='word_1_404' title='bbox 72 2932 146 2956; x_wconf 86' lang='lat' dir='ltr'>tum</span> <span class='ocrx_word' id='word_1_405' title='bbox 172 2920 356 2961; x_wconf 86' lang='lat' dir='ltr'>sanguinis,</span> <span class='ocrx_word' id='word_1_406' title='bbox 379 2928 440 2961; x_wconf 31' lang='lat' dir='ltr'>aut·</span> <span class='ocrx_word' id='word_1_407' title='bbox 456 2918 597 2960; x_wconf 84' lang='lat' dir='ltr'>lymphae</span> <span class='ocrx_word' id='word_1_408' title='bbox 611 2927 737 2950; x_wconf 89' lang='lat' dir='ltr'>motum</span> <span class='ocrx_word' id='word_1_409' title='bbox 751 2942 761 2958; x_wconf 89' lang='lat'>‚</span> <span class='ocrx_word' id='word_1_410' title='bbox 784 2917 843 2951; x_wconf 83' lang='lat' dir='ltr'>seri</span> <span class='ocrx_word' id='word_1_411' title='bbox 866 2918 899 2949; x_wconf 92' lang='lat' dir='ltr'>in</span> <span class='ocrx_word' id='word_1_412' title='bbox 913 2925 1053 2950; x_wconf 89' lang='lat' dir='ltr'>ventrem</span> <span class='ocrx_word' id='word_1_413' title='bbox 1067 2940 1076 2956; x_wconf 89' lang='lat'>,</span> 
     </span>
     <span class='ocr_line' id='line_1_57' title="bbox 70 2961 511 2999; baseline -0.009 -1"><span class='ocrx_word' id='word_1_414' title='bbox 70 2968 106 2999; x_wconf 69' lang='grc' dir='ltr'>ἃ</span> <span class='ocrx_word' id='word_1_415' title='bbox 129 2968 163 2999; x_wconf 88' lang='lat' dir='ltr'>in</span> <span class='ocrx_word' id='word_1_416' title='bbox 188 2963 353 2996; x_wconf 85' lang='lat' dir='ltr'>thoracem</span> <span class='ocrx_word' id='word_1_417' title='bbox 379 2961 511 2995; x_wconf 87' lang='lat' dir='ltr'>effusio.</span> 
     </span>
    </p>

    <p class='ocr_par' dir='ltr' id='par_1_10' title="bbox 64 3001 1073 3568">
     <span class='ocr_line' id='line_1_58' title="bbox 113 3001 1073 3054; baseline -0.004 -15"><span class='ocrx_word' id='word_1_418' title='bbox 113 3022 147 3054; x_wconf 79' lang='lat'>4,</span> <span class='ocrx_word' id='word_1_419' title='bbox 171 3008 259 3041; x_wconf 80' lang='lat' dir='ltr'>VIR</span> <span class='ocrx_word' id='word_1_420' title='bbox 284 3016 380 3039; x_wconf 89' lang='lat' dir='ltr'>annos</span> <span class='ocrx_word' id='word_1_421' title='bbox 403 3014 494 3038; x_wconf 90' lang='lat' dir='ltr'>natus</span> <span class='ocrx_word' id='word_1_422' title='bbox 516 3004 729 3048; x_wconf 83' lang='lat' dir='ltr'>quadraginta</span> <span class='ocrx_word' id='word_1_423' title='bbox 745 3025 755 3040; x_wconf 93' lang='lat'>‚</span> <span class='ocrx_word' id='word_1_424' title='bbox 778 3003 937 3046; x_wconf 84' lang='lat' dir='ltr'>plumbeis</span> <span class='ocrx_word' id='word_1_425' title='bbox 960 3014 976 3036; x_wconf 92' lang='lat' dir='ltr'>e</span> <span class='ocrx_word' id='word_1_426' title='bbox 991 3001 1073 3036; x_wconf 89' lang='lat' dir='ltr'>sclo-</span> 
     </span>
     <span class='ocr_line' id='line_1_59' title="bbox 64 3046 1073 3101; baseline -0.007 -16"><span class='ocrx_word' id='word_1_427' title='bbox 64 3069 110 3101; x_wconf 64' lang='grc' dir='ltr'>ρο</span> <span class='ocrx_word' id='word_1_428' title='bbox 133 3052 281 3088; x_wconf 80' lang='lat' dir='ltr'>corninus</span> <span class='ocrx_word' id='word_1_429' title='bbox 303 3048 469 3090; x_wconf 82' lang='lat' dir='ltr'>ejaculatis</span> <span class='ocrx_word' id='word_1_430' title='bbox 502 3047 645 3081; x_wconf 84' lang='lat' dir='ltr'>frustulis</span> <span class='ocrx_word' id='word_1_431' title='bbox 669 3047 707 3080; x_wconf 87' lang='lat' dir='ltr'>ad</span> <span class='ocrx_word' id='word_1_432' title='bbox 729 3046 854 3080; x_wconf 84' lang='lat' dir='ltr'>dexteri</span> <span class='ocrx_word' id='word_1_433' title='bbox 884 3046 956 3080; x_wconf 84' lang='lat' dir='ltr'>offis</span> <span class='ocrx_word' id='word_1_434' title='bbox 979 3047 1073 3079; x_wconf 87' lang='lat' dir='ltr'>ilium</span> 
     </span>
     <span class='ocr_line' id='line_1_60' title="bbox 69 3089 1073 3140; baseline -0.006 -11"><span class='ocrx_word' id='word_1_435' title='bbox 69 3098 252 3140; x_wconf 77' lang='lat' dir='ltr'>marginem</span> <span class='ocrx_word' id='word_1_436' title='bbox 278 3093 483 3126; x_wconf 87' lang='lat' dir='ltr'>vulneratur.</span> <span class='ocrx_word' id='word_1_437' title='bbox 507 3091 609 3124; x_wconf 87' lang='lat' dir='ltr'>Nulla</span> <span class='ocrx_word' id='word_1_438' title='bbox 634 3091 776 3133; x_wconf 88' lang='lat' dir='ltr'>primum</span> <span class='ocrx_word' id='word_1_439' title='bbox 800 3098 953 3132; x_wconf 88' lang='lat' dir='ltr'>apparent</span> <span class='ocrx_word' id='word_1_440' title='bbox 986 3089 1073 3131; x_wconf 84' lang='lat' dir='ltr'>sym-</span> 
     </span>
     <span class='ocr_line' id='line_1_61' title="bbox 68 3132 1072 3187; baseline -0.01 -12"><span class='ocrx_word' id='word_1_441' title='bbox 68 3143 215 3187; x_wconf 66' lang='lat' dir='ltr'>pto‘mata</span> <span class='ocrx_word' id='word_1_442' title='bbox 230 3161 237 3169; x_wconf 94' lang='lat'><strong><em>.</em></strong></span> <span class='ocrx_word' id='word_1_443' title='bbox 261 3134 443 3169; x_wconf 88' lang='lat' dir='ltr'>Nonnullis</span> <span class='ocrx_word' id='word_1_444' title='bbox 467 3144 573 3168; x_wconf 89' lang='lat' dir='ltr'>autem</span> <span class='ocrx_word' id='word_1_445' title='bbox 598 3134 667 3176; x_wconf 89' lang='lat' dir='ltr'>post</span> <span class='ocrx_word' id='word_1_446' title='bbox 689 3134 802 3167; x_wconf 86' lang='lat' dir='ltr'>diebus</span> <span class='ocrx_word' id='word_1_447' title='bbox 825 3155 835 3171; x_wconf 86' lang='lat'>,</span> <span class='ocrx_word' id='word_1_448' title='bbox 867 3132 965 3166; x_wconf 90' lang='lat' dir='ltr'>febris</span> <span class='ocrx_word' id='word_1_449' title='bbox 997 3144 1072 3166; x_wconf 90' lang='lat' dir='ltr'>curn</span> 
     </span>
     <span class='ocr_line' id='line_1_62' title="bbox 67 3175 1071 3222; baseline -0.011 -1"><span class='ocrx_word' id='word_1_450' title='bbox 67 3188 214 3221; x_wconf 78' lang='lat' dir='ltr'>maximo</span> <span class='ocrx_word' id='word_1_451' title='bbox 239 3181 346 3222; x_wconf 87' lang='lat' dir='ltr'>rigore</span> <span class='ocrx_word' id='word_1_452' title='bbox 368 3177 515 3217; x_wconf 85' lang='lat' dir='ltr'>invadit,</span> <span class='ocrx_word' id='word_1_453' title='bbox 541 3181 572 3212; x_wconf 75' lang='grc' dir='ltr'>δι</span> <span class='ocrx_word' id='word_1_454' title='bbox 594 3177 743 3221; x_wconf 84' lang='lat' dir='ltr'>quotidie</span> <span class='ocrx_word' id='word_1_455' title='bbox 766 3177 902 3210; x_wconf 87' lang='lat' dir='ltr'>recurrit</span> <span class='ocrx_word' id='word_1_456' title='bbox 928 3201 937 3215; x_wconf 96' lang='lat'><em>‚</em></span> <span class='ocrx_word' id='word_1_457' title='bbox 968 3175 1071 3210; x_wconf 91' lang='lat' dir='ltr'>donec</span> 
     </span>
     <span class='ocr_line' id='line_1_63' title="bbox 67 3220 1072 3264; baseline -0.013 0"><span class='ocrx_word' id='word_1_458' title='bbox 67 3233 153 3264; x_wconf 82' lang='lat' dir='ltr'>circa</span> <span class='ocrx_word' id='word_1_459' title='bbox 178 3227 266 3259; x_wconf 86' lang='lat' dir='ltr'>diem</span> <span class='ocrx_word' id='word_1_460' title='bbox 289 3222 630 3264; x_wconf 76' lang='lat' dir='ltr'>decimumquartum,</span> <span class='ocrx_word' id='word_1_461' title='bbox 655 3231 730 3255; x_wconf 87' lang='lat' dir='ltr'>cum</span> <span class='ocrx_word' id='word_1_462' title='bbox 754 3221 866 3254; x_wconf 86' lang='lat' dir='ltr'>triduo</span> <span class='ocrx_word' id='word_1_463' title='bbox 890 3220 1006 3252; x_wconf 86' lang='lat' dir='ltr'>ultimo</span> <span class='ocrx_word' id='word_1_464' title='bbox 1018 3231 1072 3252; x_wconf 78' lang='lat' dir='ltr'>an-</span> 
     </span>
     <span class='ocr_line' id='line_1_64' title="bbox 67 3262 1070 3308; baseline -0.011 -1"><span class='ocrx_word' id='word_1_465' title='bbox 67 3274 160 3308; x_wconf 87' lang='lat' dir='ltr'>helus</span> <span class='ocrx_word' id='word_1_466' title='bbox 181 3267 315 3306; x_wconf 77' lang='lat' dir='ltr'>fuisset,</span> <span class='ocrx_word' id='word_1_467' title='bbox 338 3275 420 3306; x_wconf 67' lang='lat' dir='ltr'>aeger</span> <span class='ocrx_word' id='word_1_468' title='bbox 445 3267 605 3302; x_wconf 84' lang='lat' dir='ltr'>moritur,</span> <span class='ocrx_word' id='word_1_469' title='bbox 630 3275 694 3297; x_wconf 87' lang='lat' dir='ltr'>non</span> <span class='ocrx_word' id='word_1_470' title='bbox 730 3262 792 3296; x_wconf 87' lang='lat' dir='ltr'>sine</span> <span class='ocrx_word' id='word_1_471' title='bbox 827 3263 1070 3296; x_wconf 83' lang='lat' dir='ltr'>vulneratorum</span> 
     </span>
     <span class='ocr_line' id='line_1_65' title="bbox 66 3307 1071 3351; baseline -0.011 0"><span class='ocrx_word' id='word_1_472' title='bbox 66 3315 296 3351; x_wconf 86' lang='lat' dir='ltr'>intestinorum</span> <span class='ocrx_word' id='word_1_473' title='bbox 321 3308 496 3349; x_wconf 90' lang='lat' dir='ltr'>suspicione</span> <span class='ocrx_word' id='word_1_474' title='bbox 521 3314 690 3349; x_wconf 80' lang='lat' dir='ltr'>propterea</span> <span class='ocrx_word' id='word_1_475' title='bbox 702 3307 789 3349; x_wconf 87' lang='lat' dir='ltr'>quod</span> <span class='ocrx_word' id='word_1_476' title='bbox 800 3318 838 3340; x_wconf 88' lang='lat' dir='ltr'>ex</span> <span class='ocrx_word' id='word_1_477' title='bbox 862 3307 992 3339; x_wconf 87' lang='lat' dir='ltr'>vulnere</span> <span class='ocrx_word' id='word_1_478' title='bbox 1004 3317 1071 3340; x_wconf 89' lang='lat' dir='ltr'>ma-</span> 
     </span>
     <span class='ocr_line' id='line_1_66' title="bbox 67 3350 938 3396; baseline -0.013 -3"><span class='ocrx_word' id='word_1_479' title='bbox 67 3361 147 3393; x_wconf 85' lang='lat' dir='ltr'>teria</span> <span class='ocrx_word' id='word_1_480' title='bbox 175 3356 343 3396; x_wconf 82' lang='lat' dir='ltr'>prodierat</span> <span class='ocrx_word' id='word_1_481' title='bbox 366 3350 466 3384; x_wconf 88' lang='lat' dir='ltr'>ferme</span> <span class='ocrx_word' id='word_1_482' title='bbox 491 3350 603 3383; x_wconf 77' lang='lat' dir='ltr'>similis</span> <span class='ocrx_word' id='word_1_483' title='bbox 626 3352 688 3383; x_wconf 85' lang='lat' dir='ltr'>alvi</span> <span class='ocrx_word' id='word_1_484' title='bbox 711 3351 938 3383; x_wconf 84' lang='lat' dir='ltr'>recrementis.</span> 
     </span>
     <span class='ocr_line' id='line_1_67' title="bbox 67 3394 1070 3436; baseline -0.007 -2"><span class='ocrx_word' id='word_1_485' title='bbox 67 3398 272 3436; x_wconf 82' lang='lat' dir='ltr'>VULNUS</span> <span class='ocrx_word' id='word_1_486' title='bbox 299 3406 407 3429; x_wconf 89' lang='lat' dir='ltr'>tamen</span> <span class='ocrx_word' id='word_1_487' title='bbox 431 3396 463 3427; x_wconf 91' lang='lat' dir='ltr'>in</span> <span class='ocrx_word' id='word_1_488' title='bbox 488 3394 624 3427; x_wconf 86' lang='lat' dir='ltr'>Ventris</span> <span class='ocrx_word' id='word_1_489' title='bbox 644 3405 773 3427; x_wconf 86' lang='lat' dir='ltr'>caveam</span> <span class='ocrx_word' id='word_1_490' title='bbox 785 3404 848 3426; x_wconf 92' lang='lat' dir='ltr'>non</span> <span class='ocrx_word' id='word_1_491' title='bbox 861 3402 1070 3434; x_wconf 87' lang='lat' dir='ltr'>pervenerat,</span> 
     </span>
     <span class='ocr_line' id='line_1_68' title="bbox 67 3435 1070 3486; baseline -0.008 -9"><span class='ocrx_word' id='word_1_492' title='bbox 67 3444 226 3486; x_wconf 83' lang='lat' dir='ltr'>hujusque</span> <span class='ocrx_word' id='word_1_493' title='bbox 250 3449 339 3475; x_wconf 84' lang='lat' dir='ltr'>erant</span> <span class='ocrx_word' id='word_1_494' title='bbox 361 3439 470 3472; x_wconf 86' lang='lat' dir='ltr'>omnia</span> <span class='ocrx_word' id='word_1_495' title='bbox 493 3437 590 3470; x_wconf 82' lang='lat' dir='ltr'>illaesa</span> <span class='ocrx_word' id='word_1_496' title='bbox 615 3437 751 3470; x_wconf 89' lang='lat' dir='ltr'>viscera.</span> <span class='ocrx_word' id='word_1_497' title='bbox 776 3437 924 3470; x_wconf 88' lang='lat' dir='ltr'>Scatebat</span> <span class='ocrx_word' id='word_1_498' title='bbox 956 3435 1070 3469; x_wconf 86' lang='lat' dir='ltr'>vulnus</span> 
     </span>
     <span class='ocr_line' id='line_1_69' title="bbox 68 3479 1069 3533; baseline -0.01 -11"><span class='ocrx_word' id='word_1_499' title='bbox 68 3488 229 3533; x_wconf 86' lang='lat' dir='ltr'>plumbeis</span> <span class='ocrx_word' id='word_1_500' title='bbox 251 3481 391 3519; x_wconf 78' lang='lat' dir='ltr'>frustulis</span> <span class='ocrx_word' id='word_1_501' title='bbox 404 3505 414 3521; x_wconf 93' lang='lat'>,</span> <span class='ocrx_word' id='word_1_502' title='bbox 437 3491 507 3523; x_wconf 78' lang='lat' dir='ltr'>quae</span> <span class='ocrx_word' id='word_1_503' title='bbox 520 3482 699 3523; x_wconf 85' lang='lat' dir='ltr'>marginem</span> <span class='ocrx_word' id='word_1_504' title='bbox 712 3480 779 3523; x_wconf 84' lang='lat' dir='ltr'>ejus</span> <span class='ocrx_word' id='word_1_505' title='bbox 790 3481 879 3521; x_wconf 86' lang='lat' dir='ltr'>quod</span> <span class='ocrx_word' id='word_1_506' title='bbox 902 3479 1043 3513; x_wconf 83' lang='lat' dir='ltr'>diximus</span> <span class='ocrx_word' id='word_1_507' title='bbox 1056 3502 1069 3520; x_wconf 88' lang='lat'>,</span> 
     </span>
     <span class='ocr_line' id='line_1_70' title="bbox 68 3525 1061 3568; baseline -0.01 -1"><span class='ocrx_word' id='word_1_508' title='bbox 68 3532 142 3567; x_wconf 77' lang='lat' dir='ltr'>offis</span> <span class='ocrx_word' id='word_1_509' title='bbox 167 3530 321 3563; x_wconf 81' lang='lat' dir='ltr'>minutim</span> <span class='ocrx_word' id='word_1_510' title='bbox 345 3525 584 3568; x_wconf 78' lang='lat' dir='ltr'>perfregerant.</span> <span class='ocrx_word' id='word_1_511' title='bbox 1059 3554 1061 3557; x_wconf 94' lang='lat'>.</span> 
     </span>
    </p>

    <p class='ocr_par' dir='ltr' id='par_1_11' title="bbox 67 3565 1071 3697">
     <span class='ocr_line' id='line_1_71' title="bbox 113 3565 1071 3617; baseline -0.008 -10"><span class='ocrx_word' id='word_1_512' title='bbox 113 3585 143 3617; x_wconf 83' lang='lat'>5.</span> <span class='ocrx_word' id='word_1_513' title='bbox 170 3571 237 3607; x_wconf 86' lang='lat' dir='ltr'>Etsi</span> <span class='ocrx_word' id='word_1_514' title='bbox 260 3568 497 3604; x_wconf 74' lang='lat' dir='ltr'>val-saivahuic</span> <span class='ocrx_word' id='word_1_515' title='bbox 515 3565 748 3600; x_wconf 87' lang='lat' dir='ltr'>Observationi</span> <span class='ocrx_word' id='word_1_516' title='bbox 763 3566 843 3600; x_wconf 90' lang='lat' dir='ltr'>illud</span> <span class='ocrx_word' id='word_1_517' title='bbox 864 3565 1009 3606; x_wconf 79' lang='lat' dir='ltr'>addidit,</span> <span class='ocrx_word' id='word_1_518' title='bbox 1033 3578 1071 3599; x_wconf 89' lang='lat' dir='ltr'>ex</span> 
     </span>
     <span class='ocr_line' id='line_1_72' title="bbox 68 3609 1071 3653; baseline -0.011 0"><span class='ocrx_word' id='word_1_519' title='bbox 68 3618 164 3653; x_wconf 85' lang='lat' dir='ltr'>simili</span> <span class='ocrx_word' id='word_1_520' title='bbox 190 3617 317 3650; x_wconf 89' lang='lat' dir='ltr'>vulnere</span> <span class='ocrx_word' id='word_1_521' title='bbox 341 3614 374 3646; x_wconf 91' lang='lat' dir='ltr'>in</span> <span class='ocrx_word' id='word_1_522' title='bbox 398 3611 507 3645; x_wconf 86' lang='lat' dir='ltr'>eadem</span> <span class='ocrx_word' id='word_1_523' title='bbox 532 3621 619 3652; x_wconf 85' lang='lat' dir='ltr'>parte</span> <span class='ocrx_word' id='word_1_524' title='bbox 642 3611 805 3643; x_wconf 89' lang='lat' dir='ltr'>hominem</span> <span class='ocrx_word' id='word_1_525' title='bbox 830 3610 965 3643; x_wconf 86' lang='lat' dir='ltr'>alterum</span> <span class='ocrx_word' id='word_1_526' title='bbox 990 3611 1030 3642; x_wconf 87' lang='lat' dir='ltr'>ab</span> <span class='ocrx_word' id='word_1_527' title='bbox 1042 3609 1071 3642; x_wconf 85' lang='lat' dir='ltr'>se</span> 
     </span>
     <span class='ocr_line' id='line_1_73' title="bbox 67 3652 1067 3697; baseline -0.01 -1"><span class='ocrx_word' id='word_1_528' title='bbox 67 3663 172 3697; x_wconf 86' lang='lat' dir='ltr'>visum</span> <span class='ocrx_word' id='word_1_529' title='bbox 196 3659 254 3693; x_wconf 82' lang='lat' dir='ltr'>esse</span> <span class='ocrx_word' id='word_1_530' title='bbox 278 3667 443 3691; x_wconf 86' lang='lat' dir='ltr'>mortuum</span> <span class='ocrx_word' id='word_1_531' title='bbox 465 3677 474 3693; x_wconf 92' lang='lat'>,</span> <span class='ocrx_word' id='word_1_532' title='bbox 508 3653 571 3687; x_wconf 82' lang='lat' dir='ltr'>sine</span> <span class='ocrx_word' id='word_1_533' title='bbox 594 3654 657 3688; x_wconf 90' lang='lat' dir='ltr'>ulla</span> <span class='ocrx_word' id='word_1_534' title='bbox 683 3654 742 3685; x_wconf 83' lang='lat' dir='ltr'>alia</span> <span class='ocrx_word' id='word_1_535' title='bbox 776 3664 845 3694; x_wconf 77' lang='lat' dir='ltr'>quae</span> <span class='ocrx_word' id='word_1_536' title='bbox 877 3652 1067 3686; x_wconf 84' lang='lat' dir='ltr'>attendenda</span> 
     </span>
    </p>

    <p class='ocr_par' dir='ltr' id='par_1_12' title="bbox 153 3695 919 3745">
     <span class='ocr_line' id='line_1_74' title="bbox 153 3695 919 3745; baseline -0.012 -9"><span class='ocrx_word' id='word_1_537' title='bbox 153 3702 317 3745; x_wconf 73' lang='lat' dir='ltr'>Morgagni</span> <span class='ocrx_word' id='word_1_538' title='bbox 339 3701 372 3732; x_wconf 81' lang='lat' dir='ltr'>de</span> <span class='ocrx_word' id='word_1_539' title='bbox 387 3699 455 3731; x_wconf 86' lang='lat' dir='ltr'>Sed.</span> <span class='ocrx_word' id='word_1_540' title='bbox 480 3697 619 3739; x_wconf 64' lang='lat' dir='ltr'>&amp;Cauſs</span> <span class='ocrx_word' id='word_1_541' title='bbox 632 3695 731 3729; x_wconf 80' lang='lat' dir='ltr'>Morb.</span> <span class='ocrx_word' id='word_1_542' title='bbox 758 3697 857 3728; x_wconf 86' lang='lat' dir='ltr'>Tom.</span> <span class='ocrx_word' id='word_1_543' title='bbox 873 3698 919 3729; x_wconf 79' lang='grc' dir='ltr'>ΙΙ.</span> 
     </span>
    </p>
   </div>
   <div class='ocr_carea' id='block_1_5' title="bbox 1112 695 2136 3732">
    <p class='ocr_par' dir='ltr' id='par_1_13' title="bbox 1113 695 2126 1127">
     <span class='ocr_line' id='line_1_75' title="bbox 1116 695 2120 751; baseline -0.005 -14"><span class='ocrx_word' id='word_1_544' title='bbox 1116 702 1193 738; x_wconf 84' lang='lat' dir='ltr'>esset</span> <span class='ocrx_word' id='word_1_545' title='bbox 1216 726 1225 742; x_wconf 86' lang='lat'>‚</span> <span class='ocrx_word' id='word_1_546' title='bbox 1262 704 1411 743; x_wconf 69' lang='lat' dir='ltr'>laesione,</span> <span class='ocrx_word' id='word_1_547' title='bbox 1432 706 1464 737; x_wconf 75' lang='grc' dir='ltr'>δε</span> <span class='ocrx_word' id='word_1_548' title='bbox 1497 712 1534 738; x_wconf 88' lang='lat' dir='ltr'>tu</span> <span class='ocrx_word' id='word_1_549' title='bbox 1556 713 1696 746; x_wconf 86' lang='lat' dir='ltr'>quorum</span> <span class='ocrx_word' id='word_1_550' title='bbox 1729 695 2120 751; x_wconf 51' lang='lat' dir='ltr'>musculorumfendines</span> 
     </span>
     <span class='ocr_line' id='line_1_76' title="bbox 1116 744 2119 787; baseline -0.006 -6"><span class='ocrx_word' id='word_1_551' title='bbox 1116 748 1208 781; x_wconf 76' lang='lat' dir='ltr'>illinc</span> <span class='ocrx_word' id='word_1_552' title='bbox 1230 749 1379 783; x_wconf 87' lang='lat' dir='ltr'>oriantur</span> <span class='ocrx_word' id='word_1_553' title='bbox 1394 774 1403 787; x_wconf 89' lang='lat'>,</span> <span class='ocrx_word' id='word_1_554' title='bbox 1427 757 1480 782; x_wconf 89' lang='lat' dir='ltr'>aut</span> <span class='ocrx_word' id='word_1_555' title='bbox 1505 747 1582 781; x_wconf 89' lang='lat' dir='ltr'>illuc</span> <span class='ocrx_word' id='word_1_556' title='bbox 1605 744 1773 784; x_wconf 76' lang='lat' dir='ltr'>desinant,</span> <span class='ocrx_word' id='word_1_557' title='bbox 1798 746 1932 778; x_wconf 88' lang='lat' dir='ltr'>minime</span> <span class='ocrx_word' id='word_1_558' title='bbox 1954 748 2119 787; x_wconf 43' lang='lat' dir='ltr'>ignoras-5</span> 
     </span>
     <span class='ocr_line' id='line_1_77' title="bbox 1117 784 2123 832; baseline 0.001 -9"><span class='ocrx_word' id='word_1_559' title='bbox 1117 802 1155 824; x_wconf 83' lang='lat' dir='ltr'>ne</span> <span class='ocrx_word' id='word_1_560' title='bbox 1178 800 1284 825; x_wconf 90' lang='lat' dir='ltr'>tamen</span> <span class='ocrx_word' id='word_1_561' title='bbox 1309 792 1467 825; x_wconf 81' lang='lat' dir='ltr'>existimes</span> <span class='ocrx_word' id='word_1_562' title='bbox 1483 815 1492 831; x_wconf 90' lang='lat'>,</span> <span class='ocrx_word' id='word_1_563' title='bbox 1515 791 1548 824; x_wconf 89' lang='lat' dir='ltr'>id</span> <span class='ocrx_word' id='word_1_564' title='bbox 1569 790 1629 823; x_wconf 84' lang='lat' dir='ltr'>elle</span> <span class='ocrx_word' id='word_1_565' title='bbox 1664 799 1854 831; x_wconf 85' lang='lat' dir='ltr'>perpetuum</span> <span class='ocrx_word' id='word_1_566' title='bbox 1878 809 1887 824; x_wconf 55' lang='lat' dir='ltr'>s</span> <span class='ocrx_word' id='word_1_567' title='bbox 1920 784 2123 832; x_wconf 61' lang='lat' dir='ltr'>Observafffi</span> 
     </span>
     <span class='ocr_line' id='line_1_78' title="bbox 1116 826 2123 879; baseline -0.011 -12"><span class='ocrx_word' id='word_1_568' title='bbox 1116 833 1213 867; x_wconf 87' lang='lat' dir='ltr'>faciet</span> <span class='ocrx_word' id='word_1_569' title='bbox 1237 834 1441 876; x_wconf 85' lang='lat' dir='ltr'>Meekrenii‚</span> <span class='ocrx_word' id='word_1_570' title='bbox 1465 844 1537 879; x_wconf 84' lang='lat' dir='ltr'>quae</span> <span class='ocrx_word' id='word_1_571' title='bbox 1560 833 1610 867; x_wconf 89' lang='lat' dir='ltr'>vel</span> <span class='ocrx_word' id='word_1_572' title='bbox 1635 834 1667 865; x_wconf 93' lang='lat' dir='ltr'>in</span> <span class='ocrx_word' id='word_1_573' title='bbox 1693 831 1893 874; x_wconf 83' lang='lat' dir='ltr'>Sepulchreti</span> <span class='ocrx_word' id='word_1_574' title='bbox 1918 827 1974 877; x_wconf 73' lang='lat' dir='ltr'>isla</span> <span class='ocrx_word' id='word_1_575' title='bbox 1999 826 2123 859; x_wconf 74' lang='lat' dir='ltr'>Seetio-</span> 
     </span>
     <span class='ocr_line' id='line_1_79' title="bbox 1116 866 2121 921; baseline -0.011 -8"><span class='ocrx_word' id='word_1_576' title='bbox 1116 888 1155 910; x_wconf 87' lang='lat' dir='ltr'>ne</span> <span class='ocrx_word' id='word_1_577' title='bbox 1187 881 1200 918; x_wconf 91' lang='lat'>(</span> <span class='ocrx_word' id='word_1_578' title='bbox 1215 875 1243 921; x_wconf 88' lang='lat' dir='ltr'><em>f</em></span> <span class='ocrx_word' id='word_1_579' title='bbox 1257 882 1271 917; x_wconf 92' lang='lat'><em>)</em></span> <span class='ocrx_word' id='word_1_580' title='bbox 1294 879 1431 921; x_wconf 82' lang='lat' dir='ltr'>legitur.</span> <span class='ocrx_word' id='word_1_581' title='bbox 1458 878 1553 920; x_wconf 83' lang='lat' dir='ltr'>Spina</span> <span class='ocrx_word' id='word_1_582' title='bbox 1588 877 1695 914; x_wconf 88' lang='lat' dir='ltr'>enirn,</span> <span class='ocrx_word' id='word_1_583' title='bbox 1715 875 1783 918; x_wconf 69' lang='lat' dir='ltr'>sive</span> <span class='ocrx_word' id='word_1_584' title='bbox 1816 872 1979 916; x_wconf 81' lang='lat' dir='ltr'>appendlce</span> <span class='ocrx_word' id='word_1_585' title='bbox 2016 866 2121 910; x_wconf 82' lang='lat' dir='ltr'>offium</span> 
     </span>
     <span class='ocr_line' id='line_1_80' title="bbox 1113 911 2120 964; baseline -0.002 -10"><span class='ocrx_word' id='word_1_586' title='bbox 1113 920 1169 954; x_wconf 68' lang='lat' dir='ltr'>ilii</span> <span class='ocrx_word' id='word_1_587' title='bbox 1188 931 1207 953; x_wconf 86' lang='lat' dir='ltr'><em>a</em></span> <span class='ocrx_word' id='word_1_588' title='bbox 1226 920 1316 962; x_wconf 84' lang='lat' dir='ltr'>globo</span> <span class='ocrx_word' id='word_1_589' title='bbox 1338 921 1472 964; x_wconf 87' lang='lat' dir='ltr'>exploso</span> <span class='ocrx_word' id='word_1_590' title='bbox 1495 921 1527 954; x_wconf 89' lang='lat' dir='ltr'>in</span> <span class='ocrx_word' id='word_1_591' title='bbox 1549 920 1657 953; x_wconf 66' lang='lat' dir='ltr'>varias</span> <span class='ocrx_word' id='word_1_592' title='bbox 1688 926 1798 961; x_wconf 79' lang='lat' dir='ltr'>partes</span> <span class='ocrx_word' id='word_1_593' title='bbox 1829 914 1992 961; x_wconf 55' lang='lat' dir='ltr'>diffiufsa,</span> <span class='ocrx_word' id='word_1_594' title='bbox 2018 911 2120 945; x_wconf 77' lang='lat' dir='ltr'>homo</span> 
     </span>
     <span class='ocr_line' id='line_1_81' title="bbox 1113 955 2123 1007; baseline -0.003 -9"><span class='ocrx_word' id='word_1_595' title='bbox 1113 974 1180 998; x_wconf 87' lang='lat' dir='ltr'>non</span> <span class='ocrx_word' id='word_1_596' title='bbox 1205 963 1303 998; x_wconf 89' lang='lat' dir='ltr'>modo</span> <span class='ocrx_word' id='word_1_597' title='bbox 1324 974 1379 1007; x_wconf 86' lang='lat' dir='ltr'>per</span> <span class='ocrx_word' id='word_1_598' title='bbox 1403 967 1477 997; x_wconf 82' lang='lat' dir='ltr'><strong><em>XII.</em></strong></span> <span class='ocrx_word' id='word_1_599' title='bbox 1500 972 1535 997; x_wconf 90' lang='lat' dir='ltr'>ut</span> <span class='ocrx_word' id='word_1_600' title='bbox 1559 964 1593 995; x_wconf 90' lang='lat' dir='ltr'>in</span> <span class='ocrx_word' id='word_1_601' title='bbox 1628 960 1841 1006; x_wconf 87' lang='lat' dir='ltr'>Sepulchreto</span> <span class='ocrx_word' id='word_1_602' title='bbox 1874 959 1915 993; x_wconf 85' lang='lat' dir='ltr'>est</span> <span class='ocrx_word' id='word_1_603' title='bbox 1941 980 1951 996; x_wconf 74' lang='lat'><em>2</em></span> <span class='ocrx_word' id='word_1_604' title='bbox 1984 955 2036 1007; x_wconf 59' lang='lat' dir='ltr'>sed</span> <span class='ocrx_word' id='word_1_605' title='bbox 2065 963 2123 995; x_wconf 65' lang='lat' dir='ltr'>Fer</span> 
     </span>
     <span class='ocr_line' id='line_1_82' title="bbox 1118 999 2126 1050; baseline -0.009 -10"><span class='ocrx_word' id='word_1_606' title='bbox 1118 1018 1169 1050; x_wconf 86' lang='lat'>14.</span> <span class='ocrx_word' id='word_1_607' title='bbox 1186 1006 1378 1050; x_wconf 77' lang='lat' dir='ltr'>septimanas</span> <span class='ocrx_word' id='word_1_608' title='bbox 1399 1009 1508 1046; x_wconf 69' lang='lat' dir='ltr'>vixit,</span> <span class='ocrx_word' id='word_1_609' title='bbox 1532 1018 1571 1040; x_wconf 89' lang='lat' dir='ltr'>ne</span> <span class='ocrx_word' id='word_1_610' title='bbox 1595 1015 1673 1039; x_wconf 90' lang='lat' dir='ltr'>tunc</span> <span class='ocrx_word' id='word_1_611' title='bbox 1707 1006 1867 1046; x_wconf 85' lang='lat' dir='ltr'>quidem,</span> <span class='ocrx_word' id='word_1_612' title='bbox 1889 1011 1925 1035; x_wconf 87' lang='lat' dir='ltr'>ut</span> <span class='ocrx_word' id='word_1_613' title='bbox 1960 999 2090 1047; x_wconf 80' lang='lat' dir='ltr'>Videtur</span> <span class='ocrx_word' id='word_1_614' title='bbox 2114 1016 2126 1046; x_wconf 53' lang='grc' dir='ltr'><em>ξ</em></span> 
     </span>
     <span class='ocr_line' id='line_1_83' title="bbox 1115 1044 2125 1094; baseline -0.007 -10"><span class='ocrx_word' id='word_1_615' title='bbox 1115 1053 1316 1089; x_wconf 86' lang='lat' dir='ltr'>moriturus,</span> <span class='ocrx_word' id='word_1_616' title='bbox 1337 1050 1395 1084; x_wconf 82' lang='lat' dir='ltr'>nisi</span> <span class='ocrx_word' id='word_1_617' title='bbox 1421 1050 1539 1094; x_wconf 86' lang='lat' dir='ltr'>globus</span> <span class='ocrx_word' id='word_1_618' title='bbox 1561 1049 1621 1082; x_wconf 84' lang='lat' dir='ltr'>alia</span> <span class='ocrx_word' id='word_1_619' title='bbox 1645 1047 1788 1086; x_wconf 78' lang='lat' dir='ltr'>laesisset,</span> <span class='ocrx_word' id='word_1_620' title='bbox 1813 1044 1984 1089; x_wconf 90' lang='lat' dir='ltr'>gravisque</span> <span class='ocrx_word' id='word_1_621' title='bbox 2020 1049 2125 1075; x_wconf 73' lang='lat' dir='ltr'>animi</span> 
     </span>
     <span class='ocr_line' id='line_1_84' title="bbox 1120 1090 1797 1127; baseline -0.006 0"><span class='ocrx_word' id='word_1_622' title='bbox 1120 1093 1245 1127; x_wconf 88' lang='lat' dir='ltr'>subitus</span> <span class='ocrx_word' id='word_1_623' title='bbox 1269 1094 1398 1126; x_wconf 71' lang='lat' dir='ltr'>affeetus</span> <span class='ocrx_word' id='word_1_624' title='bbox 1422 1090 1588 1127; x_wconf 82' lang='lat' dir='ltr'>noviffime</span> <span class='ocrx_word' id='word_1_625' title='bbox 1612 1091 1797 1125; x_wconf 82' lang='lat' dir='ltr'>acceffisset.</span> 
     </span>
    </p>

    <p class='ocr_par' dir='ltr' id='par_1_14' title="bbox 1112 1128 2136 2659">
     <span class='ocr_line' id='line_1_85' title="bbox 1161 1128 2127 1182; baseline -0.007 -14"><span class='ocrx_word' id='word_1_626' title='bbox 1161 1139 1193 1168; x_wconf 89' lang='lat'>6.</span> <span class='ocrx_word' id='word_1_627' title='bbox 1213 1136 1418 1182; x_wconf 85' lang='lat' dir='ltr'>JUVENIS</span> <span class='ocrx_word' id='word_1_628' title='bbox 1441 1146 1539 1170; x_wconf 86' lang='lat' dir='ltr'>annos</span> <span class='ocrx_word' id='word_1_629' title='bbox 1560 1137 1628 1169; x_wconf 89' lang='lat' dir='ltr'>nati</span> <span class='ocrx_word' id='word_1_630' title='bbox 1652 1135 1772 1177; x_wconf 82' lang='lat' dir='ltr'>viginti</span> <span class='ocrx_word' id='word_1_631' title='bbox 1796 1142 1861 1167; x_wconf 85' lang='lat' dir='ltr'>tres</span> <span class='ocrx_word' id='word_1_632' title='bbox 1881 1131 2039 1166; x_wconf 83' lang='lat' dir='ltr'>abdomen</span> <span class='ocrx_word' id='word_1_633' title='bbox 2055 1128 2127 1179; x_wconf 76' lang='lat' dir='ltr'>sau-</span> 
     </span>
     <span class='ocr_line' id='line_1_86' title="bbox 1118 1177 2129 1221; baseline -0.009 -8"><span class='ocrx_word' id='word_1_634' title='bbox 1118 1181 1225 1214; x_wconf 85' lang='lat' dir='ltr'>ciatur</span> <span class='ocrx_word' id='word_1_635' title='bbox 1246 1179 1418 1213; x_wconf 84' lang='lat' dir='ltr'>intervallo</span> <span class='ocrx_word' id='word_1_636' title='bbox 1441 1179 1623 1221; x_wconf 81' lang='lat' dir='ltr'>digitorum</span> <span class='ocrx_word' id='word_1_637' title='bbox 1646 1177 1897 1211; x_wconf 84' lang='lat' dir='ltr'>transversorum</span> <span class='ocrx_word' id='word_1_638' title='bbox 1921 1183 2129 1218; x_wconf 85' lang='lat' dir='ltr'>quatuorin-</span> 
     </span>
     <span class='ocr_line' id='line_1_87' title="bbox 1112 1217 2127 1264; baseline -0.01 -7"><span class='ocrx_word' id='word_1_639' title='bbox 1112 1223 1168 1257; x_wconf 86' lang='lat' dir='ltr'>&#39;fra</span> <span class='ocrx_word' id='word_1_640' title='bbox 1191 1223 1386 1258; x_wconf 88' lang='lat' dir='ltr'>umbilicum</span> <span class='ocrx_word' id='word_1_641' title='bbox 1402 1248 1410 1257; x_wconf 92' lang='lat'>.</span> <span class='ocrx_word' id='word_1_642' title='bbox 1446 1222 1672 1264; x_wconf 84' lang='lat' dir='ltr'>Consequitur</span> <span class='ocrx_word' id='word_1_643' title='bbox 1705 1222 1849 1253; x_wconf 88' lang='lat' dir='ltr'>vomitus</span> <span class='ocrx_word' id='word_1_644' title='bbox 1874 1243 1881 1251; x_wconf 96' lang='lat'>.</span> <span class='ocrx_word' id='word_1_645' title='bbox 1916 1220 1969 1251; x_wconf 86' lang='lat' dir='ltr'>Ex</span> <span class='ocrx_word' id='word_1_646' title='bbox 1993 1217 2127 1249; x_wconf 86' lang='lat' dir='ltr'>vulnere</span> 
     </span>
     <span class='ocr_line' id='line_1_88' title="bbox 1119 1259 2127 1308; baseline -0.009 -8"><span class='ocrx_word' id='word_1_647' title='bbox 1119 1268 1187 1300; x_wconf 86' lang='lat' dir='ltr'>exit</span> <span class='ocrx_word' id='word_1_648' title='bbox 1210 1267 1334 1300; x_wconf 87' lang='lat' dir='ltr'>omenti</span> <span class='ocrx_word' id='word_1_649' title='bbox 1359 1267 1492 1308; x_wconf 89' lang='lat' dir='ltr'>portio,</span> <span class='ocrx_word' id='word_1_650' title='bbox 1517 1276 1588 1307; x_wconf 81' lang='lat' dir='ltr'>quae</span> <span class='ocrx_word' id='word_1_651' title='bbox 1612 1266 1698 1298; x_wconf 85' lang='lat' dir='ltr'>intra</span> <span class='ocrx_word' id='word_1_652' title='bbox 1722 1264 1850 1306; x_wconf 88' lang='lat' dir='ltr'>aliquot</span> <span class='ocrx_word' id='word_1_653' title='bbox 1874 1262 1940 1296; x_wconf 90' lang='lat' dir='ltr'>dies</span> <span class='ocrx_word' id='word_1_654' title='bbox 1964 1259 2045 1293; x_wconf 88' lang='lat' dir='ltr'>adeo</span> <span class='ocrx_word' id='word_1_655' title='bbox 2068 1270 2127 1293; x_wconf 91' lang='lat' dir='ltr'>co-</span> 
     </span>
     <span class='ocr_line' id='line_1_89' title="bbox 1121 1307 2128 1350; baseline -0.007 -8"><span class='ocrx_word' id='word_1_656' title='bbox 1121 1310 1210 1348; x_wconf 88' lang='lat' dir='ltr'>lore,</span> <span class='ocrx_word' id='word_1_657' title='bbox 1234 1312 1264 1343; x_wconf 86' lang='lat'>&amp;</span> <span class='ocrx_word' id='word_1_658' title='bbox 1287 1309 1402 1343; x_wconf 88' lang='lat' dir='ltr'>habitu</span> <span class='ocrx_word' id='word_1_659' title='bbox 1426 1319 1548 1343; x_wconf 88' lang='lat' dir='ltr'>mutata</span> <span class='ocrx_word' id='word_1_660' title='bbox 1559 1318 1624 1342; x_wconf 88' lang='lat' dir='ltr'>erat</span> <span class='ocrx_word' id='word_1_661' title='bbox 1641 1331 1649 1345; x_wconf 88' lang='lat'>,</span> <span class='ocrx_word' id='word_1_662' title='bbox 1673 1317 1709 1342; x_wconf 92' lang='lat' dir='ltr'>ut</span> <span class='ocrx_word' id='word_1_663' title='bbox 1721 1307 1923 1350; x_wconf 65' lang='lat' dir='ltr'>compaetam</span> <span class='ocrx_word' id='word_1_664' title='bbox 1934 1315 2061 1339; x_wconf 86' lang='lat' dir='ltr'>carnem</span> <span class='ocrx_word' id='word_1_665' title='bbox 2077 1314 2128 1338; x_wconf 80' lang='lat' dir='ltr'>re-</span> 
     </span>
     <span class='ocr_line' id='line_1_90' title="bbox 1120 1345 2131 1397; baseline -0.007 -11"><span class='ocrx_word' id='word_1_666' title='bbox 1120 1352 1217 1386; x_wconf 80' lang='lat' dir='ltr'>ferret</span> <span class='ocrx_word' id='word_1_667' title='bbox 1241 1378 1249 1385; x_wconf 89' lang='lat'>.</span> <span class='ocrx_word' id='word_1_668' title='bbox 1285 1352 1381 1386; x_wconf 88' lang='lat' dir='ltr'>Brevi</span> <span class='ocrx_word' id='word_1_669' title='bbox 1406 1352 1475 1395; x_wconf 89' lang='lat' dir='ltr'>post</span> <span class='ocrx_word' id='word_1_670' title='bbox 1498 1351 1613 1385; x_wconf 92' lang='lat' dir='ltr'>vulnus</span> <span class='ocrx_word' id='word_1_671' title='bbox 1635 1351 1798 1386; x_wconf 63' lang='lat' dir='ltr'>inflictum</span> <span class='ocrx_word' id='word_1_672' title='bbox 1824 1360 1970 1392; x_wconf 89' lang='lat' dir='ltr'>tempore</span> <span class='ocrx_word' id='word_1_673' title='bbox 2003 1345 2131 1397; x_wconf 81' lang='lat' dir='ltr'>accedit</span> 
     </span>
     <span class='ocr_line' id='line_1_91' title="bbox 1121 1389 2130 1430; baseline -0.008 0"><span class='ocrx_word' id='word_1_674' title='bbox 1121 1395 1305 1430; x_wconf 75' lang='lat' dir='ltr'>diarrhoea.</span> <span class='ocrx_word' id='word_1_675' title='bbox 1329 1398 1454 1430; x_wconf 82' lang='lat' dir='ltr'>Interea</span> <span class='ocrx_word' id='word_1_676' title='bbox 1478 1395 1635 1429; x_wconf 83' lang='lat' dir='ltr'>abdomen</span> <span class='ocrx_word' id='word_1_677' title='bbox 1659 1397 1838 1429; x_wconf 84' lang='lat' dir='ltr'>naturalem</span> <span class='ocrx_word' id='word_1_678' title='bbox 1858 1394 1959 1427; x_wconf 91' lang='lat' dir='ltr'>servat</span> <span class='ocrx_word' id='word_1_679' title='bbox 1971 1389 2130 1425; x_wconf 78' lang='lat' dir='ltr'>constitu-</span> 
     </span>
     <span class='ocr_line' id='line_1_92' title="bbox 1124 1434 2130 1484; baseline -0.008 -11"><span class='ocrx_word' id='word_1_680' title='bbox 1124 1442 1269 1477; x_wconf 84' lang='lat' dir='ltr'>tionem,</span> <span class='ocrx_word' id='word_1_681' title='bbox 1292 1439 1313 1472; x_wconf 82' lang='lat' dir='ltr'>fi</span> <span class='ocrx_word' id='word_1_682' title='bbox 1338 1450 1464 1482; x_wconf 84' lang='lat' dir='ltr'>partem</span> <span class='ocrx_word' id='word_1_683' title='bbox 1488 1439 1711 1480; x_wconf 81' lang='lat' dir='ltr'>superiorem,</span> <span class='ocrx_word' id='word_1_684' title='bbox 1735 1437 1920 1473; x_wconf 91' lang='lat' dir='ltr'>ventriculo</span> <span class='ocrx_word' id='word_1_685' title='bbox 1933 1434 2130 1484; x_wconf 81' lang='lat' dir='ltr'>responden-</span> 
     </span>
     <span class='ocr_line' id='line_1_93' title="bbox 1124 1476 2131 1525; baseline -0.006 -9"><span class='ocrx_word' id='word_1_686' title='bbox 1124 1494 1212 1523; x_wconf 88' lang='lat' dir='ltr'>tem,</span> <span class='ocrx_word' id='word_1_687' title='bbox 1235 1484 1395 1525; x_wconf 85' lang='lat' dir='ltr'>excipias,</span> <span class='ocrx_word' id='word_1_688' title='bbox 1419 1494 1490 1524; x_wconf 81' lang='lat' dir='ltr'>quae</span> <span class='ocrx_word' id='word_1_689' title='bbox 1514 1482 1630 1515; x_wconf 90' lang='lat' dir='ltr'>leviter</span> <span class='ocrx_word' id='word_1_690' title='bbox 1663 1481 1848 1515; x_wconf 83' lang='lat' dir='ltr'>intumescit</span> <span class='ocrx_word' id='word_1_691' title='bbox 1873 1491 1894 1513; x_wconf 52' lang='lat' dir='ltr'><strong>a</strong></span> <span class='ocrx_word' id='word_1_692' title='bbox 1915 1480 1978 1511; x_wconf 84' lang='lat' dir='ltr'>His</span> <span class='ocrx_word' id='word_1_693' title='bbox 2014 1476 2131 1511; x_wconf 83' lang='lat' dir='ltr'>demde</span> 
     </span>
     <span class='ocr_line' id='line_1_94' title="bbox 1124 1521 2132 1567; baseline -0.006 -6"><span class='ocrx_word' id='word_1_694' title='bbox 1124 1529 1262 1561; x_wconf 84' lang='lat' dir='ltr'>comites</span> <span class='ocrx_word' id='word_1_695' title='bbox 1285 1525 1315 1559; x_wconf 90' lang='lat' dir='ltr'>se</span> <span class='ocrx_word' id='word_1_696' title='bbox 1340 1525 1460 1558; x_wconf 85' lang='lat' dir='ltr'>addunt</span> <span class='ocrx_word' id='word_1_697' title='bbox 1485 1524 1828 1567; x_wconf 85' lang='lat' dir='ltr'>spirandidifficultas‚</span> <span class='ocrx_word' id='word_1_698' title='bbox 1853 1527 1884 1557; x_wconf 71' lang='grc' dir='ltr'>δε</span> <span class='ocrx_word' id='word_1_699' title='bbox 1907 1521 1992 1556; x_wconf 74' lang='lat' dir='ltr'>tuffis</span> <span class='ocrx_word' id='word_1_700' title='bbox 2003 1522 2132 1555; x_wconf 74' lang='lat' dir='ltr'>creber-</span> 
     </span>
     <span class='ocr_line' id='line_1_95' title="bbox 1126 1568 2135 1612; baseline -0.011 -8"><span class='ocrx_word' id='word_1_701' title='bbox 1126 1572 1208 1604; x_wconf 89' lang='lat' dir='ltr'>rima</span> <span class='ocrx_word' id='word_1_702' title='bbox 1232 1581 1306 1603; x_wconf 90' lang='lat' dir='ltr'>cum</span> <span class='ocrx_word' id='word_1_703' title='bbox 1331 1570 1507 1612; x_wconf 86' lang='lat' dir='ltr'>purulentae</span> <span class='ocrx_word' id='word_1_704' title='bbox 1532 1570 1676 1601; x_wconf 68' lang='lat' dir='ltr'>materiae</span> <span class='ocrx_word' id='word_1_705' title='bbox 1701 1568 1986 1609; x_wconf 73' lang='lat' dir='ltr'>expeetoratione,</span> <span class='ocrx_word' id='word_1_706' title='bbox 2011 1568 2041 1597; x_wconf 73' lang='grc' dir='ltr'>δι</span> <span class='ocrx_word' id='word_1_707' title='bbox 2066 1576 2135 1597; x_wconf 64' lang='lat' dir='ltr'>mo-</span> 
     </span>
     <span class='ocr_line' id='line_1_96' title="bbox 1125 1608 2132 1653; baseline -0.008 -6"><span class='ocrx_word' id='word_1_708' title='bbox 1125 1613 1288 1648; x_wconf 86' lang='lat' dir='ltr'>lestiffimo</span> <span class='ocrx_word' id='word_1_709' title='bbox 1312 1614 1346 1646; x_wconf 90' lang='lat' dir='ltr'>in</span> <span class='ocrx_word' id='word_1_710' title='bbox 1369 1612 1499 1645; x_wconf 82' lang='lat' dir='ltr'>dextera</span> <span class='ocrx_word' id='word_1_711' title='bbox 1522 1610 1662 1644; x_wconf 82' lang='lat' dir='ltr'>thoracis</span> <span class='ocrx_word' id='word_1_712' title='bbox 1685 1621 1775 1653; x_wconf 86' lang='lat' dir='ltr'>parte</span> <span class='ocrx_word' id='word_1_713' title='bbox 1811 1610 1926 1643; x_wconf 82' lang='lat' dir='ltr'>dolore</span> <span class='ocrx_word' id='word_1_714' title='bbox 1953 1632 1960 1639; x_wconf 88' lang='lat'>.</span> <span class='ocrx_word' id='word_1_715' title='bbox 2000 1608 2132 1649; x_wconf 78' lang='lat' dir='ltr'>Qibus</span> 
     </span>
     <span class='ocr_line' id='line_1_97' title="bbox 1125 1650 2134 1697; baseline -0.008 -5"><span class='ocrx_word' id='word_1_716' title='bbox 1125 1658 1327 1692; x_wconf 84' lang='lat' dir='ltr'>excruciatus</span> <span class='ocrx_word' id='word_1_717' title='bbox 1350 1666 1433 1697; x_wconf 76' lang='lat' dir='ltr'>aeger</span> <span class='ocrx_word' id='word_1_718' title='bbox 1467 1654 1596 1687; x_wconf 84' lang='lat' dir='ltr'>tandem</span> <span class='ocrx_word' id='word_1_719' title='bbox 1630 1656 1792 1688; x_wconf 87' lang='lat' dir='ltr'>moritur.</span> <span class='ocrx_word' id='word_1_720' title='bbox 1930 1650 2134 1685; x_wconf 72' lang='lat' dir='ltr'>VENTER</span> 
     </span>
     <span class='ocr_line' id='line_1_98' title="bbox 1124 1695 2136 1741; baseline -0.008 -5"><span class='ocrx_word' id='word_1_721' title='bbox 1124 1699 1266 1736; x_wconf 89' lang='lat' dir='ltr'>reclusus</span> <span class='ocrx_word' id='word_1_722' title='bbox 1287 1699 1412 1733; x_wconf 83' lang='lat' dir='ltr'>nullam</span> <span class='ocrx_word' id='word_1_723' title='bbox 1437 1697 1681 1741; x_wconf 65' lang='lat' dir='ltr'>prirnoaspet‘tu</span> <span class='ocrx_word' id='word_1_724' title='bbox 1705 1697 1843 1731; x_wconf 86' lang='lat' dir='ltr'>ostendit</span> <span class='ocrx_word' id='word_1_725' title='bbox 1868 1695 2050 1730; x_wconf 83' lang='lat' dir='ltr'>laesionem.</span> <span class='ocrx_word' id='word_1_726' title='bbox 2074 1696 2136 1729; x_wconf 87' lang='lat' dir='ltr'>Sed</span> 
     </span>
     <span class='ocr_line' id='line_1_99' title="bbox 1125 1739 2132 1787; baseline -0.004 -9"><span class='ocrx_word' id='word_1_727' title='bbox 1125 1757 1203 1780; x_wconf 87' lang='lat' dir='ltr'>mox</span> <span class='ocrx_word' id='word_1_728' title='bbox 1226 1742 1398 1787; x_wconf 83' lang='lat' dir='ltr'>quaerendo</span> <span class='ocrx_word' id='word_1_729' title='bbox 1423 1741 1592 1783; x_wconf 80' lang='lat' dir='ltr'>purulenta</span> <span class='ocrx_word' id='word_1_730' title='bbox 1616 1743 1782 1775; x_wconf 82' lang='lat' dir='ltr'>invenitur</span> <span class='ocrx_word' id='word_1_731' title='bbox 1820 1739 1953 1774; x_wconf 79' lang='lat' dir='ltr'>materia</span> <span class='ocrx_word' id='word_1_732' title='bbox 1975 1760 1984 1776; x_wconf 90' lang='lat'>,</span> <span class='ocrx_word' id='word_1_733' title='bbox 2017 1749 2089 1780; x_wconf 75' lang='lat' dir='ltr'>quae</span> <span class='ocrx_word' id='word_1_734' title='bbox 2113 1751 2132 1773; x_wconf 80' lang='lat' dir='ltr'>a</span> 
     </span>
     <span class='ocr_line' id='line_1_100' title="bbox 1125 1783 2131 1826; baseline -0.007 -3"><span class='ocrx_word' id='word_1_735' title='bbox 1125 1789 1248 1823; x_wconf 82' lang='lat' dir='ltr'>dextris</span> <span class='ocrx_word' id='word_1_736' title='bbox 1270 1788 1355 1820; x_wconf 87' lang='lat' dir='ltr'>inter</span> <span class='ocrx_word' id='word_1_737' title='bbox 1378 1784 1560 1820; x_wconf 89' lang='lat' dir='ltr'>mesenterii</span> <span class='ocrx_word' id='word_1_738' title='bbox 1584 1807 1594 1823; x_wconf 92' lang='lat'>,</span> <span class='ocrx_word' id='word_1_739' title='bbox 1626 1787 1658 1818; x_wconf 89' lang='lat'>&amp;</span> <span class='ocrx_word' id='word_1_740' title='bbox 1690 1786 1858 1826; x_wconf 86' lang='lat' dir='ltr'>peritonaei</span> <span class='ocrx_word' id='word_1_741' title='bbox 1893 1783 2093 1816; x_wconf 84' lang='lat' dir='ltr'>membranas</span> <span class='ocrx_word' id='word_1_742' title='bbox 2121 1808 2131 1823; x_wconf 90' lang='lat'><strong>‚</strong></span> 
     </span>
     <span class='ocr_line' id='line_1_101' title="bbox 1127 1825 2134 1869; baseline -0.005 -4"><span class='ocrx_word' id='word_1_743' title='bbox 1127 1843 1194 1866; x_wconf 87' lang='lat' dir='ltr'>non</span> <span class='ocrx_word' id='word_1_744' title='bbox 1221 1830 1307 1866; x_wconf 85' lang='lat' dir='ltr'>secus</span> <span class='ocrx_word' id='word_1_745' title='bbox 1329 1842 1366 1865; x_wconf 84' lang='lat' dir='ltr'>ac</span> <span class='ocrx_word' id='word_1_746' title='bbox 1390 1827 1412 1863; x_wconf 81' lang='lat' dir='ltr'>fi</span> <span class='ocrx_word' id='word_1_747' title='bbox 1437 1829 1472 1861; x_wconf 89' lang='lat' dir='ltr'>in</span> <span class='ocrx_word' id='word_1_748' title='bbox 1496 1827 1646 1863; x_wconf 87' lang='lat' dir='ltr'>folliculo</span> <span class='ocrx_word' id='word_1_749' title='bbox 1669 1831 1918 1863; x_wconf 84' lang='lat' dir='ltr'>contineretur,</span> <span class='ocrx_word' id='word_1_750' title='bbox 1945 1825 2108 1869; x_wconf 84' lang='lat' dir='ltr'>stagnabat</span> <span class='ocrx_word' id='word_1_751' title='bbox 2124 1851 2134 1861; x_wconf 52' lang='lat' dir='ltr'>a</span> 
     </span>
     <span class='ocr_line' id='line_1_102' title="bbox 1128 1869 2133 1916; baseline -0.006 -7"><span class='ocrx_word' id='word_1_752' title='bbox 1128 1875 1211 1909; x_wconf 80' lang='lat' dir='ltr'>Haec</span> <span class='ocrx_word' id='word_1_753' title='bbox 1233 1875 1273 1908; x_wconf 86' lang='lat' dir='ltr'>ab</span> <span class='ocrx_word' id='word_1_754' title='bbox 1298 1878 1363 1907; x_wconf 89' lang='lat' dir='ltr'>imo</span> <span class='ocrx_word' id='word_1_755' title='bbox 1387 1873 1507 1908; x_wconf 89' lang='lat' dir='ltr'>ventris</span> <span class='ocrx_word' id='word_1_756' title='bbox 1531 1871 1630 1916; x_wconf 90' lang='lat' dir='ltr'>usque</span> <span class='ocrx_word' id='word_1_757' title='bbox 1653 1873 1691 1906; x_wconf 89' lang='lat' dir='ltr'>acl</span> <span class='ocrx_word' id='word_1_758' title='bbox 1715 1871 1925 1915; x_wconf 84' lang='lat' dir='ltr'>diaphragma</span> <span class='ocrx_word' id='word_1_759' title='bbox 1962 1869 2019 1903; x_wconf 80' lang='lat' dir='ltr'>sub</span> <span class='ocrx_word' id='word_1_760' title='bbox 2053 1870 2133 1913; x_wconf 82' lang='lat' dir='ltr'>jeci-</span> 
     </span>
     <span class='ocr_line' id='line_1_103' title="bbox 1125 1914 2134 1960; baseline -0.007 -7"><span class='ocrx_word' id='word_1_761' title='bbox 1125 1930 1202 1953; x_wconf 89' lang='lat' dir='ltr'>nore</span> <span class='ocrx_word' id='word_1_762' title='bbox 1227 1919 1255 1953; x_wconf 92' lang='lat' dir='ltr'>se</span> <span class='ocrx_word' id='word_1_763' title='bbox 1277 1916 1488 1953; x_wconf 84' lang='lat' dir='ltr'>extendebat.</span> <span class='ocrx_word' id='word_1_764' title='bbox 1623 1915 1787 1951; x_wconf 86' lang='lat' dir='ltr'>Thoracis</span> <span class='ocrx_word' id='word_1_765' title='bbox 1800 1926 1930 1960; x_wconf 79' lang='lat' dir='ltr'>quoque</span> <span class='ocrx_word' id='word_1_766' title='bbox 1940 1914 2134 1955; x_wconf 83' lang='lat' dir='ltr'>respondens</span> 
     </span>
     <span class='ocr_line' id='line_1_104' title="bbox 1127 1957 2133 2005; baseline -0.007 -8"><span class='ocrx_word' id='word_1_767' title='bbox 1127 1975 1221 1998; x_wconf 84' lang='lat' dir='ltr'>cavea</span> <span class='ocrx_word' id='word_1_768' title='bbox 1246 1963 1374 1996; x_wconf 74' lang='lat' dir='ltr'>deittera</span> <span class='ocrx_word' id='word_1_769' title='bbox 1400 1972 1465 1995; x_wconf 89' lang='lat' dir='ltr'>non</span> <span class='ocrx_word' id='word_1_770' title='bbox 1488 1960 1572 1996; x_wconf 90' lang='lat' dir='ltr'>idern</span> <span class='ocrx_word' id='word_1_771' title='bbox 1596 1961 1700 1996; x_wconf 64' lang='lat' dir='ltr'>modov</span> <span class='ocrx_word' id='word_1_772' title='bbox 1718 1973 1776 2005; x_wconf 87' lang='lat' dir='ltr'>pus</span> <span class='ocrx_word' id='word_1_773' title='bbox 1799 1959 1959 1998; x_wconf 89' lang='lat' dir='ltr'>habebat,</span> <span class='ocrx_word' id='word_1_774' title='bbox 1983 1957 2034 1993; x_wconf 89' lang='lat' dir='ltr'>sed</span> <span class='ocrx_word' id='word_1_775' title='bbox 2058 1958 2133 2000; x_wconf 88' lang='lat' dir='ltr'>ipso</span> 
     </span>
     <span class='ocr_line' id='line_1_105' title="bbox 1124 2001 2133 2049; baseline -0.006 -8"><span class='ocrx_word' id='word_1_776' title='bbox 1124 2007 1205 2041; x_wconf 88' lang='lat' dir='ltr'>adeo</span> <span class='ocrx_word' id='word_1_777' title='bbox 1228 2007 1428 2049; x_wconf 85' lang='lat' dir='ltr'>replebatur,</span> <span class='ocrx_word' id='word_1_778' title='bbox 1452 2013 1487 2039; x_wconf 89' lang='lat' dir='ltr'>ut</span> <span class='ocrx_word' id='word_1_779' title='bbox 1512 2007 1568 2038; x_wconf 88' lang='lat' dir='ltr'>vix</span> <span class='ocrx_word' id='word_1_780' title='bbox 1591 2006 1700 2039; x_wconf 90' lang='lat' dir='ltr'>cultro</span> <span class='ocrx_word' id='word_1_781' title='bbox 1722 2030 1731 2044; x_wconf 83' lang='lat'>‚</span> <span class='ocrx_word' id='word_1_782' title='bbox 1765 2004 1804 2039; x_wconf 84' lang='lat' dir='ltr'>ad</span> <span class='ocrx_word' id='word_1_783' title='bbox 1827 2003 1969 2037; x_wconf 82' lang='lat' dir='ltr'>sternum</span> <span class='ocrx_word' id='word_1_784' title='bbox 2003 2001 2133 2036; x_wconf 86' lang='lat' dir='ltr'>exscin-</span> 
     </span>
     <span class='ocr_line' id='line_1_106' title="bbox 1124 2048 2134 2090; baseline -0.004 -5"><span class='ocrx_word' id='word_1_785' title='bbox 1124 2050 1285 2090; x_wconf 89' lang='lat' dir='ltr'>dendum,</span> <span class='ocrx_word' id='word_1_786' title='bbox 1312 2052 1344 2083; x_wconf 90' lang='lat' dir='ltr'>in</span> <span class='ocrx_word' id='word_1_787' title='bbox 1369 2061 1438 2083; x_wconf 83' lang='lat' dir='ltr'>eam</span> <span class='ocrx_word' id='word_1_788' title='bbox 1460 2060 1590 2083; x_wconf 79' lang='lat' dir='ltr'>caveam</span> <span class='ocrx_word' id='word_1_789' title='bbox 1636 2048 1746 2083; x_wconf 55' lang='lat' dir='ltr'>adano</span> <span class='ocrx_word' id='word_1_790' title='bbox 1767 2069 1779 2086; x_wconf 84' lang='lat'>,</span> <span class='ocrx_word' id='word_1_791' title='bbox 1813 2059 1871 2090; x_wconf 92' lang='lat' dir='ltr'>pus</span> <span class='ocrx_word' id='word_1_792' title='bbox 1901 2057 1975 2087; x_wconf 88' lang='lat' dir='ltr'>cum</span> <span class='ocrx_word' id='word_1_793' title='bbox 2007 2048 2134 2090; x_wconf 82' lang='lat' dir='ltr'>impetu</span> 
     </span>
     <span class='ocr_line' id='line_1_107' title="bbox 1126 2090 2132 2137; baseline -0.004 -9"><span class='ocrx_word' id='word_1_794' title='bbox 1126 2093 1331 2137; x_wconf 83' lang='lat' dir='ltr'>prosiluerit.</span> <span class='ocrx_word' id='word_1_795' title='bbox 1357 2094 1408 2127; x_wconf 86' lang='lat' dir='ltr'>Eo</span> <span class='ocrx_word' id='word_1_796' title='bbox 1433 2095 1467 2126; x_wconf 89' lang='lat' dir='ltr'>in</span> <span class='ocrx_word' id='word_1_797' title='bbox 1492 2104 1568 2134; x_wconf 86' lang='lat' dir='ltr'>pure</span> <span class='ocrx_word' id='word_1_798' title='bbox 1592 2093 1778 2126; x_wconf 68' lang='lat' dir='ltr'>conti-aetus</span> <span class='ocrx_word' id='word_1_799' title='bbox 1800 2101 1866 2125; x_wconf 88' lang='lat' dir='ltr'>erat</span> <span class='ocrx_word' id='word_1_800' title='bbox 1880 2090 2016 2134; x_wconf 84' lang='lat' dir='ltr'>pulmo,</span> <span class='ocrx_word' id='word_1_801' title='bbox 2039 2091 2132 2125; x_wconf 84' lang='lat' dir='ltr'>colo-</span> 
     </span>
     <span class='ocr_line' id='line_1_108' title="bbox 1126 2135 2131 2179; baseline -0.002 -7"><span class='ocrx_word' id='word_1_802' title='bbox 1126 2148 1161 2172; x_wconf 88' lang='lat' dir='ltr'>re</span> <span class='ocrx_word' id='word_1_803' title='bbox 1184 2137 1222 2170; x_wconf 84' lang='lat' dir='ltr'>ad</span> <span class='ocrx_word' id='word_1_804' title='bbox 1247 2148 1353 2170; x_wconf 87' lang='lat' dir='ltr'>atrum</span> <span class='ocrx_word' id='word_1_805' title='bbox 1378 2146 1530 2179; x_wconf 84' lang='lat' dir='ltr'>vergens.</span> <span class='ocrx_word' id='word_1_806' title='bbox 1556 2135 1695 2169; x_wconf 85' lang='lat' dir='ltr'>Craffior</span> <span class='ocrx_word' id='word_1_807' title='bbox 1719 2146 1828 2170; x_wconf 89' lang='lat' dir='ltr'>autem</span> <span class='ocrx_word' id='word_1_808' title='bbox 1850 2135 1947 2169; x_wconf 86' lang='lat' dir='ltr'>sanies</span> <span class='ocrx_word' id='word_1_809' title='bbox 1961 2144 2027 2168; x_wconf 88' lang='lat' dir='ltr'>erat</span> <span class='ocrx_word' id='word_1_810' title='bbox 2045 2137 2131 2170; x_wconf 83' lang='lat' dir='ltr'>circa</span> 
     </span>
     <span class='ocr_line' id='line_1_109' title="bbox 1125 2178 2134 2224; baseline -0.002 -9"><span class='ocrx_word' id='word_1_811' title='bbox 1125 2181 1292 2215; x_wconf 85' lang='lat' dir='ltr'>dexteram</span> <span class='ocrx_word' id='word_1_812' title='bbox 1316 2180 1572 2224; x_wconf 86' lang='lat' dir='ltr'>diaphragmatis</span> <span class='ocrx_word' id='word_1_813' title='bbox 1596 2180 1803 2222; x_wconf 88' lang='lat' dir='ltr'>appendicem</span> <span class='ocrx_word' id='word_1_814' title='bbox 1828 2193 1838 2217; x_wconf 59' lang='grc' dir='ltr'>ς</span> <span class='ocrx_word' id='word_1_815' title='bbox 1870 2189 1905 2213; x_wconf 90' lang='lat' dir='ltr'>ut</span> <span class='ocrx_word' id='word_1_816' title='bbox 1930 2180 2014 2212; x_wconf 88' lang='lat' dir='ltr'>circa</span> <span class='ocrx_word' id='word_1_817' title='bbox 2050 2178 2134 2213; x_wconf 82' lang='lat' dir='ltr'>hanc</span> 
     </span>
     <span class='ocr_line' id='line_1_110' title="bbox 1126 2222 2135 2268; baseline -0.002 -10"><span class='ocrx_word' id='word_1_818' title='bbox 1126 2236 1184 2268; x_wconf 87' lang='lat' dir='ltr'>pus</span> <span class='ocrx_word' id='word_1_819' title='bbox 1206 2236 1244 2258; x_wconf 86' lang='lat' dir='ltr'>ex</span> <span class='ocrx_word' id='word_1_820' title='bbox 1269 2235 1381 2258; x_wconf 83' lang='lat' dir='ltr'>ventre</span> <span class='ocrx_word' id='word_1_821' title='bbox 1404 2226 1437 2257; x_wconf 89' lang='lat' dir='ltr'>in</span> <span class='ocrx_word' id='word_1_822' title='bbox 1462 2223 1651 2260; x_wconf 86' lang='lat' dir='ltr'>thoracem,</span> <span class='ocrx_word' id='word_1_823' title='bbox 1675 2223 1761 2266; x_wconf 81' lang='lat' dir='ltr'>quasi</span> <span class='ocrx_word' id='word_1_824' title='bbox 1789 2235 1843 2265; x_wconf 88' lang='lat' dir='ltr'>per</span> <span class='ocrx_word' id='word_1_825' title='bbox 1875 2222 1985 2256; x_wconf 91' lang='lat' dir='ltr'>colum</span> <span class='ocrx_word' id='word_1_826' title='bbox 2001 2245 2009 2258; x_wconf 91' lang='lat'>,</span> <span class='ocrx_word' id='word_1_827' title='bbox 2034 2223 2135 2265; x_wconf 81' lang='lat' dir='ltr'>traje-</span> 
     </span>
     <span class='ocr_line' id='line_1_111' title="bbox 1125 2266 2133 2309; baseline 0 -8"><span class='ocrx_word' id='word_1_828' title='bbox 1125 2269 1217 2302; x_wconf 69' lang='lat' dir='ltr'>&amp;um</span> <span class='ocrx_word' id='word_1_829' title='bbox 1241 2268 1300 2301; x_wconf 77' lang='lat' dir='ltr'>esse</span> <span class='ocrx_word' id='word_1_830' title='bbox 1324 2268 1485 2301; x_wconf 84' lang='lat' dir='ltr'>videretur</span> <span class='ocrx_word' id='word_1_831' title='bbox 1507 2288 1526 2304; x_wconf 72' lang='grc'>,,</span> <span class='ocrx_word' id='word_1_832' title='bbox 1550 2279 1626 2301; x_wconf 90' lang='lat' dir='ltr'>curn</span> <span class='ocrx_word' id='word_1_833' title='bbox 1650 2276 1739 2300; x_wconf 87' lang='lat' dir='ltr'>tanta</span> <span class='ocrx_word' id='word_1_834' title='bbox 1764 2266 1831 2309; x_wconf 80' lang='lat' dir='ltr'>ejus</span> <span class='ocrx_word' id='word_1_835' title='bbox 1860 2267 1953 2309; x_wconf 85' lang='lat' dir='ltr'>copia</span> <span class='ocrx_word' id='word_1_836' title='bbox 1986 2267 2025 2300; x_wconf 88' lang='lat' dir='ltr'>ad</span> <span class='ocrx_word' id='word_1_837' title='bbox 2049 2267 2133 2301; x_wconf 85' lang='lat' dir='ltr'>hanc</span> 
     </span>
     <span class='ocr_line' id='line_1_112' title="bbox 1124 2309 2135 2354; baseline 0 -10"><span class='ocrx_word' id='word_1_838' title='bbox 1124 2312 1291 2354; x_wconf 86' lang='lat' dir='ltr'>regionem</span> <span class='ocrx_word' id='word_1_839' title='bbox 1318 2311 1479 2353; x_wconf 87' lang='lat' dir='ltr'>superius,</span> <span class='ocrx_word' id='word_1_840' title='bbox 1501 2318 1596 2353; x_wconf 87' lang='lat' dir='ltr'>atque</span> <span class='ocrx_word' id='word_1_841' title='bbox 1608 2309 1740 2344; x_wconf 83' lang='lat' dir='ltr'>inferius</span> <span class='ocrx_word' id='word_1_842' title='bbox 1752 2310 1931 2352; x_wconf 84' lang='lat' dir='ltr'>stagnaret3</span> <span class='ocrx_word' id='word_1_843' title='bbox 1957 2311 2062 2344; x_wconf 88' lang='lat' dir='ltr'>nullus</span> <span class='ocrx_word' id='word_1_844' title='bbox 2076 2322 2135 2344; x_wconf 81' lang='lat' dir='ltr'>au·-</span> 
     </span>
     <span class='ocr_line' id='line_1_113' title="bbox 1124 2353 2130 2389; baseline 0 -1"><span class='ocrx_word' id='word_1_845' title='bbox 1124 2364 1190 2388; x_wconf 88' lang='lat' dir='ltr'>tem</span> <span class='ocrx_word' id='word_1_846' title='bbox 1214 2354 1364 2389; x_wconf 78' lang='lat' dir='ltr'>transitus</span> <span class='ocrx_word' id='word_1_847' title='bbox 1387 2354 1446 2389; x_wconf 89' lang='lat' dir='ltr'>sub</span> <span class='ocrx_word' id='word_1_848' title='bbox 1476 2353 1598 2388; x_wconf 88' lang='lat' dir='ltr'>sensum</span> <span class='ocrx_word' id='word_1_849' title='bbox 1630 2353 1756 2388; x_wconf 83' lang='lat' dir='ltr'>caderet</span> <span class='ocrx_word' id='word_1_850' title='bbox 1792 2353 1980 2387; x_wconf 85' lang='lat' dir='ltr'>manifesto.</span> <span class='ocrx_word' id='word_1_851' title='bbox 2005 2354 2130 2388; x_wconf 85' lang='lat' dir='ltr'>Eadem</span> 
     </span>
     <span class='ocr_line' id='line_1_114' title="bbox 1127 2396 2132 2440; baseline -0.001 -8"><span class='ocrx_word' id='word_1_852' title='bbox 1127 2396 1233 2432; x_wconf 83' lang='lat' dir='ltr'>effusae</span> <span class='ocrx_word' id='word_1_853' title='bbox 1258 2400 1396 2432; x_wconf 85' lang='lat' dir='ltr'>materiae</span> <span class='ocrx_word' id='word_1_854' title='bbox 1421 2398 1534 2440; x_wconf 89' lang='lat' dir='ltr'>copia,</span> <span class='ocrx_word' id='word_1_855' title='bbox 1558 2399 1726 2432; x_wconf 87' lang='lat' dir='ltr'>teterrimo</span> <span class='ocrx_word' id='word_1_856' title='bbox 1749 2409 1822 2432; x_wconf 86' lang='lat' dir='ltr'>cum</span> <span class='ocrx_word' id='word_1_857' title='bbox 1847 2396 1966 2430; x_wconf 86' lang='lat' dir='ltr'>foetore</span> <span class='ocrx_word' id='word_1_858' title='bbox 1989 2397 2132 2440; x_wconf 80' lang='lat' dir='ltr'>conjun-</span> 
     </span>
     <span class='ocr_line' id='line_1_115' title="bbox 1126 2439 2132 2484; baseline 0 -9"><span class='ocrx_word' id='word_1_859' title='bbox 1126 2443 1198 2482; x_wconf 75' lang='grc' dir='ltr'>ἃει,</span> <span class='ocrx_word' id='word_1_860' title='bbox 1222 2451 1292 2475; x_wconf 89' lang='lat' dir='ltr'>tum</span> <span class='ocrx_word' id='word_1_861' title='bbox 1313 2441 1346 2476; x_wconf 88' lang='lat' dir='ltr'>id</span> <span class='ocrx_word' id='word_1_862' title='bbox 1372 2439 1562 2484; x_wconf 67' lang='lat' dir='ltr'>diligentius</span> <span class='ocrx_word' id='word_1_863' title='bbox 1595 2440 1757 2484; x_wconf 85' lang='lat' dir='ltr'>inquirere</span> <span class='ocrx_word' id='word_1_864' title='bbox 1783 2440 1974 2482; x_wconf 85' lang='lat' dir='ltr'>prohibuit,</span> <span class='ocrx_word' id='word_1_865' title='bbox 1999 2452 2068 2475; x_wconf 79' lang='lat' dir='ltr'>tum</span> <span class='ocrx_word' id='word_1_866' title='bbox 2092 2442 2132 2475; x_wconf 86' lang='lat' dir='ltr'>il-</span> 
     </span>
     <span class='ocr_line' id='line_1_116' title="bbox 1127 2484 2131 2529; baseline 0 -11"><span class='ocrx_word' id='word_1_867' title='bbox 1127 2485 1183 2518; x_wconf 89' lang='lat' dir='ltr'>lud</span> <span class='ocrx_word' id='word_1_868' title='bbox 1205 2497 1356 2529; x_wconf 86' lang='lat' dir='ltr'>quoque,</span> <span class='ocrx_word' id='word_1_869' title='bbox 1379 2486 1462 2519; x_wconf 89' lang='lat' dir='ltr'>unde</span> <span class='ocrx_word' id='word_1_870' title='bbox 1484 2495 1613 2519; x_wconf 87' lang='lat' dir='ltr'>tantum</span> <span class='ocrx_word' id='word_1_871' title='bbox 1637 2484 1829 2528; x_wconf 76' lang='lat' dir='ltr'>provenisset</span> <span class='ocrx_word' id='word_1_872' title='bbox 1840 2485 1946 2526; x_wconf 85' lang='lat' dir='ltr'>puris,</span> <span class='ocrx_word' id='word_1_873' title='bbox 1973 2496 2049 2518; x_wconf 86' lang='lat' dir='ltr'>num</span> <span class='ocrx_word' id='word_1_874' title='bbox 2062 2484 2131 2518; x_wconf 78' lang='lat' dir='ltr'>for-</span> 
     </span>
     <span class='ocr_line' id='line_1_117' title="bbox 1128 2527 2129 2569; baseline 0 -7"><span class='ocrx_word' id='word_1_875' title='bbox 1128 2537 1160 2562; x_wconf 90' lang='lat' dir='ltr'>te</span> <span class='ocrx_word' id='word_1_876' title='bbox 1183 2540 1220 2562; x_wconf 86' lang='lat' dir='ltr'>ex</span> <span class='ocrx_word' id='word_1_877' title='bbox 1245 2530 1390 2563; x_wconf 84' lang='lat' dir='ltr'>laceratis</span> <span class='ocrx_word' id='word_1_878' title='bbox 1413 2528 1578 2562; x_wconf 87' lang='lat' dir='ltr'>nonnullis</span> <span class='ocrx_word' id='word_1_879' title='bbox 1610 2528 1793 2562; x_wconf 87' lang='lat' dir='ltr'>mesenterii</span> <span class='ocrx_word' id='word_1_880' title='bbox 1828 2527 2011 2569; x_wconf 85' lang='lat' dir='ltr'>glandulis,</span> <span class='ocrx_word' id='word_1_881' title='bbox 2036 2529 2129 2562; x_wconf 83' lang='lat' dir='ltr'>vasis-</span> 
     </span>
     <span class='ocr_line' id='line_1_118' title="bbox 1128 2570 2129 2615; baseline 0 -9"><span class='ocrx_word' id='word_1_882' title='bbox 1128 2584 1190 2614; x_wconf 88' lang='lat' dir='ltr'>que</span> <span class='ocrx_word' id='word_1_883' title='bbox 1214 2572 1381 2615; x_wconf 84' lang='lat' dir='ltr'>chyliferis</span> <span class='ocrx_word' id='word_1_884' title='bbox 1397 2597 1405 2611; x_wconf 93' lang='lat'>‚</span> <span class='ocrx_word' id='word_1_885' title='bbox 1427 2570 1559 2614; x_wconf 88' lang='lat' dir='ltr'>quando</span> <span class='ocrx_word' id='word_1_886' title='bbox 1584 2573 1669 2606; x_wconf 86' lang='lat' dir='ltr'>nulla</span> <span class='ocrx_word' id='word_1_887' title='bbox 1693 2571 1941 2613; x_wconf 86' lang='lat' dir='ltr'>intestinorum,</span> <span class='ocrx_word' id='word_1_888' title='bbox 1967 2581 2022 2605; x_wconf 87' lang='lat' dir='ltr'>aut</span> <span class='ocrx_word' id='word_1_889' title='bbox 2048 2575 2129 2607; x_wconf 86' lang='lat' dir='ltr'>alius</span> 
     </span>
     <span class='ocr_line' id='line_1_119' title="bbox 1128 2615 1702 2659; baseline 0.002 -10"><span class='ocrx_word' id='word_1_890' title='bbox 1128 2617 1228 2658; x_wconf 85' lang='lat' dir='ltr'>partis</span> <span class='ocrx_word' id='word_1_891' title='bbox 1252 2615 1337 2650; x_wconf 83' lang='lat' dir='ltr'>laesio</span> <span class='ocrx_word' id='word_1_892' title='bbox 1362 2624 1510 2659; x_wconf 85' lang='lat' dir='ltr'>potuerat</span> <span class='ocrx_word' id='word_1_893' title='bbox 1534 2617 1702 2650; x_wconf 71' lang='lat' dir='ltr'>inveniri:</span> 
     </span>
    </p>

    <p class='ocr_par' dir='ltr' id='par_1_15' title="bbox 1120 2659 2129 3732">
     <span class='ocr_line' id='line_1_120' title="bbox 1172 2659 2126 2704; baseline 0.001 -11"><span class='ocrx_word' id='word_1_894' title='bbox 1172 2669 1205 2702; x_wconf 86' lang='lat'>7.</span> <span class='ocrx_word' id='word_1_895' title='bbox 1229 2661 1318 2695; x_wconf 87' lang='lat' dir='ltr'>Cum</span> <span class='ocrx_word' id='word_1_896' title='bbox 1342 2660 1406 2702; x_wconf 85' lang='lat' dir='ltr'>ipse</span> <span class='ocrx_word' id='word_1_897' title='bbox 1429 2660 1485 2701; x_wconf 89' lang='lat' dir='ltr'>qui</span> <span class='ocrx_word' id='word_1_898' title='bbox 1510 2662 1673 2694; x_wconf 86' lang='lat' dir='ltr'>viventem</span> <span class='ocrx_word' id='word_1_899' title='bbox 1706 2659 1865 2704; x_wconf 84' lang='lat' dir='ltr'>Juvenem</span> <span class='ocrx_word' id='word_1_900' title='bbox 1902 2659 2025 2693; x_wconf 76' lang='lat' dir='ltr'>viderat</span> <span class='ocrx_word' id='word_1_901' title='bbox 2048 2686 2056 2700; x_wconf 90' lang='lat'>,</span> <span class='ocrx_word' id='word_1_902' title='bbox 2094 2663 2126 2694; x_wconf 83' lang='lat'>&amp;</span> 
     </span>
     <span class='ocr_line' id='line_1_121' title="bbox 1127 2702 2126 2746; baseline 0.001 -10"><span class='ocrx_word' id='word_1_903' title='bbox 1127 2713 1295 2737; x_wconf 84' lang='lat' dir='ltr'>mortuum</span> <span class='ocrx_word' id='word_1_904' title='bbox 1322 2703 1443 2742; x_wconf 88' lang='lat' dir='ltr'>secuit,</span> <span class='ocrx_word' id='word_1_905' title='bbox 1469 2703 1618 2737; x_wconf 81' lang='lat' dir='ltr'>Valsalva</span> <span class='ocrx_word' id='word_1_906' title='bbox 1643 2703 1714 2737; x_wconf 88' lang='lat' dir='ltr'>fieri</span> <span class='ocrx_word' id='word_1_907' title='bbox 1749 2702 1909 2746; x_wconf 79' lang='lat' dir='ltr'>potuisse,</span> <span class='ocrx_word' id='word_1_908' title='bbox 1933 2707 2063 2742; x_wconf 80' lang='lat' dir='ltr'>credat,</span> <span class='ocrx_word' id='word_1_909' title='bbox 2088 2713 2126 2737; x_wconf 85' lang='lat' dir='ltr'>ut</span> 
     </span>
     <span class='ocr_line' id='line_1_122' title="bbox 1128 2746 2126 2789; baseline -0.001 -10"><span class='ocrx_word' id='word_1_910' title='bbox 1128 2748 1243 2780; x_wconf 89' lang='lat' dir='ltr'>vulnus</span> <span class='ocrx_word' id='word_1_911' title='bbox 1267 2746 1303 2780; x_wconf 89' lang='lat' dir='ltr'>ad</span> <span class='ocrx_word' id='word_1_912' title='bbox 1323 2746 1546 2780; x_wconf 82' lang='lat' dir='ltr'>mesenteriurn</span> <span class='ocrx_word' id='word_1_913' title='bbox 1569 2749 1771 2789; x_wconf 85' lang='lat' dir='ltr'>pervenerit,</span> <span class='ocrx_word' id='word_1_914' title='bbox 1794 2746 1950 2779; x_wconf 72' lang='lat' dir='ltr'>intestinis</span> <span class='ocrx_word' id='word_1_915' title='bbox 1976 2747 2126 2781; x_wconf 82' lang='lat' dir='ltr'>videlicet</span> 
     </span>
     <span class='ocr_line' id='line_1_123' title="bbox 1129 2788 2127 2828; baseline 0 -5"><span class='ocrx_word' id='word_1_916' title='bbox 1129 2788 1208 2823; x_wconf 86' lang='lat' dir='ltr'>ferri</span> <span class='ocrx_word' id='word_1_917' title='bbox 1231 2801 1415 2824; x_wconf 84' lang='lat' dir='ltr'>mucronem</span> <span class='ocrx_word' id='word_1_918' title='bbox 1441 2788 1491 2823; x_wconf 87' lang='lat' dir='ltr'>sua</span> <span class='ocrx_word' id='word_1_919' title='bbox 1516 2791 1702 2824; x_wconf 87' lang='lat' dir='ltr'>lubricitate</span> <span class='ocrx_word' id='word_1_920' title='bbox 1737 2789 1996 2828; x_wconf 85' lang='lat' dir='ltr'>declinantibus,</span> <span class='ocrx_word' id='word_1_921' title='bbox 2023 2801 2058 2823; x_wconf 89' lang='lat' dir='ltr'>ut</span> <span class='ocrx_word' id='word_1_922' title='bbox 2095 2792 2127 2823; x_wconf 94' lang='lat' dir='ltr'>in</span> 
     </span>
     <span class='ocr_line' id='line_1_124' title="bbox 1130 2832 2129 2876; baseline 0.001 -10"><span class='ocrx_word' id='word_1_923' title='bbox 1130 2834 1293 2866; x_wconf 83' lang='lat' dir='ltr'>nonnullis</span> <span class='ocrx_word' id='word_1_924' title='bbox 1312 2833 1597 2872; x_wconf 80' lang='lat' dir='ltr'>transverberatis,</span> <span class='ocrx_word' id='word_1_925' title='bbox 1620 2835 1649 2866; x_wconf 77' lang='grc' dir='ltr'>δι</span> <span class='ocrx_word' id='word_1_926' title='bbox 1669 2832 1732 2866; x_wconf 85' lang='lat' dir='ltr'>sine</span> <span class='ocrx_word' id='word_1_927' title='bbox 1755 2834 1904 2875; x_wconf 77' lang='lat' dir='ltr'>gravibus</span> <span class='ocrx_word' id='word_1_928' title='bbox 1927 2832 2129 2876; x_wconf 86' lang='lat' dir='ltr'>symptoma-</span> 
     </span>
     <span class='ocr_line' id='line_1_125' title="bbox 1131 2875 2128 2923; baseline 0.002 -14"><span class='ocrx_word' id='word_1_929' title='bbox 1131 2877 1217 2910; x_wconf 90' lang='lat' dir='ltr'>tibus</span> <span class='ocrx_word' id='word_1_930' title='bbox 1240 2877 1330 2909; x_wconf 90' lang='lat' dir='ltr'>brevi</span> <span class='ocrx_word' id='word_1_931' title='bbox 1354 2875 1556 2918; x_wconf 86' lang='lat' dir='ltr'>feliciterque</span> <span class='ocrx_word' id='word_1_932' title='bbox 1582 2877 1696 2909; x_wconf 86' lang='lat' dir='ltr'>sanatis</span> <span class='ocrx_word' id='word_1_933' title='bbox 1720 2901 1729 2916; x_wconf 90' lang='lat'><em>‚</em></span> <span class='ocrx_word' id='word_1_934' title='bbox 1761 2887 1899 2923; x_wconf 77' lang='lat' dir='ltr'>quorum</span> <span class='ocrx_word' id='word_1_935' title='bbox 1924 2876 2061 2919; x_wconf 84' lang='lat' dir='ltr'>aliquem</span> <span class='ocrx_word' id='word_1_936' title='bbox 2093 2879 2128 2911; x_wconf 84' lang='lat' dir='ltr'>in</span> 
     </span>
     <span class='ocr_line' id='line_1_126' title="bbox 1125 2917 2127 2956; baseline -0.003 -3"><span class='ocrx_word' id='word_1_937' title='bbox 1125 2918 1188 2953; x_wconf 86' lang='lat' dir='ltr'>hoc</span> <span class='ocrx_word' id='word_1_938' title='bbox 1213 2920 1415 2953; x_wconf 87' lang='lat' dir='ltr'>Nosocomio</span> <span class='ocrx_word' id='word_1_939' title='bbox 1438 2920 1536 2952; x_wconf 85' lang='lat' dir='ltr'>etiarn</span> <span class='ocrx_word' id='word_1_940' title='bbox 1562 2919 1720 2955; x_wconf 84' lang='lat' dir='ltr'>vidimus,</span> <span class='ocrx_word' id='word_1_941' title='bbox 1744 2917 1865 2952; x_wconf 65' lang='lat' dir='ltr'>fafitum</span> <span class='ocrx_word' id='word_1_942' title='bbox 1878 2921 2001 2956; x_wconf 78' lang='lat' dir='ltr'>suerit,</span> <span class='ocrx_word' id='word_1_943' title='bbox 2026 2920 2127 2955; x_wconf 81' lang='lat' dir='ltr'>neces.</span> 
     </span>
     <span class='ocr_line' id='line_1_127' title="bbox 1127 2960 2126 3007; baseline 0.002 -12"><span class='ocrx_word' id='word_1_944' title='bbox 1127 2963 1157 2996; x_wconf 84' lang='lat' dir='ltr'>se</span> <span class='ocrx_word' id='word_1_945' title='bbox 1179 2960 1241 3001; x_wconf 75' lang='lat' dir='ltr'>ests</span> <span class='ocrx_word' id='word_1_946' title='bbox 1266 2962 1348 2996; x_wconf 91' lang='lat' dir='ltr'>nihil</span> <span class='ocrx_word' id='word_1_947' title='bbox 1370 2961 1502 3004; x_wconf 89' lang='lat' dir='ltr'>quidem</span> <span class='ocrx_word' id='word_1_948' title='bbox 1527 2963 1678 3003; x_wconf 84' lang='lat' dir='ltr'>prohibet</span> <span class='ocrx_word' id='word_1_949' title='bbox 1711 2963 1915 3004; x_wconf 84' lang='lat' dir='ltr'>intelligere,</span> <span class='ocrx_word' id='word_1_950' title='bbox 1940 2965 2024 2997; x_wconf 87' lang='lat' dir='ltr'>unde</span> <span class='ocrx_word' id='word_1_951' title='bbox 2060 2966 2126 3007; x_wconf 80' lang='lat' dir='ltr'>pri.</span> 
     </span>
     <span class='ocr_line' id='line_1_128' title="bbox 1128 3004 2128 3049; baseline 0.001 -8"><span class='ocrx_word' id='word_1_952' title='bbox 1128 3018 1219 3041; x_wconf 82' lang='lat' dir='ltr'>mum</span> <span class='ocrx_word' id='word_1_953' title='bbox 1251 3018 1308 3049; x_wconf 86' lang='lat' dir='ltr'>pus</span> <span class='ocrx_word' id='word_1_954' title='bbox 1344 3004 1474 3047; x_wconf 87' lang='lat' dir='ltr'>prodire</span> <span class='ocrx_word' id='word_1_955' title='bbox 1505 3008 1661 3047; x_wconf 72' lang='lat' dir='ltr'>coeperit.</span> <span class='ocrx_word' id='word_1_956' title='bbox 1793 3006 1868 3047; x_wconf 82' lang='lat' dir='ltr'>Qa</span> <span class='ocrx_word' id='word_1_957' title='bbox 1892 3016 1998 3040; x_wconf 87' lang='lat' dir='ltr'>autem</span> <span class='ocrx_word' id='word_1_958' title='bbox 2026 3010 2075 3041; x_wconf 88' lang='lat' dir='ltr'>via</span> <span class='ocrx_word' id='word_1_959' title='bbox 2111 3019 2128 3042; x_wconf 89' lang='lat' dir='ltr'>e</span> 
     </span>
     <span class='ocr_line' id='line_1_129' title="bbox 1127 3048 2129 3085; baseline 0.001 -1"><span class='ocrx_word' id='word_1_960' title='bbox 1127 3061 1237 3084; x_wconf 86' lang='lat' dir='ltr'>ventre</span> <span class='ocrx_word' id='word_1_961' title='bbox 1260 3051 1294 3082; x_wconf 90' lang='lat' dir='ltr'>in</span> <span class='ocrx_word' id='word_1_962' title='bbox 1317 3048 1482 3083; x_wconf 89' lang='lat' dir='ltr'>thoracem</span> <span class='ocrx_word' id='word_1_963' title='bbox 1506 3049 1686 3085; x_wconf 84' lang='lat' dir='ltr'>transierit,</span> <span class='ocrx_word' id='word_1_964' title='bbox 1710 3049 1870 3083; x_wconf 87' lang='lat' dir='ltr'>incertum</span> <span class='ocrx_word' id='word_1_965' title='bbox 1894 3050 1938 3082; x_wconf 82' lang='lat' dir='ltr'>est</span> <span class='ocrx_word' id='word_1_966' title='bbox 1963 3077 1970 3084; x_wconf 93' lang='lat'>.</span> <span class='ocrx_word' id='word_1_967' title='bbox 2005 3052 2042 3083; x_wconf 91' lang='lat' dir='ltr'>In</span> <span class='ocrx_word' id='word_1_968' title='bbox 2067 3051 2129 3085; x_wconf 93' lang='lat' dir='ltr'>ho-</span> 
     </span>
     <span class='ocr_line' id='line_1_130' title="bbox 1125 3092 2126 3135; baseline 0.001 -8"><span class='ocrx_word' id='word_1_969' title='bbox 1125 3096 1210 3127; x_wconf 88' lang='lat' dir='ltr'>mine</span> <span class='ocrx_word' id='word_1_970' title='bbox 1235 3095 1320 3125; x_wconf 84' lang='lat' dir='ltr'>enim</span> <span class='ocrx_word' id='word_1_971' title='bbox 1344 3094 1442 3125; x_wconf 81' lang='lat' dir='ltr'>etiam</span> <span class='ocrx_word' id='word_1_972' title='bbox 1467 3093 1600 3134; x_wconf 83' lang='lat' dir='ltr'>supino,</span> <span class='ocrx_word' id='word_1_973' title='bbox 1626 3093 1742 3125; x_wconf 85' lang='lat' dir='ltr'>nedum</span> <span class='ocrx_word' id='word_1_974' title='bbox 1765 3092 1808 3125; x_wconf 90' lang='lat' dir='ltr'>ob</span> <span class='ocrx_word' id='word_1_975' title='bbox 1832 3093 1970 3135; x_wconf 85' lang='lat' dir='ltr'>spirandi</span> <span class='ocrx_word' id='word_1_976' title='bbox 1984 3094 2126 3128; x_wconf 86' lang='lat' dir='ltr'>additam</span> 
     </span>
     <span class='ocr_line' id='line_1_131' title="bbox 1124 3134 2124 3181; baseline -0.002 -9"><span class='ocrx_word' id='word_1_977' title='bbox 1124 3137 1350 3172; x_wconf 81' lang='lat' dir='ltr'>difficultatem</span> <span class='ocrx_word' id='word_1_978' title='bbox 1372 3134 1414 3169; x_wconf 85' lang='lat' dir='ltr'>fic</span> <span class='ocrx_word' id='word_1_979' title='bbox 1437 3135 1597 3176; x_wconf 87' lang='lat' dir='ltr'>cubante,</span> <span class='ocrx_word' id='word_1_980' title='bbox 1621 3146 1656 3170; x_wconf 88' lang='lat' dir='ltr'>ut</span> <span class='ocrx_word' id='word_1_981' title='bbox 1682 3135 1798 3169; x_wconf 88' lang='lat' dir='ltr'>thorax</span> <span class='ocrx_word' id='word_1_982' title='bbox 1810 3136 1905 3181; x_wconf 79' lang='lat' dir='ltr'>altior</span> <span class='ocrx_word' id='word_1_983' title='bbox 1918 3136 2124 3179; x_wconf 84' lang='lat' dir='ltr'>sit‘aliquan-</span> 
     </span>
     <span class='ocr_line' id='line_1_132' title="bbox 1124 3178 2125 3222; baseline -0.002 -7"><span class='ocrx_word' id='word_1_984' title='bbox 1124 3191 1161 3215; x_wconf 83' lang='lat' dir='ltr'>to</span> <span class='ocrx_word' id='word_1_985' title='bbox 1186 3180 1297 3214; x_wconf 88' lang='lat' dir='ltr'>saltem</span> <span class='ocrx_word' id='word_1_986' title='bbox 1318 3202 1327 3217; x_wconf 94' lang='lat'>,</span> <span class='ocrx_word' id='word_1_987' title='bbox 1350 3190 1449 3222; x_wconf 88' lang='lat' dir='ltr'>quam</span> <span class='ocrx_word' id='word_1_988' title='bbox 1473 3189 1606 3219; x_wconf 83' lang='lat' dir='ltr'>venter,</span> <span class='ocrx_word' id='word_1_989' title='bbox 1630 3190 1688 3219; x_wconf 88' lang='lat' dir='ltr'>pus</span> <span class='ocrx_word' id='word_1_990' title='bbox 1710 3190 1749 3212; x_wconf 83' lang='lat' dir='ltr'>ex</span> <span class='ocrx_word' id='word_1_991' title='bbox 1761 3178 1859 3220; x_wconf 79' lang='lat' dir='ltr'>hujus</span> <span class='ocrx_word' id='word_1_992' title='bbox 1872 3179 2125 3222; x_wconf 81' lang='lat' dir='ltr'>posteriorepar-</span> 
     </span>
     <span class='ocr_line' id='line_1_133' title="bbox 1123 3220 2120 3266; baseline 0 -10"><span class='ocrx_word' id='word_1_993' title='bbox 1123 3233 1155 3257; x_wconf 87' lang='lat' dir='ltr'>te</span> <span class='ocrx_word' id='word_1_994' title='bbox 1187 3225 1219 3256; x_wconf 93' lang='lat' dir='ltr'>in</span> <span class='ocrx_word' id='word_1_995' title='bbox 1252 3224 1345 3256; x_wconf 90' lang='lat' dir='ltr'>illurn</span> <span class='ocrx_word' id='word_1_996' title='bbox 1377 3222 1484 3265; x_wconf 87' lang='lat' dir='ltr'>trajici</span> <span class='ocrx_word' id='word_1_997' title='bbox 1507 3220 1548 3256; x_wconf 82' lang='lat' dir='ltr'>fic</span> <span class='ocrx_word' id='word_1_998' title='bbox 1573 3220 1679 3265; x_wconf 84' lang='lat' dir='ltr'>posse,</span> <span class='ocrx_word' id='word_1_999' title='bbox 1703 3231 1739 3256; x_wconf 90' lang='lat' dir='ltr'>ut</span> <span class='ocrx_word' id='word_1_1000' title='bbox 1763 3231 1855 3255; x_wconf 86' lang='lat' dir='ltr'>tanto</span> <span class='ocrx_word' id='word_1_1001' title='bbox 1881 3221 2000 3263; x_wconf 80' lang='lat' dir='ltr'>majori</span> <span class='ocrx_word' id='word_1_1002' title='bbox 2024 3225 2120 3266; x_wconf 85' lang='lat' dir='ltr'>copia</span> 
     </span>
     <span class='ocr_line' id='line_1_134' title="bbox 1122 3264 2124 3309; baseline 0.002 -9"><span class='ocrx_word' id='word_1_1003' title='bbox 1122 3268 1190 3306; x_wconf 90' lang='lat' dir='ltr'>ibi,</span> <span class='ocrx_word' id='word_1_1004' title='bbox 1213 3278 1309 3309; x_wconf 88' lang='lat' dir='ltr'>quam</span> <span class='ocrx_word' id='word_1_1005' title='bbox 1331 3267 1364 3298; x_wconf 91' lang='lat' dir='ltr'>in</span> <span class='ocrx_word' id='word_1_1006' title='bbox 1391 3275 1501 3299; x_wconf 88' lang='lat' dir='ltr'>ventre</span> <span class='ocrx_word' id='word_1_1007' title='bbox 1516 3291 1524 3304; x_wconf 92' lang='lat'><strong><em>‚</em></strong></span> <span class='ocrx_word' id='word_1_1008' title='bbox 1547 3275 1740 3307; x_wconf 88' lang='lat' dir='ltr'>congeratur</span> <span class='ocrx_word' id='word_1_1009' title='bbox 1763 3289 1772 3305; x_wconf 92' lang='lat'>,</span> <span class='ocrx_word' id='word_1_1010' title='bbox 1804 3276 1869 3298; x_wconf 89' lang='lat' dir='ltr'>non</span> <span class='ocrx_word' id='word_1_1011' title='bbox 1894 3268 1941 3299; x_wconf 89' lang='lat' dir='ltr'>ita</span> <span class='ocrx_word' id='word_1_1012' title='bbox 1963 3264 2058 3299; x_wconf 88' lang='lat' dir='ltr'>facile</span> <span class='ocrx_word' id='word_1_1013' title='bbox 2080 3268 2124 3302; x_wconf 83' lang='lat' dir='ltr'>est</span> 
     </span>
     <span class='ocr_line' id='line_1_135' title="bbox 1120 3307 2119 3352; baseline 0.002 -9"><span class='ocrx_word' id='word_1_1014' title='bbox 1120 3311 1310 3344; x_wconf 70' lang='lat' dir='ltr'>intellestu.</span> <span class='ocrx_word' id='word_1_1015' title='bbox 1334 3308 1407 3342; x_wconf 89' lang='lat' dir='ltr'>Nec</span> <span class='ocrx_word' id='word_1_1016' title='bbox 1432 3310 1533 3351; x_wconf 78' lang='lat' dir='ltr'>magis</span> <span class='ocrx_word' id='word_1_1017' title='bbox 1566 3308 1657 3342; x_wconf 88' lang='lat' dir='ltr'>facile</span> <span class='ocrx_word' id='word_1_1018' title='bbox 1681 3308 1722 3341; x_wconf 79' lang='lat' dir='ltr'>est</span> <span class='ocrx_word' id='word_1_1019' title='bbox 1743 3333 1754 3347; x_wconf 88' lang='lat'><em>‚</em></span> <span class='ocrx_word' id='word_1_1020' title='bbox 1786 3307 1807 3339; x_wconf 88' lang='lat' dir='ltr'>si</span> <span class='ocrx_word' id='word_1_1021' title='bbox 1832 3307 1916 3342; x_wconf 89' lang='lat' dir='ltr'>forte</span> <span class='ocrx_word' id='word_1_1022' title='bbox 1950 3320 2119 3352; x_wconf 86' lang='lat' dir='ltr'>exceptum</span> 
     </span>
     <span class='ocr_line' id='line_1_136' title="bbox 1121 3350 2121 3397; baseline 0.001 -11"><span class='ocrx_word' id='word_1_1023' title='bbox 1121 3355 1156 3386; x_wconf 90' lang='lat' dir='ltr'>in</span> <span class='ocrx_word' id='word_1_1024' title='bbox 1182 3354 1307 3387; x_wconf 87' lang='lat' dir='ltr'>alveum</span> <span class='ocrx_word' id='word_1_1025' title='bbox 1331 3352 1493 3395; x_wconf 85' lang='lat' dir='ltr'>sanguinis</span> <span class='ocrx_word' id='word_1_1026' title='bbox 1514 3377 1523 3392; x_wconf 88' lang='lat'>‚</span> <span class='ocrx_word' id='word_1_1027' title='bbox 1555 3352 1679 3385; x_wconf 87' lang='lat' dir='ltr'>traduci</span> <span class='ocrx_word' id='word_1_1028' title='bbox 1712 3350 1816 3397; x_wconf 72' lang='lat' dir='ltr'>postea</span> <span class='ocrx_word' id='word_1_1029' title='bbox 1848 3352 1882 3384; x_wconf 89' lang='lat' dir='ltr'>in</span> <span class='ocrx_word' id='word_1_1030' title='bbox 1916 3351 2084 3387; x_wconf 87' lang='lat' dir='ltr'>thoracem</span> <span class='ocrx_word' id='word_1_1031' title='bbox 2108 3378 2121 3394; x_wconf 93' lang='lat'>,</span> 
     </span>
     <span class='ocr_line' id='line_1_137' title="bbox 1120 3394 2125 3440; baseline -0.003 -10"><span class='ocrx_word' id='word_1_1032' title='bbox 1120 3396 1295 3440; x_wconf 86' lang='lat' dir='ltr'>conjicias:</span> <span class='ocrx_word' id='word_1_1033' title='bbox 1320 3406 1377 3429; x_wconf 91' lang='lat' dir='ltr'>cur</span> <span class='ocrx_word' id='word_1_1034' title='bbox 1401 3396 1486 3428; x_wconf 88' lang='lat' dir='ltr'>enim</span> <span class='ocrx_word' id='word_1_1035' title='bbox 1521 3397 1554 3429; x_wconf 92' lang='lat' dir='ltr'>in</span> <span class='ocrx_word' id='word_1_1036' title='bbox 1587 3396 1673 3428; x_wconf 89' lang='lat' dir='ltr'>idem</span> <span class='ocrx_word' id='word_1_1037' title='bbox 1706 3394 1800 3435; x_wconf 73' lang='lat' dir='ltr'>hujus</span> <span class='ocrx_word' id='word_1_1038' title='bbox 1834 3395 1916 3429; x_wconf 88' lang='lat' dir='ltr'>latus</span> <span class='ocrx_word' id='word_1_1039' title='bbox 1949 3396 2036 3437; x_wconf 89' lang='lat' dir='ltr'>quod</span> <span class='ocrx_word' id='word_1_1040' title='bbox 2070 3408 2125 3430; x_wconf 89' lang='lat' dir='ltr'>re..</span> 
     </span>
     <span class='ocr_line' id='line_1_138' title="bbox 1120 3437 2125 3482; baseline 0 -9"><span class='ocrx_word' id='word_1_1041' title='bbox 1120 3440 1252 3482; x_wconf 82' lang='lat' dir='ltr'>spondet</span> <span class='ocrx_word' id='word_1_1042' title='bbox 1277 3463 1286 3479; x_wconf 83' lang='lat'>,</span> <span class='ocrx_word' id='word_1_1043' title='bbox 1320 3440 1572 3480; x_wconf 88' lang='lat' dir='ltr'>proximumque</span> <span class='ocrx_word' id='word_1_1044' title='bbox 1604 3438 1648 3472; x_wconf 86' lang='lat' dir='ltr'>est</span> <span class='ocrx_word' id='word_1_1045' title='bbox 1680 3437 1774 3470; x_wconf 85' lang='lat' dir='ltr'>lateri</span> <span class='ocrx_word' id='word_1_1046' title='bbox 1807 3438 1896 3479; x_wconf 81' lang='lat' dir='ltr'>quod</span> <span class='ocrx_word' id='word_1_1047' title='bbox 1935 3439 1969 3471; x_wconf 88' lang='lat' dir='ltr'>in</span> <span class='ocrx_word' id='word_1_1048' title='bbox 2011 3449 2125 3474; x_wconf 85' lang='lat' dir='ltr'>ventre</span> 
     </span>
     <span class='ocr_line' id='line_1_139' title="bbox 1120 3481 2123 3524; baseline 0 -7"><span class='ocrx_word' id='word_1_1049' title='bbox 1120 3483 1242 3517; x_wconf 84' lang='lat' dir='ltr'>obsidet</span> <span class='ocrx_word' id='word_1_1050' title='bbox 1265 3506 1275 3521; x_wconf 88' lang='lat'>,</span> <span class='ocrx_word' id='word_1_1051' title='bbox 1307 3483 1416 3524; x_wconf 89' lang='lat' dir='ltr'>potius</span> <span class='ocrx_word' id='word_1_1052' title='bbox 1447 3493 1544 3523; x_wconf 85' lang='lat' dir='ltr'>quam</span> <span class='ocrx_word' id='word_1_1053' title='bbox 1577 3482 1611 3514; x_wconf 86' lang='lat' dir='ltr'>in</span> <span class='ocrx_word' id='word_1_1054' title='bbox 1636 3481 1772 3514; x_wconf 75' lang='lat' dir='ltr'>alterum</span> <span class='ocrx_word' id='word_1_1055' title='bbox 1799 3505 1808 3519; x_wconf 94' lang='lat'>‚</span> <span class='ocrx_word' id='word_1_1056' title='bbox 1845 3482 1894 3514; x_wconf 87' lang='lat' dir='ltr'>vel</span> <span class='ocrx_word' id='word_1_1057' title='bbox 1928 3483 1961 3514; x_wconf 90' lang='lat' dir='ltr'>in</span> <span class='ocrx_word' id='word_1_1058' title='bbox 1996 3492 2123 3517; x_wconf 88' lang='lat' dir='ltr'>utrum-</span> 
     </span>
     <span class='ocr_line' id='line_1_140' title="bbox 1120 3525 2123 3569; baseline -0.004 -10"><span class='ocrx_word' id='word_1_1059' title='bbox 1120 3538 1183 3569; x_wconf 89' lang='lat' dir='ltr'>que</span> <span class='ocrx_word' id='word_1_1060' title='bbox 1207 3553 1217 3565; x_wconf 91' lang='lat'>,</span> <span class='ocrx_word' id='word_1_1061' title='bbox 1251 3533 1305 3558; x_wconf 90' lang='lat' dir='ltr'>aut</span> <span class='ocrx_word' id='word_1_1062' title='bbox 1337 3526 1371 3558; x_wconf 93' lang='lat' dir='ltr'>in</span> <span class='ocrx_word' id='word_1_1063' title='bbox 1396 3525 1490 3558; x_wconf 89' lang='lat' dir='ltr'>aliam</span> <span class='ocrx_word' id='word_1_1064' title='bbox 1515 3525 1659 3567; x_wconf 84' lang='lat' dir='ltr'>corporis</span> <span class='ocrx_word' id='word_1_1065' title='bbox 1693 3533 1816 3563; x_wconf 85' lang='lat' dir='ltr'>partem</span> <span class='ocrx_word' id='word_1_1066' title='bbox 1841 3528 1851 3556; x_wconf 88' lang='lat'>?</span> <span class='ocrx_word' id='word_1_1067' title='bbox 1887 3526 2037 3559; x_wconf 78' lang='lat' dir='ltr'>Ponenda</span> <span class='ocrx_word' id='word_1_1068' title='bbox 2056 3528 2123 3569; x_wconf 77' lang='lat' dir='ltr'>igi-</span> 
     </span>
     <span class='ocr_line' id='line_1_141' title="bbox 1121 3566 2120 3611; baseline 0.001 -9"><span class='ocrx_word' id='word_1_1069' title='bbox 1121 3579 1175 3602; x_wconf 90' lang='lat' dir='ltr'>tur</span> <span class='ocrx_word' id='word_1_1070' title='bbox 1205 3570 1349 3611; x_wconf 79' lang='lat' dir='ltr'>quaedam</span> <span class='ocrx_word' id='word_1_1071' title='bbox 1373 3569 1518 3611; x_wconf 84' lang='lat' dir='ltr'>precario</span> <span class='ocrx_word' id='word_1_1072' title='bbox 1543 3567 1617 3601; x_wconf 88' lang='lat' dir='ltr'>sunt</span> <span class='ocrx_word' id='word_1_1073' title='bbox 1641 3592 1649 3601; x_wconf 92' lang='lat'>.</span> <span class='ocrx_word' id='word_1_1074' title='bbox 1681 3567 1728 3600; x_wconf 85' lang='lat' dir='ltr'>At</span> <span class='ocrx_word' id='word_1_1075' title='bbox 1761 3566 1823 3600; x_wconf 88' lang='lat' dir='ltr'>hoc</span> <span class='ocrx_word' id='word_1_1076' title='bbox 1847 3567 1917 3610; x_wconf 85' lang='lat' dir='ltr'>ipso</span> <span class='ocrx_word' id='word_1_1077' title='bbox 1940 3569 2120 3610; x_wconf 87' lang='lat' dir='ltr'>incertam,</span> 
     </span>
     <span class='ocr_line' id='line_1_142' title="bbox 1122 3609 2119 3652; baseline 0.002 -8"><span class='ocrx_word' id='word_1_1078' title='bbox 1122 3622 1159 3645; x_wconf 88' lang='lat' dir='ltr'>ut</span> <span class='ocrx_word' id='word_1_1079' title='bbox 1200 3613 1267 3645; x_wconf 85' lang='lat' dir='ltr'>dixi</span> <span class='ocrx_word' id='word_1_1080' title='bbox 1292 3636 1300 3649; x_wconf 89' lang='lat'>,</span> <span class='ocrx_word' id='word_1_1081' title='bbox 1331 3623 1398 3644; x_wconf 89' lang='lat' dir='ltr'>rem</span> <span class='ocrx_word' id='word_1_1082' title='bbox 1428 3609 1488 3644; x_wconf 88' lang='lat' dir='ltr'>esse</span> <span class='ocrx_word' id='word_1_1083' title='bbox 1512 3636 1521 3651; x_wconf 90' lang='lat'>,</span> <span class='ocrx_word' id='word_1_1084' title='bbox 1557 3620 1645 3652; x_wconf 87' lang='lat' dir='ltr'>patet</span> <span class='ocrx_word' id='word_1_1085' title='bbox 1670 3635 1679 3643; x_wconf 83' lang='lat'>.</span> <span class='ocrx_word' id='word_1_1086' title='bbox 1811 3610 1911 3649; x_wconf 84' lang='lat' dir='ltr'>Quod</span> <span class='ocrx_word' id='word_1_1087' title='bbox 1958 3623 2034 3645; x_wconf 88' lang='lat' dir='ltr'>vero</span> <span class='ocrx_word' id='word_1_1088' title='bbox 2079 3614 2119 3649; x_wconf 89' lang='lat' dir='ltr'>ad</span> 
     </span>
     <span class='ocr_line' id='line_1_143' title="bbox 1120 3654 2118 3732; baseline 0.002 -44"><span class='ocrx_word' id='word_1_1089' title='bbox 1120 3665 1244 3689; x_wconf 85' lang='lat' dir='ltr'>tantam</span> <span class='ocrx_word' id='word_1_1090' title='bbox 1268 3656 1384 3688; x_wconf 87' lang='lat' dir='ltr'>attinet</span> <span class='ocrx_word' id='word_1_1091' title='bbox 1408 3656 1498 3697; x_wconf 89' lang='lat' dir='ltr'>puris</span> <span class='ocrx_word' id='word_1_1092' title='bbox 1519 3656 1671 3729; x_wconf 66' lang='lat' dir='ltr'>copiam83</span> <span class='ocrx_word' id='word_1_1093' title='bbox 1688 3664 1747 3729; x_wconf 82' lang='lat' dir='ltr'>saut</span> <span class='ocrx_word' id='word_1_1094' title='bbox 1771 3654 1845 3687; x_wconf 90' lang='lat' dir='ltr'>inde</span> <span class='ocrx_word' id='word_1_1095' title='bbox 1869 3665 1990 3698; x_wconf 87' lang='lat' dir='ltr'>repetas</span> <span class='ocrx_word' id='word_1_1096' title='bbox 2012 3655 2088 3732; x_wconf 55' lang='lat' dir='ltr'>liget</span> <span class='ocrx_word' id='word_1_1097' title='bbox 2105 3680 2118 3697; x_wconf 87' lang='lat'>,</span> 
     </span>
    </p>

    <p class='ocr_par' dir='ltr' id='par_1_16' title="bbox 1981 3709 2074 3732">
     <span class='ocr_line' id='line_1_144' title="bbox 1981 3709 2074 3732; baseline 0 0"><span class='ocrx_word' id='word_1_1098' title='bbox 1981 3709 2033 3732; x_wconf 71' lang='lat' dir='ltr'>-un</span> <span class='ocrx_word' id='word_1_1099' title='bbox 2059 3712 2074 3732; x_wconf 90' lang='lat' dir='ltr'>e</span> 
     </span>
    </p>
   </div>
   <div class='ocr_carea' id='block_1_6' title="bbox 75 3755 2115 3774">
    <p class='ocr_par' dir='ltr' id='par_1_17' title="bbox 75 3755 2115 3774">
     <span class='ocr_line' id='line_1_145' title="bbox 75 3755 2115 3774; baseline -0.003 -1"><span class='ocrx_word' id='word_1_1100' title='bbox 75 3755 2115 3774; x_wconf 35' lang='grc' dir='ltr'>ΝΜ</span> 
     </span>
    </p>
   </div>
   <div class='ocr_carea' id='block_1_7' title="bbox 126 3812 691 3878">
    <p class='ocr_par' dir='ltr' id='par_1_18' title="bbox 126 3812 691 3878">
     <span class='ocr_line' id='line_1_146' title="bbox 126 3812 691 3848; baseline -0.009 -7"><span class='ocrx_word' id='word_1_1101' title='bbox 126 3818 168 3848; x_wconf 65' lang='grc' dir='ltr'>(α</span> <span class='ocrx_word' id='word_1_1102' title='bbox 183 3818 198 3846; x_wconf 78' lang='grc'>)</span> <span class='ocrx_word' id='word_1_1103' title='bbox 214 3817 273 3841; x_wconf 87' lang='lat' dir='ltr'>Obs.</span> <span class='ocrx_word' id='word_1_1104' title='bbox 291 3823 330 3839; x_wconf 82' lang='lat'>20.</span> <span class='ocrx_word' id='word_1_1105' title='bbox 392 3812 433 3840; x_wconf 85' lang='lat' dir='ltr'>(b</span> <span class='ocrx_word' id='word_1_1106' title='bbox 448 3813 463 3841; x_wconf 84' lang='lat'><strong>)</strong></span> <span class='ocrx_word' id='word_1_1107' title='bbox 480 3813 551 3843; x_wconf 80' lang='lat' dir='ltr'>Epist.</span> <span class='ocrx_word' id='word_1_1108' title='bbox 571 3822 608 3842; x_wconf 80' lang='grc' dir='ltr'>ις.</span> <span class='ocrx_word' id='word_1_1109' title='bbox 626 3821 650 3837; x_wconf 92' lang='lat' dir='ltr'>n.</span> <span class='ocrx_word' id='word_1_1110' title='bbox 670 3821 691 3842; x_wconf 80' lang='grc'>9.</span> 
     </span>
     <span class='ocr_line' id='line_1_147' title="bbox 126 3844 672 3878; baseline -0.009 -4"><span class='ocrx_word' id='word_1_1111' title='bbox 126 3850 137 3878; x_wconf 71' lang='grc' dir='ltr'>ιζ</span> <span class='ocrx_word' id='word_1_1112' title='bbox 150 3857 163 3873; x_wconf 73' lang='lat' dir='ltr'>e</span> <span class='ocrx_word' id='word_1_1113' title='bbox 178 3852 190 3876; x_wconf 85' lang='lat'>)</span> <span class='ocrx_word' id='word_1_1114' title='bbox 206 3847 278 3878; x_wconf 78' lang='lat' dir='ltr'>Epist.</span> <span class='ocrx_word' id='word_1_1115' title='bbox 295 3847 357 3872; x_wconf 82' lang='lat' dir='ltr'>inter</span> <span class='ocrx_word' id='word_1_1116' title='bbox 375 3844 494 3870; x_wconf 78' lang='lat' dir='ltr'>Problem.</span> <span class='ocrx_word' id='word_1_1117' title='bbox 512 3844 615 3875; x_wconf 74' lang='lat' dir='ltr'>Ruyseh.</span> <span class='ocrx_word' id='word_1_1118' title='bbox 635 3852 672 3874; x_wconf 78' lang='lat'>14.</span> 
     </span>
    </p>
   </div>
   <div class='ocr_carea' id='block_1_8' title="bbox 734 3811 1280 3873">
    <p class='ocr_par' dir='ltr' id='par_1_19' title="bbox 734 3811 1280 3873">
     <span class='ocr_line' id='line_1_148' title="bbox 752 3811 1105 3842; baseline -0.003 -6"><span class='ocrx_word' id='word_1_1119' title='bbox 752 3812 760 3842; x_wconf 92' lang='lat'>(</span> <span class='ocrx_word' id='word_1_1120' title='bbox 778 3820 789 3836; x_wconf 86' lang='lat' dir='ltr'>c</span> <span class='ocrx_word' id='word_1_1121' title='bbox 805 3812 815 3841; x_wconf 91' lang='lat'>)</span> <span class='ocrx_word' id='word_1_1122' title='bbox 831 3811 889 3842; x_wconf 81' lang='lat' dir='ltr'>Eph.</span> <span class='ocrx_word' id='word_1_1123' title='bbox 908 3813 942 3835; x_wconf 87' lang='lat' dir='ltr'>N.</span> <span class='ocrx_word' id='word_1_1124' title='bbox 959 3812 989 3836; x_wconf 86' lang='lat' dir='ltr'>C.</span> <span class='ocrx_word' id='word_1_1125' title='bbox 1009 3814 1064 3836; x_wconf 75' lang='lat' dir='ltr'>Dec.</span> <span class='ocrx_word' id='word_1_1126' title='bbox 1084 3819 1105 3840; x_wconf 84' lang='lat'>3.</span> 
     </span>
     <span class='ocr_line' id='line_1_149' title="bbox 734 3840 1280 3873; baseline -0.002 -5"><span class='ocrx_word' id='word_1_1127' title='bbox 734 3841 743 3872; x_wconf 88' lang='lat'>(</span> <span class='ocrx_word' id='word_1_1128' title='bbox 759 3842 776 3873; x_wconf 80' lang='lat' dir='ltr'><strong><em>f</em></strong></span> <span class='ocrx_word' id='word_1_1129' title='bbox 787 3843 801 3871; x_wconf 88' lang='lat'>)</span> <span class='ocrx_word' id='word_1_1130' title='bbox 818 3843 843 3868; x_wconf 87' lang='lat' dir='ltr'>in</span> <span class='ocrx_word' id='word_1_1131' title='bbox 860 3841 984 3868; x_wconf 69' lang='lat' dir='ltr'>additam.</span> <span class='ocrx_word' id='word_1_1132' title='bbox 1006 3840 1066 3872; x_wconf 86' lang='lat' dir='ltr'>obs.</span> <span class='ocrx_word' id='word_1_1133' title='bbox 1082 3850 1104 3872; x_wconf 80' lang='lat'>4·</span> <span class='ocrx_word' id='word_1_1134' title='bbox 1122 3849 1179 3869; x_wconf 76' lang='lat' dir='ltr'>tum</span> <span class='ocrx_word' id='word_1_1135' title='bbox 1196 3843 1280 3868; x_wconf 71' lang='lat' dir='ltr'>Schoi.</span> 
     </span>
    </p>
   </div>
   <div class='ocr_carea' id='block_1_9' title="bbox 1122 3800 1767 3844">
    <p class='ocr_par' dir='ltr' id='par_1_20' title="bbox 1122 3800 1767 3844">
     <span class='ocr_line' id='line_1_150' title="bbox 1122 3800 1767 3844; baseline 0.003 -9"><span class='ocrx_word' id='word_1_1136' title='bbox 1122 3812 1150 3835; x_wconf 81' lang='lat' dir='ltr'>A.</span> <span class='ocrx_word' id='word_1_1137' title='bbox 1169 3820 1188 3841; x_wconf 77' lang='grc' dir='ltr'>ς.</span> <span class='ocrx_word' id='word_1_1138' title='bbox 1207 3811 1265 3836; x_wconf 77' lang='lat' dir='ltr'>obs.</span> <span class='ocrx_word' id='word_1_1139' title='bbox 1283 3819 1324 3842; x_wconf 82' lang='lat'>3⁷·</span> <span class='ocrx_word' id='word_1_1140' title='bbox 1340 3811 1363 3837; x_wconf 71' lang='grc' dir='ltr'>ει</span> <span class='ocrx_word' id='word_1_1141' title='bbox 1380 3800 1434 3844; x_wconf 62' lang='lat' dir='ltr'>3ss</span> <span class='ocrx_word' id='word_1_1142' title='bbox 1480 3813 1496 3842; x_wconf 74' lang='lat' dir='ltr'>c</span> <span class='ocrx_word' id='word_1_1143' title='bbox 1511 3813 1528 3837; x_wconf 72' lang='lat' dir='ltr'>a</span> <span class='ocrx_word' id='word_1_1144' title='bbox 1540 3808 1553 3841; x_wconf 91' lang='grc'>·)</span> <span class='ocrx_word' id='word_1_1145' title='bbox 1571 3809 1636 3837; x_wconf 81' lang='lat' dir='ltr'>lbid.</span> <span class='ocrx_word' id='word_1_1146' title='bbox 1650 3808 1713 3837; x_wconf 84' lang='lat' dir='ltr'>obs.</span> <span class='ocrx_word' id='word_1_1147' title='bbox 1727 3818 1767 3840; x_wconf 70' lang='grc' dir='ltr'>«μ.</span> 
     </span>
    </p>
   </div>
  </div>
 </body>
</html>
