<?xml version="1.0" encoding="UTF-8"?>
<!DOCTYPE html PUBLIC "-//W3C//DTD XHTML 1.0 Transitional//EN"
    "http://www.w3.org/TR/xhtml1/DTD/xhtml1-transitional.dtd">
<html xmlns="http://www.w3.org/1999/xhtml" xml:lang="en" lang="en">
 <head>
  <title>
</title>
<meta http-equiv="Content-Type" content="text/html;charset=utf-8" />
  <meta name='ocr-system' content='tesseract 3.04.00' />
  <meta name='ocr-capabilities' content='ocr_page ocr_carea ocr_par ocr_line ocrx_word'/>
</head>
<body>
  <div class='ocr_page' id='page_1' title='image "./desedibusetcausi00morg_0799.png"; bbox 0 0 2498 4075; ppageno 0'>
   <div class='ocr_carea' id='block_1_1' title="bbox 732 293 1432 390">
    <p class='ocr_par' dir='ltr' id='par_1_1' title="bbox 732 293 1432 390">
     <span class='ocr_line' id='line_1_1' title="bbox 732 293 1432 390; baseline -0.007 0"><span class='ocrx_word' id='word_1_1' title='bbox 732 302 798 390; x_wconf 86' lang='lat' dir='ltr'>C</span> <span class='ocrx_word' id='word_1_2' title='bbox 801 295 1213 387; x_wconf 73' lang='lat' dir='ltr'>eteberrimo</span> <span class='ocrx_word' id='word_1_3' title='bbox 1252 293 1432 387; x_wconf 75' lang='lat' dir='ltr'>Viro</span> 
     </span>
    </p>
   </div>
   <div class='ocr_carea' id='block_1_2' title="bbox 108 464 2065 555">
    <p class='ocr_par' dir='ltr' id='par_1_2' title="bbox 108 464 2065 555">
     <span class='ocr_line' id='line_1_2' title="bbox 108 464 2065 555; baseline -0.004 -13"><span class='ocrx_word' id='word_1_4' title='bbox 108 471 616 555; x_wconf 81' lang='lat' dir='ltr'><strong>JOANNI</strong></span> <span class='ocrx_word' id='word_1_5' title='bbox 695 467 1440 542; x_wconf 78' lang='lat' dir='ltr'>PRIDERICO</span> <span class='ocrx_word' id='word_1_6' title='bbox 1519 464 2065 539; x_wconf 82' lang='lat' dir='ltr'>MECHEL</span> 
     </span>
    </p>
   </div>
   <div class='ocr_carea' id='block_1_3' title="bbox 449 597 1717 806">
    <p class='ocr_par' dir='ltr' id='par_1_3' title="bbox 449 597 1717 806">
     <span class='ocr_line' id='line_1_3' title="bbox 449 597 1717 683; baseline -0.002 -11"><span class='ocrx_word' id='word_1_7' title='bbox 449 598 702 676; x_wconf 84' lang='lat' dir='ltr'>Illustri</span> <span class='ocrx_word' id='word_1_8' title='bbox 759 601 1187 676; x_wconf 79' lang='lat' dir='ltr'>Anatomico</span> <span class='ocrx_word' id='word_1_9' title='bbox 1219 643 1240 683; x_wconf 83' lang='grc'>,</span> <span class='ocrx_word' id='word_1_10' title='bbox 1301 605 1365 674; x_wconf 76' lang='grc' dir='ltr'>δζ</span> <span class='ocrx_word' id='word_1_11' title='bbox 1429 597 1717 673; x_wconf 82' lang='lat' dir='ltr'>Medico</span> 
     </span>
     <span class='ocr_line' id='line_1_4' title="bbox 612 739 1573 806; baseline -0.008 -17"><span class='ocrx_word' id='word_1_12' title='bbox 612 741 800 796; x_wconf 68' lang='lat' dir='ltr'>joannes</span> <span class='ocrx_word' id='word_1_13' title='bbox 837 742 1028 806; x_wconf 74' lang='lat' dir='ltr'>Baptista</span> <span class='ocrx_word' id='word_1_14' title='bbox 1064 740 1338 801; x_wconf 78' lang='lat' dir='ltr'>Morgagnus</span> <span class='ocrx_word' id='word_1_15' title='bbox 1372 742 1408 790; x_wconf 72' lang='lat' dir='ltr'>S..</span> <span class='ocrx_word' id='word_1_16' title='bbox 1441 740 1484 787; x_wconf 70' lang='lat' dir='ltr'>P..</span> <span class='ocrx_word' id='word_1_17' title='bbox 1516 739 1573 783; x_wconf 69' lang='lat' dir='ltr'>D„</span> 
     </span>
    </p>
   </div>
   <div class='ocr_carea' id='block_1_4' title="bbox 52 841 2187 3588">
    <p class='ocr_par' dir='ltr' id='par_1_4' title="bbox 81 841 2187 1020">
     <span class='ocr_line' id='line_1_5' title="bbox 184 841 2187 908; baseline -0.001 -18"><span class='ocrx_word' id='word_1_18' title='bbox 184 870 187 872; x_wconf 96' lang='lat'>·</span> <span class='ocrx_word' id='word_1_19' title='bbox 249 863 321 899; x_wconf 54' lang='lat'>--;</span> <span class='ocrx_word' id='word_1_20' title='bbox 417 849 484 894; x_wconf 88' lang='lat' dir='ltr'>UI</span> <span class='ocrx_word' id='word_1_21' title='bbox 512 866 568 895; x_wconf 77' lang='lat' dir='ltr'>ex</span> <span class='ocrx_word' id='word_1_22' title='bbox 598 850 709 895; x_wconf 85' lang='lat' dir='ltr'>Tuis</span> <span class='ocrx_word' id='word_1_23' title='bbox 723 850 874 908; x_wconf 86' lang='lat' dir='ltr'>primis</span> <span class='ocrx_word' id='word_1_24' title='bbox 902 850 960 896; x_wconf 87' lang='lat' dir='ltr'>ad</span> <span class='ocrx_word' id='word_1_25' title='bbox 987 863 1059 893; x_wconf 88' lang='lat' dir='ltr'>me</span> <span class='ocrx_word' id='word_1_26' title='bbox 1085 847 1290 903; x_wconf 85' lang='lat' dir='ltr'>Litteris,</span> <span class='ocrx_word' id='word_1_27' title='bbox 1324 846 1516 896; x_wconf 87' lang='lat' dir='ltr'>Berolini</span> <span class='ocrx_word' id='word_1_28' title='bbox 1544 846 1659 889; x_wconf 86' lang='lat' dir='ltr'>datis</span> <span class='ocrx_word' id='word_1_29' title='bbox 1687 844 1759 888; x_wconf 92' lang='lat' dir='ltr'>die</span> <span class='ocrx_word' id='word_1_30' title='bbox 1793 857 1860 897; x_wconf 79' lang='lat'>23.</span> <span class='ocrx_word' id='word_1_31' title='bbox 1890 841 2119 907; x_wconf 71' lang='lat' dir='ltr'>Juliianno</span> <span class='ocrx_word' id='word_1_32' title='bbox 2180 864 2187 869; x_wconf 26' lang='lat' dir='ltr'>x</span> 
     </span>
     <span class='ocr_line' id='line_1_6' title="bbox 81 899 2120 964; baseline -0.002 -20"><span class='ocrx_word' id='word_1_33' title='bbox 81 912 91 920; x_wconf 80' lang='lat'><strong><em>‘</em></strong></span> <span class='ocrx_word' id='word_1_34' title='bbox 147 918 156 926; x_wconf 53' lang='grc'><strong><em>«</em></strong></span> <span class='ocrx_word' id='word_1_35' title='bbox 354 904 368 909; x_wconf 62' lang='grc'>“’</span> <span class='ocrx_word' id='word_1_36' title='bbox 439 921 556 963; x_wconf 87' lang='lat'>1754,</span> <span class='ocrx_word' id='word_1_37' title='bbox 580 918 748 964; x_wconf 74' lang='lat' dir='ltr'>quanto</span> <span class='ocrx_word' id='word_1_38' title='bbox 775 906 920 954; x_wconf 83' lang='lat' dir='ltr'>minus</span> <span class='ocrx_word' id='word_1_39' title='bbox 950 906 1207 963; x_wconf 83' lang='lat' dir='ltr'>opinatum,</span> <span class='ocrx_word' id='word_1_40' title='bbox 1235 915 1364 952; x_wconf 87' lang='lat' dir='ltr'>tanto</span> <span class='ocrx_word' id='word_1_41' title='bbox 1393 904 1530 962; x_wconf 87' lang='lat' dir='ltr'>pluris</span> <span class='ocrx_word' id='word_1_42' title='bbox 1559 899 1861 947; x_wconf 68' lang='lat' dir='ltr'>aestimabilem</span> <span class='ocrx_word' id='word_1_43' title='bbox 1903 911 2120 960; x_wconf 75' lang='lat' dir='ltr'>nuncium</span> 
     </span>
     <span class='ocr_line' id='line_1_7' title="bbox 433 955 2123 1020; baseline -0.006 -15"><span class='ocrx_word' id='word_1_44' title='bbox 433 964 707 1020; x_wconf 84' lang='lat' dir='ltr'>acceperim,</span> <span class='ocrx_word' id='word_1_45' title='bbox 736 962 989 1009; x_wconf 82' lang='lat' dir='ltr'>REGIAM</span> <span class='ocrx_word' id='word_1_46' title='bbox 1019 961 1145 1004; x_wconf 81' lang='lat' dir='ltr'>istam</span> <span class='ocrx_word' id='word_1_47' title='bbox 1176 962 1465 1007; x_wconf 65' lang='lat' dir='ltr'>scientiarum</span> <span class='ocrx_word' id='word_1_48' title='bbox 1494 955 1893 1003; x_wconf 79' lang='lat' dir='ltr'>ACADEMlAM</span> <span class='ocrx_word' id='word_1_49' title='bbox 1919 955 2123 1018; x_wconf 80' lang='lat' dir='ltr'>perbeni-</span> 
     </span>
    </p>

    <p class='ocr_par' dir='ltr' id='par_1_5' title="bbox 68 1010 2124 1188">
     <span class='ocr_line' id='line_1_8' title="bbox 101 1010 2123 1076; baseline -0.007 -10"><span class='ocrx_word' id='word_1_50' title='bbox 101 1049 116 1070; x_wconf 30' lang='grc' dir='ltr'>θ,</span> <span class='ocrx_word' id='word_1_51' title='bbox 196 1052 199 1059; x_wconf 84' lang='lat'>‚</span> <span class='ocrx_word' id='word_1_52' title='bbox 230 1056 233 1058; x_wconf 46' lang='lat'>&gt;</span> <span class='ocrx_word' id='word_1_53' title='bbox 309 1052 314 1062; x_wconf 79' lang='lat'>.·</span> <span class='ocrx_word' id='word_1_54' title='bbox 340 1045 362 1071; x_wconf 15' lang='lat' dir='ltr'>,s</span> <span class='ocrx_word' id='word_1_55' title='bbox 432 1032 518 1073; x_wconf 85' lang='lat' dir='ltr'>gno</span> <span class='ocrx_word' id='word_1_56' title='bbox 546 1021 747 1063; x_wconf 87' lang='lat' dir='ltr'>omnium</span> <span class='ocrx_word' id='word_1_57' title='bbox 774 1017 990 1065; x_wconf 84' lang='lat' dir='ltr'>consensu</span> <span class='ocrx_word' id='word_1_58' title='bbox 1024 1031 1095 1060; x_wconf 89' lang='lat' dir='ltr'>me</span> <span class='ocrx_word' id='word_1_59' title='bbox 1119 1017 1234 1059; x_wconf 86' lang='lat' dir='ltr'>inter</span> <span class='ocrx_word' id='word_1_60' title='bbox 1262 1017 1359 1060; x_wconf 89' lang='lat' dir='ltr'>suos</span> <span class='ocrx_word' id='word_1_61' title='bbox 1386 1015 1661 1061; x_wconf 82' lang='lat' dir='ltr'>Honorarios</span> <span class='ocrx_word' id='word_1_62' title='bbox 1686 1011 1858 1076; x_wconf 80' lang='lat' dir='ltr'>Sodales</span> <span class='ocrx_word' id='word_1_63' title='bbox 1898 1010 2123 1073; x_wconf 64' lang='lat' dir='ltr'>retuliffe,</span> 
     </span>
     <span class='ocr_line' id='line_1_9' title="bbox 68 1067 2122 1157; baseline 0.001 -54"><span class='ocrx_word' id='word_1_64' title='bbox 68 1115 71 1126; x_wconf 34' lang='grc' dir='ltr'>ι</span> <span class='ocrx_word' id='word_1_65' title='bbox 103 1071 114 1080; x_wconf 67' lang='grc'><strong>“</strong></span> <span class='ocrx_word' id='word_1_66' title='bbox 153 1070 174 1106; x_wconf 61' lang='grc' dir='ltr'>ἴ,</span> <span class='ocrx_word' id='word_1_67' title='bbox 272 1090 332 1106; x_wconf 67' lang='lat' dir='ltr'>u</span> <span class='ocrx_word' id='word_1_68' title='bbox 353 1071 405 1157; x_wconf 50' lang='lat'>,¹5¹</span> <span class='ocrx_word' id='word_1_69' title='bbox 432 1078 476 1121; x_wconf 72' lang='grc' dir='ltr'>δε</span> <span class='ocrx_word' id='word_1_70' title='bbox 507 1075 583 1119; x_wconf 84' lang='lat' dir='ltr'>abs</span> <span class='ocrx_word' id='word_1_71' title='bbox 613 1076 707 1128; x_wconf 88' lang='lat' dir='ltr'>Te,</span> <span class='ocrx_word' id='word_1_72' title='bbox 735 1074 820 1117; x_wconf 86' lang='lat' dir='ltr'>Vir</span> <span class='ocrx_word' id='word_1_73' title='bbox 859 1074 1067 1126; x_wconf 85' lang='lat' dir='ltr'>IllustriS,</span> <span class='ocrx_word' id='word_1_74' title='bbox 1096 1083 1205 1116; x_wconf 89' lang='lat' dir='ltr'>tunc</span> <span class='ocrx_word' id='word_1_75' title='bbox 1234 1073 1465 1131; x_wconf 86' lang='lat' dir='ltr'>petierim,</span> <span class='ocrx_word' id='word_1_76' title='bbox 1495 1082 1544 1114; x_wconf 87' lang='lat' dir='ltr'>ut</span> <span class='ocrx_word' id='word_1_77' title='bbox 1575 1068 1746 1131; x_wconf 70' lang='lat' dir='ltr'>inclyto</span> <span class='ocrx_word' id='word_1_78' title='bbox 1783 1068 1928 1113; x_wconf 76' lang='lat' dir='ltr'>eidem</span> <span class='ocrx_word' id='word_1_79' title='bbox 1966 1067 2122 1110; x_wconf 75' lang='lat' dir='ltr'>Coetui</span> 
     </span>
     <span class='ocr_line' id='line_1_10' title="bbox 77 1125 2124 1188; baseline -0.008 -8"><span class='ocrx_word' id='word_1_80' title='bbox 77 1147 89 1158; x_wconf 27' lang='grc' dir='ltr'><strong>ἢ</strong></span> <span class='ocrx_word' id='word_1_81' title='bbox 148 1170 158 1177; x_wconf 56' lang='lat'>.</span> <span class='ocrx_word' id='word_1_82' title='bbox 342 1126 392 1178; x_wconf 48' lang='grc' dir='ltr'>ςΞ</span> <span class='ocrx_word' id='word_1_83' title='bbox 431 1132 595 1185; x_wconf 81' lang='lat' dir='ltr'>gratias</span> <span class='ocrx_word' id='word_1_84' title='bbox 624 1132 730 1175; x_wconf 88' lang='lat' dir='ltr'>meis</span> <span class='ocrx_word' id='word_1_85' title='bbox 759 1130 904 1175; x_wconf 86' lang='lat' dir='ltr'>verbis</span> <span class='ocrx_word' id='word_1_86' title='bbox 941 1142 1090 1184; x_wconf 84' lang='lat' dir='ltr'>ageres</span> <span class='ocrx_word' id='word_1_87' title='bbox 1113 1128 1417 1188; x_wconf 82' lang='lat' dir='ltr'>quasposs&#39;es,</span> <span class='ocrx_word' id='word_1_88' title='bbox 1450 1125 1808 1187; x_wconf 66' lang='lat' dir='ltr'>cumulatispmas</span> <span class='ocrx_word' id='word_1_89' title='bbox 1839 1154 1854 1177; x_wconf 94' lang='lat'>,</span> <span class='ocrx_word' id='word_1_90' title='bbox 1895 1136 2014 1167; x_wconf 91' lang='lat' dir='ltr'>nunc</span> <span class='ocrx_word' id='word_1_91' title='bbox 2045 1134 2124 1178; x_wconf 90' lang='lat' dir='ltr'>pa-</span> 
     </span>
    </p>

    <p class='ocr_par' dir='ltr' id='par_1_6' title="bbox 57 1175 2130 2066">
     <span class='ocr_line' id='line_1_11' title="bbox 438 1175 2125 1244; baseline -0.008 -12"><span class='ocrx_word' id='word_1_92' title='bbox 438 1187 545 1232; x_wconf 89' lang='lat' dir='ltr'>riter</span> <span class='ocrx_word' id='word_1_93' title='bbox 575 1201 705 1242; x_wconf 87' lang='lat' dir='ltr'>rogo,</span> <span class='ocrx_word' id='word_1_94' title='bbox 734 1196 784 1231; x_wconf 90' lang='lat' dir='ltr'>ut</span> <span class='ocrx_word' id='word_1_95' title='bbox 812 1201 891 1244; x_wconf 92' lang='lat' dir='ltr'>pro</span> <span class='ocrx_word' id='word_1_96' title='bbox 919 1185 1027 1232; x_wconf 88' lang='lat' dir='ltr'>Tua</span> <span class='ocrx_word' id='word_1_97' title='bbox 1057 1185 1222 1229; x_wconf 84' lang='lat' dir='ltr'>eximia</span> <span class='ocrx_word' id='word_1_98' title='bbox 1249 1197 1353 1239; x_wconf 85' lang='lat' dir='ltr'>erga</span> <span class='ocrx_word' id='word_1_99' title='bbox 1381 1197 1453 1226; x_wconf 89' lang='lat' dir='ltr'>me</span> <span class='ocrx_word' id='word_1_100' title='bbox 1487 1182 1784 1227; x_wconf 80' lang='lat' dir='ltr'>Humanltate</span> <span class='ocrx_word' id='word_1_101' title='bbox 1811 1209 1825 1233; x_wconf 91' lang='lat'>,</span> <span class='ocrx_word' id='word_1_102' title='bbox 1869 1193 2005 1237; x_wconf 89' lang='lat' dir='ltr'>quam</span> <span class='ocrx_word' id='word_1_103' title='bbox 2045 1175 2125 1220; x_wconf 84' lang='lat' dir='ltr'>vel</span> 
     </span>
     <span class='ocr_line' id='line_1_12' title="bbox 57 1233 2124 1296; baseline 0.002 -21"><span class='ocrx_word' id='word_1_104' title='bbox 57 1244 163 1277; x_wconf 73' lang='lat' dir='ltr'>ante</span> <span class='ocrx_word' id='word_1_105' title='bbox 193 1233 270 1280; x_wconf 86' lang='lat' dir='ltr'>ista</span> <span class='ocrx_word' id='word_1_106' title='bbox 307 1253 386 1294; x_wconf 87' lang='lat' dir='ltr'>pro</span> <span class='ocrx_word' id='word_1_107' title='bbox 420 1257 491 1286; x_wconf 83' lang='lat' dir='ltr'>me</span> <span class='ocrx_word' id='word_1_108' title='bbox 525 1243 669 1288; x_wconf 85' lang='lat' dir='ltr'>officia</span> <span class='ocrx_word' id='word_1_109' title='bbox 701 1258 758 1287; x_wconf 81' lang='lat' dir='ltr'>ex</span> <span class='ocrx_word' id='word_1_110' title='bbox 795 1241 1094 1288; x_wconf 85' lang='lat' dir='ltr'>laudatiffimis</span> <span class='ocrx_word' id='word_1_111' title='bbox 1131 1242 1244 1284; x_wconf 89' lang='lat' dir='ltr'>Tuis</span> <span class='ocrx_word' id='word_1_112' title='bbox 1279 1240 1453 1296; x_wconf 80' lang='lat' dir='ltr'>Scriptis</span> <span class='ocrx_word' id='word_1_113' title='bbox 1475 1238 1812 1294; x_wconf 81' lang='lat' dir='ltr'>perspexeram,</span> <span class='ocrx_word' id='word_1_114' title='bbox 1841 1250 1960 1283; x_wconf 89' lang='lat' dir='ltr'>meos</span> <span class='ocrx_word' id='word_1_115' title='bbox 1990 1233 2124 1279; x_wconf 78' lang='lat' dir='ltr'>hosce</span> 
     </span>
     <span class='ocr_line' id='line_1_13' title="bbox 59 1289 2123 1357; baseline -0.001 -23"><span class='ocrx_word' id='word_1_116' title='bbox 59 1289 192 1335; x_wconf 84' lang='lat' dir='ltr'>libros</span> <span class='ocrx_word' id='word_1_117' title='bbox 221 1291 356 1351; x_wconf 87' lang='lat' dir='ltr'>velis,</span> <span class='ocrx_word' id='word_1_118' title='bbox 382 1300 597 1354; x_wconf 76' lang='lat' dir='ltr'>exiguum</span> <span class='ocrx_word' id='word_1_119' title='bbox 627 1300 831 1357; x_wconf 82' lang='lat' dir='ltr'>quidem,</span> <span class='ocrx_word' id='word_1_120' title='bbox 860 1299 936 1345; x_wconf 84' lang='lat' dir='ltr'>sed</span> <span class='ocrx_word' id='word_1_121' title='bbox 967 1311 1057 1354; x_wconf 92' lang='lat' dir='ltr'>quo</span> <span class='ocrx_word' id='word_1_122' title='bbox 1097 1297 1241 1352; x_wconf 71' lang='lat' dir='ltr'>majus</span> <span class='ocrx_word' id='word_1_123' title='bbox 1271 1297 1318 1339; x_wconf 89' lang='lat' dir='ltr'>in</span> <span class='ocrx_word' id='word_1_124' title='bbox 1361 1295 1592 1352; x_wconf 60' lang='lat' dir='ltr'>praesentia</span> <span class='ocrx_word' id='word_1_125' title='bbox 1629 1293 1736 1355; x_wconf 74' lang='lat' dir='ltr'>,dare</span> <span class='ocrx_word' id='word_1_126' title='bbox 1776 1306 1866 1335; x_wconf 89' lang='lat' dir='ltr'>non</span> <span class='ocrx_word' id='word_1_127' title='bbox 1907 1289 2123 1352; x_wconf 47' lang='lat' dir='ltr'>possum)</span> 
     </span>
     <span class='ocr_line' id='line_1_14' title="bbox 60 1346 2124 1412; baseline -0.001 -23"><span class='ocrx_word' id='word_1_128' title='bbox 60 1348 299 1410; x_wconf 78' lang='lat' dir='ltr'>memoris,</span> <span class='ocrx_word' id='word_1_129' title='bbox 327 1353 658 1412; x_wconf 85' lang='lat' dir='ltr'>obsequiofique</span> <span class='ocrx_word' id='word_1_130' title='bbox 693 1355 830 1401; x_wconf 83' lang='lat' dir='ltr'>animi</span> <span class='ocrx_word' id='word_1_131' title='bbox 870 1354 1038 1409; x_wconf 78' lang='lat' dir='ltr'>sig-num</span> <span class='ocrx_word' id='word_1_132' title='bbox 1067 1383 1081 1407; x_wconf 90' lang='lat'>,</span> <span class='ocrx_word' id='word_1_133' title='bbox 1121 1353 1400 1402; x_wconf 80' lang='lat' dir='ltr'>Academicis</span> <span class='ocrx_word' id='word_1_134' title='bbox 1433 1348 1757 1412; x_wconf 67' lang='lat' dir='ltr'>Sapientilfimis</span> <span class='ocrx_word' id='word_1_135' title='bbox 1798 1346 1982 1412; x_wconf 70' lang='lat' dir='ltr'>offerre.</span> <span class='ocrx_word' id='word_1_136' title='bbox 2012 1347 2124 1389; x_wconf 82' lang='lat' dir='ltr'>Satis</span> 
     </span>
     <span class='ocr_line' id='line_1_15' title="bbox 60 1403 2127 1468; baseline -0 -24"><span class='ocrx_word' id='word_1_137' title='bbox 60 1404 172 1447; x_wconf 83' lang='lat' dir='ltr'>mlhl</span> <span class='ocrx_word' id='word_1_138' title='bbox 200 1432 217 1458; x_wconf 86' lang='lat'>,</span> <span class='ocrx_word' id='word_1_139' title='bbox 263 1406 483 1467; x_wconf 85' lang='lat' dir='ltr'>superque</span> <span class='ocrx_word' id='word_1_140' title='bbox 511 1410 669 1465; x_wconf 88' lang='lat' dir='ltr'>fuerit,</span> <span class='ocrx_word' id='word_1_141' title='bbox 700 1411 732 1454; x_wconf 84' lang='lat' dir='ltr'><strong>fi</strong></span> <span class='ocrx_word' id='word_1_142' title='bbox 768 1420 944 1468; x_wconf 80' lang='lat' dir='ltr'>propter</span> <span class='ocrx_word' id='word_1_143' title='bbox 981 1424 1034 1453; x_wconf 88' lang='lat' dir='ltr'>ea</span> <span class='ocrx_word' id='word_1_144' title='bbox 1063 1422 1161 1466; x_wconf 86' lang='lat' dir='ltr'>quae</span> <span class='ocrx_word' id='word_1_145' title='bbox 1194 1423 1252 1452; x_wconf 83' lang='lat' dir='ltr'>ex</span> <span class='ocrx_word' id='word_1_146' title='bbox 1277 1409 1468 1461; x_wconf 81' lang='lat' dir='ltr'>Vestris,</span> <span class='ocrx_word' id='word_1_147' title='bbox 1501 1406 1731 1462; x_wconf 78' lang='lat' dir='ltr'>Vestrique</span> <span class='ocrx_word' id='word_1_148' title='bbox 1760 1403 1969 1448; x_wconf 84' lang='lat' dir='ltr'>firmhum</span> <span class='ocrx_word' id='word_1_149' title='bbox 2000 1403 2127 1466; x_wconf 78' lang='lat' dir='ltr'>Sum-</span> 
     </span>
     <span class='ocr_line' id='line_1_16' title="bbox 60 1459 2125 1522; baseline -0.005 -12"><span class='ocrx_word' id='word_1_150' title='bbox 60 1471 239 1502; x_wconf 79' lang='lat' dir='ltr'>morum</span> <span class='ocrx_word' id='word_1_151' title='bbox 270 1462 489 1510; x_wconf 86' lang='lat' dir='ltr'>Virorum</span> <span class='ocrx_word' id='word_1_152' title='bbox 519 1467 913 1513; x_wconf 75' lang='lat' dir='ltr'>Observationibus</span> <span class='ocrx_word' id='word_1_153' title='bbox 955 1466 1104 1522; x_wconf 80' lang='lat' dir='ltr'>saepius</span> <span class='ocrx_word' id='word_1_154' title='bbox 1145 1466 1377 1517; x_wconf 77' lang='lat' dir='ltr'>indicavi,</span> <span class='ocrx_word' id='word_1_155' title='bbox 1418 1464 1541 1508; x_wconf 88' lang='lat' dir='ltr'>omni</span> <span class='ocrx_word' id='word_1_156' title='bbox 1577 1472 1698 1508; x_wconf 80' lang='lat' dir='ltr'>certe</span> <span class='ocrx_word' id='word_1_157' title='bbox 1735 1459 2125 1506; x_wconf 74' lang='lat' dir='ltr'>commendanone</span> 
     </span>
     <span class='ocr_line' id='line_1_17' title="bbox 60 1513 2124 1584; baseline -0.006 -16"><span class='ocrx_word' id='word_1_158' title='bbox 60 1513 328 1573; x_wconf 66' lang='lat' dir='ltr'>digssiffima,</span> <span class='ocrx_word' id='word_1_159' title='bbox 358 1525 468 1582; x_wconf 83' lang='lat' dir='ltr'>aequi</span> <span class='ocrx_word' id='word_1_160' title='bbox 498 1523 691 1584; x_wconf 91' lang='lat' dir='ltr'>bonique</span> <span class='ocrx_word' id='word_1_161' title='bbox 722 1523 914 1567; x_wconf 85' lang='lat' dir='ltr'>feceritis</span> <span class='ocrx_word' id='word_1_162' title='bbox 943 1536 1031 1565; x_wconf 90' lang='lat' dir='ltr'>non</span> <span class='ocrx_word' id='word_1_163' title='bbox 1067 1532 1159 1566; x_wconf 88' lang='lat' dir='ltr'>tam</span> <span class='ocrx_word' id='word_1_164' title='bbox 1192 1531 1352 1564; x_wconf 85' lang='lat' dir='ltr'>caetera</span> <span class='ocrx_word' id='word_1_165' title='bbox 1388 1533 1487 1579; x_wconf 83' lang='lat' dir='ltr'>quae</span> <span class='ocrx_word' id='word_1_166' title='bbox 1520 1531 1548 1561; x_wconf 90' lang='lat' dir='ltr'>a</span> <span class='ocrx_word' id='word_1_167' title='bbox 1579 1532 1652 1582; x_wconf 82' lang='lat' dir='ltr'>me</span> <span class='ocrx_word' id='word_1_168' title='bbox 1681 1517 1810 1567; x_wconf 86' lang='lat' dir='ltr'>sunt,</span> <span class='ocrx_word' id='word_1_169' title='bbox 1842 1529 1981 1574; x_wconf 88' lang='lat' dir='ltr'>quam</span> <span class='ocrx_word' id='word_1_170' title='bbox 2015 1526 2124 1578; x_wconf 32' lang='lat' dir='ltr'>&#39;pro-</span> 
     </span>
     <span class='ocr_line' id='line_1_18' title="bbox 61 1569 2127 1635; baseline -0.003 -10"><span class='ocrx_word' id='word_1_171' title='bbox 61 1570 249 1626; x_wconf 78' lang='lat' dir='ltr'>P0sltssm</span> <span class='ocrx_word' id='word_1_172' title='bbox 279 1577 423 1633; x_wconf 86' lang='lat' dir='ltr'>ipsum</span> <span class='ocrx_word' id='word_1_173' title='bbox 463 1593 637 1623; x_wconf 88' lang='lat' dir='ltr'>meum.</span> <span class='ocrx_word' id='word_1_174' title='bbox 670 1579 945 1635; x_wconf 57' lang='lat' dir='ltr'>Praecipuum</span> <span class='ocrx_word' id='word_1_175' title='bbox 975 1589 1156 1631; x_wconf 90' lang='lat' dir='ltr'>autem,</span> <span class='ocrx_word' id='word_1_176' title='bbox 1185 1578 1215 1621; x_wconf 86' lang='lat' dir='ltr'><strong>fi</strong></span> <span class='ocrx_word' id='word_1_177' title='bbox 1245 1577 1435 1634; x_wconf 60' lang='lat' dir='ltr'>qumis,</span> <span class='ocrx_word' id='word_1_178' title='bbox 1468 1575 1551 1623; x_wconf 88' lang='lat' dir='ltr'>hoc</span> <span class='ocrx_word' id='word_1_179' title='bbox 1585 1573 1697 1625; x_wconf 77' lang='lat' dir='ltr'>fuit,</span> <span class='ocrx_word' id='word_1_180' title='bbox 1725 1584 1776 1615; x_wconf 93' lang='lat' dir='ltr'>ut</span> <span class='ocrx_word' id='word_1_181' title='bbox 1810 1586 1882 1615; x_wconf 81' lang='lat' dir='ltr'>me</span> <span class='ocrx_word' id='word_1_182' title='bbox 1908 1569 2127 1635; x_wconf 43' lang='lat' dir='ltr'>‚mellores</span> 
     </span>
     <span class='ocr_line' id='line_1_19' title="bbox 59 1626 2126 1690; baseline 0 -23"><span class='ocrx_word' id='word_1_183' title='bbox 59 1628 348 1689; x_wconf 60' lang='lat' dir='ltr'>Anatomicos</span> <span class='ocrx_word' id='word_1_184' title='bbox 375 1635 618 1679; x_wconf 81' lang='lat' dir='ltr'>excitarem</span> <span class='ocrx_word' id='word_1_185' title='bbox 647 1635 704 1678; x_wconf 90' lang='lat' dir='ltr'>ad</span> <span class='ocrx_word' id='word_1_186' title='bbox 733 1636 778 1678; x_wconf 92' lang='lat' dir='ltr'>id</span> <span class='ocrx_word' id='word_1_187' title='bbox 807 1634 972 1690; x_wconf 90' lang='lat' dir='ltr'>publici</span> <span class='ocrx_word' id='word_1_188' title='bbox 985 1634 1089 1677; x_wconf 90' lang='lat' dir='ltr'>boni</span> <span class='ocrx_word' id='word_1_189' title='bbox 1118 1634 1247 1677; x_wconf 86' lang='lat' dir='ltr'>causa</span> <span class='ocrx_word' id='word_1_190' title='bbox 1277 1631 1598 1689; x_wconf 81' lang='lat' dir='ltr'>praestandum,</span> <span class='ocrx_word' id='word_1_191' title='bbox 1627 1629 1686 1672; x_wconf 90' lang='lat' dir='ltr'>ad</span> <span class='ocrx_word' id='word_1_192' title='bbox 1715 1627 1835 1686; x_wconf 92' lang='lat' dir='ltr'>quod</span> <span class='ocrx_word' id='word_1_193' title='bbox 1861 1626 1954 1689; x_wconf 42' lang='lat' dir='ltr'>Vir·</span> <span class='ocrx_word' id='word_1_194' title='bbox 1977 1628 2126 1690; x_wconf 85' lang='lat' dir='ltr'>Expe-</span> 
     </span>
     <span class='ocr_line' id='line_1_20' title="bbox 60 1682 2130 1748; baseline 0 -26"><span class='ocrx_word' id='word_1_195' title='bbox 60 1685 335 1733; x_wconf 80' lang='lat' dir='ltr'>nentiffimus</span> <span class='ocrx_word' id='word_1_196' title='bbox 350 1691 601 1737; x_wconf 82' lang='lat' dir='ltr'>Richardus</span> <span class='ocrx_word' id='word_1_197' title='bbox 619 1690 829 1734; x_wconf 85' lang='lat' dir='ltr'>Meadius</span> <span class='ocrx_word' id='word_1_198' title='bbox 854 1691 1055 1734; x_wconf 78' lang='lat' dir='ltr'>excitare</span> <span class='ocrx_word' id='word_1_199' title='bbox 1084 1688 1230 1733; x_wconf 87' lang='lat' dir='ltr'>voluit</span> <span class='ocrx_word' id='word_1_200' title='bbox 1261 1690 1467 1741; x_wconf 83' lang='lat' dir='ltr'>Medicos</span> <span class='ocrx_word' id='word_1_201' title='bbox 1480 1684 1685 1744; x_wconf 82' lang='lat' dir='ltr'>exemplo</span> <span class='ocrx_word' id='word_1_202' title='bbox 1698 1686 1818 1748; x_wconf 72' lang='grc' dir='ltr'>Γιιο-ι</span> <span class='ocrx_word' id='word_1_203' title='bbox 1836 1682 1959 1745; x_wconf 80' lang='lat' dir='ltr'>Morl</span> <span class='ocrx_word' id='word_1_204' title='bbox 1984 1696 2130 1735; x_wconf 80' lang='lat' dir='ltr'>enim,</span> 
     </span>
     <span class='ocr_line' id='line_1_21' title="bbox 60 1737 2127 1805; baseline -0.004 -17"><span class='ocrx_word' id='word_1_205' title='bbox 60 1748 112 1781; x_wconf 91' lang='lat' dir='ltr'>ut</span> <span class='ocrx_word' id='word_1_206' title='bbox 140 1740 248 1795; x_wconf 78' lang='lat' dir='ltr'>sciS,</span> <span class='ocrx_word' id='word_1_207' title='bbox 276 1745 443 1800; x_wconf 84' lang='lat' dir='ltr'>noluit,</span> <span class='ocrx_word' id='word_1_208' title='bbox 473 1750 584 1804; x_wconf 88' lang='lat' dir='ltr'>quin</span> <span class='ocrx_word' id='word_1_209' title='bbox 608 1756 740 1791; x_wconf 83' lang='lat' dir='ltr'>antea</span> <span class='ocrx_word' id='word_1_210' title='bbox 768 1745 979 1801; x_wconf 82' lang='lat' dir='ltr'>colligens</span> <span class='ocrx_word' id='word_1_211' title='bbox 1007 1759 1104 1803; x_wconf 79' lang='lat' dir='ltr'>quae</span> <span class='ocrx_word' id='word_1_212' title='bbox 1135 1744 1265 1800; x_wconf 86' lang='lat' dir='ltr'>longo</span> <span class='ocrx_word' id='word_1_213' title='bbox 1294 1744 1375 1793; x_wconf 88' lang='lat' dir='ltr'>usu</span> <span class='ocrx_word' id='word_1_214' title='bbox 1404 1751 1674 1798; x_wconf 81' lang='lat' dir='ltr'>cognoverat</span> <span class='ocrx_word' id='word_1_215' title='bbox 1698 1738 1953 1805; x_wconf 76' lang='lat' dir='ltr'>hommlbus</span> <span class='ocrx_word' id='word_1_216' title='bbox 1980 1737 2127 1797; x_wconf 87' lang='lat' dir='ltr'>profu-</span> 
     </span>
     <span class='ocr_line' id='line_1_22' title="bbox 61 1796 2125 1860; baseline -0.007 -11"><span class='ocrx_word' id='word_1_217' title='bbox 61 1805 193 1848; x_wconf 67' lang='lat' dir='ltr'>tura,</span> <span class='ocrx_word' id='word_1_218' title='bbox 223 1799 424 1855; x_wconf 84' lang='lat' dir='ltr'>Monita,</span> <span class='ocrx_word' id='word_1_219' title='bbox 451 1807 496 1846; x_wconf 66' lang='grc' dir='ltr'>δε</span> <span class='ocrx_word' id='word_1_220' title='bbox 521 1804 739 1859; x_wconf 83' lang='lat' dir='ltr'>Praecepta</span> <span class='ocrx_word' id='word_1_221' title='bbox 769 1802 977 1854; x_wconf 89' lang='lat' dir='ltr'>Medica,</span> <span class='ocrx_word' id='word_1_222' title='bbox 1006 1812 1224 1858; x_wconf 81' lang='lat' dir='ltr'>tanquam</span> <span class='ocrx_word' id='word_1_223' title='bbox 1262 1798 1462 1856; x_wconf 74' lang='lat' dir='ltr'>legatum,</span> <span class='ocrx_word' id='word_1_224' title='bbox 1491 1808 1541 1841; x_wconf 91' lang='lat' dir='ltr'>ut</span> <span class='ocrx_word' id='word_1_225' title='bbox 1578 1796 1717 1840; x_wconf 88' lang='lat' dir='ltr'>verbo</span> <span class='ocrx_word' id='word_1_226' title='bbox 1745 1797 1847 1860; x_wconf 59' lang='lat' dir='ltr'>ipso</span> <span class='ocrx_word' id='word_1_227' title='bbox 1876 1808 1970 1849; x_wconf 73' lang='lat' dir='ltr'>ejus</span> <span class='ocrx_word' id='word_1_228' title='bbox 1999 1804 2125 1858; x_wconf 66' lang='lat' dir='ltr'>utar,</span> 
     </span>
     <span class='ocr_line' id='line_1_23' title="bbox 60 1850 2129 1915; baseline -0.002 -20"><span class='ocrx_word' id='word_1_229' title='bbox 60 1851 357 1910; x_wconf 85' lang='lat' dir='ltr'>relinqueret.</span> <span class='ocrx_word' id='word_1_230' title='bbox 392 1859 576 1902; x_wconf 84' lang='lat' dir='ltr'>Utinam</span> <span class='ocrx_word' id='word_1_231' title='bbox 606 1859 862 1902; x_wconf 88' lang='lat' dir='ltr'>Anatomici</span> <span class='ocrx_word' id='word_1_232' title='bbox 902 1871 1081 1915; x_wconf 84' lang='lat' dir='ltr'>quoque</span> <span class='ocrx_word' id='word_1_233' title='bbox 1110 1856 1378 1905; x_wconf 81' lang='lat' dir='ltr'>senescentes</span> <span class='ocrx_word' id='word_1_234' title='bbox 1417 1868 1519 1913; x_wconf 72' lang='lat' dir='ltr'>quae</span> <span class='ocrx_word' id='word_1_235' title='bbox 1561 1854 1677 1895; x_wconf 89' lang='lat' dir='ltr'>inter</span> <span class='ocrx_word' id='word_1_236' title='bbox 1711 1850 2019 1896; x_wconf 82' lang='lat' dir='ltr'>dlffecandum</span> <span class='ocrx_word' id='word_1_237' title='bbox 2059 1864 2129 1892; x_wconf 80' lang='lat' dir='ltr'>vi-</span> 
     </span>
     <span class='ocr_line' id='line_1_24' title="bbox 62 1907 2127 1971; baseline -0.002 -18"><span class='ocrx_word' id='word_1_238' title='bbox 62 1909 223 1953; x_wconf 67' lang='lat' dir='ltr'>dissent</span> <span class='ocrx_word' id='word_1_239' title='bbox 251 1913 308 1956; x_wconf 92' lang='lat' dir='ltr'>ad</span> <span class='ocrx_word' id='word_1_240' title='bbox 336 1915 594 1958; x_wconf 88' lang='lat' dir='ltr'>morborum</span> <span class='ocrx_word' id='word_1_241' title='bbox 623 1915 772 1958; x_wconf 86' lang='lat' dir='ltr'>causas</span> <span class='ocrx_word' id='word_1_242' title='bbox 802 1913 1071 1970; x_wconf 46' lang='lat' dir='ltr'>specimina,</span> <span class='ocrx_word' id='word_1_243' title='bbox 1101 1913 1356 1971; x_wconf 79' lang='lat' dir='ltr'>colligerent</span> <span class='ocrx_word' id='word_1_244' title='bbox 1380 1941 1395 1965; x_wconf 88' lang='lat'>,</span> <span class='ocrx_word' id='word_1_245' title='bbox 1433 1913 1698 1965; x_wconf 86' lang='lat' dir='ltr'>ederentque</span> <span class='ocrx_word' id='word_1_246' title='bbox 1723 1939 1736 1962; x_wconf 86' lang='lat'>,</span> <span class='ocrx_word' id='word_1_247' title='bbox 1778 1923 1833 1952; x_wconf 88' lang='lat' dir='ltr'>ne</span> <span class='ocrx_word' id='word_1_248' title='bbox 1876 1907 2127 1969; x_wconf 61' lang='lat' dir='ltr'>laborunr,</span> 
     </span>
     <span class='ocr_line' id='line_1_25' title="bbox 62 1964 2129 2030; baseline 0.004 -23"><span class='ocrx_word' id='word_1_249' title='bbox 62 1964 390 2023; x_wconf 87' lang='lat' dir='ltr'>molestiarum,</span> <span class='ocrx_word' id='word_1_250' title='bbox 418 1980 554 2030; x_wconf 16' lang='lat' dir='ltr'>*atque</span> <span class='ocrx_word' id='word_1_251' title='bbox 579 1970 693 2014; x_wconf 69' lang='lat' dir='ltr'>,adeo</span> <span class='ocrx_word' id='word_1_252' title='bbox 723 1970 1025 2030; x_wconf 86' lang='lat' dir='ltr'>periculorum</span> <span class='ocrx_word' id='word_1_253' title='bbox 1054 1968 1233 2015; x_wconf 89' lang='lat' dir='ltr'>suorum</span> <span class='ocrx_word' id='word_1_254' title='bbox 1261 1969 1390 2025; x_wconf 82' lang='lat' dir='ltr'>longe</span> <span class='ocrx_word' id='word_1_255' title='bbox 1420 1967 1579 2018; x_wconf 83' lang='lat' dir='ltr'>melior</span> <span class='ocrx_word' id='word_1_256' title='bbox 1608 1964 1780 2013; x_wconf 67' lang='lat' dir='ltr'>fructus</span> <span class='ocrx_word' id='word_1_257' title='bbox 1820 1965 1969 2011; x_wconf 86' lang='lat' dir='ltr'>secum</span> <span class='ocrx_word' id='word_1_258' title='bbox 2009 1976 2129 2022; x_wconf 64' lang='lat' dir='ltr'>pem-².</span> 
     </span>
     <span class='ocr_line' id='line_1_26' title="bbox 61 2031 152 2066; baseline 0.033 -3"><span class='ocrx_word' id='word_1_259' title='bbox 61 2031 152 2066; x_wconf 73' lang='lat' dir='ltr'>ret.</span> 
     </span>
    </p>

    <p class='ocr_par' dir='ltr' id='par_1_7' title="bbox 52 2079 2173 3587">
     <span class='ocr_line' id='line_1_27' title="bbox 119 2079 2131 2148; baseline 0.003 -21"><span class='ocrx_word' id='word_1_260' title='bbox 119 2084 270 2127; x_wconf 89' lang='lat' dir='ltr'>Tanto</span> <span class='ocrx_word' id='word_1_261' title='bbox 299 2083 421 2127; x_wconf 88' lang='lat' dir='ltr'>enirn</span> <span class='ocrx_word' id='word_1_262' title='bbox 450 2082 588 2127; x_wconf 74' lang='lat' dir='ltr'>mmor</span> <span class='ocrx_word' id='word_1_263' title='bbox 619 2085 715 2127; x_wconf 80' lang='lat' dir='ltr'>haec</span> <span class='ocrx_word' id='word_1_264' title='bbox 744 2087 983 2131; x_wconf 85' lang='lat' dir='ltr'>Anatomes</span> <span class='ocrx_word' id='word_1_265' title='bbox 1012 2100 1110 2143; x_wconf 89' lang='lat' dir='ltr'>pars</span> <span class='ocrx_word' id='word_1_266' title='bbox 1139 2087 1230 2142; x_wconf 90' lang='lat' dir='ltr'>est,</span> <span class='ocrx_word' id='word_1_267' title='bbox 1259 2101 1405 2143; x_wconf 74' lang='lat' dir='ltr'>quanto</span> <span class='ocrx_word' id='word_1_268' title='bbox 1435 2087 1489 2131; x_wconf 75' lang='lat' dir='ltr'>ad</span> <span class='ocrx_word' id='word_1_269' title='bbox 1516 2079 1650 2146; x_wconf 74' lang='lat' dir='ltr'>causas</span> <span class='ocrx_word' id='word_1_270' title='bbox 1676 2089 1896 2132; x_wconf 76' lang='lat' dir='ltr'>morborum</span> <span class='ocrx_word' id='word_1_271' title='bbox 1909 2084 2131 2148; x_wconf 56' lang='lat' dir='ltr'>dignoscenss</span> 
     </span>
     <span class='ocr_line' id='line_1_28' title="bbox 62 2140 2129 2199; baseline 0.001 -14"><span class='ocrx_word' id='word_1_272' title='bbox 62 2140 132 2185; x_wconf 76' lang='lat' dir='ltr'>das</span> <span class='ocrx_word' id='word_1_273' title='bbox 162 2142 285 2196; x_wconf 70' lang='lat' dir='ltr'>magis</span> <span class='ocrx_word' id='word_1_274' title='bbox 312 2140 444 2183; x_wconf 73' lang='lat' dir='ltr'>idonea</span> <span class='ocrx_word' id='word_1_275' title='bbox 474 2169 487 2192; x_wconf 87' lang='lat'>,</span> <span class='ocrx_word' id='word_1_276' title='bbox 526 2142 903 2199; x_wconf 87' lang='lat' dir='ltr'>quemadmodum</span> <span class='ocrx_word' id='word_1_277' title='bbox 933 2157 1119 2197; x_wconf 86' lang='lat' dir='ltr'>magnus</span> <span class='ocrx_word' id='word_1_278' title='bbox 1147 2146 1192 2187; x_wconf 83' lang='lat'>&amp;</span> <span class='ocrx_word' id='word_1_279' title='bbox 1221 2144 1453 2197; x_wconf 83' lang='lat' dir='ltr'>Medicus,</span> <span class='ocrx_word' id='word_1_280' title='bbox 1483 2148 1527 2188; x_wconf 87' lang='lat'>&amp;</span> <span class='ocrx_word' id='word_1_281' title='bbox 1559 2147 1850 2191; x_wconf 83' lang='lat' dir='ltr'>Anatomicus</span> <span class='ocrx_word' id='word_1_282' title='bbox 1880 2148 2084 2191; x_wconf 87' lang='lat' dir='ltr'>censebat</span> <span class='ocrx_word' id='word_1_283' title='bbox 2112 2176 2129 2199; x_wconf 91' lang='lat'>,</span> 
     </span>
     <span class='ocr_line' id='line_1_29' title="bbox 63 2195 2126 2256; baseline 0.001 -14"><span class='ocrx_word' id='word_1_284' title='bbox 63 2209 115 2242; x_wconf 85' lang='lat' dir='ltr'>ut</span> <span class='ocrx_word' id='word_1_285' title='bbox 146 2197 281 2248; x_wconf 85' lang='lat' dir='ltr'>nosti,</span> <span class='ocrx_word' id='word_1_286' title='bbox 312 2195 663 2241; x_wconf 76' lang='lat' dir='ltr'>Bartholomaeus</span> <span class='ocrx_word' id='word_1_287' title='bbox 692 2199 953 2242; x_wconf 82' lang='lat' dir='ltr'>Eustachius</span> <span class='ocrx_word' id='word_1_288' title='bbox 984 2202 995 2252; x_wconf 92' lang='lat'>(</span> <span class='ocrx_word' id='word_1_289' title='bbox 1022 2215 1050 2242; x_wconf 80' lang='lat' dir='ltr'>a</span> <span class='ocrx_word' id='word_1_290' title='bbox 1081 2202 1120 2252; x_wconf 88' lang='lat'>),</span> <span class='ocrx_word' id='word_1_291' title='bbox 1150 2199 1247 2244; x_wconf 90' lang='lat' dir='ltr'>sero</span> <span class='ocrx_word' id='word_1_292' title='bbox 1269 2214 1568 2256; x_wconf 83' lang='lat' dir='ltr'>conquerens,</span> <span class='ocrx_word' id='word_1_293' title='bbox 1598 2213 1664 2245; x_wconf 90' lang='lat' dir='ltr'>tot</span> <span class='ocrx_word' id='word_1_294' title='bbox 1693 2215 1830 2246; x_wconf 86' lang='lat' dir='ltr'>annos</span> <span class='ocrx_word' id='word_1_295' title='bbox 1860 2217 1949 2247; x_wconf 89' lang='lat' dir='ltr'>non</span> <span class='ocrx_word' id='word_1_296' title='bbox 1980 2205 2026 2247; x_wconf 92' lang='lat' dir='ltr'>in</span> <span class='ocrx_word' id='word_1_297' title='bbox 2040 2203 2126 2247; x_wconf 84' lang='lat' dir='ltr'>hac</span> 
     </span>
     <span class='ocr_line' id='line_1_30' title="bbox 63 2253 2128 2315; baseline 0.002 -18"><span class='ocrx_word' id='word_1_298' title='bbox 63 2254 210 2311; x_wconf 86' lang='lat' dir='ltr'>potius</span> <span class='ocrx_word' id='word_1_299' title='bbox 239 2253 457 2304; x_wconf 87' lang='lat' dir='ltr'>secunda,</span> <span class='ocrx_word' id='word_1_300' title='bbox 486 2267 621 2310; x_wconf 89' lang='lat' dir='ltr'>quam</span> <span class='ocrx_word' id='word_1_301' title='bbox 652 2254 696 2296; x_wconf 89' lang='lat' dir='ltr'>in</span> <span class='ocrx_word' id='word_1_302' title='bbox 730 2259 873 2310; x_wconf 88' lang='lat' dir='ltr'>priore</span> <span class='ocrx_word' id='word_1_303' title='bbox 904 2256 1146 2299; x_wconf 85' lang='lat' dir='ltr'>Anatomes</span> <span class='ocrx_word' id='word_1_304' title='bbox 1186 2266 1334 2312; x_wconf 88' lang='lat' dir='ltr'>parte,</span> <span class='ocrx_word' id='word_1_305' title='bbox 1365 2270 1465 2312; x_wconf 81' lang='lat' dir='ltr'>quae</span> <span class='ocrx_word' id='word_1_306' title='bbox 1494 2256 1596 2300; x_wconf 87' lang='lat' dir='ltr'>sana</span> <span class='ocrx_word' id='word_1_307' title='bbox 1625 2272 1813 2315; x_wconf 87' lang='lat' dir='ltr'>corpora</span> <span class='ocrx_word' id='word_1_308' title='bbox 1853 2261 2082 2303; x_wconf 81' lang='lat' dir='ltr'>examinat</span> <span class='ocrx_word' id='word_1_309' title='bbox 2112 2288 2128 2312; x_wconf 93' lang='lat'>,</span> 
     </span>
     <span class='ocr_line' id='line_1_31' title="bbox 61 2308 2124 2371; baseline 0.002 -19"><span class='ocrx_word' id='word_1_310' title='bbox 61 2321 323 2366; x_wconf 84' lang='lat' dir='ltr'>tantumque</span> <span class='ocrx_word' id='word_1_311' title='bbox 354 2308 548 2352; x_wconf 86' lang='lat' dir='ltr'>studium</span> <span class='ocrx_word' id='word_1_312' title='bbox 587 2310 793 2366; x_wconf 83' lang='lat' dir='ltr'>posuisse.</span> <span class='ocrx_word' id='word_1_313' title='bbox 824 2312 886 2356; x_wconf 88' lang='lat' dir='ltr'>At</span> <span class='ocrx_word' id='word_1_314' title='bbox 919 2314 1039 2355; x_wconf 89' lang='lat' dir='ltr'>enim</span> <span class='ocrx_word' id='word_1_315' title='bbox 1081 2311 1269 2356; x_wconf 89' lang='lat' dir='ltr'>secunda</span> <span class='ocrx_word' id='word_1_316' title='bbox 1302 2311 1390 2354; x_wconf 88' lang='lat' dir='ltr'>fine</span> <span class='ocrx_word' id='word_1_317' title='bbox 1420 2314 1566 2370; x_wconf 89' lang='lat' dir='ltr'>priore</span> <span class='ocrx_word' id='word_1_318' title='bbox 1591 2313 1703 2357; x_wconf 87' lang='lat' dir='ltr'>stare</span> <span class='ocrx_word' id='word_1_319' title='bbox 1732 2327 1818 2357; x_wconf 89' lang='lat' dir='ltr'>non</span> <span class='ocrx_word' id='word_1_320' title='bbox 1850 2315 2013 2371; x_wconf 84' lang='lat' dir='ltr'>potest,</span> <span class='ocrx_word' id='word_1_321' title='bbox 2042 2329 2124 2358; x_wconf 87' lang='lat' dir='ltr'>nec</span> 
     </span>
     <span class='ocr_line' id='line_1_32' title="bbox 59 2365 2126 2429; baseline 0.002 -20"><span class='ocrx_word' id='word_1_322' title='bbox 59 2366 149 2411; x_wconf 84' lang='lat' dir='ltr'>fine</span> <span class='ocrx_word' id='word_1_323' title='bbox 178 2367 325 2424; x_wconf 91' lang='lat' dir='ltr'>priore</span> <span class='ocrx_word' id='word_1_324' title='bbox 352 2365 614 2419; x_wconf 84' lang='lat' dir='ltr'>cognoscere</span> <span class='ocrx_word' id='word_1_325' title='bbox 643 2366 746 2411; x_wconf 86' lang='lat' dir='ltr'>licet</span> <span class='ocrx_word' id='word_1_326' title='bbox 779 2366 976 2410; x_wconf 90' lang='lat' dir='ltr'>Partium</span> <span class='ocrx_word' id='word_1_327' title='bbox 1028 2367 1129 2412; x_wconf 79' lang='lat' dir='ltr'>usus</span> <span class='ocrx_word' id='word_1_328' title='bbox 1159 2368 1217 2411; x_wconf 89' lang='lat' dir='ltr'>ad</span> <span class='ocrx_word' id='word_1_329' title='bbox 1252 2369 1522 2413; x_wconf 87' lang='lat' dir='ltr'>medendum</span> <span class='ocrx_word' id='word_1_330' title='bbox 1551 2371 1663 2414; x_wconf 88' lang='lat' dir='ltr'>adeo</span> <span class='ocrx_word' id='word_1_331' title='bbox 1693 2371 1973 2423; x_wconf 77' lang='lat' dir='ltr'>neceffarios3</span> <span class='ocrx_word' id='word_1_332' title='bbox 2005 2370 2126 2429; x_wconf 77' lang='lat' dir='ltr'>quasi</span> 
     </span>
     <span class='ocr_line' id='line_1_33' title="bbox 52 2422 2125 2482; baseline 0.002 -17"><span class='ocrx_word' id='word_1_333' title='bbox 52 2436 164 2466; x_wconf 85' lang='lat' dir='ltr'>vero</span> <span class='ocrx_word' id='word_1_334' title='bbox 193 2425 237 2465; x_wconf 85' lang='lat'>&amp;</span> <span class='ocrx_word' id='word_1_335' title='bbox 267 2422 459 2464; x_wconf 85' lang='lat' dir='ltr'>secunda</span> <span class='ocrx_word' id='word_1_336' title='bbox 486 2435 543 2464; x_wconf 84' lang='lat' dir='ltr'>ex</span> <span class='ocrx_word' id='word_1_337' title='bbox 571 2434 703 2465; x_wconf 76' lang='lat' dir='ltr'>certae</span> <span class='ocrx_word' id='word_1_338' title='bbox 737 2422 872 2466; x_wconf 85' lang='lat' dir='ltr'>Partis</span> <span class='ocrx_word' id='word_1_339' title='bbox 903 2422 1071 2467; x_wconf 80' lang='lat' dir='ltr'>laefione</span> <span class='ocrx_word' id='word_1_340' title='bbox 1101 2438 1205 2467; x_wconf 90' lang='lat' dir='ltr'>cum</span> <span class='ocrx_word' id='word_1_341' title='bbox 1234 2435 1366 2468; x_wconf 78' lang='lat' dir='ltr'>certae</span> <span class='ocrx_word' id='word_1_342' title='bbox 1398 2426 1649 2470; x_wconf 68' lang='lat' dir='ltr'>Funstionis</span> <span class='ocrx_word' id='word_1_343' title='bbox 1681 2426 1997 2482; x_wconf 88' lang='lat' dir='ltr'>impedimento</span> <span class='ocrx_word' id='word_1_344' title='bbox 2020 2441 2125 2471; x_wconf 90' lang='lat' dir='ltr'>con-</span> 
     </span>
     <span class='ocr_line' id='line_1_34' title="bbox 58 2478 2127 2535; baseline 0.002 -13"><span class='ocrx_word' id='word_1_345' title='bbox 58 2478 240 2535; x_wconf 61' lang='lat' dir='ltr'>juncta,</span> <span class='ocrx_word' id='word_1_346' title='bbox 270 2479 327 2521; x_wconf 89' lang='lat' dir='ltr'>ad</span> <span class='ocrx_word' id='word_1_347' title='bbox 363 2492 488 2521; x_wconf 87' lang='lat' dir='ltr'>veros</span> <span class='ocrx_word' id='word_1_348' title='bbox 513 2478 613 2521; x_wconf 89' lang='lat' dir='ltr'>usus</span> <span class='ocrx_word' id='word_1_349' title='bbox 645 2493 734 2523; x_wconf 88' lang='lat' dir='ltr'>non</span> <span class='ocrx_word' id='word_1_350' title='bbox 758 2479 890 2522; x_wconf 88' lang='lat' dir='ltr'>modo</span> <span class='ocrx_word' id='word_1_351' title='bbox 913 2480 1263 2533; x_wconf 84' lang='lat' dir='ltr'>confirmandos,</span> <span class='ocrx_word' id='word_1_352' title='bbox 1294 2481 1367 2525; x_wconf 88' lang='lat' dir='ltr'>sed</span> <span class='ocrx_word' id='word_1_353' title='bbox 1397 2485 1440 2525; x_wconf 84' lang='lat'>&amp;</span> <span class='ocrx_word' id='word_1_354' title='bbox 1471 2481 1772 2535; x_wconf 88' lang='lat' dir='ltr'>illustrandos,</span> <span class='ocrx_word' id='word_1_355' title='bbox 1803 2484 1892 2526; x_wconf 89' lang='lat' dir='ltr'>imo</span> <span class='ocrx_word' id='word_1_356' title='bbox 1921 2498 2127 2529; x_wconf 88' lang='lat' dir='ltr'>nonnun-</span> 
     </span>
     <span class='ocr_line' id='line_1_35' title="bbox 59 2533 2125 2599; baseline 0.004 -21"><span class='ocrx_word' id='word_1_357' title='bbox 59 2549 196 2591; x_wconf 85' lang='lat' dir='ltr'>quam</span> <span class='ocrx_word' id='word_1_358' title='bbox 228 2534 510 2578; x_wconf 87' lang='lat' dir='ltr'>inveniendos</span> <span class='ocrx_word' id='word_1_359' title='bbox 525 2564 538 2587; x_wconf 94' lang='lat'>,</span> <span class='ocrx_word' id='word_1_360' title='bbox 570 2535 627 2578; x_wconf 87' lang='lat' dir='ltr'>ad</span> <span class='ocrx_word' id='word_1_361' title='bbox 650 2533 777 2577; x_wconf 87' lang='lat' dir='ltr'>falsos</span> <span class='ocrx_word' id='word_1_362' title='bbox 801 2546 953 2578; x_wconf 90' lang='lat' dir='ltr'>autem</span> <span class='ocrx_word' id='word_1_363' title='bbox 977 2535 1238 2580; x_wconf 88' lang='lat' dir='ltr'>refellendos</span> <span class='ocrx_word' id='word_1_364' title='bbox 1262 2538 1447 2581; x_wconf 83' lang='lat' dir='ltr'>mirifice</span> <span class='ocrx_word' id='word_1_365' title='bbox 1477 2552 1564 2581; x_wconf 87' lang='lat' dir='ltr'>non</span> <span class='ocrx_word' id='word_1_366' title='bbox 1587 2539 1836 2583; x_wconf 87' lang='lat' dir='ltr'>inserviret.</span> <span class='ocrx_word' id='word_1_367' title='bbox 1869 2539 1989 2584; x_wconf 85' lang='lat' dir='ltr'>Nam</span> <span class='ocrx_word' id='word_1_368' title='bbox 2002 2541 2125 2599; x_wconf 88' lang='lat' dir='ltr'>quod</span> 
     </span>
     <span class='ocr_line' id='line_1_36' title="bbox 60 2590 2126 2653; baseline 0.002 -17"><span class='ocrx_word' id='word_1_369' title='bbox 60 2591 252 2637; x_wconf 89' lang='lat' dir='ltr'>secunda</span> <span class='ocrx_word' id='word_1_370' title='bbox 279 2590 368 2634; x_wconf 87' lang='lat' dir='ltr'>fine</span> <span class='ocrx_word' id='word_1_371' title='bbox 400 2592 543 2647; x_wconf 90' lang='lat' dir='ltr'>priore</span> <span class='ocrx_word' id='word_1_372' title='bbox 581 2591 692 2634; x_wconf 80' lang='lat' dir='ltr'>stare</span> <span class='ocrx_word' id='word_1_373' title='bbox 721 2605 809 2633; x_wconf 87' lang='lat' dir='ltr'>non</span> <span class='ocrx_word' id='word_1_374' title='bbox 839 2593 987 2647; x_wconf 88' lang='lat' dir='ltr'>poffit,</span> <span class='ocrx_word' id='word_1_375' title='bbox 1017 2606 1095 2635; x_wconf 87' lang='lat' dir='ltr'>nos</span> <span class='ocrx_word' id='word_1_376' title='bbox 1127 2593 1305 2649; x_wconf 89' lang='lat' dir='ltr'>quidem</span> <span class='ocrx_word' id='word_1_377' title='bbox 1345 2594 1464 2637; x_wconf 88' lang='lat' dir='ltr'>ultro</span> <span class='ocrx_word' id='word_1_378' title='bbox 1488 2594 1682 2639; x_wconf 88' lang='lat' dir='ltr'>fatemur</span> <span class='ocrx_word' id='word_1_379' title='bbox 1711 2625 1725 2648; x_wconf 92' lang='lat'>,</span> <span class='ocrx_word' id='word_1_380' title='bbox 1768 2596 1845 2651; x_wconf 85' lang='lat' dir='ltr'>qni</span> <span class='ocrx_word' id='word_1_381' title='bbox 1884 2596 2126 2653; x_wconf 89' lang='lat' dir='ltr'>aliquando</span> 
     </span>
     <span class='ocr_line' id='line_1_37' title="bbox 63 2645 2127 2708; baseline 0.003 -17"><span class='ocrx_word' id='word_1_382' title='bbox 63 2647 137 2691; x_wconf 90' lang='lat' dir='ltr'>vel</span> <span class='ocrx_word' id='word_1_383' title='bbox 165 2645 334 2691; x_wconf 90' lang='lat' dir='ltr'>nobiles</span> <span class='ocrx_word' id='word_1_384' title='bbox 366 2646 594 2699; x_wconf 82' lang='lat' dir='ltr'>Medicos,</span> <span class='ocrx_word' id='word_1_385' title='bbox 622 2647 786 2689; x_wconf 89' lang='lat' dir='ltr'>nedum</span> <span class='ocrx_word' id='word_1_386' title='bbox 816 2647 1016 2702; x_wconf 82' lang='lat' dir='ltr'>vulgares</span> <span class='ocrx_word' id='word_1_387' title='bbox 1046 2648 1292 2703; x_wconf 85' lang='lat' dir='ltr'>Chirurgos</span> <span class='ocrx_word' id='word_1_388' title='bbox 1306 2679 1320 2703; x_wconf 83' lang='lat'><em>‚</em></span> <span class='ocrx_word' id='word_1_389' title='bbox 1346 2651 1539 2694; x_wconf 87' lang='lat' dir='ltr'>vidimus</span> <span class='ocrx_word' id='word_1_390' title='bbox 1568 2653 1683 2702; x_wconf 87' lang='lat' dir='ltr'>hoc,</span> <span class='ocrx_word' id='word_1_391' title='bbox 1713 2653 1787 2695; x_wconf 85' lang='lat' dir='ltr'>vel</span> <span class='ocrx_word' id='word_1_392' title='bbox 1817 2649 1928 2695; x_wconf 92' lang='lat' dir='ltr'>illud</span> <span class='ocrx_word' id='word_1_393' title='bbox 1947 2653 2127 2708; x_wconf 88' lang='lat' dir='ltr'>viscus,</span> 
     </span>
     <span class='ocr_line' id='line_1_38' title="bbox 65 2703 2124 2764; baseline 0.003 -19"><span class='ocrx_word' id='word_1_394' title='bbox 65 2713 242 2760; x_wconf 88' lang='lat' dir='ltr'>propter</span> <span class='ocrx_word' id='word_1_395' title='bbox 278 2712 524 2754; x_wconf 89' lang='lat' dir='ltr'>mutatam,</span> <span class='ocrx_word' id='word_1_396' title='bbox 555 2703 811 2746; x_wconf 84' lang='lat' dir='ltr'>morborum</span> <span class='ocrx_word' id='word_1_397' title='bbox 841 2704 913 2755; x_wconf 89' lang='lat' dir='ltr'>vi,</span> <span class='ocrx_word' id='word_1_398' title='bbox 945 2704 1120 2757; x_wconf 87' lang='lat' dir='ltr'>sedem,</span> <span class='ocrx_word' id='word_1_399' title='bbox 1148 2704 1363 2759; x_wconf 81' lang='lat' dir='ltr'>figuram,</span> <span class='ocrx_word' id='word_1_400' title='bbox 1395 2709 1438 2749; x_wconf 88' lang='lat'>&amp;</span> <span class='ocrx_word' id='word_1_401' title='bbox 1467 2720 1570 2750; x_wconf 88' lang='lat' dir='ltr'>cum</span> <span class='ocrx_word' id='word_1_402' title='bbox 1609 2707 1756 2750; x_wconf 89' lang='lat' dir='ltr'>colore</span> <span class='ocrx_word' id='word_1_403' title='bbox 1796 2708 2007 2764; x_wconf 88' lang='lat' dir='ltr'>speciem,</span> <span class='ocrx_word' id='word_1_404' title='bbox 2035 2724 2124 2753; x_wconf 89' lang='lat' dir='ltr'>non</span> 
     </span>
     <span class='ocr_line' id='line_1_39' title="bbox 67 2757 2124 2820; baseline 0.005 -20"><span class='ocrx_word' id='word_1_405' title='bbox 67 2757 373 2812; x_wconf 81' lang='lat' dir='ltr'>agnoscentes,</span> <span class='ocrx_word' id='word_1_406' title='bbox 403 2758 519 2814; x_wconf 90' lang='lat' dir='ltr'>quod</span> <span class='ocrx_word' id='word_1_407' title='bbox 552 2772 629 2801; x_wconf 89' lang='lat' dir='ltr'>nos</span> <span class='ocrx_word' id='word_1_408' title='bbox 668 2772 726 2801; x_wconf 75' lang='lat' dir='ltr'>ex</span> <span class='ocrx_word' id='word_1_409' title='bbox 761 2758 966 2812; x_wconf 77' lang='lat' dir='ltr'>nexibus,</span> <span class='ocrx_word' id='word_1_410' title='bbox 999 2762 1043 2801; x_wconf 70' lang='grc' dir='ltr'>δε</span> <span class='ocrx_word' id='word_1_411' title='bbox 1071 2760 1275 2803; x_wconf 87' lang='lat' dir='ltr'>vasorum</span> <span class='ocrx_word' id='word_1_412' title='bbox 1306 2762 1475 2816; x_wconf 84' lang='lat' dir='ltr'>origine</span> <span class='ocrx_word' id='word_1_413' title='bbox 1503 2765 1728 2820; x_wconf 90' lang='lat' dir='ltr'>quodnam</span> <span class='ocrx_word' id='word_1_414' title='bbox 1751 2765 1880 2815; x_wconf 78' lang='lat' dir='ltr'>esset,</span> <span class='ocrx_word' id='word_1_415' title='bbox 1910 2766 2124 2810; x_wconf 87' lang='lat' dir='ltr'>continuo</span> 
     </span>
     <span class='ocr_line' id='line_1_40' title="bbox 67 2812 2120 2874; baseline 0.004 -18"><span class='ocrx_word' id='word_1_416' title='bbox 67 2812 388 2865; x_wconf 79' lang='lat' dir='ltr'>indicavimus,</span> <span class='ocrx_word' id='word_1_417' title='bbox 415 2827 516 2856; x_wconf 81' lang='lat' dir='ltr'>mox</span> <span class='ocrx_word' id='word_1_418' title='bbox 545 2828 622 2869; x_wconf 88' lang='lat' dir='ltr'>per</span> <span class='ocrx_word' id='word_1_419' title='bbox 656 2813 953 2857; x_wconf 71' lang='lat' dir='ltr'>diffefflonem</span> <span class='ocrx_word' id='word_1_420' title='bbox 982 2815 1346 2860; x_wconf 88' lang='lat' dir='ltr'>demonstrantes.</span> <span class='ocrx_word' id='word_1_421' title='bbox 1383 2817 1509 2871; x_wconf 82' lang='lat' dir='ltr'>Qin</span> <span class='ocrx_word' id='word_1_422' title='bbox 1537 2819 1741 2861; x_wconf 78' lang='lat' dir='ltr'>omuibus</span> <span class='ocrx_word' id='word_1_423' title='bbox 1775 2819 1851 2874; x_wconf 90' lang='lat' dir='ltr'>qui</span> <span class='ocrx_word' id='word_1_424' title='bbox 1893 2819 1994 2863; x_wconf 86' lang='lat' dir='ltr'>satis</span> <span class='ocrx_word' id='word_1_425' title='bbox 2037 2821 2120 2865; x_wconf 85' lang='lat' dir='ltr'>fint</span> 
     </span>
     <span class='ocr_line' id='line_1_41' title="bbox 68 2869 2120 2929; baseline 0.003 -16"><span class='ocrx_word' id='word_1_426' title='bbox 68 2872 113 2913; x_wconf 91' lang='lat' dir='ltr'>in</span> <span class='ocrx_word' id='word_1_427' title='bbox 145 2870 289 2924; x_wconf 81' lang='lat' dir='ltr'>priore</span> <span class='ocrx_word' id='word_1_428' title='bbox 321 2872 540 2911; x_wconf 85' lang='lat' dir='ltr'>Anatome</span> <span class='ocrx_word' id='word_1_429' title='bbox 575 2871 829 2923; x_wconf 85' lang='lat' dir='ltr'>exercitati,</span> <span class='ocrx_word' id='word_1_430' title='bbox 859 2869 1054 2926; x_wconf 90' lang='lat' dir='ltr'>proclive</span> <span class='ocrx_word' id='word_1_431' title='bbox 1081 2872 1190 2924; x_wconf 80' lang='lat' dir='ltr'>effe,</span> <span class='ocrx_word' id='word_1_432' title='bbox 1221 2872 1545 2926; x_wconf 80' lang='lat' dir='ltr'>existimamus,</span> <span class='ocrx_word' id='word_1_433' title='bbox 1574 2887 1741 2917; x_wconf 88' lang='lat' dir='ltr'>errores</span> <span class='ocrx_word' id='word_1_434' title='bbox 1781 2888 1962 2929; x_wconf 85' lang='lat' dir='ltr'>graves,</span> <span class='ocrx_word' id='word_1_435' title='bbox 1992 2879 2034 2920; x_wconf 83' lang='lat'>&amp;</span> <span class='ocrx_word' id='word_1_436' title='bbox 2075 2881 2120 2921; x_wconf 87' lang='lat' dir='ltr'>in</span> 
     </span>
     <span class='ocr_line' id='line_1_42' title="bbox 69 2923 2119 2989; baseline 0.003 -21"><span class='ocrx_word' id='word_1_437' title='bbox 69 2925 292 2981; x_wconf 77' lang='lat' dir='ltr'>graviores</span> <span class='ocrx_word' id='word_1_438' title='bbox 324 2923 578 2967; x_wconf 59' lang='lat' dir='ltr'>induam-os</span> <span class='ocrx_word' id='word_1_439' title='bbox 604 2925 881 2979; x_wconf 85' lang='lat' dir='ltr'>dignoscere,</span> <span class='ocrx_word' id='word_1_440' title='bbox 909 2928 987 2983; x_wconf 91' lang='lat' dir='ltr'>qui</span> <span class='ocrx_word' id='word_1_441' title='bbox 1012 2927 1070 2969; x_wconf 92' lang='lat' dir='ltr'>ob</span> <span class='ocrx_word' id='word_1_442' title='bbox 1097 2927 1292 2980; x_wconf 83' lang='lat' dir='ltr'>ejusdem</span> <span class='ocrx_word' id='word_1_443' title='bbox 1320 2930 1646 2972; x_wconf 81' lang='lat' dir='ltr'>exercitationis</span> <span class='ocrx_word' id='word_1_444' title='bbox 1666 2930 1891 2973; x_wconf 61' lang='lat' dir='ltr'>defectum</span> <span class='ocrx_word' id='word_1_445' title='bbox 1921 2932 1968 2975; x_wconf 93' lang='lat' dir='ltr'>in</span> <span class='ocrx_word' id='word_1_446' title='bbox 1999 2934 2119 2989; x_wconf 87' lang='lat' dir='ltr'>quas-</span> 
     </span>
     <span class='ocr_line' id='line_1_43' title="bbox 69 2980 2122 3038; baseline 0.003 -13"><span class='ocrx_word' id='word_1_447' title='bbox 69 2984 174 3026; x_wconf 86' lang='lat' dir='ltr'>dam</span> <span class='ocrx_word' id='word_1_448' title='bbox 203 2980 466 3035; x_wconf 88' lang='lat' dir='ltr'>irrepserunt</span> <span class='ocrx_word' id='word_1_449' title='bbox 494 3010 508 3032; x_wconf 91' lang='lat'>,</span> <span class='ocrx_word' id='word_1_450' title='bbox 549 2994 647 3037; x_wconf 80' lang='lat' dir='ltr'>quae</span> <span class='ocrx_word' id='word_1_451' title='bbox 677 2983 721 3022; x_wconf 87' lang='lat' dir='ltr'>in</span> <span class='ocrx_word' id='word_1_452' title='bbox 753 2982 1035 3038; x_wconf 87' lang='lat' dir='ltr'>Sepulchreto</span> <span class='ocrx_word' id='word_1_453' title='bbox 1063 2983 1293 3037; x_wconf 85' lang='lat' dir='ltr'>leguntur,</span> <span class='ocrx_word' id='word_1_454' title='bbox 1325 2984 1689 3028; x_wconf 84' lang='lat' dir='ltr'>Observationes:</span> <span class='ocrx_word' id='word_1_455' title='bbox 1720 2988 1763 3028; x_wconf 87' lang='lat'>&amp;</span> <span class='ocrx_word' id='word_1_456' title='bbox 1788 2985 1898 3029; x_wconf 89' lang='lat' dir='ltr'>bene</span> <span class='ocrx_word' id='word_1_457' title='bbox 1929 2988 1984 3031; x_wconf 91' lang='lat' dir='ltr'>de</span> <span class='ocrx_word' id='word_1_458' title='bbox 1999 2992 2122 3033; x_wconf 82' lang='lat' dir='ltr'>Ana-</span> 
     </span>
     <span class='ocr_line' id='line_1_44' title="bbox 69 3035 2115 3100; baseline 0.003 -19"><span class='ocrx_word' id='word_1_459' title='bbox 69 3049 187 3081; x_wconf 89' lang='lat' dir='ltr'>tome</span> <span class='ocrx_word' id='word_1_460' title='bbox 214 3035 405 3079; x_wconf 87' lang='lat' dir='ltr'>secunda</span> <span class='ocrx_word' id='word_1_461' title='bbox 433 3037 611 3080; x_wconf 84' lang='lat' dir='ltr'>meritos</span> <span class='ocrx_word' id='word_1_462' title='bbox 644 3036 858 3089; x_wconf 90' lang='lat' dir='ltr'>Peyerum</span> <span class='ocrx_word' id='word_1_463' title='bbox 888 3041 899 3089; x_wconf 93' lang='lat'>(</span> <span class='ocrx_word' id='word_1_464' title='bbox 923 3038 946 3080; x_wconf 83' lang='lat' dir='ltr'><em>b</em></span> <span class='ocrx_word' id='word_1_465' title='bbox 974 3042 1014 3091; x_wconf 90' lang='lat'>),</span> <span class='ocrx_word' id='word_1_466' title='bbox 1046 3042 1089 3082; x_wconf 65' lang='grc' dir='ltr'>δέ</span> <span class='ocrx_word' id='word_1_467' title='bbox 1116 3048 1218 3082; x_wconf 88' lang='lat' dir='ltr'>ante</span> <span class='ocrx_word' id='word_1_468' title='bbox 1250 3040 1394 3092; x_wconf 89' lang='lat' dir='ltr'>hunc,</span> <span class='ocrx_word' id='word_1_469' title='bbox 1426 3041 1652 3084; x_wconf 87' lang='lat' dir='ltr'>Thomam</span> <span class='ocrx_word' id='word_1_470' title='bbox 1678 3041 1991 3086; x_wconf 86' lang='lat' dir='ltr'>Bartholinum</span> <span class='ocrx_word' id='word_1_471' title='bbox 2017 3046 2029 3096; x_wconf 91' lang='lat'>(</span> <span class='ocrx_word' id='word_1_472' title='bbox 2056 3061 2075 3087; x_wconf 88' lang='lat' dir='ltr'><em>c</em></span> <span class='ocrx_word' id='word_1_473' title='bbox 2102 3051 2115 3100; x_wconf 95' lang='lat'><em>)</em></span> 
     </span>
     <span class='ocr_line' id='line_1_45' title="bbox 69 3092 2119 3150; baseline 0.004 -14"><span class='ocrx_word' id='word_1_474' title='bbox 69 3093 330 3144; x_wconf 87' lang='lat' dir='ltr'>laudamus,</span> <span class='ocrx_word' id='word_1_475' title='bbox 359 3093 435 3150; x_wconf 92' lang='lat' dir='ltr'>qui</span> <span class='ocrx_word' id='word_1_476' title='bbox 470 3092 661 3136; x_wconf 85' lang='lat' dir='ltr'>aliorum</span> <span class='ocrx_word' id='word_1_477' title='bbox 686 3092 1078 3137; x_wconf 85' lang='lat' dir='ltr'>Observationibus</span> <span class='ocrx_word' id='word_1_478' title='bbox 1090 3093 1222 3150; x_wconf 82' lang='lat' dir='ltr'>hujus</span> <span class='ocrx_word' id='word_1_479' title='bbox 1252 3097 1449 3148; x_wconf 83' lang='lat' dir='ltr'>generis,</span> <span class='ocrx_word' id='word_1_480' title='bbox 1481 3096 1818 3141; x_wconf 85' lang='lat' dir='ltr'>Observationes</span> <span class='ocrx_word' id='word_1_481' title='bbox 1835 3101 2119 3145; x_wconf 83' lang='lat' dir='ltr'>Anatomico-</span> 
     </span>
     <span class='ocr_line' id='line_1_46' title="bbox 69 3147 2118 3213; baseline 0.003 -20"><span class='ocrx_word' id='word_1_482' title='bbox 69 3163 171 3193; x_wconf 86' lang='lat' dir='ltr'>rum</span> <span class='ocrx_word' id='word_1_483' title='bbox 184 3147 309 3201; x_wconf 81' lang='lat' dir='ltr'>longe</span> <span class='ocrx_word' id='word_1_484' title='bbox 321 3150 404 3190; x_wconf 82' lang='lat' dir='ltr'>esse</span> <span class='ocrx_word' id='word_1_485' title='bbox 418 3147 1091 3207; x_wconf 62' lang='lat' dir='ltr'>praeferendas,admonuerunt,</span> <span class='ocrx_word' id='word_1_486' title='bbox 1118 3147 1320 3194; x_wconf 85' lang='lat' dir='ltr'>&amp;felices</span> <span class='ocrx_word' id='word_1_487' title='bbox 1347 3161 1444 3195; x_wconf 84' lang='lat' dir='ltr'>tum</span> <span class='ocrx_word' id='word_1_488' title='bbox 1457 3151 1550 3195; x_wconf 89' lang='lat' dir='ltr'>fore</span> <span class='ocrx_word' id='word_1_489' title='bbox 1581 3154 1712 3195; x_wconf 90' lang='lat' dir='ltr'>Artes</span> <span class='ocrx_word' id='word_1_490' title='bbox 1732 3182 1745 3206; x_wconf 87' lang='lat'>,</span> <span class='ocrx_word' id='word_1_491' title='bbox 1769 3154 2118 3213; x_wconf 80' lang='lat' dir='ltr'>confirmarunt,</span> 
     </span>
     <span class='ocr_line' id='line_1_47' title="bbox 69 3202 2173 3263; baseline 0.003 -14"><span class='ocrx_word' id='word_1_492' title='bbox 69 3206 101 3249; x_wconf 89' lang='lat' dir='ltr'>fi</span> <span class='ocrx_word' id='word_1_493' title='bbox 132 3203 209 3247; x_wconf 90' lang='lat' dir='ltr'>soli</span> <span class='ocrx_word' id='word_1_494' title='bbox 239 3206 294 3247; x_wconf 90' lang='lat' dir='ltr'>de</span> <span class='ocrx_word' id='word_1_495' title='bbox 328 3202 411 3245; x_wconf 84' lang='lat' dir='ltr'>illis</span> <span class='ocrx_word' id='word_1_496' title='bbox 451 3205 694 3257; x_wconf 67' lang='lat' dir='ltr'>,udicarent</span> <span class='ocrx_word' id='word_1_497' title='bbox 731 3204 956 3248; x_wconf 80' lang='lat' dir='ltr'>Artifices.</span> <span class='ocrx_word' id='word_1_498' title='bbox 1126 3206 1207 3249; x_wconf 85' lang='lat' dir='ltr'>Sed</span> <span class='ocrx_word' id='word_1_499' title='bbox 1234 3220 1339 3250; x_wconf 88' lang='lat' dir='ltr'>cum</span> <span class='ocrx_word' id='word_1_500' title='bbox 1370 3210 1462 3250; x_wconf 82' lang='lat' dir='ltr'>haec</span> <span class='ocrx_word' id='word_1_501' title='bbox 1490 3209 1544 3250; x_wconf 90' lang='lat' dir='ltr'>de</span> <span class='ocrx_word' id='word_1_502' title='bbox 1574 3210 1717 3263; x_wconf 90' lang='lat' dir='ltr'>priore</span> <span class='ocrx_word' id='word_1_503' title='bbox 1748 3211 1968 3253; x_wconf 85' lang='lat' dir='ltr'>Anatome</span> <span class='ocrx_word' id='word_1_504' title='bbox 2006 3211 2118 3256; x_wconf 86' lang='lat' dir='ltr'>fate-</span> <span class='ocrx_word' id='word_1_505' title='bbox 2153 3219 2173 3223; x_wconf 26' lang='grc' dir='ltr'>’Ξ</span> 
     </span>
     <span class='ocr_line' id='line_1_48' title="bbox 68 3259 2115 3324; baseline 0.003 -22"><span class='ocrx_word' id='word_1_506' title='bbox 68 3274 197 3312; x_wconf 88' lang='lat' dir='ltr'>mur,</span> <span class='ocrx_word' id='word_1_507' title='bbox 231 3259 355 3302; x_wconf 82' lang='lat' dir='ltr'>simul</span> <span class='ocrx_word' id='word_1_508' title='bbox 385 3262 716 3311; x_wconf 80' lang='lat' dir='ltr'>contendimus,</span> <span class='ocrx_word' id='word_1_509' title='bbox 749 3274 904 3303; x_wconf 87' lang='lat' dir='ltr'>verum</span> <span class='ocrx_word' id='word_1_510' title='bbox 936 3261 1019 3304; x_wconf 82' lang='lat' dir='ltr'>effe</span> <span class='ocrx_word' id='word_1_511' title='bbox 1048 3264 1163 3319; x_wconf 87' lang='lat' dir='ltr'>quo&#39;d</span> <span class='ocrx_word' id='word_1_512' title='bbox 1196 3262 1319 3305; x_wconf 90' lang='lat' dir='ltr'>initio</span> <span class='ocrx_word' id='word_1_513' title='bbox 1359 3265 1533 3320; x_wconf 88' lang='lat' dir='ltr'>ponitur</span> <span class='ocrx_word' id='word_1_514' title='bbox 1576 3264 1733 3306; x_wconf 85' lang='lat' dir='ltr'>vetusti</span> <span class='ocrx_word' id='word_1_515' title='bbox 1771 3263 1870 3306; x_wconf 90' lang='lat' dir='ltr'>libri</span> <span class='ocrx_word' id='word_1_516' title='bbox 1901 3294 1914 3318; x_wconf 94' lang='lat'>,</span> <span class='ocrx_word' id='word_1_517' title='bbox 1955 3268 2030 3324; x_wconf 89' lang='lat' dir='ltr'>qui</span> <span class='ocrx_word' id='word_1_518' title='bbox 2071 3273 2115 3313; x_wconf 76' lang='lat' dir='ltr'>de</span> 
     </span>
     <span class='ocr_line' id='line_1_49' title="bbox 70 3317 2115 3378; baseline 0.005 -21"><span class='ocrx_word' id='word_1_519' title='bbox 70 3317 285 3360; x_wconf 67' lang='lat' dir='ltr'>Anatomia</span> <span class='ocrx_word' id='word_1_520' title='bbox 312 3318 456 3358; x_wconf 67' lang='lat' dir='ltr'>Parva</span> <span class='ocrx_word' id='word_1_521' title='bbox 486 3317 759 3369; x_wconf 80' lang='lat' dir='ltr'>inscribitur,</span> <span class='ocrx_word' id='word_1_522' title='bbox 790 3329 1016 3372; x_wconf 86' lang='lat' dir='ltr'>perperam</span> <span class='ocrx_word' id='word_1_523' title='bbox 1045 3319 1239 3373; x_wconf 86' lang='lat' dir='ltr'>alioquin</span> <span class='ocrx_word' id='word_1_524' title='bbox 1271 3318 1384 3362; x_wconf 87' lang='lat' dir='ltr'>inter</span> <span class='ocrx_word' id='word_1_525' title='bbox 1416 3319 1649 3363; x_wconf 82' lang='lat' dir='ltr'>Galenicos</span> <span class='ocrx_word' id='word_1_526' title='bbox 1691 3318 1838 3362; x_wconf 90' lang='lat' dir='ltr'>inserti</span> <span class='ocrx_word' id='word_1_527' title='bbox 1868 3350 1882 3373; x_wconf 88' lang='lat'>,</span> <span class='ocrx_word' id='word_1_528' title='bbox 1921 3325 2115 3378; x_wconf 90' lang='lat' dir='ltr'>priorem</span> 
     </span>
     <span class='ocr_line' id='line_1_50' title="bbox 69 3369 2114 3432; baseline 0.005 -20"><span class='ocrx_word' id='word_1_529' title='bbox 69 3369 276 3413; x_wconf 88' lang='lat' dir='ltr'>videlicet</span> <span class='ocrx_word' id='word_1_530' title='bbox 316 3370 556 3413; x_wconf 84' lang='lat' dir='ltr'>institutam</span> <span class='ocrx_word' id='word_1_531' title='bbox 585 3372 712 3416; x_wconf 78' lang='lat' dir='ltr'>fuisse</span> <span class='ocrx_word' id='word_1_532' title='bbox 741 3386 768 3415; x_wconf 91' lang='lat' dir='ltr'>a</span> <span class='ocrx_word' id='word_1_533' title='bbox 798 3371 990 3415; x_wconf 86' lang='lat' dir='ltr'>Medicis</span> <span class='ocrx_word' id='word_1_534' title='bbox 1020 3385 1195 3430; x_wconf 89' lang='lat' dir='ltr'>propter</span> <span class='ocrx_word' id='word_1_535' title='bbox 1225 3373 1482 3417; x_wconf 88' lang='lat' dir='ltr'>secundam.</span> <span class='ocrx_word' id='word_1_536' title='bbox 1512 3375 1708 3432; x_wconf 60' lang='lat' dir='ltr'>„Quoniam</span> <span class='ocrx_word' id='word_1_537' title='bbox 1738 3376 1962 3419; x_wconf 73' lang='lat' dir='ltr'>interiorum</span> <span class='ocrx_word' id='word_1_538' title='bbox 1990 3394 2114 3422; x_wconf 76' lang='lat' dir='ltr'>mem-</span> 
     </span>
     <span class='ocr_line' id='line_1_51' title="bbox 68 3421 2113 3484; baseline 0.003 -16"><span class='ocrx_word' id='word_1_539' title='bbox 68 3425 221 3468; x_wconf 66' lang='lat' dir='ltr'>bmrum</span> <span class='ocrx_word' id='word_1_540' title='bbox 249 3428 413 3482; x_wconf 75' lang='lat' dir='ltr'>corporis</span> <span class='ocrx_word' id='word_1_541' title='bbox 445 3426 601 3470; x_wconf 67' lang='lat' dir='ltr'>humani</span> <span class='ocrx_word' id='word_1_542' title='bbox 629 3421 805 3484; x_wconf 74' lang='lat' dir='ltr'>paffiones</span> <span class='ocrx_word' id='word_1_543' title='bbox 840 3441 948 3470; x_wconf 73' lang='lat' dir='ltr'>eram</span> <span class='ocrx_word' id='word_1_544' title='bbox 976 3432 1138 3484; x_wconf 77' lang='lat' dir='ltr'>ignotae,</span> <span class='ocrx_word' id='word_1_545' title='bbox 1167 3427 1313 3484; x_wconf 69' lang='lat' dir='ltr'>placuit</span> <span class='ocrx_word' id='word_1_546' title='bbox 1341 3429 1542 3473; x_wconf 71' lang='lat' dir='ltr'>veteribus</span> <span class='ocrx_word' id='word_1_547' title='bbox 1566 3428 1757 3472; x_wconf 73' lang='lat' dir='ltr'>‘Medicis</span> <span class='ocrx_word' id='word_1_548' title='bbox 1775 3460 1788 3483; x_wconf 90' lang='lat'>,</span> <span class='ocrx_word' id='word_1_549' title='bbox 1831 3430 1901 3474; x_wconf 90' lang='lat' dir='ltr'>ille</span> <span class='ocrx_word' id='word_1_550' title='bbox 1945 3435 2113 3479; x_wconf 73' lang='lat' dir='ltr'>Aucstor</span> 
     </span>
     <span class='ocr_line' id='line_1_52' title="bbox 67 3481 2112 3587; baseline 0.005 -64"><span class='ocrx_word' id='word_1_551' title='bbox 67 3481 238 3538; x_wconf 89' lang='lat' dir='ltr'>inquit,</span> <span class='ocrx_word' id='word_1_552' title='bbox 267 3495 312 3525; x_wconf 76' lang='lat' dir='ltr'>ut</span> <span class='ocrx_word' id='word_1_553' title='bbox 338 3496 404 3538; x_wconf 82' lang='lat' dir='ltr'>per</span> <span class='ocrx_word' id='word_1_554' title='bbox 431 3495 628 3527; x_wconf 76' lang='lat' dir='ltr'>anatomen</span> <span class='ocrx_word' id='word_1_555' title='bbox 657 3484 857 3527; x_wconf 67' lang='lat' dir='ltr'>brutorum</span> <span class='ocrx_word' id='word_1_556' title='bbox 885 3484 1141 3539; x_wconf 72' lang='lat' dir='ltr'>animalium,</span> <span class='ocrx_word' id='word_1_557' title='bbox 1171 3487 1396 3529; x_wconf 75' lang='lat' dir='ltr'>interiorum</span> <span class='ocrx_word' id='word_1_558' title='bbox 1425 3498 1551 3541; x_wconf 76' lang='lat' dir='ltr'>partes</span> <span class='ocrx_word' id='word_1_559' title='bbox 1579 3482 1938 3547; x_wconf 65' lang='lat' dir='ltr'>manfiestaremur.</span> <span class='ocrx_word' id='word_1_560' title='bbox 1971 3492 2112 3587; x_wconf 57' lang='lat' dir='ltr'>flutfi</span> 
     </span>
    </p>

    <p class='ocr_par' dir='ltr' id='par_1_8' title="bbox 1985 3559 2056 3588">
     <span class='ocr_line' id='line_1_53' title="bbox 1985 3559 2056 3588; baseline 0.014 -1"><span class='ocrx_word' id='word_1_561' title='bbox 1985 3559 2056 3588; x_wconf 82' lang='lat' dir='ltr'>10c</span> 
     </span>
    </p>
   </div>
   <div class='ocr_carea' id='block_1_5' title="bbox 53 853 409 1193">
    <p class='ocr_par' dir='ltr' id='par_1_9' title="bbox 53 853 409 1193">
     <span class='ocr_line' id='line_1_54' title="bbox 53 853 409 1193; baseline 0 2882"><span class='ocrx_word' id='word_1_562' title='bbox 53 853 409 1193; x_wconf 95' lang='lat' dir='ltr'> </span> 
     </span>
    </p>
   </div>
   <div class='ocr_carea' id='block_1_6' title="bbox 70 3657 2112 3675">
    <p class='ocr_par' dir='ltr' id='par_1_10' title="bbox 70 3657 2112 3675">
     <span class='ocr_line' id='line_1_55' title="bbox 70 3657 2112 3675; baseline 0 400"><span class='ocrx_word' id='word_1_563' title='bbox 70 3657 2112 3675; x_wconf 95' lang='lat' dir='ltr'> </span> 
     </span>
    </p>
   </div>
   <div class='ocr_carea' id='block_1_7' title="bbox 143 3724 2043 3766">
    <p class='ocr_par' dir='ltr' id='par_1_11' title="bbox 143 3724 2043 3766">
     <span class='ocr_line' id='line_1_56' title="bbox 143 3724 2043 3766; baseline 0.005 -10"><span class='ocrx_word' id='word_1_564' title='bbox 143 3726 157 3764; x_wconf 64' lang='grc' dir='ltr'>ξ</span> <span class='ocrx_word' id='word_1_565' title='bbox 179 3735 196 3757; x_wconf 89' lang='lat' dir='ltr'>a</span> <span class='ocrx_word' id='word_1_566' title='bbox 216 3725 229 3762; x_wconf 88' lang='lat'><em>)</em></span> <span class='ocrx_word' id='word_1_567' title='bbox 250 3725 286 3756; x_wconf 81' lang='lat' dir='ltr'>de</span> <span class='ocrx_word' id='word_1_568' title='bbox 311 3724 422 3758; x_wconf 84' lang='lat' dir='ltr'>Renib.</span> <span class='ocrx_word' id='word_1_569' title='bbox 445 3735 471 3757; x_wconf 81' lang='lat' dir='ltr'>c.</span> <span class='ocrx_word' id='word_1_570' title='bbox 492 3736 541 3765; x_wconf 84' lang='lat'>45.</span> <span class='ocrx_word' id='word_1_571' title='bbox 622 3726 636 3763; x_wconf 89' lang='lat'>(</span> <span class='ocrx_word' id='word_1_572' title='bbox 658 3725 675 3757; x_wconf 80' lang='grc' dir='ltr'><em>ὂ</em></span> <span class='ocrx_word' id='word_1_573' title='bbox 695 3726 709 3764; x_wconf 89' lang='grc'>)</span> <span class='ocrx_word' id='word_1_574' title='bbox 731 3725 834 3759; x_wconf 84' lang='lat' dir='ltr'>Meth.</span> <span class='ocrx_word' id='word_1_575' title='bbox 857 3725 936 3758; x_wconf 85' lang='lat' dir='ltr'>Hist.</span> <span class='ocrx_word' id='word_1_576' title='bbox 960 3726 1057 3760; x_wconf 84' lang='lat' dir='ltr'>Anat.</span> <span class='ocrx_word' id='word_1_577' title='bbox 1081 3726 1169 3760; x_wconf 83' lang='lat' dir='ltr'>Med.</span> <span class='ocrx_word' id='word_1_578' title='bbox 1252 3727 1265 3766; x_wconf 94' lang='lat'><strong>(</strong></span> <span class='ocrx_word' id='word_1_579' title='bbox 1286 3739 1300 3758; x_wconf 90' lang='lat' dir='ltr'><em>c</em></span> <span class='ocrx_word' id='word_1_580' title='bbox 1324 3729 1336 3766; x_wconf 91' lang='lat'>)</span> <span class='ocrx_word' id='word_1_581' title='bbox 1358 3727 1475 3763; x_wconf 67' lang='lat' dir='ltr'>Confil,</span> <span class='ocrx_word' id='word_1_582' title='bbox 1494 3729 1531 3762; x_wconf 90' lang='lat' dir='ltr'>de</span> <span class='ocrx_word' id='word_1_583' title='bbox 1553 3729 1652 3762; x_wconf 80' lang='lat' dir='ltr'>Anat.</span> <span class='ocrx_word' id='word_1_584' title='bbox 1677 3728 1775 3763; x_wconf 69' lang='lat' dir='ltr'>Prast.</span> <span class='ocrx_word' id='word_1_585' title='bbox 1797 3730 1830 3763; x_wconf 70' lang='grc' dir='ltr'>ἃ</span> <span class='ocrx_word' id='word_1_586' title='bbox 1852 3740 1918 3766; x_wconf 76' lang='lat' dir='ltr'>caet.</span> <span class='ocrx_word' id='word_1_587' title='bbox 1939 3743 1970 3766; x_wconf 86' lang='lat' dir='ltr'>n.</span> <span class='ocrx_word' id='word_1_588' title='bbox 1996 3743 2043 3766; x_wconf 84' lang='lat'>12.</span> 
     </span>
    </p>
   </div>
  </div>
 </body>
</html>
