2498 4075
360 180 513 246 Epist.
547 178 711 232 Anat.
741 175 962 231 *Medica
996 176 1082 232 LI.

69 270 139 294 ram
163 257 298 294 vidisse.
322 259 403 293 Non
427 257 585 293 absimilia
616 267 723 291 autem
755 260 787 291 δι
821 256 1034 298 Berengarius
1055 278 1066 297 ‚

68 306 102 336 &
124 304 303 342 carcanus,
325 304 357 336 &
380 300 686 336 Diemerbroeckius
706 299 745 335 de
768 299 876 333 eadem
913 301 953 332 ab
997 299 1069 333 aliis

69 345 234 389 proposita
256 346 464 380 censuerunt:
487 348 517 378 &
542 345 655 386 saepius
677 353 761 378 certe
785 354 867 385 azger
889 342 980 386 loqui
1002 353 1069 377 non

69 389 194 432 potest,
216 399 272 424 aut
295 389 495 428 meminisse,
516 397 597 430 quot
620 388 701 421 iaus
724 387 902 428 acceperit,
924 395 991 423 ‚aut
1033 385 1069 420 in

67 443 159 475 quae,
183 436 215 466 &
237 439 303 475 qua
312 440 315 441 ’
324 442 412 477 parte
435 432 548 474 capitis
569 431 749 465 corruerit.
785 429 872 464 Illud
917 438 1069 472 praeterea

68 475 299 511 attendendum
322 475 387 517 est,
410 487 487 510 num
510 471 615 509 fissura
638 485 709 518 quae
733 471 860 508 adversa
904 473 939 505 in
978 483 1068 517 parte

68 530 127 562 pro
153 521 287 561 onitur,
310 520 356 554 ibi
381 528 506 553 tantum
530 516 590 555 lit,
612 529 652 552 au
673 526 791 560 aparte
813 514 973 551 evidenter
996 527 1068 559 per-

66 572 107 597 cu
135 575 175 604 a,
198 573 254 597 aut
277 563 316 597 ab
338 562 399 597 alia
423 563 498 597 huic
522 562 674 604 propiore
696 561 872 604 incipiens,
906 560 985 593 illuc
1016 559 1069 594 us-

66 617 130 683 {ue
153 606 369 649 producatur.
393 606 509 649 Neque
532 603 573 638 fic
596 605 810 643 continuata,
844 602 902 636 illa
935 604 1065 645 proprie

101 650 301 684 ontrafiss'ura
325 649 368 684 est
390 649 428 684 de
450 661 514 691 qua
537 648 738 692 inquiritur,
763 658 834 679 nam
846 656 971 688 ponunt
992 657 1066 681 cum

67 693 168 726 Celso
191 696 206 732 (
229 692 242 726 l
263 697 274 732 )
298 703 356 727 non
378 703 413 726 ea
431 700 543 734 parte,
566 701 626 733 qua
648 691 731 725 cutis
752 688 874 733 disciffiz
906 688 944 730 est
967 712 980 730 ,
1023 689 1068 723 ri-

67 745 152 769 mam
173 737 302 776 reperiri
311 748 323 775 5
346 735 396 770 sed
412 734 517 779 fissum
540 746 574 768 os
598 734 666 768 fore
685 740 775 777 parte
815 733 914 768 altera
936 755 946 762 -
989 732 1070 766 Haec

67 778 170 820 igitur
193 779 214 812 fi
240 778 525 819 animadverteris,·
544 777 649 811 multo
671 780 822 820 pauciora
844 787 941 818 quam
956 784 1070 818 putent

68 822 192 865 aliqui,
214 823 355 856 invenies
377 821 543 863 exempla,
566 822 601 854 in
642 820 761 864 quibus
801 817 1071 853 Contrafiffuram

69 865 241 907 agnoscere
263 875 294 900 te
316 865 425 907 posse,
448 865 578 899 credas.

112 918 165 951 4¹.
189 908 263 943 Nec
287 919 363 943 vero
384 908 620 944 Contrafiffura
645 906 774 950 proprie
803 905 849 940 est
873 928 885 946 ,
914 903 1070 947 siquando

68 950 214 994 constet,
237 963 338 987 unum
361 951 510 995 idemque
531 964 572 986 ex
593 951 693 993 cranii
717 948 832 984 offibus
854 959 920 983 uno
942 949 1072 982 dumta-

68 1004 126 1029 xat
148 994 223 1029 loco
244 995 348 1029 iRum
372 995 546 1039 accepisse,
572 1005 674 1038 neque
695 1002 805 1027 tamen
828 991 898 1032 ibi,
918 990 970 1025 sed
993 991 1072 1025 alibi

68 1039 185 1072 rimam
209 1038 343 1073 habeat:
367 1041 456 1083 quod
479 1038 612 1081 quidem
635 1035 721 1080 poss'e
743 1035 843 1076 fieri,
867 1046 931 1069 non
976 1045 1073 1076 nega-

69 1082 151 1116 bant
173 1080 342 1117 Carcanus
367 1085 381 1123 (
402 1094 433 1116 m
456 1085 488 1122 )‚
511 1082 637 1125 ejusque
663 1081 846 1123 Praeceptor
888 1077 1073 1120 Falloppius

69 1129 84 1165 (
105 1124 180 1168 n).
206 1125 300 1169 Quin
326 1126 380 1160 hic
404 1127 455 1168 (ο
478 1130 492 1166 )
513 1126 551 1160 ad
574 1125 659 1160 hunc
682 1135 812 1166 quoque
847 1121 979 1156 modurn
1024 1122 1074 1154 in-

68 1168 175 1210 telligi
203 1167 288 1211 posse
312 1170 526 1214 Hippocratis
548 1171 562 1209 (
580 1179 605 1211 p
626 1172 638 1208 )
660 1166 776 1204 verba,
805 1163 1036 1201 demonstravit
1060 1187 1070 1204 ‚

68 1211 188 1255 quibus
211 1212 267 1245 alii
291 1212 563 1247 Contrafiffuram
587 1212 717 1255 proprie
742 1219 902 1253 acceptam
925 1207 1071 1250 defigna-

68 1258 98 1290 ri
120 1255 257 1289 omnino
278 1255 507 1298 crediderunt,
533 1256 682 1290 videlicet
705 1265 742 1287 os
764 1253 929 1287 interdum
962 1251 1071 1295 frangi

68 1298 130 1333 alia
153 1298 268 1341 capitis
292 1308 384 1342 parte
408 1311 504 1342 quam
523 1311 585 1343 qua
610 1298 726 1332 vulnus
749 1296 815 1337 est,·
848 1307 921 1329 narn
954 1295 977 1329 fi
1012 1306 1073 1337 op-

68 1340 207 1385 positam
228 1342 398 1378 dumtaxat
423 1342 600 1387 significare
625 1340 793 1378 voluisset,
816 1350 881 1374 non
903 1347 971 1373 erat
1004 1349 1073 1372 cer-

66 1394 99 1421 te
123 1396 181 1420 cur
204 1396 331 1428 magna:
352 1386 549 1422 calamitatis
570 1387 645 1421 loco
678 1393 809 1428 poneret
841 1382 930 1426 quod
960 1382 1070 1416 conti-

66 1441 132 1464 nuo
156 1429 288 1472 subjicit
305 1456 314 1470 ‚
339 1439 415 1464 tunc
439 1429 608 1465 Medicum
630 1429 802 1472 ignorare,
825 1436 962 1468 quanam
983 1426 1073 1469 capi-

65 1475 109 1507 tis
131 1482 220 1515 parte
240 1471 384 1508 frastura
408 1472 469 1513 fit,
492 1472 641 1508 fraeturae
673 1472 761 1506 enirn
807 1470 1004 1517 extantibus⁶
1038 1470 1073 1502 in

67 1516 255 1551 universum
277 1516 409 1551 indiciis
431 1526 507 1552 tunc
530 1517 712 1554 constaret,
733 1513 793 1549 effe
816 1516 850 1547 in
892 1514 1040 1555 opposita
1063 1536 1071 1544 .

65 1560 149 1594 Non
175 1561 269 1594 video
293 1570 421 1600 autem,
443 1571 500 1595 cur
523 1571 587 1594 non
612 1558 753 1594 abfimili
797 1558 923 1590 ratione
967 1557 1072 1590 inter-

66 1604 186 1649 pretari
210 1603 342 1638 Celsum
367 1604 405 1638 ad
428 1604 564 1638 cundem
589 1603 721 1638 modum
764 1601 908 1634 noluerit
950 1603 964 1639 (
985 1610 1003 1641 q
1026 1603 1041 1638 )
1064 1623 1072 1632 ·

70 1647 184 1682 Cellus
206 1650 220 1686 (
243 1659 258 1680 r
278 1650 292 1687 )
315 1649 402 1681 enim
426 1647 482 1681 ubi
506 1645 601 1681 frat-‘ti
626 1646 728 1680 cranii
762 1643 884 1678 indicia
929 1652 1038 1676 extent
1062 1666 1074 1681 ,

70 1701 143 1733 quae
166 1700 299 1732 extare,
321 1690 441 1725 diserte
463 1691 581 1733 ponit,
606 1691 686 1724 rima
712 1698 820 1723 autem
844 1687 902 1721 sub
945 1686 1076 1720 vulnere

66 1744 133 1767 non
157 1743 326 1776 appareat,
350 1732 437 1776 signa
460 1734 521 1768 alia
545 1744 609 1767 non
634 1739 790 1777 quaereret
814 1734 914 1774 partis
937 1731 1075 1772 quasi-a-

66 1778 156 1811 etum
178 1777 218 1810 sit
240 1779 412 1818 cranium,
435 1775 458 1810 fi
481 1776 667 1820 oppositam
689 1777 858 1810 dumtaxat
880 1784 1002 1817 partem
1024 1776 1078 1807 in-

66 1819 256 1858 tellexisset,
278 1832 354 1855 cum
378 1823 479 1854 modo
503 1819 624 1863 scripsit
647 1818 732 1854 Solet
753 1818 850 1852 etiam
871 1817 1016 1856 evenire,
1040 1825 1077 1851 uc

67 1863 168 1897 altera
186 1871 279 1907 parte
296 1861 401 1908 fuerit
423 1863 506 1898 ic'tus
519 1888 528 1904 ,
549 1866 593 1898 Θ·
615 1873 649 1896 os
670 1861 770 1897 altera
801 1860 912 1905 fiderit
934 1885 943 1893 .
986 1861 1076 1895 Cave

70 1907 157 1941 enim
171 1930 182 1946 ,
205 1908 315 1950 potius
336 1918 435 1950 quam
458 1908 611 1941 Carcano
631 1908 645 1946 ε
660 1904 688 1947 s
701 1904 876 1982 )›f10im¹¹i
922 1903 1072 1945 Baptistae

67 1948 219 1984 Cortefio
241 1955 256 1991 (
278 1957 293 1983 τ
315 1953 326 1989 )
350 1953 404 1986 liic
426 1949 559 1994 quidem
585 1948 716 1989 credas,
754 1948 834 1982 acile
868 1946 1039 1981 affirmanti
1062 1970 1072 1986 ,

70 1995 200 2028 Latinos
221 1994 426 2037 elegantiores
442 2003 501 2036 per
522 1993 655 2027 alteram
674 1999 800 2034 partem
822 1990 958 2032 alicujus
993 1992 1037 2025 rei
1060 2013 1071 2030 ,

61 2034 182 2079 semper
204 2036 371 2079 oppositam
418 2036 608 2080 intelligere.
633 2036 702 2075 Qi
749 2036 795 2073 fi,
821 2034 919 2068 modo
942 2046 959 2068 a
982 2035 1077 2069 nobis

66 2078 245 2122 descripta,
269 2080 352 2115 Celsi
376 2081 472 2115 verba
494 2078 654 2124 paulisper
676 2077 859 2113 attendisset
872 2100 887 2117 ,
910 2088 948 2110 ne
993 2078 1075 2113 illud

66 2123 199 2165 quidem
223 2123 318 2167 paulo
343 2134 416 2158 ante
440 2122 627 2167 scriptula,
653 2121 784 2157 Celsum
807 2120 869 2155 hoc
893 2123 967 2155 loco
1011 2132 1075 2156 non

67 2166 244 2202 secundum
267 2165 379 2207 suam,
403 2167 457 2201 sed
472 2165 641 2210 secundum
661 2165 751 2208 vulgi
771 2165 943 2207 opinionem
966 2164 1076 2206 loquu-

67 2217 138 2244 tum
153 2208 271 2254 fuiffe.
299 2211 411 2245 Multo
437 2219 546 2245 autern
569 2211 676 2243 minus
698 2210 785 2242 inter
828 2207 1074 2243 Contrafiffurae

66 2255 213 2296 exempla
237 2254 418 2297 recipienda
441 2254 535 2293 sunt,
558 2261 594 2286 ut
618 2252 657 2286 ab
680 2251 844 2286 nonnullis
867 2251 990 2286 facffum
1013 2251 1075 2289 est,

67 2296 126 2331 illa
147 2298 182 2332 in
204 2297 324 2340 quibus
345 2307 403 2332 aut
427 2295 543 2331 effusus
568 2296 716 2338 sanguis,
752 2303 808 2329 aut
853 2296 955 2329 sanies
977 2319 987 2336 ,
1018 2307 1074 2330 aut

67 2340 189 2374 vitium
211 2340 428 2385 quodcunque
451 2340 538 2375 aliud
560 2339 669 2382 quod,
691 2337 757 2373 offe
779 2338 828 2385 ibi
850 2338 972 2377 illaeso,
996 2350 1076 2373 con-

66 2384 209 2426 tigerit,
229 2384 315 2418 intra
337 2386 439 2418 cranii
462 2394 585 2426 partem
607 2382 688 2417 istui
711 2381 893 2425 oppositam
907 2383 1078 2417 inventum

67 2425 129 2462 fit·
153 2426 254 2463 Quod
277 2427 333 2462 etsi
358 2427 570 2469 Berengarius
594 2430 605 2466 (
629 2436 649 2460 u
673 2429 707 2466 ),
727 2425 919 2470 'Falloppius
950 2428 965 2465 (
986 2436 1008 2460 x
1029 2430 1043 2466 )
1066 2448 1076 2465 ‚

70 2471 193 2513 aliique
216 2471 250 2503 in
274 2471 423 2514 pluribus
448 2471 477 2505 se
499 2467 760 2513 deprehendiffe,
783 2469 960 2506 testantur,
983 2468 1077 2504 simul

68 2522 176 2548 tamen
199 2524 340 2556 negant,
365 2513 394 2549 se
415 2512 684 2548 Contrafiffuram
707 2511 819 2547 vidiffe
842 2535 850 2543 .
875 2513 955 2546 Haec
989 2514 1079 2548 enim

70 2567 136 2591 non
158 2558 221 2591 nifi
243 2558 349 2592 stabio
370 2558 435 2593 offe
460 2568 603 2601 unquam
629 2558 672 2591 est
695 2557 736 2591 ab
759 2555 823 2589 illis
837 2578 851 2596 ‚
871 2558 902 2590 δι
925 2557 1079 2591 vetustio-

69 2601 162 2636 ribus
184 2600 369 2636 inteilefta:
394 2601 466 2636 vasa
489 2610 596 2636 autem
618 2599 784 2643 quomodo
811 2599 870 2634 sub
891 2599 991 2635 illaeso
1013 2600 1077 2636 offe

69 2645 105 2679 in
129 2643 259 2680 adversa
281 2655 371 2689 parte
393 2647 502 2687 rumpi
524 2653 664 2687 queant,
686 2648 716 2678 &
740 2644 797 2678 suo
819 2643 876 2687 ipsi
901 2643 1001 2679 modo
1024 2657 1078 2679 ex-

72 2688 257 2734 plicarunt,
279 2692 311 2722 &
334 2700 373 2723 ex
394 2688 522 2723 laudata
546 2688 688 2723 Wedelii
712 2688 944 2723 Differtatione
987 2691 1002 2728 (
1015 2699 1041 2731 y
1064 2692 1079 2729 )

72 2733 194 2773 comici
215 2732 337 2775 potest.
365 2733 478 2775 Itaque
501 2731 523 2766 fi
549 2733 599 2766 vel
623 2743 724 2775 ponas
748 2754 760 2772 ,
792 2731 913 2766 nullam
957 2741 1075 2773 praeter

74 2786 143 2808 eam
166 2785 240 2817 quae
264 2774 460 2809 manifestius
482 2774 672 2815 videbatur,
697 2775 872 2819 percussam
894 2774 986 2810 fnisse
1009 2776 1075 2810 cal-

75 2818 173 2851 variae
195 2827 321 2860 partem
343 2820 378 2852 in
401 2830 439 2852 eo
457 2817 583 2863 Juvene
603 2823 618 2860 (
640 2832 665 2863 z
681 2819 723 2862 ),
755 2822 786 2853 &
828 2820 863 2852 in
906 2831 945 2854 eo
992 2819 1076 2854 Viro

74 2865 88 2900 (
110 2864 165 2910 a.)
186 2862 221 2894 in
243 2862 363 2903 quibus
385 2872 451 2897 non
477 2861 562 2897 secus
584 2873 681 2906 atque
705 2865 739 2896 in
772 2863 922 2906 proxima
956 2863 1080 2898 Obser-

75 2913 211 2938 vatione
242 2905 414 2946 dicemus,
438 2904 577 2946 saniem,
600 2909 632 2940 δι
654 2917 772 2940 noxam
796 2906 975 2949 apparuisse
997 2906 1081 2941 Val-

75 2947 169 2982 salvae
191 2948 334 2991 superius
355 2948 497 2983 diximus
517 2951 554 2983 in
576 2950 747 2992 opposita,
768 2960 823 2984 aut
846 2952 943 2985 etiarn
965 2952 1000 2984 in
1022 2963 1081 2994 op-

76 2990 182 3035 posita
189 3002 203 3032 ;
224 2992 357 3026 habebis
379 3001 485 3027 tamen
509 2993 593 3027 unde
617 3004 684 3027 rem
707 2993 866 3035 explices,
889 3002 926 3028 ut
949 2994 983 3027 in
1007 2995 1082 3028 1²oe-

76 3037 165 3071 mina
186 3040 198 3075 (
220 3034 240 3069 h
262 3039 277 3077 )
300 3037 441 3079 pariter5
463 3047 648 3080 quanquam
671 3037 705 3070 in
728 3048 763 3071 ea
784 3037 890 3081 plures
913 3037 996 3071 istus
1019 3050 1079 3081 po-

77 3090 154 3113 nere
177 3080 353 3122 proclivius
375 3078 443 3125 est;
463 3083 495 3114 δε
519 3082 552 3114 in
575 3082 654 3115 Sene
674 3085 688 3121 (
711 3092 727 3114 c
750 3083 761 3119 )
785 3105 796 3121 ,
831 3082 866 3114 in
888 3083 1007 3123 quibus
1018 3093 1080 3115 no-

77 3122 201 3159 viffime
224 3123 332 3167 scripsi
358 3123 494 3157 estusum
517 3121 609 3158 fuisse
631 3123 818 3167 sanguinem
841 3126 875 3157 in
906 3125 1042 3159 adverso
1069 3150 1078 3166 ‚

77 3176 134 3201 aut
156 3167 190 3200 in
214 3165 345 3205 adverso
366 3177 496 3209 quoque
518 3168 635 3201 latere.
661 3168 714 3201 Ex
737 3168 777 3202 iis
800 3179 906 3203 autem
937 3180 1009 3211 quae
1041 3168 1082 3203 de

78 3208 313 3244 Contrafiffura
337 3210 560 3253 perpendimus
572 3212 717 3254 proprie,
742 3220 797 3247 aut
818 3214 926 3246 minus
949 3214 1084 3255 proprie

79 3263 229 3297 accepta,
254 3252 349 3288 facile
373 3254 492 3291 males,
514 3256 548 3287 in
572 3255 684 3289 eodem
709 3256 788 3290 Sene
823 3255 1079 3291 animadversam

79 3299 115 3331 in
137 3295 289 3340 opposito
311 3294 376 3331 osse
398 3298 515 3331 rimam
536 3299 654 3333 malleo
685 3302 870 3334 anatomico
893 3323 906 3340 ,
948 3302 1083 3343 conspe.

81 3342 167 3391 darn
189 3350 269 3374 vero
290 3341 324 3374 in
347 3352 386 3374 eo
407 3343 422 3379 (
442 3340 462 3373 d
477 3341 495 3383 )
516 3353 611 3385 quern
633 3346 793 3378 continuo
815 3345 883 3386 post
903 3343 998 3378 illurn
1026 3343 1083 3379 de-

76 3382 262 3426 scripsimus
285 3404 299 3434 ,
327 3381 436 3418 hostili
461 3385 517 3418 uni
539 3386 620 3420 ictui
643 3386 773 3421 fortasse
796 3389 962 3426 tribuere,
984 3390 1084 3431 quip-

83 3438 122 3471 pe
145 3437 209 3460 non
231 3437 267 3461 ut
290 3427 380 3461 illam
402 3430 436 3462 in
460 3428 547 3468 alio,
570 3439 626 3464 nec
648 3433 830 3474 contiguo,
855 3431 907 3466 sed
938 3432 973 3465 in
1019 3444 1084 3466 uno

85 3470 259 3514 eodemque
280 3468 344 3506 osse
365 3471 588 3516 deprehensam
603 3499 610 3507 .

1119 176 1332 242 Art.4t.
1347 190 1430 242 4²·
1449 193 1530 242 43⁶
1552 190 1634 241 44.
1656 177 1710 231 &
1727 189 1807 240 45.
1963 192 2058 243 293

1160 265 1214 298 42.
1258 255 1292 289 V
1317 256 1334 287 Ι
1356 255 1390 288 R
1434 265 1535 288 annos
1557 255 1695 296 triginta
1718 262 1835 289 natus,
1858 262 1899 286 ex
1919 252 2009 287 febre
2033 262 2126 288 acuta

1119 299 1261 334 multum
1284 297 1442 336 delirans,
1463 308 1520 341 pet
1543 295 1710 331 fenestram
1732 297 1766 330 in
1789 305 1909 330 terram
1933 295 1963 329 se
1986 295 2125 337 dejicit,

1119 346 1152 376 δε
1173 341 1290 384 capitis
1314 340 1432 376 sauciat
1456 350 1579 383 partem
1603 340 1760 375 sinistram
1805 338 1897 380 supra
1942 337 2122 374 musculum

1120 385 1352 428 Temporalem
1367 409 1374 417 .
1398 384 1479 418 Non
1503 385 1670 427 loquitur:
1696 382 1793 418 facies
1816 381 1932 417 rubet:
1956 389 2029 415 tota
2049 392 2126 415 cor-

1121 429 1209 471 poris
1232 427 1352 462 finistra
1375 439 1447 471 pars
1467 427 1649 461 immobilis
1671 425 1772 469 jacet,
1796 424 1855 460 nisi
1878 425 1966 468 quod
1988 435 2050 459 una
2064 434 2123 459 aut

1118 472 1219 506 altera
1236 497 1246 512 ‚
1270 483 1286 505 a
1308 471 1382 506 casu
1405 470 1484 506 hora
1498 497 1509 512 ,
1531 470 1609 505 dum
1634 470 1749 505 vulnus
1771 470 1981 507 tractaretur,
2002 478 2056 511 pes
2078 466 2125 501 le-

1118 517 1200 550 viter
1224 515 1252 549 se
1273 516 1439 549 contraxit
1453 539 1467 556 ‚
1490 518 1522 548 ἅτ
1545 526 1622 549 mox
1644 512 1808 549 extendit.
1832 512 1884 547 Ad
1908 513 2041 546 tertium
2072 509 2126 544 us.

1117 571 1180 602 que
1202 557 1289 593 diem
1312 558 1353 592 sic
1375 560 1502 596 vivetis,
1527 556 1596 591 fato
1617 556 1724 593 ceffit.
1864 553 2121 590 TEMPORA-

1116 603 1167 637 LI
1191 601 1316 636 sinistro
1339 602 1485 636 musculo
1508 600 1635 635 suberat
1658 600 1808 635 calvarie
1830 598 1956 633 fissura:
1981 598 2035 632 cui
2069 605 2123 630 ta-

1116 656 1190 680 men
1202 645 1288 679 nulla
1303 646 1389 679 intus
1399 656 1469 687 quae
1482 644 1539 679 sub
1552 643 1676 678 sensum
1685 643 1829 681 caderet,
1852 641 1936 676 laefio
1960 639 2126 684 responde-

1118 690 1176 724 bat
1190 714 1199 723 .
1223 688 1284 724 Sed
1307 690 1340 722 in
1366 697 1455 730 parte
1478 686 1554 722 huic
1576 686 1725 730 opposita
1747 687 1835 720 inter
1857 685 2027 724 crassam,
2058 683 2128 717 Te·

1121 743 1283 776 nuemque
1294 733 1479 774 meningem
1503 729 1620 764 effusus
1642 739 1705 764 erat
1730 729 1856 771 sanguis
1880 728 1917 761 ad
1943 729 2050 762 uncias
2060 727 2127 759 cir-

1122 777 1205 810 citer
1227 776 1305 810 duas
1318 787 1335 814 3
1354 784 1389 809 ut
1410 774 1640 817 hemiplexiam
1664 772 1781 807 sinistri
1803 772 1911 806 lateris
1949 770 2014 814 ipse
2044 768 2129 803 face-

1125 828 1198 859 ret;
1219 830 1285 853 non
1309 819 1424 853 vulnus
1446 817 1486 851 ab
1508 818 1620 851 eodem
1641 816 1761 853 latere,
1785 824 1840 849 aut
1865 813 2025 848 fra6tura.
2050 810 2127 846 Cae-

1119 872 1228 897 terum
1253 861 1362 896 sanum
1386 860 1449 895 fuit
1472 861 1636 895 cerebrum
1660 868 1795 899 totum,
1819 857 1876 891 nifi
1899 855 1991 900 quod
2013 855 2125 889 omnia

1121 916 1176 949 per
1201 905 1350 939 Tenuetn
1373 905 1556 946 meningem
1581 904 1724 946 repentia
1747 900 1817 937 vasa
1852 910 1941 935 erant
1975 898 2130 941 sanguine

1122 946 1215 982 valde
1238 946 1366 991 turgida
1381 971 1390 988 ,
1413 950 1445 980 &
1471 949 1629 990 proximae
1652 955 1756 988 partes
1767 942 1985 988 quadantenus
1995 941 2131 977 inflam-

1123 1000 1218 1028 matae
1240 1005 1251 1025 ι
1301 993 1368 1025 haec
1391 1001 1468 1024 vero
1492 990 1531 1025 ad
1554 990 1710 1024 delirium
1733 986 1863 1025 fortasse
1886 988 2008 1029 magis,
2032 996 2130 1030 quam

1124 1035 1164 1071 ad
1185 1033 1414 1077 percussionem
1437 1034 1619 1068 attinebant
1632 1056 1640 1067 .

1165 1089 1218 1121 43.
1245 1078 1367 1113 Vides,
1388 1088 1486 1118 quam
1509 1075 1603 1111 facile
1626 1075 1730 1118 decipi
1755 1071 1910 1118 potuisset
1932 1073 1992 1116 qui
2012 1097 2023 1114 ,
2056 1072 2133 1107 vul-

1124 1124 1209 1156 neris
1233 1130 1360 1154 tantum
1384 1118 1522 1161 spectata
1544 1120 1635 1155 sede,
1659 1118 1751 1152 ausus
1774 1116 1849 1151 ess'et
1871 1116 1910 1151 de
1934 1115 2003 1150 sede
2033 1115 2133 1150 causae

1124 1164 1352 1207 hemiplexiam
1375 1162 1544 1197 efficientis
1567 1163 1728 1205 judicare.
1754 1160 1855 1202 Qod
1901 1159 2036 1193 minime
2082 1158 2135 1192 fa-

1122 1210 1276 1245 ciendum
1299 1206 1360 1240 effe
1375 1231 1383 1246 ,
1406 1217 1475 1239 mea
1498 1206 1553 1239 illa
1579 1207 1699 1249 pariter
1721 1203 1888 1242 ostendit,
1909 1201 1985 1237 huic
1998 1201 2134 1239 similis,

1123 1251 1322 1287 Observatio
1344 1261 1441 1293 quarn
1467 1250 1500 1282 in
1525 1248 1679 1292 Epistolis
1693 1246 1898 1294 Anatomicis
1920 1245 1970 1288 (e
1992 1247 2006 1285 )
2030 1245 2133 1287 leges.

1254 1294 1315 1328 Sed
1339 1294 1378 1328 ad
1401 1294 1505 1327 sedem
1527 1292 1629 1327 causae
1660 1289 1854 1333 hujusmodi
1897 1287 2102 1331 hemiplexiae
2125 1313 2136 1328 ,

1123 1337 1311 1375 diffeffione
1333 1348 1489 1380 quoque,
1512 1345 1547 1370 ut
1557 1347 1614 1379 par
1630 1334 1693 1375 est,
1717 1332 1901 1376 quaefitam,
1925 1341 2039 1374 praeter
2062 1331 2138 1366 alias

1123 1395 1196 1426 quae
1221 1382 1314 1424 supra
1335 1380 1501 1422 descriptae
1525 1378 1619 1418 sunt,
1643 1378 1697 1412 illa
1724 1378 1824 1410 etiam
1857 1375 1989 1411 historia
2032 1376 2138 1418 perti-

1126 1436 1180 1460 net
1204 1437 1278 1469 quae
1302 1425 1453 1468 protinus
1473 1421 1694 1457 describetur:
1721 1418 1851 1462 quando
1873 1419 1996 1462 reliqua
2019 1418 2053 1452 in
2065 1430 2139 1453 mo-

1124 1470 1168 1504 do
1203 1467 1367 1511 propoiita
1390 1468 1595 1500 occurrentia
1618 1465 1681 1500 five
1706 1463 1745 1497 de
1769 1462 1924 1504 sanguine
1949 1463 1983 1494 in
2019 1461 2140 1496 adver.

1126 1514 1157 1546 sa
1182 1513 1306 1546 vulneri
1330 1519 1420 1554 parte
1442 1512 1598 1547 invento,
1622 1509 1684 1543 live
1706 1506 1744 1540 de
1769 1508 1851 1540 vafis
1873 1508 1905 1539 in
1918 1504 2035 1539 delirio
2046 1503 2139 1539 valde

1123 1556 1264 1598 turgidis
1288 1555 1405 1598 partim
1430 1564 1446 1586 a
1470 1563 1519 1585 me
1545 1552 1641 1595 paulo
1665 1559 1765 1589 ante,
1788 1551 1909 1592 partim
1930 1549 2008 1582 alias
2031 1545 2089 1592 (f
2104 1551 2115 1588 )
2131 1572 2145 1591 2

1124 1610 1159 1636 ut
1185 1599 1393 1637 memineris,
1417 1593 1575 1639 scriptum
1597 1595 1662 1629 est.

1167 1654 1224 1685 44„
1254 1640 1443 1686 JUVENI
1492 1649 1611 1672 annum
1636 1636 1828 1681 vigesimum
1852 1635 1984 1678 agenti,
2010 1634 2142 1668 vulnere

1126 1685 1230 1721 caesim
1253 1682 1385 1718 inssicsto
1408 1683 1617 1725 Temporalis
1643 1680 1806 1716 musculus
1829 1677 1953 1713 sinister
1977 1679 2013 1712 in
2034 1676 2138 1711 trans·

1128 1730 1253 1764 versum
1277 1727 1454 1761 inciditur.
1478 1727 1534 1759 Ab
1556 1727 1642 1764 ictu,
1666 1725 1757 1758 brevi
1773 1722 1861 1757 faeie
1873 1723 2012 1762 itinere,
2033 1721 2144 1762 cadit,

1127 1785 1230 1817 neque
1253 1774 1299 1805 ita
1323 1771 1427 1804 multo
1452 1770 1521 1812 post
1545 1769 1699 1811 loquendi
1745 1766 1934 1802 facultatem
1982 1765 2109 1799 amittit
2133 1787 2142 1795 .

1129 1814 1417 1858 Interrogantibus
1441 1821 1549 1846 tamen
1567 1836 1576 1852 ,
1600 1812 1755 1850 nutibus,
1778 1810 1926 1853 quamvis
1949 1808 2067 1849 tarde,
2090 1819 2143 1842 re·

1127 1859 1261 1904 spondet
1275 1885 1282 1892 .
1308 1857 1442 1891 Delatus
1466 1858 1500 1889 in
1524 1854 1612 1890 idem
1635 1853 1724 1899 quod
1747 1854 1893 1888 crebrius
1914 1851 2009 1889 dixi,
2032 1850 2147 1886 Nosne

1127 1904 1273 1938 comium
1287 1923 1297 1938 ‚
1321 1899 1485 1933 nonnullis
1507 1900 1626 1933 exactis
1649 1899 1761 1933 diebus
1775 1920 1788 1937 ,
1812 1895 1958 1940 aliquid,
1979 1894 2031 1930 sed
2064 1895 2147 1929 deli.-

1130 1958 1202 1981 rans
1224 1947 1394 1980 dumtaxat
1415 1966 1426 1982 ,
1450 1943 1619 1986 loquitur.
1646 1943 1786 1977 Interim
1809 1951 1940 1974 manum
1976 1938 2145 1974 dexteram

1130 2002 1196 2024 non
1220 1988 1373 2023 movebat
1397 1986 1554 2029 amplius.-
1577 1998 1648 2028 quae
1675 1996 1783 2020 tamen
1808 1984 1830 2018 fi
1855 1993 2053 2027 pungeretur
2080 2004 2091 2021 ‚
2115 1984 2146 2017 sc

1130 2034 1278 2068 dolorem
1299 2041 1381 2074 aeger
1406 2030 1540 2072 sentire,
1563 2030 1772 2064 ostendebat.
1807 2029 1904 2062 Circa
1937 2026 2024 2061 diem
2058 2027 2146 2060 obiit

1130 2078 1295 2112 decimum
1319 2085 1492 2118 quartum.
1622 2073 1816 2107 CRANIO
1839 2071 1973 2106 dissefio
1991 2093 2008 2110 ,¹
2039 2081 2146 2114 teper-

1130 2132 1202 2156 tum
1224 2122 1289 2159 est,
1313 2120 1451 2157 vulnus,
1472 2117 1563 2161 quod
1586 2128 1651 2151 non
1674 2116 1908 2159 Temporalem
1930 2124 2059 2150 tantum
2071 2126 2143 2148 mu-

1127 2166 1271 2202 sculum,
1295 2162 1346 2197 sed
1369 2166 1400 2196 &
1423 2173 1458 2197 os
1483 2161 1642 2196 inciderat
1657 2183 1667 2199 ,
1691 2162 1755 2195 alte
1776 2161 1811 2194 in
1833 2159 2003 2194 cerebrum
2048 2169 2146 2202 pene·

1129 2207 1245 2244 trasse‚
1270 2210 1302 2240 &
1325 2205 1460 2241 scrofam
1480 2206 1657 2240 colluviem
1670 2224 1687 2249 ,Ὶ
1705 2215 1778 2248 quae
1823 2203 1870 2237 ibi
1916 2203 2107 2237 occurrebat
2133 2225 2144 2241 ,

1131 2252 1298 2286 cerebrum
1322 2248 1596 2294 porroverofisse3
1619 2257 1656 2282 ut
1679 2246 1790 2283 erosio
1805 2247 1838 2280 in
1862 2245 2020 2281 sinistrum
2044 2245 2146 2290 usque

1130 2295 1350 2330 ventriculum
1373 2294 1573 2337 perveniret.
1596 2292 1684 2325 Cum
1706 2300 1814 2325 autem
1837 2290 1940 2325 serum
1954 2313 1963 2329 ,
1987 2290 2064 2325 huic
2079 2301 2145 2324 non

1129 2338 1302 2379 absimile,
1324 2337 1404 2372 dum
1427 2336 1594 2373 cerebrum
1617 2334 1844 2376 eximebatur,
1867 2336 1953 2369 circa
1977 2335 2143 2378 Equinam

1129 2383 1237 2418 sellam
1283 2381 1454 2424 prodiisset
1480 2394 1489 2418 ε
1536 2380 1604 2414 veri
1648 2379 1750 2413 simile
1794 2389 1864 2412 erat
1888 2399 1898 2415 ‚
1940 2389 1980 2412 ex
2026 2377 2142 2413 eodem

1130 2426 1314 2463 ventriculo
1339 2426 1416 2460 illuc
1440 2435 1495 2468 per
1519 2423 1771 2459 Infundibulum
1796 2419 1989 2457 defluxisse.

1171 2483 1226 2516 45.
1246 2470 1432 2514 JUVENI
1455 2469 1598 2503 duorum
1620 2468 1751 2502 circiter
1776 2468 1806 2513 ὃς
1830 2466 1947 2508 viginti
1982 2477 2141 2502 annorum

1130 2526 1250 2558 magno
1272 2513 1340 2547 ictu
1361 2512 1469 2548 caefim
1491 2512 1530 2546 ad
1554 2513 1752 2555 superiorem
1775 2510 1917 2552 ejusdem
1941 2508 2144 2545 finistrimu-

1131 2560 1212 2594 sculi
1235 2557 1447 2601 Temporalis
1471 2565 1594 2600 partem
1619 2554 1798 2589 sauciatur.
1822 2552 1981 2587 Concidit
2017 2553 2109 2589 illico
2135 2580 2144 2596 ,

1131 2614 1189 2637 nec
1213 2602 1382 2644 loquitur,
1407 2610 1444 2636 ut
1467 2601 1523 2634 vix
1546 2601 1653 2633 vivere
1677 2599 1849 2632 videatur.
1877 2596 2048 2639 Loquendi
2083 2609 2144 2642 po-

1130 2646 1192 2680 stea
1214 2644 1370 2685 facultas,
1396 2653 1584 2686 caeteraeque
1606 2653 1719 2677 ornnes
1741 2641 1972 2675 restituuntur.
2083 2643 2143 2677 Sed

1128 2692 1212 2725 circa
1227 2699 1383 2733 quartum
1394 2690 1480 2723 diem
1496 2687 1636 2730 aphonia
1649 2686 1730 2720 redit
1746 2695 1953 2727 5quanquam
1967 2684 2143 2726 aliquoties

1129 2734 1239 2777 postea
1251 2758 1261 2773 ‚
1274 2732 1326 2767 scd
1349 2744 1443 2771 rar0,
1468 2731 1623 2766 nonnulla
1637 2729 1774 2773 protulit
1788 2728 1882 2761 verba
1896 2740 1903 2761 ;
1916 2738 1990 2761 cum
2002 2727 2144 2770 aplionia

1127 2787 1234 2813 autem
1245 2777 1424 2811 convulfivi
1437 2784 1542 2809 motus
1554 2773 1781 2816 junguntur‚in
1793 2770 1914 2804 finistra
1926 2770 2060 2812 quidem
2069 2783 2143 2815 par..

1129 2822 1318 2863 tecorporis
1341 2819 1519 2863 aliquando
1542 2818 1669 2856 solum,
1692 2818 1722 2850 δε
1747 2817 1851 2851 leves;
1877 2816 1911 2847 in
1935 2823 2004 2848 tota
2027 2824 2138 2851 autern

1131 2866 1262 2901 dextera
1286 2863 1417 2900 amani,
1442 2874 1477 2897 ac
1501 2861 1581 2896 adeo
1604 2859 1831 2906 vehementes,
1857 2866 1897 2892 ut,
1927 2868 2045 2900 corpus
2088 2861 2146 2894 inc

1132 2910 1260 2945 terdum
1283 2910 1318 2940 in
1342 2907 1403 2941 hoc
1427 2907 1509 2940 latus
1532 2905 1658 2939 curvari
1685 2902 1850 2936 videatur.
1876 2902 2058 2936 Inter'haec
2090 2912 2143 2938 ta-

1133 2965 1207 2989 men
1228 2962 1313 2994 aeger
1336 2962 1407 2994 quae
1429 2950 1580 2984 dicantur
1594 2973 1604 2989 ,
1627 2946 1806 2988 intelligere
1819 2945 1870 2983 se,
1894 2945 2142 2981 nutibusosten-

1129 2998 1201 3032 dit.
1225 2992 1471 3037 Ingravescente
1496 3002 1602 3026 autem
1625 2992 1660 3024 in
1684 2990 1752 3023 dies
1776 2987 1889 3028 febre,
1910 2988 2049 3032 denique
2073 2990 2144 3024 sen-

1129 3040 1187 3075 fim
1210 3051 1276 3081 ,prae
1309 3039 1429 3072 virium
1475 3037 1627 3078 languore
1670 3031 1901 3068 deficientibus
1944 3032 2142 3069 convulfivis

1130 3085 1296 3120 motibus,
1322 3084 1353 3115 &
1377 3081 1542 3115 nonnullis
1563 3089 1635 3112 ante
1658 3078 1788 3111 obitum
1812 3075 1900 3110 horis
1944 3075 2141 3118 quiescenti-

1131 3130 1216 3167 bus,
1238 3128 1324 3160 circa
1356 3124 1442 3158 diem
1486 3124 1598 3156 interit
1643 3121 1807 3155 dec'imum
1853 3119 2010 3152 tertium.

1133 3169 1334 3206 VULNUS
1359 3179 1423 3202 non
1448 3165 1787 3208 modoTemporalem
1810 3161 1991 3196 musculum
2013 3163 2137 3197 incide.-

1134 3225 1209 3253 ταῖς
1232 3214 1283 3247 sed
1308 3223 1362 3255 per
1384 3210 1561 3253 subjectum
1583 3221 1618 3243 os
1641 3210 1704 3243 alte
1726 3210 1761 3241 in
1784 3205 1906 3240 cerebri
1930 3204 2141 3241 substantiam

1134 3256 1362 3294 descenderat.
1384 3257 1478 3289 Dura
1501 3255 1632 3288 meninx
1654 3261 1721 3286 erat
1744 3251 1828 3285 circa
1873 3247 1989 3282 vulnus
2030 3250 2137 3284 multo

1133 3301 1261 3337 craffior
1284 3299 1389 3334 faeta.
1412 3299 1510 3331 Circa
1534 3297 1640 3336 idem,
1661 3297 1812 3337 intraque
1835 3289 1974 3325 saniosus
1997 3295 2143 3328 occurrit

1133 3347 1272 3384 humor,
1295 3354 1333 3375 ex
1355 3340 1445 3383 cujus
1468 3341 1576 3375 forsan
1600 3339 1743 3374 mordaci
1768 3345 1882 3370 natura
1915 3334 2141 3371 convulfiones

1133 3390 1263 3424 fuerant
1287 3387 1456 3420 excitatae:
1479 3394 1565 3419 certe
1588 3394 1662 3417 cum
1686 3383 1802 3416 vulnus
1824 3390 1865 3413 eo
1887 3377 2001 3428 usque⁴
2030 3391 2144 3423 perve-

1136 3434 1208 3466 nire
1231 3432 1415 3467 videretur,
1445 3439 1481 3464 ut
1504 3425 1717 3473 transversum
1738 3426 1909 3459 dumtaxat
1932 3420 2078 3465 digitum
2102 3425 2143 3458 ab

1138 3475 1263 3510 sinistro
1285 3471 1467 3509 ventriculo
1489 3471 1639 3509 distaret3
1662 3480 1726 3505 non
1748 3467 1828 3502 illuc
1852 3474 1962 3499 tamea
1972 3465 2071 3509 usque
2081 3465 2149 3502 fer..

2030 3521 2103 3545 tum

147 3711 158 3741 (
174 3711 185 3736 Ι
201 3712 216 3742 >
231 3713 266 3736 De
281 3709 375 3736 Medic.
391 3709 408 3735 1.
425 3711 447 3735 8.
462 3717 484 3734 e.
501 3717 525 3739 4.
696 3739 701 3743 .

87 3776 93 3782 ἡ
148 3745 163 3772 ζ
176 3750 193 3772 p
208 3747 219 3769 )
236 3744 271 3766 De
286 3743 345 3779 Cap.
364 3741 437 3767 vinu.
455 3749 481 3765 n.
500 3746 537 3765 ro.
553 3741 616 3770 apud
636 3741 766 3775 Matinell.
825 3739 837 3770 s
852 3747 868 3770 q

146 3775 191 3834 ((ιὲ
206 3774 350 3836 {exibe-it.
411 3774 426 3802 (
441 3772 481 3800 x)
494 3778 517 3797 e.
535 3778 569 3796 u.
589 3778 623 3800 ις.
642 3771 881 3833 120.(‹:i}.›EP(mys⁷)y

929 3755 937 3763 .
953 3747 991 3765 Π..
1005 3737 1050 3761 cit.

883 3738 898 3769 2

380 3808 418 3840 (ι
436 3807 444 3834 J
461 3804 533 3832 xlii.
550 3810 575 3827 n.
592 3805 627 3827 16.
888 3772 903 3796 S

586 3709 637 3739 (m
653 3708 667 3737 )
685 3708 750 3734 Lest.
765 3712 788 3735 6.
805 3709 851 3735 cit.
911 3710 957 3764 {a
973 3709 981 3737 )
996 3715 1020 3731 e.
1038 3713 1073 3732 n.
1089 3706 1131 3732 eit.

1112 3739 1127 3768 (
1141 3746 1153 3763 r
1169 3738 1179 3768 )
1194 3747 1218 3764 c.
1232 3747 1259 3768 4.
1275 3737 1317 3762 cit.

905 3778 916 3796 e
944 3774 950 3795 “.
968 3778 988 3795 i.
1005 3768 1114 3795 Membr.
1132 3777 1156 3800 3.
1172 3769 1197 3794 δε
1211 3777 1237 3798 4.

1193 3707 1209 3737 (
1222 3715 1236 3733 0
1250 3706 1264 3735 2
1279 3707 1378 3730 comm.
1394 3703 1419 3728 in
1435 3702 1552 3734 uippoer.
1568 3703 1598 3729 de
1613 3704 1689 3730 Vuln.
1707 3705 1768 3733 Cap.
1782 3709 1804 3726 c.
1825 3709 1860 3732 ¹⁴·

1379 3733 1422 3765 (Ἰ
1431 3738 1443 3763 )
1458 3736 1526 3761 Lech
1541 3740 1566 3761 6.
1582 3733 1624 3760 cit.
1684 3737 1694 3761 (
1712 3741 1724 3760 t
1739 3737 1749 3766 )
1764 3733 1847 3758 Trass.
1863 3732 1893 3758 de
1910 3731 1983 3759 vuln.
2000 3733 2061 3761 Cap.
2077 3732 2105 3756 P.
2122 3738 2143 3755 ι.

1297 3765 1448 3798 (εΗ-ς·
1509 3767 1663 3798 (nin-7·
1725 3763 1885 3795 (mn-n-
1947 3764 2112 3793 (c)n·38·
