2498 4075
406 175 471 231 86

334 256 392 291 *tui
413 255 511 290 medio
532 250 564 286 in
599 246 689 282 duftu
720 251 834 280 natura
866 243 999 286 *vesicam
1031 244 1148 277 cervice
1169 241 1337 284 implanta-

403 307 439 335 5·

333 312 435 386 ms3Z4.
458 340 537 373 Non
560 335 733 377 Cynicum
766 334 869 374 igitur
893 355 904 371 ‚
948 329 997 363 sed
1033 329 1231 370 Hepaticum
1275 325 1335 360 du-

336 388 449 421 ftum,
472 392 569 425 quem
592 389 693 412 unum
718 375 944 418 agnoscentes,
981 373 1126 406 clarioris
1161 372 1333 405 dumtaxat

338 429 492 463 doetri'nae
508 448 516 462 ‚
541 428 572 457 &
595 419 835 455 consuetudinis
857 419 957 459 gratia
981 418 1013 448 in
1037 416 1237 457 Hepaticum
1261 439 1269 452 ,
1301 416 1332 445 &

304 483 308 486 “
334 476 551 507 Communem
572 464 749 499 dividimus
760 479 779 501 ,·
797 460 859 492 five
883 459 1114 498 excrescentia,
1138 458 1201 490 five
1231 457 1334 489 calcu-

337 518 393 552 lo,
416 526 432 547 a
456 510 625 553 Falloppio
658 511 671 547 (
694 504 747 547 u)
780 514 909 546 quoque
931 503 977 535 ibi
1002 503 1112 543 saepius
1135 500 1304 533 observato
1327 524 1336 539 ‚

337 559 401 593 five
423 555 522 591 crassa-
543 550 726 593 viscidaque
751 547 905 586 materia,
929 546 992 579 five
1015 547 1078 579 alia
1112 543 1336 591 'ratione-‘im-

332 603 478 646 peditum
502 597 717 640 requirimus,
741 600 776 624 ut
802 592 924 623 viarum
947 589 1023 622 bilis
1056 598 1217 629 majorum
1250 587 1335 618 vitio

334 655 444 680 ortum
469 643 605 676 ἰδίει-ατη
628 638 803 671 fateamur.
828 634 916 667 Nam
941 635 972 665 &
997 629 1094 665 crassa
1118 631 1239 664 obstrui
1266 640 1333 661 ma-

334 691 414 723 teria
430 710 440 725 ‚
463 689 492 719 ἃ
516 684 579 718 bile
603 682 670 723 ipsa
693 678 797 722 posse,
821 687 885 709 non
909 675 1096 708 dubitamus
1118 676 1174 716 qui
1197 674 1276 706 olim
1300 673 1332 705 in

336 744 414 767 cane
439 730 518 764 male
541 726 656 761 affe&0
681 733 747 756 non
780 720 977 753 Pancreatici
1023 717 1128 751 solum
1151 740 1161 755 ,
1208 716 1271 749 sed¹
1302 717 1333 747 &

335 774 531 811 Communis
553 770 666 803 duetus
685 765 782 799 finem
805 771 952 796 concreta
986 761 1119 795 materia
1151 758 1238 803 quasi
1272 769 1333 800 gy..

336 820 409 864 psea
433 820 462 850 &
487 813 632 848 subflava
657 806 819 843 occlusum
846 806 1027 839 invenimus
1049 827 1059 842 ‚
1096 802 1332 836 Ettmiillerum

332 865 354 907 (
370 873 390 897 x
413 865 425 902 )
450 868 556 892 autem
580 855 716 898 legimus
739 852 773 884 in
798 847 960 891 Lipsiense
983 849 1121 882 leterico
1154 844 1336 879 describen-

336 915 403 940 tem
429 902 571 942 infimum
591 893 703 940 porum
724 892 843 935 viscida
863 890 986 934 pituita
1005 892 1132 933 penitus
1153 886 1336 928 obstrut't'um

341 950 412 983 adeo
436 940 471 979 u'c
492 943 555 986 post
578 939 778 983 absczffionem
803 935 897 976 hujus
920 942 1041 967 meatus
1066 933 1186 967 biliarii
1207 942 1242 964 ne
1263 938 1337 973 gut-

334 1001 371 1027 ta
395 989 516 1033 quidem
538 986 613 1020 bilis
631 980 817 1026 proflueret,
842 978 914 1020 quia
938 976 1012 1011 bilis
1036 976 1080 1011 ibi
1103 982 1243 1009 contenta
1255 972 1338 1016 cras-

331 1034 446 1079 fislima
469 1039 560 1073 atque
583 1024 770 1068 tenaciffima
793 1029 880 1056 erat.
908 1021 967 1054 Sed
991 1033 1040 1054 me
1065 1020 1125 1053 hoc
1148 1019 1221 1051 loco
1252 1030 1269 1050 a
1304 1027 1337 1050 te

337 1075 538 1118 interpellari
563 1071 672 1116 posse,
696 1068 784 1106 scio,
808 1074 988 1107 quaerente,
1011 1075 1068 1097 cur
1093 1063 1197 1104 igitur
1227 1060 1339 1093 Nobi-

335 1124 378 1156 lis
402 1120 544 1157 Gallus,
566 1126 662 1159 quem
687 1110 849 1144 Scultetus
872 1108 959 1150 (y)
982 1107 1149 1142 dissecuit,
1174 1113 1248 1137 cutn
1279 1113 1338 1143 po-

334 1175 406 1199 rum
429 1162 578 1196 hilarium
600 1169 635 1191 ea
654 1162 746 1197 parte
769 1163 828 1194 qua
851 1151 984 1183 duodeno
1007 1149 1154 1191 inseritur
1169 1170 1181 1187 ,
1206 1146 1336 1188 lapillo,

330 1208 438 1252 pisum
460 1213 606 1244 magnum
629 1201 805 1240 adaequante
829 1195 901 1227 adeo
943 1192 1125 1231 obstructum
1171 1189 1300 1223 haberet
1326 1211 1336 1226 ,

333 1260 372 1286 ut
394 1238 617 1284 ne'taniulum
640 1241 715 1275 bilis
736 1249 790 1280 per
812 1248 882 1271 eum
904 1235 1071 1278 expurgari
1090 1235 1257 1276 potuerit,
1291 1244 1338 1266 re.

332 1298 390 1334 aio
413 1302 519 1325 tamen
545 1287 663 1321 morbo
686 1282 825 1317 infestus
848 1290 913 1312 non
937 1278 1038 1312 esset?
1071 1279 1144 1319 Ego
1187 1287 1268 1317 vero*
1306 1278 1340 1308 in

333 1333 486 1373 {ioculari
512 1332 589 1366 adeo
612 1330 704 1367 casu,
729 1323 786 1359 nisi
811 1324 849 1357 ad
872 1334 920 1356 eas
944 1323 1118 1363 confugere
1142 1321 1240 1353 velim
1274 1319 1341 1352 san-

331 1366 442 1420 ansuis
466 1375 714 1412 constitutiones
738 1372 749 1413 ζ
772 1379 796 1410 z
820 1370 830 1406 )
855 1368 887 1399 in
912 1366 1029 1408 quibus
1054 1365 1186 1398 materia
1230 1364 1305 1396 bilis
1326 1385 1339 1402 ,

334 1421 431 1469 {tque
455 1422 533 1456 adeo
554 1419 630 1452 bilis
654 1416 721 1458 ipsa
745 1415 801 1444 vix
825 1411 888 1443 ulla
911 1409 1070 1443 flavedine
1094 1406 1197 1450 potest
1228 1406 1340 1439 infice-

336 1482 392 1506 re;
418 1460 606 1509 singularem
628 1457 788 1503 quandam
823 1454 1010 1487 hilariacum
1043 1453 1170 1486 viarum
1203 1450 1339 1492 disposi-

335 1516 464 1548 tionem
490 1504 670 1543 subsuisse,
692 1501 823 1535 dicam,
846 1494 966 1529 necesse
990 1495 1057 1529 est:
1091 1495 1217 1538 qualem
1251 1493 1340 1527 vide-

336 1559 416 1592 licet
441 1552 624 1593 Falloppius
647 1544 736 1589 (a)
761 1543 810 1576 bis
835 1551 922 1573 terve
948 1551 964 1571 a
988 1539 1017 1572 se
1041 1538 1142 1572 visam
1177 1538 1309 1572 testatur
1329 1559 1340 1575 ,

337 1597 520 1635 Communi
565 1591 717 1626 videlicet
761 1585 861 1620 dueta
905 1582 1003 1626 paulo
1035 1583 1126 1625 supra
1151 1582 1343 1616 intestinum

336 1640 540 1681 Duodenum
564 1638 596 1670 in
616 1633 774 1677 geminum
797 1626 936 1661 canalem
961 1625 1084 1668 divisoz
1116 1637 1213 1669 quam
1258 1625 1346 1659 divi..

335 1690 483 1725 fionem,
510 1680 562 1715 sed
586 1681 670 1711 inter
691 1672 833 1716 ejusdem
852 1669 998 1703 intestini
1024 1672 1149 1703 tunicas
1165 1695 1175 1709 ,
1201 1669 1234 1702 in
1270 1669 1346 1702 duos

336 1742 440 1767 rariter
464 1725 593 1768 infignes
605 1746 618 1763 ,
635 1718 791 1763 separatis
815 1712 928 1755 osculis
950 1713 1036 1746 intra
1059 1711 1236 1751 intestinum
1258 1711 1365 1744 raian-—

338 1785 390 1810 tes
411 1771 505 1807 semel
529 1775 659 1811 quoque
682 1760 765 1794 vidit
787 1757 994 1791 Abrahamus
1042 1757 1181 1790 Vaterus
1227 1758 1237 1793 (
1261 1753 1280 1787 b
1302 1757 1316 1793 )
1338 1778 1347 1786 .

339 1822 394 1853 Sic
417 1819 502 1852 enirn
526 1811 635 1847 osculo
659 1806 759 1839 altero
782 1802 948 1836 obstrufilo
963 1823 972 1838 ‚
999 1801 1050 1833 via
1065 1801 1132 1833 lbili
1156 1808 1264 1841 aperta
1299 1809 1349 1830 re-

340 1851 402 1898 stat
426 1872 478 1905 per
502 1859 637 1891 alterum
660 1849 699 1883 ad
723 1846 891 1881 intestina.
914 1845 987 1879 Esle
1010 1846 1110 1877 etiam
1135 1843 1245 1886 potuit
1268 1841 1348 1874 alius

337 1909 459 1949 aliquis
483 1910 598 1946 praeter
621 1890 886 1930 consuetudinem
908 1889 1043 1928 duetus„
1068 1896 1105 1921 ut
1126 1897 1221 1929 quem
1233 1886 1266 1918 in
1278 1894 1349 1917 mu-

338 1953 417 1987 liere
441 1949 514 1982 bene
539 1941 645 1977 habita
668 1939 709 1971 (9⁸
730 1935 862 1979 pingui,
886 1935 917 1966 ὅ(
933 1931 978 1975 sic
994 1931 1077 1974 satis
1100 1930 1206 1963 valida
1229 1952 1242 1968 ,
1275 1938 1350 1977 cum

340 1996 442 2033 cvstis
470 1988 607 2022 'insarta
651 1980 725 2016 esset
748 1978 878 2012 calculis
902 1978 933 2010 &
956 1973 1109 2014 occlusa,
1153 1972 1349 2006 Bartholino

343 2034 397 2081 (c
423 2043 432 2077 )
457 2032 674 2076 in-spestante,
699 2022 836 2058 offendit
861 2020 1046 2061 Veslingius
1071 2017 1108 2050 ab
1140 2015 1248 2065 hepate
1274 2025 1350 2056 pro-

344 2085 517 2119 depntem,
535 2084 614 2118 poro
637 2069 773 2104 hilario,
797 2076 814 2099 a
838 2062 968 2097 calculis
1001 2071 1116 2109 quoque
1147 2059 1314 2103 constipato
1337 2079 1349 2097 ,

346 2112 487 2163 virinum
532 2118 586 2162 qui
608 2117 640 2150 in
658 2113 801 2157 jejunum
825 2106 999 2146 intestinum
1016 2102 1270 2142 terminabatur,
1295 2110 1349 2150 aut

378 2181 450 2206 uem
475 2147 636 2199 B'ezoldus
661 2162 670 2197 (
695 2155 748 2197 d)
773 2152 811 2185 ab
835 2150 865 2183 se
888 2149 991 2182 visum
1016 2147 1192 2185 describit,
1215 2148 1246 2178 ἃ
1279 2155 1351 2186 pm-

343 2185 400 2259 {it
421 2208 637 2250 Veslingiano
658 2199 818 2234 similem,
842 2194 941 2227 modo
964 2204 1028 2225 non
1052 2191 1090 2224 ad
1113 2189 1353 2236 Communem,

348 2258 407 2293 {ed
433 2255 470 2289 ad
493 2241 852 2287 intestina.perveniret
870 2263 878 2278 ‚
903 2246 958 2270 aut
991 2247 1073 2282 quos
1101 2233 1212 2285 ‘semel
1259 2241 1355 2273 atque

349 2306 471 2337 :iterum
516 2308 532 2329 a
576 2284 868 2326 Diemerbroeckio
915 2282 1054 2329 osten-sos
1099 2278 1183 2325 idem
1208 2286 1356 2310 comme-

352 2352 460 2381 morat
482 2344 496 2379 (
521 2350 535 2372 e
555 2336 570 2378 >
595 2332 731 2367 seorsum
756 2340 771 2360 a
794 2328 975 2359 Communi
999 2332 1087 2371 iuter
1106 2321 1278 2354 vesiculam
1324 2321 1355 2350 &

351 2376 513 2424 :intestina
533 2378 716 2425 por1·e&tos;
740 2380 774 2405 ut
800 2380 912 2410 magna
938 2378 1007 2409 pars
1030 2366 1105 2399 bilis
1117 2364 1165 2397 vel
1180 2364 1285 2402 resta,
1309 2362 1357 2394 vel

382 2444 413 2466 er
436 2430 531 2462 illum
551 2423 626 2457 ferri
649 2417 688 2451 ad
713 2415 780 2448 haec
804 2411 901 2454 posset
923 2434 930 2441 .
965 2410 1054 2446 Quas
1087 2418 1165 2441 vero
1198 2409 1359 2440 continuo

350 2446 379 2476 Ῥ
721 2460 848 2491 Lacuna
872 2452 1149 2489 Observationes,
1172 2449 1210 2483 ad
1234 2461 1282 2482 eas
1317 2460 1356 2482 ex

350 2474 488 2518 subjicit
514 2467 656 2502 Andreae
680 2473 696 2494 a
1139 2496 1144 2500 η
1208 2494 1213 2499 .
1265 2494 1270 2499 ᾖ

349 2529 448 2564 parte
473 2514 644 2548 attinentes
667 2514 737 2547 quae
762 2501 854 2541 supra
899 2493 983 2538 (f)
1027 2507 1042 2527 a
1067 2494 1161 2527 nobis
1204 2492 1354 2525 indicatae

352 2565 433 2598 ¹sunt
481 2555 624 2599 lapidum
647 2548 709 2581 fine
733 2546 835 2578 ἱᾶεῑο
858 2542 891 2573 in
914 2540 998 2581 cysti
1022 2548 1270 2577 concretorum,
1301 2548 1355 2568 eo-

353 2593 357 2595 ’
384 2619 419 2640 ue
445 2584 576 2635 immine
600 2590 771 2638 produ&as
793 2589 826 2619 in
850 2583 991 2625 Epistola
1016 2583 1250 2614 LAnatomica
1273 2582 1361 2629 (g.)²

353 2621 385 2686 {i
409 2646 492 2691 apud
516 2642 699 2678 Auetorem
721 2631 823 2674 ipsum
849 2630 957 2669 potius
980 2650 990 2665 ‚
1033 2636 1129 2672 quam
1163 2623 1246 2673 apud
1278 2626 1361 2656 Rio-

358 2696 471 2729 lanum
493 2690 599 2728 legere
623 2676 798 2724 potuissem
821 2673 908 2706 illius
933 2668 1241 2707 maluisset‚ve1·bis‚
1265 2677 1360 2713 quam

358 2736 457 2772 hu'us
504 2732 551 2765 uti
579 2752 587 2767 ,
618 2726 675 2766 qui
711 2717 864 2752 memoria
888 2715 1014 2755 lapsus,
1038 2712 1141 2744 tribus
1164 2711 1198 2743 in
1222 2709 1363 2743 versibus

355 2748 427 2815 υἱὲ
451 2757 564 2812 ῑέῑῃὶὶῑ
588 2780 661 2804 cum
693 2766 732 2798 iis
764 2769 836 2804 quae
871 2757 1013 2803 Andreas
1049 2754 1226 2788 tradiderat
1251 2775 1261 2791 ,
1296 2762 1360 2785 non

356 2819 578 2863 congruentia
603 2839 611 2848 .
745 2804 804 2839 Sed
827 2803 877 2837 his
901 2800 1017 2837 missis,
1057 2799 1101 2834 iad
1146 2797 1206 2832 alia
1253 2807 1362 2839 perga-

356 2877 461 2952 mu3⁵{.
484 2908 572 2939 Cum
598 2899 689 2940 supra
710 2898 724 2934 (
747 2894 766 2927 h
788 2897 802 2933 )
824 2901 935 2934 genera
967 2895 1109 2931 quatuor
1142 2881 1364 2927 proposuerim

361 2954 555 2991 causarum,
579 2947 816 2977 Communem,
841 2944 895 2968 aut
918 2932 1119 2973 Hepaticum
1142 2929 1218 2962 bilis
1241 2927 1363 2960 canales

361 2992 632 3041 {mpedientiurn¹
656 2986 754 3018 trium
778 2989 883 3013 autem
908 2975 1110 3023 solummodo
1133 2971 1275 3011 exempla
1290 2981 1364 3019 pro-

361 3043 524 3077 atulemm,
549 3030 674 3067 miraris
697 3023 825 3059 sortasse
849 3032 905 3054 cur
930 3020 1059 3061 quarti,
1084 3018 1117 3050 id
1150 3016 1194 3049 est
1226 3012 1367 3065 constri-

362 3083 483 3121 &ionis
505 3072 637 3112 illorum
662 3070 783 3104 nullam
816 3065 1022 3107 produxerim
1058 3060 1331 3108 Observationem
1354 3080 1361 3087 .

360 3127 425 3165 Sed
448 3122 557 3159 mirari
580 3117 698 3153 defines
723 3112 777 3144 ubi
803 3108 857 3142 has
880 3109 1019 3139 Litteras
1044 3103 1123 3153 adeo
1148 3102 1291 3146 prolixas
1313 3111 1364 3132 re-

362 3169 523 3208 legendo,
544 3163 601 3204 id,
622 3166 781 3204 quantum
804 3153 921 3188 licuit,
948 3150 1073 3198 antea(
1096 3159 1106 3180 z
1133 3150 1143 3186 )
1167 3145 1288 3195 faenum
1311 3155 1366 3186 per

363 3203 509 3256 efempla
531 3207 662 3251 quidem
686 3213 725 3235 ex
744 3195 957 3238 Sepulchreto
981 3191 1120 3241 indicata
1137 3215 1148 3230 ,
1171 3187 1368 3239 animadver-

360 3261 459 3295 teris.
484 3251 582 3295 Qod
606 3250 631 3282 fi
655 3247 714 3280 alia
738 3242 823 3275 forte
846 3236 971 3271 aliunde
994 3246 1133 3277 quaeris3
1156 3243 1291 3267 minime
1313 3231 1367 3263 de-

360 3305 439 3339 {unt
487 3295 611 3330 Illustre
634 3290 676 3324 est
698 3288 742 3321 ob
766 3284 843 3326 aegri
868 3281 1031 3323 personam
1054 3277 1142 3319 quod
1165 3277 1203 3310 de
1238 3275 1366 3325 Andrea

366 3326 592 3381 Manioceno,
614 3336 761 3367 Senatore
776 3349 784 3364 ‚
809 3329 839 3359 &
862 3323 1030 3358 Historico
1064 3322 1194 3354 Veneto
1228 3317 1365 3351 nobilis-

365 3388 449 3423 fimo
471 3383 585 3418 doGtus
607 3377 671 3420 ejus
694 3371 841 3407 Medicus
866 3366 1003 3401 tradidit
1027 3365 1182 3399 Aurelius
1207 3362 1361 3394 Palazzo-

365 3433 414 3468 lus
438 3429 524 3470 (lq).
547 3423 647 3458 Ιᾶετί
669 3419 752 3452 enim
775 3425 841 3457 quo
865 3413 1080 3446 Maurocenus
1103 3406 1266 3441 constitus
1289 3406 1334 3439 est
1350 3428 1361 3445 ‚

901 159 1070 221 Liber'
1091 162 1178 218 111.
1214 161 1296 215 De
1332 159 1536 214 Morbis
1569 137 1779 209 ventris

1388 238 1610 280 insuperabilis
1632 236 1723 279 causa
1746 236 1810 270 fuit
1841 235 1967 269 viarum
1998 230 2187 268 constriffio
2210 241 2220 269 ς
2252 230 2373 274 quippe

1389 283 1574 316 occalluerat
1595 281 1705 314 duetus
1727 290 1785 322 qua
1808 278 1881 313 bilis
1902 280 1935 312 in
1953 277 2069 319 primis
2090 276 2130 308 ad
2150 273 2288 313 intestina
2304 274 2375 314 fer-

1389 333 1457 359 tur.
1483 324 1629 358 Meadius
1652 334 1757 357 autem
1781 321 1827 365 (l
1849 326 1863 362 )
1885 323 1954 364 post
1976 321 2110 362 isterum
2143 319 2338 361 pertinacem
2360 337 2374 354 ,

1384 368 1521 402 eundem
1564 375 1705 401 meatum
1749 367 1832 400 vidit
1879 377 1941 407 qua
1965 375 2038 398 cum
2063 362 2195 404 Cystico
2218 362 2251 392 in
2274 369 2374 392 unum

1382 413 1472 448 coit,
1494 411 1582 454 quasi
1606 409 1728 452 injec'to
1750 409 1883 442 vinculo
1906 404 1952 440 ita
1974 407 2198 442 contractum,
2220 402 2375 443 utslylum

1385 465 1445 488 non
1467 462 1608 495 caperet,
1632 464 1687 486 nec
1710 463 1772 495 qua
1796 454 1859 486 ulla
1883 452 1957 484 bilis
1981 450 2089 493 portio
2111 460 2173 490 qua
2197 449 2314 494 cyitis,
2345 446 2378 476 &

1385 497 1470 539 jecur
1493 496 1770 535 distendebantur,
1795 494 1894 538 posset
1919 496 1957 528 ad
1990 493 2137 529 intestina
2180 499 2342 533 pervenire
2367 499 2378 519 .-

1385 553 1421 574 ea
1445 550 1550 574 autern
1573 539 1754 573 contractio
1777 540 1816 572 ab
1839 537 1994 573 {cirrhoso
2014 559 2027 577 ,
2059 544 2154 578 atque
2186 533 2264 567 adeo
2300 542 2378 564 can-

1385 584 1475 618 croso
1499 584 1641 625 proximi
1657 583 1842 623 ·pancreatis
1865 591 1992 620 tumore
2014 579 2143 613 induem
2165 574 2379 625 esse—videba-

1384 638 1461 661 tur.
1487 629 1524 659 In
1548 627 1640 659 Aetis
1662 637 1791 668 quoque
1813 628 1887 664 (m)
1911 624 2063 657 Caesareae
2089 620 2270 654 Academiae
2294 619 2380 654 Iete-

1383 671 1443 704 rici
1467 679 1554 703 extat
1578 669 1801 709 Observatio,
1823 669 1876 702 cui
1909 677 2038 711 propter
2071 662 2265 698 scirrhosum
2299 671 2378 703 pan-

1384 725 1495 752 creas,
1517 723 1585 746 erat
1607 714 1803 746 Communis
1835 710 1977 752 ejusdem
2011 709 2142 743 Canalis
2175 707 2278 739 exitus
2311 714 2378 753 rio-n

1383 757 1448 790 sine
1465 757 1560 799 firma
1583 756 1771 799 concretione
1795 754 1984 796 praeclusus,
2115 751 2291 784 Rariorum
2314 749 2380 789 igi-

1385 811 1438 833 tur
1460 799 1625 832 causarum
1640 821 1648 836 ,
1672 810 1741 841 quae
1768 797 1829 831 sive
1852 810 1890 831 ex
1913 799 1993 831 tubo
2016 795 2154 831 solidum
2178 802 2295 835 corpus
2329 790 2381 823 es-

1384 843 1546 882 ficiendo,
1570 841 1630 875 five
1651 841 1846 875 extrinsecus
1869 840 2042 884 premendo
2064 841 2282 874 Communem
2306 834 2380 867 bilis

1386 888 1521 921 duetum
1545 886 1769 926 constringunt
1784 907 1794 922 ‚
1817 885 1960 928 exempla
1992 895 2092 926 neque
2126 881 2217 922 supra
2236 904 2245 920 ‚
2280 889 2382 921 neque

1388 931 1450 964 hoc
1475 930 1547 962 loco
1570 930 1709 968 reticui,
1732 928 1818 961 idem
1841 927 1982 961 fanturus
2003 928 2037 959 in
2060 924 2297 959 constrifflonis
2308 933 2383 954 cau-

1388 975 1427 1007 lis
1450 972 1725 1016 frequentioribus
1741 996 1750 1009 ,
1774 971 1795 1005 si
1819 971 1931 1004 harum
1955 970 2083 1004 efferfftus
2108 978 2143 1002 ut
2165 967 2285 1002 rationi
2307 965 2381 998 sunt

1390 1018 1528 1051 maxime
1552 1016 1706 1054 consoni,
1729 1015 1772 1049 fic
1795 1014 1863 1057 post
1908 1025 2047 1047 mortem
2090 1011 2182 1046 facile
2229 1009 2381 1043 caderent

1388 1062 1445 1094 sub
1470 1058 1610 1093 sensum.
1634 1060 1829 1101 Crispaturns
1851 1058 1926 1092 dico
1951 1057 2159 1100 spasmodicas
2178 1078 2191 1095 ,
2229 1053 2273 1087 ob
2303 1062 2382 1094 quas

1388 1103 1551 1138 orificium
1577 1101 1691 1136 saltem
1712 1102 1828 1135 du&us
1852 1102 2067 1139 Communis,
2103 1109 2158 1133 aut
2194 1098 2382 1130 tenuiorum

1389 1147 1543 1188 Hepatici
1567 1145 1819 1178 ramusculorum
1842 1157 1911 1187 pars
1936 1147 2075 1178 maxima
2098 1144 2353 1183 constringantur
2376 1151 2384 1172 ,·

1389 1189 1447 1223 niti
1473 1189 1557 1222 sorte
1582 1190 1642 1222 huc
1664 1188 1821 1222 credimus
1844 1189 1896 1221 Cl.
1918 1189 1972 1231 Jo.
1987 1189 2125 1230 Georgii
2148 1185 2292 1219 Maureri
2318 1185 2384 1221 (n)

1392 1232 1664 1267 Observationem
1688 1230 1845 1274 speetare.
1870 1232 1934 1264 Vir
1958 1232 2093 1264 Illustris
2125 1230 2195 1273 post
2238 1228 2352 1261 vulnus
2376 1250 2386 1266 ,

1393 1278 1528 1310 minime
1553 1285 1735 1319 penctrans,
1759 1277 1791 1307 in
1816 1277 1947 1317 regione
1969 1274 2092 1316 hepatis
2117 1283 2303 1315 acceptum,
2340 1269 2388 1302 bi-

1392 1321 1472 1355 liosa
1496 1322 1632 1353 tertiana
1656 1319 1768 1358 febre,
1790 1321 1819 1351 δέ
1843 1319 1933 1360 regio
1954 1319 2096 1355 morbo,
2129 1317 2260 1359 aliisque
2293 1314 2385 1347 dein-

1387 1375 1461 1407 ceps
1484 1373 1672 1405 correptus‚
1695 1373 1768 1395 cum
1791 1361 1944 1395 evadendi
1976 1364 2062 1404 spem
2096 1358 2277 1404 praebuisset
2302 1380 2311 1395 ‚
2356 1359 2390 1389 δε

1389 1406 1480 1452 quod'
1502 1406 1540 1440 ad
1564 1407 1700 1439 isterum
1724 1407 1863 1444 attinet,
1889 1404 1986 1438 ferme
2009 1405 2073 1448 jam
2107 1405 2183 1437 bene
2216 1405 2244 1436 se
2290 1400 2390 1445 habe7

1389 1461 1459 1487 ret,
1484 1461 1560 1483 mox
1584 1449 1787 1488 vehementi,
1810 1449 1947 1485 iterata,
1983 1452 2013 1482 &
2037 1449 2135 1491 longa
2169 1447 2266 1480 animi
2299 1455 2389 1478 com-

1391 1495 1540 1528 motione
1563 1494 1749 1529 accedente,
1774 1503 1870 1534 quam
1894 1494 1961 1525 cito
1984 1495 2150 1535 repentina
2163 1489 2330 1526 faucium,
2355 1489 2388 1520 &

1394 1539 1585 1580 pulmonum
1609 1534 1828 1570 inflammatio
1852 1537 2000 1578 excepit,
2022 1547 2087 1568 non
2112 1536 2175 1567 sine
2198 1541 2282 1568 metu
2303 1554 2312 1569 ‚
2347 1531 2390 1564 &⁶
2420 1562 2423 1570 s

1395 1579 1609 1615 anxietatibus
1632 1579 1668 1613 ob
1691 1586 1819 1612 mortem
1842 1579 2077 1616 imminentem,
2102 1577 2184 1611 hanc
2209 1578 2294 1610 intra
2327 1576 2389 1609 tri-

1395 1625 1496 1658 duum
1519 1624 1625 1657 obiit.
1650 1623 1778 1656 Habuit
1802 1632 1929 1660 autem3
1954 1632 1990 1655 ut
2015 1621 2126 1656 caetera
2138 1623 2316 1657 omittam,
2341 1620 2392 1650 in-

1396 1676 1446 1701 tra
1469 1667 1584 1709 cystim
1607 1665 1737 1709 quidem
1760 1666 1897 1699 calculos
1923 1676 2006 1705 tres,
2033 1666 2147 1709 eosque
2171 1675 2234 1697 non
2257 1673 2393 1705 parvos,

1398 1711 1448 1744 sed
1473 1713 1504 1743 δε
1530 1709 1683 1752 orificium
1706 1709 1813 1742 ductus
1836 1708 2027 1745 choledochi‚
2052 1710 2210 1750 totumque
2239 1705 2317 1739 hunc
2340 1716 2395 1738 ca-

1399 1754 1499 1787 nalem
1523 1754 1569 1786 ita
1591 1751 1814 1791 obliteratum,
1836 1751 1887 1784 vel
1911 1750 2103 1790 constrictum
2114 1775 2127 1791 ‚
2150 1758 2185 1783 ut
2209 1761 2243 1783 ne
2266 1749 2393 1782 minimo

1400 1798 1523 1831 cuidam
1539 1796 1640 1838 stylo,
1666 1795 1763 1828 multo
1786 1795 1887 1827 minus
1911 1793 1986 1827 bilis
2008 1793 2139 1837 guttula
2163 1792 2299 1835 amplius
2322 1801 2395 1824 con-

1400 1841 1518 1874 cederet
1541 1838 1725 1880 transtrum.
1750 1840 1860 1871 Fuerit
1885 1838 1956 1870 sane
1980 1838 2047 1881 ejus
2070 1838 2183 1871 duetus
2205 1847 2319 1868 cavum
2351 1837 2398 1868 ita

1400 1883 1609 1917 constrictum
1634 1881 1763 1924 quando
1785 1883 1869 1915 cutis
1892 1881 2054 1918 flavebat,
2078 1883 2140 1913 alvi
2167 1889 2272 1913 autem
2296 1889 2399 1911 recre-

1401 1936 1507 1960 menta
1530 1925 1727 1965 alumnam,
1751 1928 1780 1958 &
1804 1927 1891 1959 tarde
1915 1936 1950 1958 ac
1972 1923 2094 1968 difficile
2114 1923 2365 1957 detrudebantur
2389 1945 2399 1952 .

1401 1972 1448 2004 At
1472 1980 1556 2004 certe
1579 1981 1642 2002 non
1667 1978 1735 2002 erat
1761 1969 1898 2010 amplius
1920 1980 1958 2001 eo
1983 1978 2126 2010 tempore
2151 1979 2216 2010 quo
2239 1968 2308 2000 cuti
2330 1974 2400 1999 erat

1396 2013 1522 2056 prorsus
1546 2011 1701 2046 naturalis
1721 2010 1907 2055 floridusque
1930 2011 2011 2044 color
2034 2011 2217 2049 restitutus,
2242 2008 2398 2051 faecesque

1398 2058 1431 2090 in
1452 2067 1561 2097 magna
1584 2056 1691 2096 copia,
1714 2056 1755 2089 Θ
1777 2055 1964 2088 naturaliter
1986 2054 2089 2088 tint&
2114 2054 2305 2096 prodibant.
2331 2053 2400 2086 Ve-

1399 2101 1428 2134 ri
1452 2101 1555 2143 igitur
1580 2098 1679 2131 simile
1702 2098 1805 2132 videri
1840 2098 1942 2141 potest
1964 2120 1973 2134 ,
2010 2096 2237 2141 spalmodicarn
2260 2096 2402 2130 coustri-

1404 2144 1544 2189 &ionem
1560 2164 1569 2179 ‚
1592 2154 1688 2185 quam
1721 2143 1818 2175 animi
1842 2143 1952 2185 quies,
1974 2145 2004 2174 δέ
2027 2141 2154 2174 curatio
2180 2152 2278 2183 nuper
2299 2138 2402 2173 laxas-

1406 2189 1494 2226 sent,
1518 2198 1575 2230 per
1601 2197 1698 2218 novas
1720 2188 1821 2219 animi
1846 2184 2041 2226 ejuscemodi
2065 2186 2300 2217 commotiones
2328 2207 2339 2222 ,
2369 2185 2402 2216 &

1405 2231 1536 2264 lethalia
1560 2231 1777 2271 symptomata
1800 2231 1882 2261 intra
1906 2228 1986 2262 illud
1998 2227 2143 2261 triduum
2161 2227 2285 2261 rediisse
2300 2252 2307 2260 .
2336 2228 2404 2259 Ut-

1406 2285 1533 2315 cunque
1556 2273 1589 2306 id
1613 2272 1731 2314 fuerit,
1758 2271 1777 2305 si
1800 2273 1981 2309 tujnterea
2004 2283 2073 2314 quae
2097 2271 2133 2304 de
2158 2271 2339 2312 crispaturis
2353 2269 2405 2302 di-

1408 2320 1442 2351 xi
1464 2328 1541 2359 quas
1566 2317 1702 2358 spasmus
1726 2315 1823 2349 faciat
1847 2325 1901 2348 aut
1924 2325 2027 2348 certos
2051 2316 2151 2348 animi
2178 2314 2303 2348 affectus
2328 2325 2405 2347 con-

1409 2362 1558 2403 sequens,
1583 2369 1638 2392 aut
1659 2362 1674 2398 (
1699 2360 1748 2401 o)
1774 2360 1813 2391 ab
1836 2360 2047 2392 irritamentis
2070 2361 2100 2391 &
2124 2359 2292 2392 doloribus
2326 2368 2402 2390 cum

1409 2406 1568 2440 aliarum,
1592 2413 1664 2435 tum
1689 2403 1927 2444 proximiorum
1973 2401 2147 2444 praesertim
2172 2402 2305 2443 jecinori
2330 2401 2407 2434 Par-

1407 2450 1490 2484 tium
1514 2448 1698 2486 excitatus;
1722 2446 1743 2479 fi
1768 2445 1857 2484 haec,
1884 2447 2037 2489 inquam,
2062 2457 2137 2479 cum
2163 2447 2230 2477 veri
2253 2445 2407 2478 similitu-

1405 2493 1479 2525 dine
1502 2501 1679 2532 congruere
1701 2493 1887 2531 agnoveris,
1910 2493 1940 2521 δέ
1962 2488 2050 2532 quod
2075 2489 2112 2522 ad
2135 2490 2336 2531 irritamenta
2349 2500 2409 2529 po-

1412 2534 1564 2568 tissimum
1591 2534 1734 2574 specht,
1758 2533 1914 2573 paulisper
1938 2534 2136 2569 attenderis3
2169 2531 2261 2565 facile
2307 2532 2408 2564 ratio-

1412 2590 1484 2612 nem
1509 2578 1597 2610 illam
1622 2577 1765 2608 invenies
1788 2587 1883 2617 quam
1908 2587 1946 2608 ex
1971 2587 2019 2607 me
2032 2575 2196 2617 quaerebas
2220 2575 2274 2618 (p
2295 2578 2329 2615 )‚
2352 2586 2408 2608 cur
2456 2598 2458 2601 v

1413 2622 1524 2666 politis
1548 2622 1581 2653 in
1606 2619 1741 2652 vesicula
1766 2620 1914 2655 calculis,
1941 2622 2044 2661 regius
2069 2620 2200 2653 morbus
2235 2618 2408 2660 aliquando

1414 2666 1580 2702 nascatur,
1606 2662 1725 2695 etiamsi
1750 2664 1839 2695 nulla
1865 2662 1924 2694 alia
1949 2661 2040 2695 simul
2064 2662 2154 2696 causa
2190 2663 2228 2696 sit
2272 2663 2311 2695 de
2356 2672 2410 2695 tot

1414 2710 1480 2742 illis
1503 2719 1582 2750 quas
1607 2705 1697 2746 supra
1720 2706 1932 2739 indicavimus
1947 2731 1955 2745 ‚
1980 2719 1994 2738 a
2018 2718 2080 2748 qua
2104 2709 2204 2747 repeti
2230 2708 2255 2739 is
2278 2706 2410 2739 morbus

1415 2763 1532 2795 queat.
1557 2752 1718 2792 Agnitum
1733 2747 1774 2783 ·id
1798 2750 1878 2783 olim
1902 2749 1945 2782 est
1969 2762 1984 2781 a
2008 2750 2100 2782 nobis
2123 2762 2196 2783 cum
2229 2750 2411 2790 scripsimus

1415 2798 1429 2835 (
1452 2807 1470 2838 q
1495 2799 1526 2834 ),
1544 2794 1613 2836 five
1636 2793 1771 2834 calculi,
1795 2805 1813 2827 a
1835 2805 1881 2826 rne
1904 2794 2040 2833 reperti,
2065 2795 2195 2827 nondum
2219 2804 2252 2826 ea
2288 2793 2411 2830 fuerint

1415 2839 1650 2878 magnitudine,
1673 2845 1728 2868 aut
1749 2838 1897 2879 pondere,
1922 2842 1978 2868 aut
1995 2835 2096 2879 sigim
2120 2848 2178 2878 qun
2218 2831 2300 2879 leti's
2344 2836 2412 2869 laedi

1416 2882 1506 2922 mistis
1524 2879 1639 2925 postet,
1658 2879 1725 2922 five
1748 2891 1779 2913 eo
1802 2889 1955 2920 nunquam
1978 2878 2120 2922 compulfi
2142 2878 2268 2918 fuerant
2279 2904 2291 2920 ‚
2315 2887 2350 2912 ut
2364 2878 2413 2911 bi-

1415 2926 1459 2959 lis
1482 2927 1602 2959 exitum
1623 2922 1839 2964 prohiberent,
1862 2921 1931 2955 fieri
1956 2922 1999 2954 ob
2022 2922 2076 2955 has
2112 2924 2253 2956 rationes
2287 2922 2413 2965 potuis-

1416 2969 1469 3009 se,
1491 2979 1527 3002 ut
1553 2970 1583 3000 in
1607 2967 1723 3010 quibus
1745 2967 1817 2999 illos
1841 2968 2045 3005 inveneram,
2069 2966 2185 2999 nullam
2204 2967 2414 3008 peculiarem5

1415 3023 1479 3055 quae
1503 3012 1625 3054 quidem
1647 3007 1804 3051 manifesta
1827 3008 1897 3052 effer
1908 3032 1920 3049 ,
1943 3019 2074 3046 noxam,
2098 3009 2154 3051 sed
2176 3020 2212 3042 ne
2249 3010 2411 3043 it‘tericum

1414 3056 1539 3098 quidem
1561 3054 1689 3087 colorem
1711 3053 1906 3086 inducerent.
1931 3052 2062 3085 Irritata
2089 3053 2236 3086 videlicet
2261 3053 2342 3094 cysti
2358 3063 2414 3086 aut

1415 3098 1660 3140 magnitudine,
1683 3106 1736 3129 aut
1759 3095 1918 3136 pondere,
1943 3104 1996 3128 aut
2020 3095 2121 3137 figura
2147 3095 2324 3139 praesertim
2348 3096 2415 3129 cal-

1417 3144 1565 3176 culorum
1592 3151 1668 3175 tunc
1691 3140 1827 3172 maxime
1850 3151 1922 3172 cum
1947 3141 1980 3171 in
2003 3141 2138 3172 cervicis
2162 3139 2320 3182 angustias
2342 3151 2415 3173 coa-

1418 3188 1483 3224 ἃί,
1507 3197 1521 3217 a
1545 3185 1610 3218 bile
1630 3194 1728 3227 quam
1750 3181 1791 3215 fic
1814 3183 1846 3215 in
1871 3183 1952 3225 cysti
1978 3183 2157 3221 retineant,
2189 3185 2266 3216 dum
2299 3183 2367 3217 haec
2397 3197 2414 3218 a

1419 3229 1700 3267 ventricu10‚,aut
1724 3225 1886 3259 intestinis
1909 3227 2155 3267 comprimitur,
2181 3225 2280 3269 usque
2304 3229 2335 3259 δέ
2358 3226 2413 3259 us.

1417 3284 1478 3316 que
1502 3273 1603 3313 magis
1626 3279 1801 3312 urgentur,
1826 3270 1981 3311 spasmum
2004 3269 2080 3303 inde
2102 3271 2205 3307 oriri,
2227 3274 2258 3302 δε
2282 3279 2413 3302 contra..

1416 3317 1559 3356 ffiones,
1585 3326 1618 3348 ac
1642 3313 1852 3355 crispaturas‚
1874 3323 1950 3355 quae
1982 3323 2036 3354 per
2081 3314 2288 3346 continuatos
2335 3312 2410 3347 bilis

1415 3358 1552 3401 majores
1576 3359 1688 3391 duetus
1713 3355 1787 3389 hinc
1813 3356 1850 3389 ad
1875 3355 2063 3389 intestinum
2086 3355 2302 3394 Duodenum,
2336 3357 2410 3390 inde

1410 3413 1489 3437 vero
1513 3402 1551 3435 ad
1573 3401 1661 3443 jecur
1683 3408 1902 3443 propagentur
1921 3421 1931 3437 ,
1967 3398 2090 3443 viisque
2119 3398 2162 3433 fic
2206 3400 2379 3433 conti-aeris
2402 3427 2413 3443 ,

2291 3441 2371 3476 ἰᾶσ-

517 3661 609 3751 lgilse'rt.
625 3697 671 3718 qua
688 3695 779 3712 nonum
796 3685 851 3709 bilis
868 3683 1040 3708 diverticulum
1055 3683 1100 3704 ἃς.
1116 3679 1175 3704 thes.
1190 3685 1214 3706 7.

555 3722 586 3743 cit
647 3718 807 3748 (f)n.31.
870 3714 1041 3743 (g)n.50.
1101 3710 1267 3738 (b)¹¹·33,·

644 3660 659 3688 (
673 3667 687 3683 x
703 3658 716 3686 )
732 3661 778 3680 art.
797 3654 863 3683 supra
880 3653 920 3676 cit.
937 3652 966 3676 ad
983 3659 1007 3675 n.
1025 3657 1063 3679 31.

420 3665 448 3813 fiant-sn

521 3783 597 3806 Tom·
613 3780 637 3804 8.
652 3778 711 3803 Obs.
729 3784 765 3806 30.
829 3775 870 3805 (n
887 3774 896 3803 )
912 3773 974 3799 lbid.
991 3771 1052 3797 Obs.
1069 3778 1108 3800 70.

1124 3649 1138 3678 (
1151 3655 1168 3679 y
1184 3647 1198 3675 )
1215 3645 1275 3670 Obs.
1290 3643 1332 3668 cit.
1350 3643 1417 3672 supra.
1432 3642 1461 3667 ad
1477 3651 1501 3667 n.
1520 3644 1557 3667 13.

1282 3675 1314 3704 (c
1329 3675 1342 3702 3
1359 3676 1428 3698 Cent.
1446 3681 1469 3697 2.
1488 3672 1547 3698 nist.
1559 3673 1639 3696 minat.
1659 3680 1696 3701 54.

1618 3642 1632 3670 ζ
1648 3648 1664 3669 z
1679 3640 1693 3670 )
1709 3640 1765 3665 Vid.
1783 3638 1849 3668 supra
1866 3648 1889 3664 n.
1908 3648 1930 3666 9.
1992 3636 2004 3666 (
2020 3646 2035 3662 a
2050 3638 2064 3666 )
2081 3637 2140 3662 Obs.
2155 3635 2199 3660 cit.
2260 3665 2265 3669 .

1758 3672 1773 3700 (
1788 3672 1802 3694 d
1818 3672 1830 3700 ,1
1846 3670 1902 3695 Diss.
1917 3670 1945 3694 de
1961 3668 2102 3693 Cholelitho
2121 3667 2144 3697 §.
2162 3671 2184 3691 6.
2200 3667 2223 3689 8(
2238 3667 2314 3695 Flgd.
2331 3665 2381 3692 litt.
2392 3668 2413 3692 f·

460 3670 475 3685 u
495 3663 502 3689 )

462 3692 474 3746 ἒ
491 3694 501 3752 ζ
1328 3704 1338 3733 (
1356 3705 1365 3728 i
1380 3705 1393 3733 )
1409 3713 1431 3728 n.
1451 3713 1489 3730 10.

453 3753 479 3807 5
496 3752 508 3780 )
526 3750 578 3775 Vid.
596 3749 621 3772 in
639 3750 727 3772 Adnot.
744 3755 758 3770 a
774 3746 872 3770 Gathar.
891 3747 956 3767 Zeno
972 3740 1058 3766 additis
1076 3740 1107 3764 ad
1125 3739 1213 3798 Vitzmo
1225 3735 1452 3797 gulsgzrlgllzuriigeni
1470 3735 1500 3759 ab
1517 3734 1572 3758 Nic.
1590 3732 1669 3757 crasso
1686 3731 1811 3760 scriptam.

494 3783 507 3810 )
1360 3782 1366 3790 .
1414 3782 1420 3789 .

1874 3730 1882 3758 (
1901 3731 1911 3753 l
1927 3729 1935 3760 )
1952 3728 2044 3753 Monit.
2060 3727 2128 3753 Med.
2144 3734 2164 3753 c.
2184 3734 2208 3757 9·
2224 3727 2247 3752 S.
2264 3733 2289 3752 1.

1481 3765 1495 3794 (
1507 3771 1524 3795 p
1542 3765 1551 3794 >
1567 3771 1593 3789 ¹¹-
1612 3770 1650 3793 33·
1711 3764 1726 3792 (
1741 3770 1756 3792 q
1771 3761 1786 3791 )
1802 3760 1875 3791 Epist.v
1892 3762 1963 3786 Anat.
1980 3760 2002 3784 1.
2017 3767 2040 3784 n.
2057 3766 2094 3789 30-
