2498 4075
331 212 483 279 Epist.
521 212 680 263 Anat.
715 210 928 264 Medica
962 210 1183 263 XLVII·
1217 208 1339 263 Art.
1358 228 1436 278 34.
1459 228 1532 276 35.
1555 214 1632 278 36.
1652 215 1705 268 δι
1725 227 1801 282 37.

76 299 185 331 mum,
212 305 248 328 ut
273 307 312 328 ex
337 295 459 337 praevio
482 292 604 335 frigore
628 292 817 330 videbatur,
858 293 1078 326 intermitten-

73 348 161 374 tem‚
185 349 259 370 mox
283 338 339 371 ubi
363 338 542 371 Peruviano
565 337 686 370 cortice
707 336 847 370 inhiberi
872 347 936 369 non
948 338 1074 378 potuit,

75 382 264 414 continuam·
288 380 403 415 faciam
420 404 427 418 ,
452 383 483 413 3<
508 388 632 413 acutam
649 403 658 419 ,
680 391 736 412 nec
760 378 823 412 sine
854 380 1044 425 vaniloquio
1068 404 1075 412 .

78 426 192 466 Itaque
215 424 385 458 mulierem
407 422 550 457 sustulit.
575 422 679 465 Cujus
701 423 819 456 viscera
830 423 1005 464 inlpec'mns
1016 420 1077 455 fer-

74 475 126 500 me
148 468 259 500 omnia
283 469 365 501 circa
390 467 532 501 medium
554 466 762 499 Februarium
784 468 824 499 A.
852 469 945 508 1736.
978 477 1076 507 pauca

74 509 143 543 haec
166 520 236 552 quae
260 511 408 544 morbida
430 510 494 543 visa
518 510 610 546 sunt,
633 509 804 543 adnotavi.
933 509 1075 542 CERE-

74 553 156 586 BRI
201 556 332 588 meninx
363 555 486 587 Tenuis
510 552 579 585 vasa
604 552 716 585 habuit
739 552 892 595 sanguine
916 551 1051 586 distenta
1068 572 1078 589 ‚

74 596 228 639 nulloque
253 599 386 639 negotio
409 609 449 631 ex
472 595 644 639 profundis
668 595 761 629 sulcis
783 597 840 639 qui
864 594 936 628 sunt
960 596 993 628 in
1004 594 1072 637 ejus

73 638 204 673 visceris
217 639 381 684 superficie
394 664 403 679 ‚
415 639 538 673 detrahi
551 641 659 681 potuit
672 664 679 671 .
807 639 837 671 E
850 639 959 671 Corde
969 638 1072 680 egres-

73 682 104 715 sa
130 683 249 725 Magna
273 685 385 717 arteria
408 692 478 715 tum
503 683 594 724 supra
616 682 782 721 valvulas,
807 691 876 714 tum
902 681 1004 722 alibi,
1037 690 1074 714 ut

73 735 151 768 puta
175 738 237 769 qua
261 738 316 769 per
340 728 497 759 Ventrem
521 726 735 762 decurrebat,
758 725 826 758 alba
852 725 1077 758 intussuturo-

73 780 146 802 rum
169 769 374 803 officulorurn
396 768 535 802 ostendit
569 770 666 802 initia
681 793 688 800 .
823 769 963 801 Uterum
998 777 1076 801 nun-

73 823 170 855 quam
193 811 312 847 foetum
336 811 473 855 geffisse,
496 811 811 854 hymenisinspeetio
823 810 1079 850 docuit,humi-

73 857 113 888 lis
136 856 268 897 quidem
283 882 291 894 ,
314 856 364 889 sed
388 857 531 898 integri,
565 865 650 889 certe
681 854 836 896 nusquam
881 855 1046 888 dilacerati
1070 879 1078 886 .

74 899 250 941 idemque,
272 909 366 932 utero
389 898 514 937 inciso,
538 899 671 932 cervicis
694 898 810 929 intima
833 897 986 931 strqura
1000 908 1080 930 con-

74 942 241 982 firmavit,
265 954 377 985 magna
398 954 437 975 ex
460 951 548 985 parte
571 940 655 975 haud
679 942 740 974 alia
764 950 859 982 atque
881 941 915 973 in
938 941 1080 988 iis-quae

73 997 140 1018 uon
165 995 373 1028 pepererunt.
398 986 503 1019 Fundi
527 996 632 1018 tamen
648 1008 657 1022 ‚
683 988 717 1018 in
742 982 952 1017 transversum
966 982 1081 1033 dilata-

75 1031 126 1070 ti‚
149 1028 356 1071 posteriorem
379 1031 538 1062 internam
562 1028 678 1062 faciem
703 1026 844 1069 superius
865 1025 1084 1060 excrescentia

75 1073 282 1113 obducebat,
304 1073 419 1106 circuli
444 1072 568 1115 figura:
591 1083 662 1114 quae
686 1071 726 1103 ab
749 1071 845 1103 latere
869 1069 939 1111 ipso
950 1069 1084 1103 dextero

77 1117 256 1159 incipiens,
280 1115 364 1149 haud
388 1117 434 1148 ita
458 1116 570 1157 procul
593 1114 745 1147 asmistro
768 1113 949 1150 desinebat,
972 1123 1081 1146 utnon

77 1160 181 1193 multo
204 1162 322 1192 minori
349 1159 423 1193 essct
445 1159 606 1192 diametro
630 1169 728 1200 quam
746 1157 806 1190 rilla
829 1168 900 1199 quae
924 1159 1014 1198 supra
1038 1157 1082 1198 (c)

71 1205 111 1236 'in
135 1202 329 1236 Bononiensi
354 1202 489 1235 muliere
512 1201 669 1244 descripta
693 1200 752 1233 est.
779 1199 838 1233 Sed
861 1211 950 1239 non,
972 1209 1006 1232 ut
1041 1200 1081 1247 il-

78 1248 106 1280 la
123 1270 135 1286 ,
158 1255 227 1279 erat
251 1245 376 1286 soluta,
398 1245 419 1277 fi
444 1256 575 1288 parvam
597 1246 737 1286 excipias
762 1252 886 1285 partem
910 1254 980 1285 quae
992 1242 1028 1277 ad
1042 1243 1081 1275 11-

77 1290 209 1323 nlstram
232 1287 487 1331 inferioremque
511 1299 600 1322 oram
627 1286 828 1330 pertinebat:
852 1287 973 1329 reliqua
997 1288 1026 1320 ei
1038 1284 1083 1319 fa-

78 1334 139 1367 ciei
163 1334 248 1365 uteri
271 1332 469 1369 inhaerebat,
492 1344 562 1376 quae
586 1333 679 1374 paulo
704 1340 776 1364 ante
799 1329 887 1364 dieta
908 1330 952 1363 est
971 1355 978 1362 .
1015 1330 1083 1379 Te-

78 1377 136 1410 nui
160 1385 226 1409 erat
248 1375 475 1416 crassitudine,
498 1377 592 1417 plana
617 1374 805 1416 superficie,
828 1374 935 1408 colore
946 1382 1084 1407 exterius

78 1429 236 1457 cruent03
259 1419 394 1453 interius
418 1431 455 1453 ex
465 1418 617 1457 subalba,
639 1419 831 1461 comparia,
854 1429 887 1451 ac
902 1415 994 1450 firma
1006 1427 1083 1451 con-

79 1464 179 1498 stabat
203 1461 394 1496 substantia.

122 1518 176 1550 34.
219 1507 558 1540 MULIERCULAE
579 1504 791 1542 cachefflcae,
816 1506 848 1536 &
871 1502 1083 1553 peneUhydro-

70 1552 180 1593 picae,
205 1550 349 1583 membra
371 1561 442 1592 quae
465 1551 587 1589 urinae,
610 1552 641 1582 δε
662 1559 734 1590 quae
758 1548 976 1596 generationis
992 1546 1084 1580 causa

66 1603 184 1628 -creata
209 1592 308 1633 sunt,
329 1593 551 1627 examinabam
574 1593 632 1626 sub
655 1592 750 1625 finem
771 1590 921 1634 Januarii
935 1591 974 1622 A.
991 1600 1086 1636 1749.

80 1648 154 1671 cum
177 1638 211 1669 in
235 1637 349 1679 primis
373 1636 441 1670 haec
473 1635 616 1669 offendi.
752 1634 850 1667 ΚΞΝ
883 1632 1005 1667 sinister
1039 1637 1088 1667 111-

81 1679 245 1723 perficiem
269 1679 407 1712 habebat
432 1679 580 1721 pluribus
603 1678 654 1711 hic
677 1676 746 1709 illic
771 1676 895 1710 cellulis
918 1676 987 1723 sero
1021 1677 1088 1719 ple-

79 1726 128 1756 nis
143 1746 151 1761 ‚
174 1722 238 1756 sive
263 1721 474 1763 hydaticlibus
487 1722 724 1757 mediocribus,
749 1720 1089 1762 minoribusqueinae-

80 1767 229 1808 qualem.
255 1766 343 1799 Nam
368 1765 424 1798 etsi
450 1777 566 1808 magna
591 1777 629 1799 ex
652 1772 742 1807 parte
765 1765 849 1796 intra
874 1764 906 1797 id
953 1763 1056 1797 viscus
1081 1789 1090 1803 ‚

85 1819 179 1842 erant
206 1808 345 1842 condita:
369 1809 410 1842 fic.
434 1810 568 1850 quidem
583 1832 593 1847 ,
616 1818 651 1843 ut
675 1807 712 1841 ad
739 1808 860 1854 pelvim
883 1806 969 1840 nulla
980 1818 1089 1841 earum

77 1854 279 1896 pervenirem
305 1861 411 1885 tamen
435 1854 614 1885 extrorsum
637 1861 768 1894 quoque
781 1850 1030 1892 prominebant,
1054 1859 1091 1884 ut

67 1896 197 1938 ¹aliquae
223 1906 329 1928 earum
344 1918 352 1932 ‚
378 1906 451 1938 quae
472 1895 681 1932 dissilierant,
706 1893 810 1926 serum
833 1896 867 1927 in
891 1895 1013 1927 ventris
1037 1906 1090 1927 ca-

79 1949 171 1972 veam
195 1937 410 1977 effundendo,
436 1938 609 1981 incipienti
634 1937 725 1971 asciti
760 1938 900 1970 materiae
931 1937 1086 1971 nonnihil

79 1982 194 2016 addere
217 1983 401 2024 potuerint.
430 1982 502 2016 Ren
527 1983 605 2015 alter
630 1980 1090 2021 nullamconspicuamhabuit

80 2027 115 2059 in
141 2024 336 2066 superficie3
360 2036 434 2057 nam
459 2037 518 2059 una
533 2047 542 2063 ,
566 2037 637 2066 quae
663 2024 831 2056 mediocris
855 2025 984 2064 inerat,
1006 2026 1090 2057 inter

78 2067 304 2109 superficiem,
328 2070 358 2100 δι
382 2069 526 2109 pelvim,
549 2068 587 2103 ad
613 2077 763 2100 neutram
776 2069 962 2109 perveniens
977 2091 988 2107 ‚
1011 2079 1092 2101 con-

78 2112 234 2146 debatur.
264 2112 420 2145 Urinaria
445 2112 568 2150 vesica,
592 2120 681 2153 parte
705 2111 811 2143 saltem
836 2112 923 2150 ima,
947 2121 1016 2144 tota
1040 2114 1090 2144 in-

78 2166 132 2190 tus
156 2168 173 2189 a
196 2153 441 2188 consertiffimis
462 2154 598 2190 vasculis
621 2154 716 2187 rubra
738 2162 827 2190 erat,
853 2158 883 2187 &
907 2154 1089 2188 inflamma-

80 2208 135 2233 ta.
271 2196 370 2237 Qod
396 2210 471 2231 vero
495 2199 533 2232 ad
557 2198 712 2240 genitalia
725 2196 908 2243 attinebat,
932 2206 1024 2231 utero
1037 2200 1087 2232 in-

77 2252 174 2276 natus
198 2250 266 2275 erat
289 2251 402 2275 tumor
425 2242 554 2284 sphaerae
577 2241 705 2280 forma,
727 2250 819 2280 cujus
841 2240 993 2287 diameter
1027 2241 1086 2276 ses-

77 2285 283 2327 quidigitum
307 2285 457 2325 aequabat
472 2310 479 2317 .
505 2286 665 2320 Tumoris
689 2295 760 2325 pars
784 2294 889 2324 major
912 2293 998 2318 extra
1022 2296 1093 2320 ute-

76 2339 151 2361 rum
177 2327 406 2369 prominebat‚·
427 2331 535 2362 minor
554 2329 588 2360 in
614 2330 735 2368 pariete
750 2326 846 2370 hujus
860 2330 1041 2374 anteriore,
1054 2332 1092 2367 ad

81 2373 219 2404 alterum
244 2372 350 2409 latus,
378 2369 421 2404 fic
446 2381 513 2406 erat
536 2372 693 2410 condita,
718 2382 753 2406 ut
777 2372 814 2404 ad
838 2382 952 2405 cavum
966 2373 1092 2408 visceris

25 2419 27 2422 ⁴
78 2425 145 2448 non
169 2416 371 2456 perveniret.
396 2414 507 2449 Durus
530 2424 596 2448 erat
620 2424 729 2452 totus,
752 2416 884 2449 interius
909 2415 1021 2455 albus,
1047 2419 1093 2451 al-

76 2458 193 2491 bedine
217 2467 324 2490 tamen
349 2458 543 2500 quibusdam
567 2459 673 2491 minus
696 2459 774 2493 albis
798 2457 933 2492 maculis
956 2459 1009 2493 hic
1053 2462 1093 2494 il-

1953 227 2045 275 225

1127 293 1170 326 lic
1186 293 1354 338 variegata
1368 321 1376 328 .
1402 296 1542 328 Interior
1566 295 1661 330 facies
1682 296 1816 330 cervicis
1839 294 1970 338 quidem
1994 306 2059 340 erat
2081 297 2127 329 al-

1128 338 1166 369 ba
1181 361 1191 377 ,
1214 339 1244 368 84
1269 338 1494 380 inaequaliter,
1517 348 1552 372 ut
1576 339 1621 371 ita
1644 338 1749 372 dicam
1772 365 1780 379 ‚
1804 338 1951 373 tuberosa
1976 353 1985 376 ;
2034 338 2126 373 fundi

1127 389 1233 413 autem
1256 381 1376 419 rubra,
1400 385 1430 415 &
1455 382 1572 415 induas
1595 382 1679 415 leves
1694 383 1924 423 prominentias
1947 381 2126 424 assurgens,

1126 434 1263 465 quarum
1288 434 1397 465 neutra
1413 450 1422 465 ‚
1445 425 1502 458 nili
1527 427 1561 457 in
1587 425 1777 471 superficie,
1801 425 1954 460 rubebat.

1171 477 1223 508 35.
1247 467 1301 499 Ad
1326 466 1382 500 has
1403 478 1542 511 quatuor
1565 468 1837 507 Observationes,
1863 471 1896 502 in
1920 467 2101 511 Gymnasio
2117 491 2130 507 ‚

1125 518 1161 543 ut
1185 510 1275 547 dixi,
1303 510 1446 551 habitas,
1470 513 1574 554 placet
1598 512 1691 547 aliam
1718 513 1850 552 addere,
1871 524 1967 555 quarn
1982 511 2079 546 habui
2092 512 2126 544 in

1125 552 1332 586 Nosocomio
1355 557 1439 587 circa
1464 554 1603 588 medium
1630 557 1841 591 Decembrem
1865 557 1905 588 A.
1935 557 2029 599 1748.

1167 598 1217 637 36-
1243 597 1432 631 MULIER
1475 598 1523 631 ibi
1547 598 1736 633 consistente
1760 609 1852 633 aetate
1877 611 2004 632 mortua
2028 607 2094 634 erat
2118 621 2127 635 ³

1124 651 1196 682 quae
1219 639 1274 673 diu
1299 640 1534 674 melancholico
1558 640 1693 681 delirio,
1716 646 1746 676 &
1769 641 1922 676 febricula
1949 644 2037 675 domi
2084 643 2132 674 la-

1126 681 1249 715 boraffe
1272 682 1463 720 dicebatur,
1487 695 1587 727 neque
1610 686 1696 718 enim
1722 697 1780 727 pro
1801 695 1891 719 certo
1914 686 1945 718 id
1980 687 2057 719 scire
2091 685 2132 717 li-

1127 729 1223 765 cuit,
1246 736 1282 759 ut
1306 739 1408 769 neque
1431 738 1488 761 cur
1511 728 1641 761 demum
1666 730 1765 763 morti
1791 729 2132 770 essetproxima‚cum

1127 771 1161 802 in
1187 769 1428 805 Noiocomium
1451 770 1541 804 illata
1564 772 1628 805 est.
1655 772 1768 807 Tuum
1793 774 1852 807 erit
1875 784 1916 804 ex
1945 773 1985 805 iis
2006 782 2009 784 ’
2028 783 2100 814 quae
2126 795 2136 810 ‚

1127 813 1255 846 cuneis
1280 814 1516 856 propemodum
1540 814 1713 848 visceribus
1739 814 1937 858 perlustratis
1961 838 1973 855 ‚
2017 823 2131 858 praeter

1128 866 1277 889 naturam
1303 857 1479 894 adnotavi,
1504 859 1624 900 quibus
1649 860 1770 892 morbis
1816 868 1973 891 macerata
2022 856 2096 891 esset
2124 882 2135 898 ‚

1130 898 1309 940 conjicere.
1440 901 1672 936 CADAVER
1697 902 1851 936 mediocri
1878 910 1945 934 erat
1993 900 2106 947 habitu
2129 923 2140 933 .

1261 943 1466 981 Cerebrum3
1491 954 1527 977 ut
1551 945 1627 979 hinc
1654 947 1836 987 incipiam3
1862 945 1947 979 nulla
1983 944 2137 987 peculiari

1134 986 1280 1024 duritie3
1305 987 1414 1020 laxum
1438 997 1542 1022 autem
1568 988 1761 1022 cerebellum
1785 991 1913 1022 inveni.
1941 990 2032 1021 Intra
2068 998 2139 1021 cra-

1136 1032 1226 1062 nium
1249 1029 1333 1062 1111111
1358 1031 1490 1072 usquam
1514 1043 1603 1072 aquae
1626 1032 1771 1066 offendi.
1904 1032 1975 1065 Nec
2000 1032 2033 1064 in
2044 1031 2140 1064 Th0÷

1137 1084 1208 1105 race
1233 1073 1381 1114 graviora
1405 1073 1581 1116 conspexi.
1608 1077 1679 1108 lmo
1703 1086 1741 1109 ne
1766 1076 1933 1117 pulmones
1945 1073 2141 1118 quidemus-

1132 1126 1230 1156 quam
1255 1117 1291 1148 ad
1317 1116 1460 1157 pleuram
1484 1118 1531 1150 vel
1558 1118 1697 1152 minimo
1723 1129 1806 1152 nexu
1830 1119 2062 1161 alligabantur.
2102 1119 2142 1150 In

1133 1159 1227 1192 corde
1253 1160 1309 1191 vix
1332 1159 1456 1202 aliquid
1480 1163 1625 1193 concreti
1652 1163 1779 1204 sanguis
1802 1162 1964 1201 habebat;
1995 1163 2028 1193 in
2064 1159 2143 1193 vasis

1135 1211 1242 1234 autern
1264 1203 1399 1244 Magnis
1424 1203 1506 1237 nihil
1533 1205 1683 1246 prorsus:
1710 1206 1778 1239 vidi
1824 1216 1934 1239 autem
1980 1203 2142 1247 sanguinis

1135 1246 1296 1280 modicam
1321 1248 1449 1288 copiam
1471 1258 1507 1280 ex
1533 1251 1637 1282 Aorta
1659 1247 1726 1291 jam
1750 1248 1956 1283 descendente
1993 1248 2146 1291 prodire.

1265 1289 1325 1322 Sed
1351 1291 1383 1322 in
1409 1290 1532 1324 Ventre
1557 1292 1647 1334 plura
1673 1292 1802 1326 fuerunt
1826 1304 1897 1334 quae
1910 1290 2146 1325 animadverti.

1136 1333 1181 1366 Et
1207 1333 1371 1374 primum,
1394 1345 1468 1366 cum
1496 1334 1654 1369 abdomen
1688 1337 1887 1371 incideretur
1908 1360 1920 1376 ,
1952 1337 2079 1378 sanguis
2113 1334 2149 1367 in

1139 1375 1346 1418 hypogastrio
1369 1378 1454 1409 inter
1478 1378 1638 1413 musculos
1663 1390 1805 1422 repertus
1839 1379 1900 1416 est,
1926 1382 1957 1413 in
1982 1389 2115 1422 grumos
2138 1400 2151 1417 ,

1137 1418 1225 1460 quasi
1251 1429 1287 1452 ut
1308 1421 1342 1453 in
1367 1420 1594 1462 sugillatione,
1620 1434 1792 1457 concretus
1808 1436 1818 1455 .·
1842 1422 1934 1465 cujus
1968 1424 2019 1457 rei
2056 1423 2152 1455 inco-

1137 1464 1226 1504 gnita
1250 1474 1316 1496 erat
1339 1464 1452 1501 causa,
1477 1476 1577 1507 neque
1600 1467 1635 1499 in
1660 1469 1783 1501 ventris
1805 1478 1887 1501 cavo
1910 1467 2093 1510 quidquam
2103 1477 2152 1498 re-

1137 1507 1237 1538 centis
1261 1506 1398 1539 laefionis
1420 1509 1451 1539 ei
1475 1509 1549 1541 loco
1575 1509 1805 1551 respondebat.
1944 1513 2025 1544 Lien
2038 1521 2072 1543 ea
2086 1507 2153 1543 fuit

1139 1550 1369 1590 longitudine,
1398 1551 1530 1585 utasua
1554 1552 1623 1585 sede
1646 1553 1827 1596 incipiens,
1851 1554 1889 1588 ad
1913 1554 2012 1588 Ilium
2030 1565 2066 1586 os
2079 1563 2153 1596 per-

1139 1595 1288 1626 veniret:
1312 1596 1363 1626 cui
1388 1603 1487 1627 tantae
1511 1595 1715 1636 longitudini
1763 1606 1886 1629 caeterae
1933 1597 2150 1631 dimensiones

1139 1647 1204 1669 non
1227 1637 1467 1678 congruebant.
1494 1639 1600 1672 Laxus
1622 1647 1715 1680 erat,
1741 1650 1801 1673 nec
1824 1640 1962 1677 lividus,
2001 1640 2051 1674 sed
2088 1651 2158 1673 ma-

1139 1690 1235 1722 gnam
1260 1690 1383 1722 partem
1407 1681 1545 1721 rubens,
1572 1684 1733 1716 anteriore
1756 1682 1870 1717 saltem
1905 1680 1990 1718 facie
2016 1709 2022 1716 .
2072 1684 2155 1716 Bilis

1140 1725 1277 1766 plurima
1303 1724 1388 1758 suam
1415 1724 1586 1759 vesiculam
1609 1726 1837 1761 distendebat.
1862 1728 1966 1770 Aquae
2000 1726 2064 1761 fuit
2098 1727 2157 1760 ali-

1139 1766 1219 1809 quid
1242 1769 1275 1799 in
1300 1770 1360 1799 ima
1387 1769 1488 1809 pelvi.
1515 1769 1630 1802 Vesica
1655 1771 1793 1803 interius
1818 1770 1856 1804 ad
1892 1770 2030 1804 urethrae
2063 1771 2158 1804 orifi-

1140 1812 1249 1845 cium,
1271 1813 1301 1842 &a
1325 1811 1434 1852 aliquo
1460 1811 1552 1851 supra
1578 1812 1643 1846 hoc
1667 1812 1773 1856 spatio
1799 1812 1993 1857 sanguiferis
2019 1813 2156 1848 vasculis

1142 1863 1206 1887 erat
1230 1852 1401 1887 distincia.
1430 1855 1553 1888 Uterus
1578 1857 1747 1899 aliquanto
1770 1855 1981 1891 sinistrorsum
2015 1859 2155 1891 inclina-

1141 1907 1215 1935 tus5
1239 1900 1269 1929 &
1293 1897 1359 1938 ejus
1386 1907 1492 1930 tamen
1517 1899 1619 1933 osculi
1644 1899 1830 1938 orificium,
1863 1902 1963 1935 incisa
2002 1904 2119 1944 vagina
2141 1926 2153 1943 ,

1141 1952 1212 1982 quae
1237 1949 1306 1972 tota
1332 1942 1570 1982 propemodum
1594 1943 1713 1976 livebat
1730 1970 1739 1985 ,
1765 1945 1795 1976 &
1819 1955 1915 1986 grave
1936 1946 2068 1983 olebat,
2087 1957 2155 1978 ma-

1142 1986 1190 2025 gis
1214 1992 1281 2029 erat
1307 1995 1323 2016 a
1346 1983 1467 2017 dextris
1490 1997 1587 2028 quam
1613 1999 1646 2020 ea
1672 1985 1770 2020 ferret
1795 1987 1968 2024 inclinatio
1991 2015 1998 2022 .
2046 1989 2152 2023 Causa

1143 2037 1208 2059 erat
1232 2037 1300 2069 ejus
1322 2038 1441 2061 corona
1456 2053 1464 2067 ,
1487 2040 1579 2070 quae,
1604 2042 1698 2073 aequo
1721 2030 1858 2072 durior,
1884 2045 1899 2065 a
1934 2031 2063 2067 sinistris
2099 2041 2153 2069 tun

1142 2081 1232 2103 more
1256 2070 1397 2112 quodam
1423 2073 1600 2114 augebatur
1616 2099 1623 2106 .

1183 2124 1236 2156 37.
1262 2114 1319 2147 bed
1343 2114 1381 2147 de
1404 2115 1650 2157 excrescentiis,
1674 2120 1705 2152 &
1728 2119 1909 2153 tumoribus
1933 2121 2068 2155 internis
2082 2130 2153 2155 ute-

1143 2159 1169 2190 ri
1196 2158 1292 2194 satis3
1318 2169 1355 2191 ne
1378 2161 1466 2201 quod
1491 2161 1596 2193 vereri
1622 2173 1679 2195 nos
1694 2185 1706 2201 ,
1727 2163 1892 2204 diximus,
1915 2165 2061 2198 crescant
2098 2165 2149 2199 hae

1138 2202 1276 2236 Litterae
1301 2212 1415 2243 praeter
1440 2204 1587 2237 modum.
1616 2206 1666 2238 Ex
1688 2205 1867 2240 illiusmodi
1893 2218 2000 2242 autem
2037 2210 2152 2250 vitiis,

1136 2257 1208 2288 quae
1232 2254 1268 2278 ut
1291 2246 1405 2278 crebro
1416 2247 1720 2289 deprehendantur,
1744 2251 1925 2292 intelligis,
1952 2254 2149 2286 mirumnon

1144 2289 1212 2325 est,
1236 2288 1256 2320 fi
1282 2291 1374 2322 causa
1401 2290 1507 2331 aliqua
1531 2291 1723 2332 accedente,
1747 2295 1866 2336 peffimi
1901 2295 2064 2329 interdum
2096 2305 2150 2331 tu-

1145 2343 1249 2366 mores
1268 2355 1280 2371 ,
1302 2331 1417 2373 hisque
1440 2334 1633 2368 exulceratis
1656 2336 1846 2372 insanabiles
1871 2339 2000 2373 Fluores
2033 2339 2112 2373 fiant
2136 2366 2148 2373 .

1277 2376 1428 2409 Proxima
1454 2377 1597 2418 Epistola
1619 2378 1782 2422 quidquid
1806 2382 1900 2416 restat
1938 2384 2147 2419 muliebrium

1147 2419 1336 2454 morborum
1362 2421 1608 2465 persequemur.
1632 2422 1718 2456 Vale
1736 2449 1743 2458 .

71 2654 609 2720 EPISTOLA
646 2656 1790 2729 ANATOMICO-MEDICA
1829 2671 2133 2735 XLVIII.

241 2804 409 2855 Verba
445 2805 577 2859 fiunt
612 2807 674 2858 de
709 2808 1044 2862 Graviditate
1082 2809 1252 2873 Falsa,
1289 2814 1500 2867 Abortu
1525 2852 1541 2874 ‚
1574 2815 1733 2868 Partu
1767 2816 1991 2869 infelici.

157 2932 171 2964 I
197 2931 281 2965 forte
305 2932 450 2973 miraris,
477 2944 527 2967 tot
549 2936 743 2980 ejuscemodi
767 2940 965 2982 argumentis
987 2951 1083 2975 unam

166 2975 247 3008 hanc
271 2985 286 3007 a
311 2986 361 3008 me
383 2977 561 3019 Epistolam
585 2982 710 3020 tribui3
743 2984 910 3016 miraberis
944 2986 1044 3025 magis
1065 3007 1080 3024 ,

165 3018 264 3053 duas,
288 3016 372 3052 haud
396 3022 554 3063 amplius,
577 3035 678 3066 neque
702 3036 751 3059 eas
773 3026 987 3068 longiffimas‚
1021 3028 1075 3060 Se-

66 3062 195 3110 &iones
222 3061 397 3110 XXXVII.
420 3066 449 3096 δι
470 3064 668 3101 XXXVIII.
694 3071 728 3102 in
767 3069 976 3111 Sepulchreto
1011 3071 1071 3102 tri-

66 3103 127 3153 bui
152 3115 216 3138 non
240 3104 304 3137 illis
328 3106 449 3144 modo,
473 3107 522 3142 sed
546 3109 637 3144 simul
659 3113 757 3145 etiam
771 3112 841 3145 aliis
855 3112 1068 3154 pluribus,in

66 3148 186 3196 quibus
210 3147 282 3195 sunt
316 3148 538 3185 Gemellorum
560 3155 692 3195 Origo,
715 3156 1012 3196 Hermaphroditi,
1035 3160 1068 3190 «Sc

67 3189 285 3232 virginitatis
308 3189 410 3240 Notae
425 3217 433 3225 .
457 3195 539 3234 Qae
563 3197 643 3230 mihi
668 3208 854 3241 argumenta
879 3210 978 3242 neque
1010 3198 1064 3234 hic

66 3233 236 3282 tra-&anda
260 3233 422 3272 arbitror,
446 3238 503 3271 ubi
530 3240 714 3276 institutum
739 3242 876 3284 postulat
897 3265 905 3279 ,
951 3254 988 3276 ne
1032 3244 1070 3285 de

27 3312 29 3314 v
66 3277 140 3308 aliis
161 3286 258 3326 quam
280 3275 319 3310 de
343 3278 460 3312 abditis
485 3282 672 3318 morborum
694 3285 794 3319 caufis
818 3297 872 3326 per
897 3283 1067 3321 anatomeii

64 3317 211 3360 quaefitis
235 3330 367 3362 agatur,
394 3333 516 3364 neque,
540 3327 564 3359 fi
589 3329 753 3362 tractanda
778 3328 894 3367 essent,
919 3339 973 3362 aut
1018 3331 1067 3364 ul-

63 3362 133 3395 lum
150 3385 159 3400 ,
183 3372 238 3396 aut
261 3374 415 3414 magnum
438 3367 520 3410 apud
545 3380 593 3402 me
616 3372 739 3411 pondus
750 3371 903 3405 haberent
918 3373 1068 3414 pleraque

64 3417 177 3455 eorum
201 3418 271 3449 quae
295 3407 332 3440 de
355 3409 420 3441 illis
439 3431 448 3445 ‚
474 3410 606 3454 aliisque
630 3413 784 3455 ejusmodi
811 3416 902 3449 rebus
934 3417 966 3448 in
1012 3417 1067 3450 has

63 3448 229 3483 sectiones
254 3452 350 3483 relata
374 3451 490 3486 video.
516 3454 615 3492 Quod
640 3468 678 3489 ne
701 3468 819 3493 temere
842 3472 857 3492 a
882 3459 1067 3494 mediatim

61 3501 178 3533 putes;
203 3494 348 3536 exempla
372 3497 528 3529 nonnulla
552 3498 722 3534 indIcabo.
737 3501 831 3545 Quid
847 3503 930 3536 enim
945 3503 981 3535 ad
996 3505 1065 3536 Ge-

61 3535 236 3569 mellorum
262 3538 436 3579 Originem
460 3540 657 3575 Observatio
691 3545 748 3577 ista
794 3550 804 3584 (
826 3557 844 3579 a
868 3549 878 3583 )
924 3547 1065 3581 Gerardi

58 3578 179 3620 Blafii,
205 3581 261 3622 qui
287 3582 414 3615 testium
437 3582 607 3624 vesiculas,
643 3598 681 3619 ne
724 3587 827 3622 dicam
875 3588 1065 3631 hydatidem

58 3620 152 3655 facile
175 3623 336 3665 quandam
361 3635 451 3658 extra
475 3625 590 3660 horum
614 3631 748 3664 alterum
772 3631 945 3666 haerentem
970 3656 979 3671 ‚
1025 3634 1064 3667 fi-

142 3669 307 3708 Morgagm'
317 3668 352 3699 cie
363 3670 428 3701 scd.
444 3674 486 3704 &¹
498 3674 584 3709 caus.
600 3674 700 3706 Morb.
715 3677 814 3708 Tom.
834 3678 880 3708 ΙΙ.

114 3808 263 3843 ἷ6)11.7.
326 3814 481 3843 (α)4.111
498 3817 612 3847 518057.

1134 2953 1171 2975 ne
1196 2943 1258 2977 ulla
1281 2943 1485 2977 dubitatione
1507 2944 1602 2978 habet
1626 2956 1686 2987 pro
1719 2946 1789 2979 ovis
1813 2944 1826 2978 ?
1873 2947 1923 2981 vel
1969 2947 2048 2990 quid
2093 2947 2132 2981 ad

1131 2986 1263 3019 eandem
1286 2989 1460 3028 Originem
1484 2988 1542 3021 ista
1566 3000 1638 3031 quae
1661 2988 1854 3031 subjicitur,
1879 2990 2082 3033 Appendix?
2102 2994 2135 3024 in

1128 3039 1189 3070 qua
1203 3043 1213 3068 ,-
1229 3039 1263 3063 111
1276 3031 1334 3062 alia
1348 3040 1532 3072 praeteream
1544 3055 1553 3070 ,
1570 3044 1585 3064 a
1598 3032 1754 3066 sententia
1768 3033 1861 3066 Blasii
1877 3046 1940 3067 non
1952 3034 2135 3078 discrepan-

1127 3073 1195 3111 tia3
1219 3084 1294 3106 aura
1310 3072 1476 3113 seminalis
1494 3086 1551 3117 per
1572 3087 1630 3108 vas
1651 3074 1819 3119 Deferens‚
1836 3077 1904 3119 five
1915 3078 2051 3111 Dubium
2065 3076 2133 3111 bre-

1124 3124 1215 3156 vem,
1238 3115 1271 3148 id
1296 3116 1440 3150 esttcstis
1464 3119 1630 3153 vinculum
1644 3129 1745 3157 teres,
1770 3129 1804 3153 ut
1815 3123 1952 3162 opinor,
1974 3121 2131 3162 adipsum

1118 3157 1211 3200 usque
1235 3159 1345 3193 testem
1358 3162 1557 3201 traducitur3
1580 3162 1668 3205 quasi
1682 3175 1718 3196 eo
1733 3164 1867 3199 vinculo
1885 3164 2130 3206 quadrupedum

1117 3200 1263 3236 foeminae
1283 3214 1346 3236 non
1372 3214 1537 3238 carerent:
1560 3208 1613 3240 ovi
1635 3206 1744 3240 dubius
1764 3206 1954 3248 gallinarum
1966 3209 2066 3242 rebius
2079 3207 2130 3240 es-

1121 3246 1150 3277 se
1175 3246 1322 3282 dicitur,
1347 3246 1390 3278 (ἴθ’
1411 3245 1534 3286 laxior3
1560 3250 1590 3281 in
1601 3248 1723 3282 homine
1733 3260 1806 3282 vero
1816 3249 1980 3292 angustus,
2003 3251 2128 3286 &val-

1120 3288 1158 3321 de
1182 3288 1358 3330 tortuosu53
1383 3290 1468 3331 quasi
1492 3303 1564 3325 curn
1589 3293 1621 3324 in
1646 3293 1766 3334 gallina
1790 3293 1897 3325 laxior
1920 3291 1984 3332 est,
2010 3305 2074 3329 non
2087 3294 2127 3327 si-

1120 3332 1185 3365 mul
1210 3331 1283 3365 esset
1299 3354 1306 3368 ,
1330 3343 1454 3374 quanto
1476 3336 1625 3368 muliebri
1650 3336 1726 3368 tuba
1737 3336 1887 3378 longior,
1912 3340 2126 3377 tantoetiam,

1117 3376 1150 3408 id
1174 3376 1215 3407 est
1239 3386 1353 3416 preter
1378 3388 1508 3411 omnem
1523 3382 1801 3420 comparationem
1816 3402 1827 3418 ,
1852 3381 2128 3415 tortuosior.Ad-

1117 3419 1240 3452 duntur
1264 3422 1295 3450 &
1318 3419 1410 3456 haecs
1436 3422 1586 3454 tubarum
1618 3433 1691 3455 cum
1726 3422 1858 3456 testibus
1891 3427 2050 3458 connexio
2082 3427 2126 3460 est

1118 3464 1219 3503 magis
1241 3461 1442 3504 indaganda,
1468 3476 1505 3497 ne
1529 3463 1614 3498 forte
1637 3476 1709 3507 quae
1736 3466 1885 3505 laciniae,
1913 3467 1964 3502 seu
1987 3468 2126 3502 fimbriae

1117 3507 1244 3538 illarum
1269 3507 1445 3546 dicuntur,
1471 3506 1600 3541 effectus
1623 3508 1683 3541 fint
1707 3509 1922 3551 disruptionis
1937 3534 1947 3549 ‚
1970 3511 2125 3546 videlicet

1117 3561 1154 3582 ne
1165 3549 1253 3582 tubae
1267 3561 1341 3582 cum
1355 3560 1446 3583 antea
1463 3551 1594 3584 testIbus
1618 3552 1791 3586 secundum
1814 3562 1963 3588 naturam
1984 3554 2120 3589 fortasse

1116 3592 1310 3626 adhaefissent
1323 3616 1331 3629 ,
1345 3595 1384 3627 ab
1394 3593 1458 3625 illis
1467 3603 1522 3635 per
1535 3595 1695 3633 incuriam,
1712 3597 1785 3629 dum
1800 3597 1942 3636 intestina
1951 3597 2123 3632 extrahun-

1115 3645 1168 3669 tur
1179 3661 1187 3675 ,
1204 3638 1408 3670 communiter
1423 3636 1699 3679 abrumpcrcntm;
1722 3638 1808 3681 quasi
1820 3642 1906 3673 tubae
1918 3653 1954 3674 ex
1967 3642 2062 3684 longe
2074 3651 2122 3676 re-

1639 3683 1653 3714 }
1988 3685 2076 3719 nuis-
