2498 4075
343 182 598 223 DAVERE
627 178 795 224 quidquid
814 176 896 212 sedes
921 175 1026 211 morbi
1050 175 1152 211 fuerat
1182 176 1215 207 in
1240 173 1351 210 Thea-

347 230 392 266 t-ri
415 225 606 266 Anatomici
628 224 765 258 Atrium
786 233 861 256 curn
885 221 1015 255 illatum
1040 216 1138 257 esset5
1160 229 1270 252 arcum
1300 218 1351 249 vi-

342 271 453 310 dimus
476 271 601 305 arteriae
624 269 753 309 Magnae
776 277 850 300 cum
874 275 962 298 ramo
985 262 1045 297 illo
1067 260 1182 305 insigni
1206 263 1264 308 qui
1275 259 1350 296 dex-

345 325 420 352 terae
444 313 642 348 Subclaviae,
677 314 710 346 &
741 308 893 343 carotidi
924 307 1086 349 originem
1117 305 1238 348 praebet
1260 328 1272 344 ,
1305 306 1350 336 ita

343 359 542 398 dilatatum,
564 364 600 389 ut
624 354 781 397 Asperam
806 352 977 390 arteriam,
1000 350 1172 391 gulamque
1207 348 1350 389 compri-

339 411 462 440 meret.
489 399 592 439 Quod
618 396 801 439 aneurysrna
822 406 896 428 cum
919 394 964 429 ibi
988 393 1102 429 secaret
1114 393 1167 425 Cl.
1184 393 1326 433 Vulpius
1341 411 1349 426 ³

342 446 494 482 intimam
517 444 608 481 illius
642 441 759 475 faciem
792 446 983 480 occupatam
1010 435 1161 478 conspexi
1195 434 1350 477 polyposa

343 488 550 524 concretione
572 484 767 523 craffiffirna,
789 481 878 524 cujus
910 480 1066 515 structura
1089 478 1222 522 quidem
1254 479 1289 511 in
1314 489 1353 509 eo

341 540 407 567 erat
430 529 545 569 fimilis
567 538 753 568 caeterarum
774 536 852 568 quas
876 534 966 560 antea
992 523 1134 558 videram
1154 544 1164 559 ,
1200 531 1236 554 ut
1259 532 1353 562 caepae

345 574 442 613 instat
467 573 579 611 resolvi
604 571 702 615 poffet
725 571 758 603 in
781 569 914 601 laminas
940 578 1049 601 curvas
1074 590 1085 606 ,
1118 575 1252 609 quarum
1285 565 1353 597 aliae

344 618 424 651 alias
448 613 777 660 comprehenderent5
815 611 994 646 substantiae
1029 621 1103 642 vero
1136 619 1207 651 pars
1242 619 1355 649 magna

339 670 408 699 erat
433 661 532 699 dura,
556 671 595 696 ex
619 659 754 700 alboque
780 655 943 695 subflava,
966 662 1003 687 ut
1026 652 1110 690 nihil
1135 652 1235 693 magis
1259 650 1355 686 reser-

342 714 411 746 νει,
433 716 528 747 quam
553 703 702 737 duratum
726 699 834 737 sebum
848 723 855 729 .
1189 696 1193 698 ’

462 748 632 782 Materiam
647 768 659 784 ,
677 744 788 785 sevum
811 738 1019 784 referentem,
1043 740 1129 772 intra
1152 738 1352 781 aneurysma-

341 800 376 829 ta
398 803 416 829 a
438 790 571 824 Vesalio
595 787 759 821 interdum
783 794 941 827 repertam
965 783 1075 816 scribit
1099 781 1267 816 Freindius
1291 784 1350 826 (m)

340 846 381 869 ex
403 833 613 871 testimonio,
637 839 673 864 ut
695 828 822 862 videtur
838 850 848 866 ,
874 826 1023 869 Adolphi
1048 827 1212 859 Occonis.
1248 825 1350 867 rol

341 889 402 920 ego
423 878 456 910 in
479 876 576 921 hujus
599 874 782 909 narratione
808 872 941 905 minime
964 871 1094 905 invenio
1116 894 1125 909 ‚
1152 868 1214 903 five
1247 878 1283 903 ut
1315 871 1350 903 in

341 918 584 966 Sepulchreturn
606 920 621 959 ζ
642 928 662 953 n
686 920 696 956 )
723 917 823 949 relata
846 914 887 948 est
904 939 914 956 ,
938 913 1000 947 five
1022 923 1058 947 ut
1083 913 1179 956 paulo
1194 911 1292 948 fufius
1309 914 1354 946 le.-

341 965 431 1008 gitur
456 962 538 1006 apud
563 960 778 997 Schenckium
802 962 816 999 (
839 971 854 995 ο
877 962 890 998 J
914 971 921 991 ε
956 968 1139 1003 quanquam
1172 956 1259 990 nihil
1292 955 1355 989 fre-

341 1007 492 1053 quentius
516 1005 558 1044 est
580 1016 678 1049 quam
699 1003 922 1040 concretiones
946 1001 1118 1045 polypolas
1143 1000 1229 1040 sebi,
1251 1000 1354 1038 lardi,

341 1051 447 1093 adipis
470 1050 586 1085 similes
610 1049 774 1088 invenire,
799 1055 834 1079 ut
860 1045 937 1088 saepe
962 1042 1074 1080 harum
1098 1055 1203 1077 rerum
1229 1052 1283 1077 aut
1301 1055 1358 1077 no-

342 1096 451 1136 mine,
476 1104 529 1128 aut
553 1091 766 1131 similitudine
790 1101 838 1123 eas
861 1089 1083 1123 concretiones
1108 1087 1214 1126 olim,
1236 1089 1269 1119 &
1301 1091 1358 1129 po-

341 1138 404 1176 stea
426 1137 642 1172 indicaverint
667 1135 919 1169 Observatores:
946 1142 1045 1175 neque
1068 1132 1103 1165 in
1125 1130 1221 1165 corde
1235 1129 1335 1164 solum
1349 1151 1358 1167 ‚

340 1193 448 1217 verum
472 1183 569 1214 etiam
593 1179 757 1215 interdum
781 1179 815 1213 in
838 1176 912 1220 ipsis
938 1173 1356 1217 aneurysmatibus.:Sicin

343 1225 405 1259 illo
429 1224 518 1266 quod
543 1225 691 1259 omnium
717 1224 862 1265 primum
894 1218 1062 1253 dissectum
1096 1216 1187 1251 fuisse
1208 1240 1217 1255 ‚
1252 1216 1356 1251 credi-

342 1277 418 1307 tur,
442 1270 633 1303 exteriorem
655 1266 876 1301 concretionis
899 1272 1022 1306 partem
1046 1261 1145 1296 colore
1177 1262 1219 1295 Θ
1247 1261 1353 1303 specie

343 1311 430 1345 lardo
446 1311 543 1354 suillo
568 1321 625 1343 non
649 1308 820 1352 abfimilem
843 1317 999 1349 repertam
1035 1304 1092 1338 esse
1113 1327 1123 1342 ,
1158 1306 1353 1339 memoravi-

343 1366 414 1393 mus
438 1359 493 1397 (p
516 1356 529 1393 )
554 1381 560 1388 .
588 1355 640 1391 Sic
664 1350 829 1386 Lancifius
852 1355 865 1391 (
888 1362 906 1393 q
928 1355 942 1391 )
962 1348 1128 1392 polypeam
1145 1348 1354 1391 substantiam

343 1398 438 1438 instar
461 1398 544 1431 lardi
568 1398 601 1430 in
626 1397 784 1431 fornicem
809 1393 995 1437 dispositam
1020 1392 1052 1425 in
1077 1403 1116 1425 eo
1139 1391 1355 1434 aneurysrnate

342 1441 537 1486 descripsit,
563 1439 653 1482 qu'us
676 1440 838 1475 lon‘ricudo
861 1449 919 1474 non
954 1434 1118 1471 excedebat
1149 1435 1356 1478 longitudinis

341 1487 476 1523 Aortae,
501 1497 559 1527 qua
582 1494 678 1517 curva
701 1494 715 1516 e
754 1506 765 1523 ,
787 1483 986 1519 dimidiums
1020 1487 1055 1514 ut
1093 1490 1158 1511 non
1193 1477 1319 1512 videam
1344 1502 1358 1519 ,

343 1540 401 1567 cur
425 1527 594 1563 Freindius
619 1530 632 1569 (
657 1538 673 1560 r
694 1530 708 1567 )
730 1525 773 1559 fic
796 1524 939 1567 referat,
962 1523 1048 1567 quasi
1073 1523 1105 1556 in
1139 1530 1209 1556 tota
1242 1524 1356 1555 stortae

344 1581 520 1611 curvatura
544 1569 699 1613 quiddam
714 1566 802 1603 lardo
818 1568 945 1611 simile,
968 1566 1049 1609 Cystz'
1070 1565 1224 1608 inclusum
1240 1591 1248 1606 ‚
1272 1567 1357 1598 Lan-

344 1615 422 1653 cisio
447 1612 664 1658 apparuisset:
688 1612 769 1646 ficut
792 1623 848 1646 nec
882 1610 1009 1651 video,
1040 1621 1097 1644 cur
1128 1610 1239 1651 ingens
1274 1607 1358 1643 illud

341 1659 527 1703 aneurysma
550 1657 592 1691 ab
615 1655 786 1698 Ruyschio
811 1654 893 1700 (s)
909 1653 1129 1697 descriptum,
1151 1655 1267 1686 &cum
1280 1653 1359 1685 alte-

345 1715 383 1738 ro
405 1702 494 1744 quod
521 1702 660 1735 Littrius
686 1698 879 1742 proposuit,
906 1708 1018 1740 magna
1042 1708 1079 1729 ex
1104 1704 1193 1738 parte
1227 1706 1358 1738 compa-

343 1746 477 1784 randum
500 1748 514 1786 (
536 1753 550 1778 t
574 1749 613 1789 >,
639 1743 725 1786 ajat,
762 1753 812 1776 me
835 1749 962 1777 externo
986 1741 1100 1782 quovis
1124 1747 1358 1776 tumoretotum

341 1790 486 1829 thoracis
498 1785 731 1836 cavumz'nferfi
756 1796 791 1819 e.
817 1786 912 1819 Levia
926 1784 993 1818 haec
1008 1781 1078 1823 esse,
1093 1781 1224 1824 fateor,
1247 1780 1356 1825 fipro-

343 1833 484 1878 positum
508 1832 649 1867 Preindii
677 1829 819 1867 attendas
835 1853 847 1869 ‚
880 1839 979 1870 neque
1002 1825 1078 1861 huic
1102 1828 1211 1859 omnia
1236 1825 1353 1858 fortas-

343 1879 372 1917 se
397 1876 609 1922 imputanda,
634 1874 682 1911 sed
707 1883 811 1909 tamen
828 1872 959 1914 eadem,
983 1880 1076 1913 atque
1101 1869 1161 1904 alia
1188 1872 1201 1908 (
1225 1880 1244 1902 u
1265 1871 1279 1907 >
1302 1869 1354 1901 in-

343 1922 457 1965 super,
481 1920 589 1964 paucis
613 1920 646 1951 in
670 1918 819 1960 paginis,
842 1926 918 1949 cum
940 1913 1029 1950 aliud
1053 1923 1176 1955 agerem
1210 1911 1355 1945 animad-

340 1965 450 2007 versa,
473 1973 510 1999 ut
535 1962 748 2005 suspicionem
775 1960 897 1993 faciunt
922 1957 1112 1995 memoriae,
1138 1956 1197 1989 fibi
1220 1956 1255 1988 in
1279 1955 1353 1988 scri-

340 2009 448 2047 bendo
475 2005 687 2052 praefidentis,
711 2003 754 2041 fic
779 2013 810 2040 te
835 2001 969 2040 reddent
992 2002 1026 2038 in
1050 1999 1190 2044 legendo
1226 1999 1353 2033 cautio.

337 2066 423 2090 rem?

380 2111 430 2142 24.
457 2100 622 2131 Caeterum
647 2104 681 2129 ut
707 2091 939 2135 aneurysmatis
961 2088 1088 2124 causam
1113 2089 1147 2121 in
1165 2087 1354 2122 Ferrarinio

336 2154 376 2176 ex
399 2141 469 2176 tuffi
494 2140 622 2179 ferina,
644 2138 861 2178 diuturnaque
884 2133 1075 2168 deduximus
1100 2133 1155 2175 (x
1179 2134 1213 2172 >2
1238 2131 1285 2163 ita
1319 2131 1354 2163 in

338 2186 504 2219 Tubicine
529 2182 700 2225 petendam
724 2179 886 2213 credimus
910 2190 948 2212 ex
973 2176 1159 2218 frequenti,
1183 2177 1216 2207 &
1248 2172 1354 2207 valida

337 2229 422 2264 tubae
447 2228 639 2262 inflatione.
670 2223 848 2265 Qudquid
872 2223 959 2254 enim
995 2221 1193 2258 violenter,
1228 2229 1262 2250 ac
1297 2216 1355 2250 diu

335 2282 445 2307 mutat
470 2270 649 2304 naturalem
676 2266 901 2309 respirationis
933 2273 1059 2298 motum
1076 2289 1084 2302 ‚
1108 2271 1236 2296 motum
1272 2272 1356 2304 quo-

338 2328 402 2360 que
428 2314 593 2356 sanguinis
618 2320 723 2346 mutat
744 2333 752 2347 ‚
781 2319 818 2342 ut
842 2308 943 2343 modo
967 2307 1158 2345 cohibitus,
1183 2303 1283 2337 modo
1307 2305 1359 2337 in-

339 2362 481 2394 citatus,
507 2356 528 2390 fi
1243 2347 1275 2381 ia
1286 2358 1358 2389 pars

387 760 403 781 2
430 774 438 781 .

555 2367 618 2399 qua
643 2355 728 2388 sorte
752 2353 835 2386 vafis
860 2349 994 2392 alicujus
1019 2353 1126 2384 minus
1150 2348 1243 2382 robus

338 2403 399 2441 sit,
423 2401 504 2436 hanc
530 2399 659 2432 tandem
683 2396 744 2429 sive
769 2394 974 2429 distrahendo
989 2417 1000 2433 ‚
1024 2393 1084 2426 five
1108 2391 1252 2434 urgendo
1275 2391 1359 2423 dila-

342 2456 411 2481 tet.
437 2443 661 2484 Quamobrem
688 2442 719 2472 in
746 2439 819 2472 aliis
845 2439 964 2481 pariter
987 2438 1044 2478 qui
1068 2435 1144 2469 tuba
1163 2459 1170 2473 ,
1195 2442 1249 2466 aut
1274 2432 1362 2467 fistu-

321 2492 372 2524 =la
398 2497 605 2524 contentiore
629 2485 745 2528 spiritu
768 2491 914 2521 canunt,
939 2478 1159 2521 aneurysmata
1192 2487 1255 2510 non
1289 2487 1362 2509 raro

344 2534 414 2569 fieri
430 2556 439 2571 ‚
476 2530 646 2565 adnotavit
672 2524 835 2561 Lancifius
859 2528 913 2566 (y
937 2527 973 2565 ),
1019 2522 1210 2556 Albertinus
1257 2530 1362 2555 autem

345 2582 359 2620 (
382 2590 407 2622 z
428 2580 441 2618 )
465 2587 503 2608 ex
528 2571 689 2618 ejusmodi
715 2572 792 2603 artis
817 2579 929 2612 genere
965 2565 1125 2600 indicium
1163 2564 1259 2607 petiit
1280 2588 1293 2604 ,
1325 2575 1363 2596 ex

347 2633 432 2665 quo,
456 2629 530 2652 curn
555 2617 627 2651 aliis
651 2614 767 2658 junsto
790 2636 804 2654 ,
835 2611 969 2645 latentia
1006 2609 1109 2644 adhuc
1144 2607 1364 2651 aneurysmata

350 2663 579 2704 conjiciamus,
608 2658 712 2700 Qod
735 2668 810 2689 vero
833 2666 899 2690 non
922 2664 1031 2687 omnes
1054 2654 1240 2691 tubicines,
1265 2662 1364 2695 neque

349 2718 459 2742 omnes
486 2703 587 2738 ferina
611 2702 682 2736 tuffi
706 2700 813 2733 vexati
841 2699 900 2733 hos
924 2699 958 2731 in
982 2694 1364 2734 morbosincidant,aut

351 2751 474 2785 firmior
498 2747 647 2782 vasorum
675 2755 744 2788 quae
768 2745 852 2777 circa
878 2739 1055 2786 praecordia
1080 2740 1179 2779 sunt,
1211 2737 1365 2772 stmftura

355 2794 478 2834 efficit,
503 2801 557 2826 aut
581 2791 707 2830 levior,
731 2786 900 2829 minusque
924 2783 1039 2818 affidua
1075 2783 1247 2817 contentio
1270 2805 1282 2823 ,
1320 2791 1369 2814 at-

353 2849 415 2882 que
440 2837 581 2878 agitatio
603 2857 615 2873 ,
641 2842 695 2866 aut
732 2830 871 2874 denique
904 2830 1013 2861 minor
1046 2830 1141 2870 copia
1176 2825 1336 2868 sanguinis
1357 2849 1369 2867 ,

358 2882 539 2921 meliorque
565 2877 739 2913 conditio,
765 2883 800 2907 ut
823 2873 865 2906 fic
890 2871 929 2907 ad
964 2883 1031 2905 eam
1065 2882 1160 2914 quam
1191 2869 1335 2903 diximus
1359 2892 1371 2909 ,

357 2923 483 2958 causam
507 2921 577 2954 aliae
602 2918 813 2953 distendentes
829 2941 841 2957 ,
866 2926 920 2951 aut
943 2915 1110 2948 erodentes
1127 2925 1190 2947 non
1203 2912 1369 2946 accedant.

360 2969 412 3002 Sic
437 2976 538 3009 neque
563 2964 718 2996 omnibus
744 2968 798 2993 aut
824 2959 931 2993 ferina
954 2959 1024 2992 ruffi
1038 2957 1182 2998 affeftis,
1207 2966 1261 2989 aut
1276 2957 1374 2996 tuba,

360 3012 480 3045 tibiave
503 3006 694 3042 canentibus
719 3005 912 3046 pulmonum
936 3003 1028 3038 ulcus
1051 3002 1114 3040 est,
1139 3011 1196 3035 aut
1220 3001 1301 3033 arcta
1317 3000 1376 3033 ho-

364 3066 434 3090 rum
457 3053 495 3087 ad
519 3052 664 3095 pleuram
699 3045 836 3081 adhaefio
857 3071 869 3087 ,
904 3049 1050 3091 quamvis
1088 3047 1122 3078 in
1159 3044 1285 3079 duobus
1318 3044 1376 3086 qui

364 3097 592 3133 consueverant
615 3090 776 3136 ejusmodi
800 3089 1020 3124 instrumentis
1046 3091 1117 3130 uti,
1141 3098 1313 3130 utrumque
1325 3087 1378 3119 cle-

366 3139 590 3185 prehenclerint
614 3137 667 3169 Cl.
694 3135 771 3169 Viti
794 3133 984 3177 Duismgms
1009 3136 1023 3172 <
1044 3145 1062 3166 a
1085 3137 1099 3173 >
1122 3156 1134 3173 ,
1158 3134 1189 3165 ὃ(
1215 3131 1380 3165 Fabricius

366 3189 380 3225 (
401 3184 420 3218 b
442 3188 482 3225 ),
503 3183 561 3226 qui
584 3181 719 3214 attinere
742 3177 865 3213 censuit
888 3178 926 3224 ad
951 3188 1119 3210 numerum
1134 3174 1314 3218 augendum
1329 3186 1382 3207 eo-

369 3240 440 3263 rum
465 3226 652 3261 morborum
668 3248 676 3263 ,
699 3222 815 3264 quibus
840 3220 934 3264 hujus
958 3222 1080 3263 generis
1103 3218 1256 3255 Artifices
1279 3219 1382 3251 obno-

369 3274 442 3307 xios
465 3269 545 3309 effe,
571 3266 675 3302 noster
697 3267 810 3301 docuit
835 3266 1052 3299 Ramazzinus
1075 3267 1088 3304 (
1111 3276 1127 3296 c
1150 3268 1189 3305 ),
1216 3262 1299 3295 recte
1325 3263 1380 3294 ille

370 3315 523 3358 quidem3
549 3311 600 3345 sed
623 3310 663 3345 fic
683 3333 694 3349 ,
718 3319 754 3343 ut
779 3309 860 3342 alios
883 3319 941 3350 pro
965 3309 1051 3341 varia
1076 3306 1284 3350 dispositione
1309 3306 1381 3339 aliis

373 3371 411 3391 ex
433 3360 473 3393 iis
498 3356 618 3390 morbis
641 3355 743 3395 magis
768 3350 825 3386 esse
851 3350 1034 3393 expofitos,
1060 3350 1290 3392 agnoscamus.

376 3404 427 3437 De
451 3397 580 3436 molesta
615 3406 720 3432 autern
743 3422 754 3436 ,
788 3398 820 3429 ὃ(
854 3395 991 3438 denique
1022 3393 1177 3437 impedita
1210 3394 1244 3427 in
1275 3392 1382 3426 nostro

937 101 1091 157 Liber
1126 98 1188 152 ΙΙ.
1222 97 1306 150 De
1343 95 1549 149 Morbis
1580 92 1837 146 Thoracis
1881 128 1884 131 -

1408 171 1571 204 Tubicine
1594 167 1809 211 deglutitione
1834 167 2001 213 repetenda
2023 179 2041 201 a
2063 167 2167 204 mole,
2201 167 2235 198 &
2267 160 2372 207 pofitu
2396 185 2407 201 2

1407 216 1438 249 δε
1464 213 1531 247 sede
1555 211 1807 255 aneurysmatis,
1829 211 1869 246 fic
1893 214 2002 255 gulam
2026 211 2164 244 nimium
2186 210 2408 251 comprimen-

1405 259 1470 298 tis,
1492 267 1566 290 cum
1589 267 1634 290 res
1659 266 1713 298 per
1738 254 1766 287 se
1789 255 1954 289 manifesta
1976 254 2042 291 est3
2065 263 2137 287 tum
2161 252 2233 286 aliis
2256 263 2328 296 quae
2351 251 2403 286 su-

1401 312 1456 342 pra
1480 303 1493 339 (
1516 301 1535 332 d
1558 304 1568 340 3
1594 298 1696 342 posita
1720 297 1811 339 sunt,
1844 299 1999 342 exemplis
2030 297 2244 331 confirmatur
2269 319 2276 325 .

1400 342 1562 379 Postremo
1586 341 1674 385 quod
1696 340 1734 375 ad
1758 341 1860 377 sedem
1885 345 2000 377 attinet
2025 340 2254 383 aneurysmatis
2276 339 2310 372 in
2334 351 2414 374 arcu>

1400 387 1470 430 ipso
1492 387 1614 420 arteriae
1638 385 1790 426 Magnae,
1813 385 1890 429 saepe
1914 387 1993 420 adeo
2019 383 2163 425 accidit,
2187 393 2223 418 ut
2247 392 2300 416 aut
2323 383 2371 416 ibi
2393 408 2407 425 ,

1402 441 1455 464 aut
1478 441 1576 474 prope
1601 439 1675 463 eum
1698 429 1806 463 locum
1828 430 2046 471 aneurysrnata
2071 429 2270 470 reperiantur
2288 447 2298 464 ‚
2325 436 2362 460 ut
2384 429 2407 462 fi

1404 475 1446 508 ab
1469 475 1531 507 illo
1553 473 1691 515 incipias
1714 472 1863 520 quodqab
1898 475 1982 508 Riva
2013 473 2155 506 diximus
2196 472 2246 513 (e
2267 473 2281 511 )
2313 469 2407 505 facile

1405 519 1547 560 primum
1569 517 1716 549 omnium
1739 514 1830 551 fuisse
1853 516 2070 557 delineatum,
2093 516 2162 547 imo
2186 515 2284 547 etiam
2307 514 2344 548 ab
2366 517 2408 550 iis

1404 573 1487 605 quos
1510 574 1549 596 ex
1571 561 1694 595 Lazaro
1715 560 1871 599 RiveriO,
1895 563 1928 594 ὃς
1953 563 2081 594 ottone
2104 558 2253 594 Heurnio
2276 557 2408 593 adnota‘-
2429 576 2434 579 ·

1407 615 1438 637 ta
1464 604 1557 639 habes
1583 605 1617 636 in
1641 601 1853 645 Sepulchreto
1875 600 1959 647 (f)
1979 627 1988 643 ‚
2025 606 2058 637 ὃς
2092 613 2146 645 per
2179 601 2337 644 descripta
2370 602 2408 636 ab

1410 648 1580 690 Ruyschio
1603 650 1657 689 (g
1677 650 1713 686 )‚
1741 646 1780 679 ab
1802 648 1926 680 Littrio
1947 650 1962 686 (
1983 647 2004 680 h
2020 646 2057 689 ),
2082 646 2121 679 ab
2153 645 2286 688 aliisque
2316 646 2408 679 dein-

1410 704 1504 739 ceps,
1528 702 1610 734 quos
1631 689 1796 724 brevitatis
1819 692 1923 732 gratia
1948 690 2046 724 sciens
2068 690 2190 723 omitto
2205 712 2217 729 ,
2241 688 2281 722 ad
2304 689 2408 724 nostra

1409 735 1597 773 descendas,
1621 737 1653 768 &
1677 735 1712 768 in
1735 745 1787 772 e0‚
1817 743 1872 767 aut
1895 734 1935 767 ad
1956 745 2028 767 eum
2051 744 2145 778 quem
2169 732 2335 772 diximus,
2360 734 2408 766 lo-

1402 791 1478 813 cum
1502 787 1625 821 reperta
1636 788 1710 811 cum
1734 778 1775 810 iis
1799 778 1871 812 aliis
1895 778 2045 811 omnibus
2066 776 2235 816 conferas,
2256 788 2408 820 quaecun-

1410 834 1473 868 que
1489 824 1573 859 -alibi
1597 821 1783 854 arb—interna
1805 820 1896 854 causa
1919 822 2000 864 leges
2022 830 2154 859 exorta;
2177 822 2349 855 miraturus
2371 819 2409 854 fis

1403 868 1516 910 procul
1543 864 1667 905 dubio,
1690 863 1850 898 universas
1883 865 1997 898 Aortae
2033 873 2136 907 partes
2169 874 2236 898 tam
2269 875 2341 897 raro
2374 864 2410 896 in

1406 911 1588 954 aneurysma
1614 906 1801 955 excrevisse,
1823 909 1857 941 in
1880 920 1950 951 quae
1973 908 2028 942 ista
2053 919 2115 941 una
2139 906 2219 950 saepe
2243 907 2322 941 adeo
2354 919 2410 941 ex-

1405 964 1558 989 creverit.
1584 956 1687 995 CuJus
1711 951 1907 986 discriminis
1939 952 2065 986 causam
2087 974 2098 991 ,
2130 962 2224 995 quam
2259 952 2341 984 olim
2374 952 2410 985 in

1407 998 1605 1034 Adversariis
1627 1000 1641 1037 (
1663 996 1676 1031 i
1697 1000 1710 1036 )
1734 997 1852 1039 attigi,
1874 1006 1939 1028 non
1964 995 2018 1029 hic
2044 1004 2208 1038 repetam,
2234 994 2411 1038 praesertim

1408 1053 1482 1076 cum
1506 1055 1521 1076 a
1545 1042 1639 1075 Viris
1662 1041 1781 1075 Doffis
1805 1038 1975 1084 probatam
1997 1038 2101 1081 postea
2125 1037 2241 1079 fuisse,
2264 1037 2410 1080 videam,

1410 1089 1442 1119 δε
1466 1087 1500 1119 in
1524 1085 1576 1119 his
1601 1097 1618 1118 a
1643 1084 1697 1116 Cl.
1724 1084 1930 1126 Valcarengo
1951 1085 1966 1123 (
1988 1082 2006 1124 l<
2029 1085 2063 1122 ),
2085 1085 2144 1126 qui
2179 1094 2194 1115 a
2227 1081 2379 1116 Freindio
2396 1108 2410 1125 ,

1410 1132 1441 1162 ὃ(
1466 1141 1481 1161 a
1505 1129 1708 1164 Michelotto
1729 1126 1867 1161 ostendit
1892 1125 1948 1160 esse
1972 1125 2217 1161 confirmatam.
2243 1128 2322 1160 Duo
2356 1126 2412 1162 ad..

1408 1173 1480 1206 dam
1504 1175 1614 1215 potius
1626 1187 1637 1205 .·
1658 1171 1832 1205 Alterum:
1856 1180 1979 1214 quanto
2003 1168 2120 1214 majori
2145 1172 2176 1203 vi
2200 1171 2233 1203 in
2247 1170 2412 1205 obiectum

1407 1219 1519 1251 Aortae
1545 1227 1652 1250 arcum
1676 1226 1691 1247 a
1714 1214 1838 1248 sinistro
1860 1213 1966 1248 cordis
1987 1215 2167 1249 ventriculo
2191 1215 2316 1257 sanguis
2351 1217 2414 1248 im-

1408 1261 1566 1303 pellitur,
1591 1268 1685 1293 tanto
1709 1257 1826 1300 majori
1853 1269 1869 1290 a
1893 1269 1970 1291 mox
1992 1259 2204 1291 contrahente
2228 1258 2256 1291 se
2281 1269 2357 1292 arcu
2378 1259 2413 1291 in

1407 1313 1575 1346 utramque
1600 1303 1781 1346 proximam
1804 1301 1917 1335 Aortae
1941 1310 2063 1344 partem
2086 1302 2218 1345 repelli.
2245 1301 2304 1334 Sed
2338 1313 2414 1336 cum

1408 1347 1535 1381 facilius
1560 1349 1732 1389 recipiatur
1764 1347 1800 1379 in
1829 1355 1952 1388 partem
1991 1345 2082 1378 illam
2115 1356 2187 1388 quae
2219 1345 2382 1379 descendit
2404 1371 2414 1386 ,

1406 1403 1503 1435 quam
1529 1393 1562 1424 in
1586 1402 1654 1423 eam
1677 1402 1748 1433 quae
1772 1401 1789 1423 a
1811 1388 1911 1422 corde
1935 1387 2099 1428 ascendit,
2121 1390 2243 1433 quippe
2275 1400 2345 1432 quae
2378 1393 2412 1425 δε

1407 1437 1503 1479 longe
1525 1435 1653 1468 brevior
1676 1433 1739 1472 est,
1764 1444 1863 1476 neque
1887 1433 1920 1465 in
1945 1433 2067 1474 amplos
2079 1443 2182 1466 ramos
2196 1442 2300 1476 aperta
2315 1460 2322 1474 ‚
2346 1435 2416 1469 imo

1408 1479 1542 1513 valvulis
1567 1477 1819 1513 Semilunaribus
1842 1476 1993 1517 occlula;
2014 1475 2091 1508 hinc
2115 1476 2200 1519 sequi
2223 1503 2232 1518 ,
2256 1488 2293 1511 ut
2325 1478 2348 1511 fi
2381 1481 2416 1512 in

1409 1523 1598 1557 alterutram
1622 1523 1743 1556 arteriae
1765 1530 1889 1563 partem
1914 1521 1963 1552 vis
1987 1519 2131 1553 facienda
2155 1520 2192 1554 {it
2219 1544 2228 1559 ‚
2263 1523 2297 1554 in
2332 1522 2415 1557 hanc

1409 1567 1519 1610 potius
1544 1564 1618 1604 fiat,
1644 1568 1699 1605 ἃ,
1721 1562 1808 1607 quod
1831 1562 2059 1606 consequitur,
2084 1565 2168 1597 inter
2192 1564 2417 1599 summurnar-

1409 1622 1484 1644 cum
1509 1613 1540 1643 δε
1565 1620 1621 1642 cor
1645 1607 1752 1642 multo
1777 1606 1891 1648 plura,
1915 1617 2012 1649 quam
2036 1608 2069 1640 in
2093 1617 2181 1649 parte
2206 1609 2305 1642 altera
2338 1621 2416 1652 pro-

1409 1655 1494 1688 xima
1511 1679 1519 1692 ‚
1543 1653 1681 1685 inveniri
1706 1651 1827 1683 soleant
1851 1650 2069 1692 aneurysmata
2094 1673 2101 1681 .
2138 1651 2288 1686 Alterum
2318 1664 2328 1685 .-
2361 1653 2417 1687 etsi

1407 1708 1471 1731 non
1495 1698 1598 1738 magis
1622 1695 1716 1728 distet
1750 1693 1823 1726 finis
1857 1696 1967 1727 trunci
2008 1695 2207 1730 Pulmonaris
2241 1699 2367 1730 arteriae
2401 1710 2419 1731 a

1408 1739 1593 1774 ventriculo
1616 1738 1722 1772 cordis
1748 1738 1904 1775 dextero,
1926 1748 2021 1781 quam
2045 1740 2157 1770 Aortae
2181 1750 2270 1773 arcus
2306 1752 2320 1772 a
2344 1739 2419 1774 lini-

1407 1784 1496 1824 stro,
1519 1794 1620 1825 neque
1644 1782 1744 1824 tnagis
1768 1778 1904 1813 resistere
1928 1789 2059 1814 truncus
2084 1781 2139 1813 ille
2163 1781 2247 1824 poss'e
2273 1794 2331 1825 pro
2346 1796 2421 1826 por-

1408 1830 1496 1862 tione
1521 1827 1669 1860 videatur
1690 1824 1812 1858 viribus
1836 1823 2009 1858 ventriculi
2032 1823 2183 1864 dexteri,
2206 1837 2304 1868 quam
2328 1837 2421 1862 trun-

1404 1883 1459 1907 cus
1480 1871 1615 1910 Aortae,
1638 1868 1778 1905 finistri3
1803 1877 1908 1901 tamen
1933 1868 2038 1901 multo
2074 1869 2226 1910 pauciora
2258 1871 2294 1902 in
2326 1871 2386 1904 illo
2409 1896 2424 1913 ,

1405 1926 1502 1960 quam
1527 1915 1561 1946 in
1585 1924 1683 1953 arcu,
1708 1921 1761 1946 aut
1786 1922 1886 1954 prope
1911 1922 2018 1944 arcum
2036 1909 2157 1954 hujus,
2180 1915 2313 1955 reperiri
2326 1926 2423 1949 aneu-

1405 1958 1569 2002 rysmata,
1591 1955 1685 1990 facile
1709 1964 1840 1997 propter
1862 1954 1963 1988 alium
1985 1956 2093 1989 trunci
2107 1955 2311 1990 Pulinonaris
2337 1968 2424 1992 arte-

1406 2001 1464 2046 ria}¹
1489 1999 1656 2044 positum,
1694 2010 1758 2032 non
1790 2000 1837 2031 ita
1870 1996 2080 2039 objicientem
2116 1998 2145 2030 se
2178 2000 2282 2035 cursui
2318 2002 2423 2037 adzfii

1407 2044 1571 2086 sanguinis
1595 2066 1609 2084 ,
1640 2054 1740 2083 neque
1763 2041 1849 2076 hunc
1874 2051 2003 2074 omnem
2019 2063 2028 2078 ,
2053 2052 2154 2083 neque
2180 2051 2245 2075 tam
2272 2043 2385 2079 subito
2407 2070 2422 2087 ‚

1405 2087 1622 2138 violenterque
1645 2085 1862 2121 innectentem
1874 2110 1882 2120 .
2017 2084 2076 2118 Sed
2100 2084 2139 2118 ad
2152 2087 2289 2132 reliquas
2300 2081 2432 2123 Obser-¹

1406 2138 1554 2169 vationes
1576 2139 1767 2171 pergamus.

1452 2187 1501 2218 25.
1533 2172 1843 2209 BELLUNENSI
1867 2182 1950 2205 anno
1986 2180 2064 2205 nato
2095 2172 2225 2207 circiter
2258 2176 2421 2220 quinqua-

1408 2221 1520 2264 ginta,
1546 2217 1603 2261 qui
1628 2216 1731 2249 laneas
1754 2215 1832 2251 telas
1854 2215 2025 2250 forficibus
2050 2217 2175 2257 magnis
2199 2218 2332 2261 quidem
2347 2219 2425 2260 ,sed

1409 2274 1472 2297 non
1497 2261 1563 2294 illis
1586 2268 1692 2293 tamen
1717 2261 1870 2293 maximis
1895 2282 1905 2296 ,
1940 2269 1975 2291 ac
1999 2254 2211 2301 graviffit‘nis,
2237 2262 2392 2297 tondebat
2415 2287 2426 2304 ,

1410 2314 1483 2340 ante
1507 2314 1625 2338 annum
1649 2303 1758 2349 attolli
1781 2311 1924 2344 coeperat
1948 2302 2077 2335 dextera
2101 2305 2244 2345 pectoris
2268 2317 2338 2349 pars
2372 2306 2424 2341 su-

1411 2349 1550 2392 perior,
1586 2348 1713 2380 caulam
1746 2346 1907 2388 prebente
1941 2356 1978 2378 an
2013 2347 2094 2378 meri
2130 2357 2211 2389 potu
2244 2361 2311 2392 quo
2351 2353 2426 2385 usus

1412 2393 1516 2428 fuerat
1540 2390 1708 2433 aliquanto
1730 2389 1894 2423 liberalius
1920 2385 1932 2419 ?
1966 2398 2003 2419 an
2028 2390 2180 2423 Venereo
2204 2393 2323 2425 morbo
2347 2393 2363 2426 ,ἑ
2387 2406 2427 2427 an.

1413 2436 1522 2479 potius
1546 2443 1682 2476 utroque
1706 2433 1743 2466 ad
1765 2444 1834 2466 eam
1858 2442 1957 2466 artem
1982 2430 2122 2473 addito,
2145 2435 2180 2466 in
2205 2447 2290 2478 qua,
2313 2445 2350 2470 ut
2374 2436 2428 2470 di..

1414 2480 1521 2512 ximus
1544 2501 1557 2518 ,
1591 2477 1619 2511 se
1651 2474 1852 2509 exercebat?
1884 2476 1966 2516 Qae
2006 2476 2092 2507 enim
2126 2478 2339 2519 praeceffiffent
2375 2482 2427 2513 in..

1415 2520 1612 2561 commoda,
1636 2529 1689 2554 aut
1714 2531 1783 2564 quae
1808 2518 1913 2562 postea
1938 2517 2160 2558 successissent,
2184 2520 2261 2554 scire
2285 2534 2350 2556 non
2385 2524 2428 2557 li-

1417 2567 1506 2605 cuit,
1530 2564 1587 2597 nisi
1613 2561 1703 2606 quod
1729 2562 1839 2596 saltem
1861 2574 1900 2599 ex
1923 2572 1990 2605 quo
2012 2562 2165 2597 Venetias
2190 2564 2328 2600 redierat
2341 2567 2429 2601 circa

1416 2608 1573 2643 Oc‘tobris
1598 2608 1731 2652 initium
1754 2607 1796 2639 A.
1827 2617 1919 2648 1707.
1945 2603 2006 2637 five
2039 2607 2216 2641 ambularet
2237 2631 2250 2649 ,
2284 2609 2346 2643 five
2377 2611 2430 2645 lo-

1415 2661 1590 2695 queretur,
1618 2649 1758 2693 spirandi
1782 2649 1977 2683 difficultate
2000 2651 2193 2684 vexabatur:
2219 2664 2288 2695 quae
2322 2663 2430 2689 tamen

1418 2707 1518 2739 neque
1543 2706 1595 2738 per
1631 2692 1839 2736 paroxysmos
1871 2691 2042 2734 ingruebat
2065 2717 2077 2734 ,
2109 2706 2209 2738 neque
2241 2694 2432 2731 suffocatio-

1419 2751 1489 2773 nem
1523 2737 1702 2773 intentabat
1724 2761 1735 2777 ,
1772 2748 1872 2780 neque
1903 2738 2048 2769 {omnum
2081 2738 2309 2781 abrumpebat.-
2334 2744 2367 2775 Sc
2393 2741 2433 2776 ad

1420 2794 1522 2817 artem
1557 2782 1702 2816 hominis
1737 2781 1805 2823 ipsa
1838 2791 1967 2823 quoque
2001 2778 2097 2815 facile
2130 2783 2229 2815 relata
2275 2783 2348 2818 esset
2393 2786 2433 2819 ab

1420 2828 1461 2873 iis
1507 2826 1681 2870 praesertim
1729 2825 1845 2867 quibus
1892 2832 2006 2856 notum
2026 2848 2039 2865 ,
2084 2825 2318 2870 probatumque
2352 2826 2434 2863 fuis-

1422 2873 1466 2904 iet
1491 2872 1524 2903 in
1547 2868 1704 2913 ejusmodi
1728 2868 1890 2902 artificum
1912 2866 2040 2902 officina
2067 2879 2082 2901 a
2104 2869 2325 2914 Kerckringio
2347 2875 2361 2911 (
2385 2872 2397 2906 l
2420 2876 2432 2911 )

1425 2913 1575 2950 habitum
1620 2912 1872 2955 experimentum
1897 2935 1904 2944 .
1954 2910 2013 2944 Sed
2047 2921 2200 2955 praeterea
2236 2915 2323 2948 edere
2344 2914 2433 2958 jam,

1427 2968 1480 2992 aut
1505 2957 1611 2991 bibere
1636 2956 1775 2989 multum
1798 2966 1862 2989 non
1886 2963 2034 2997 poterat.
2061 2957 2171 2990 Facies
2195 2967 2260 2991 erat
2284 2960 2410 2993 tumida

1428 3005 1459 3035 &
1486 3013 1525 3034 ex
1550 3000 1648 3034 rubro
1672 3000 1778 3033 fusca:
1803 3010 1865 3031 vox
1889 2998 2021 3031 obscura
2042 3022 2054 3039 ,
2089 3003 2121 3033 &
2170 3012 2261 3034 rauca
2289 3013 2296 3033 ι
2340 2986 2438 3046 sputa>

1429 3044 1547 3079 crassa:
1572 3044 1711 3078 tumoris
1736 3042 1876 3085 pulsatio
1900 3041 2073 3083 aliquando
2089 3066 2101 3084 ,
2127 3046 2159 3078 δε
2182 3052 2266 3077 certe
2287 3055 2361 3079 ante
2385 3048 2435 3080 vi-

1431 3090 1515 3132 giuti
1541 3088 1675 3122 ultimos
1697 3086 1786 3127 dies,
1809 3085 1855 3119 vel
1880 3086 2001 3119 eminus
2024 3086 2191 3130 conspeeta
2218 3086 2339 3123 fuerat.
2367 3091 2435 3123 Hic

1433 3133 1490 3167 iub
1515 3133 1650 3165 initium
1674 3130 1807 3164 insecuti
1830 3130 2022 3164 Decembris
2045 3130 2131 3164 inter
2152 3130 2343 3166 domesticos
2367 3135 2436 3176 pri-

1435 3187 1486 3210 ma
1511 3176 1607 3209 noete
1629 3174 1767 3208 versatus
1783 3197 1795 3214 ,
1818 3182 1853 3206 ut
1879 3173 2025 3215 solebat,
2048 3184 2124 3208 curn
2147 3175 2249 3217 iisque
2273 3176 2401 3213 locutus
2423 3201 2436 3218 ‚

1433 3231 1508 3253 cum
1535 3218 1654 3252 leffium
1677 3217 1838 3261 petiisset,
1860 3219 1891 3249 ἃ
1916 3228 1995 3250 mox
2017 3216 2045 3250 se
2071 3219 2214 3252 dormire
2237 3220 2317 3252 velle
2337 3243 2349 3260 ‚
2384 3220 2437 3254 di..

1434 3262 1560 3302 xiss‘et3
1592 3262 1660 3306 post
1694 3262 1789 3304 paulo
1835 3260 2048 3294 moribundus
2082 3264 2229 3296 inventus
2275 3263 2317 3296 cst
2361 3275 2437 3299 cum

1433 3306 1564 3339 stertore
1587 3329 1600 3346 ,
1632 3310 1661 3339 δε
1702 3306 1811 3346 spuma
1834 3304 1871 3337 ad
1895 3316 1954 3342 os,
1978 3314 2072 3347 atque
2093 3316 2202 3347 nares,
2226 3306 2330 3349 sicque
2353 3309 2439 3342 intra.

1433 3360 1574 3396 quatuor
1597 3349 1727 3382 circiter
1752 3347 1847 3383 horas
1870 3347 1912 3382 est
1926 3358 2090 3382 mortuus.
2226 3351 2439 3385 CADAVE-

1435 3394 1505 3427 RIS
1531 3393 1630 3429 iacies
1652 3393 1781 3437 turgida
1805 3414 1814 3429 ‚
1849 3395 1880 3425 &
1905 3391 2033 3426 livida:
2056 3403 2168 3426 manus
2191 3396 2223 3427 &
2247 3393 2338 3436 pedes
2373 3405 2444 3436 non„

2293 3447 2395 3471 tumi-

505 3546 521 3605 νυ

537 3546 597 3570 Hist.
616 3545 708 3570 Medic.
724 3543 754 3569 ad
772 3545 803 3569 A.
824 3546 890 3572 1640.
907 3542 947 3568 ubi
965 3541 996 3565 de
1013 3542 1161 3573 Aneurysm.

534 3577 606 3604 Epist.
625 3584 660 3604 17.
679 3583 701 3599 n.
719 3583 756 3604 ²9·
774 3573 828 3599 Vid.
845 3573 968 3602 Sepulchr.
987 3572 1009 3603 §.
1027 3572 1068 3597 cit.
1087 3573 1170 3602 partic.
1188 3581 1209 3599 1.

492 3607 506 3635 )
522 3606 581 3629 ΟΜ.
600 3607 636 3634 38.
652 3606 693 3630 cit.
711 3605 777 3634 supra
794 3621 802 3635 ‚
825 3604 855 3629 ad
873 3612 897 3628 n.
913 3611 952 3626 20.
1012 3603 1026 3631 (
1041 3609 1052 3626 t
1067 3603 1080 3633 )
1098 3603 1160 3628 lbid.

445 3636 453 3666 (
474 3644 492 3664 z
508 3637 520 3664 )
537 3636 625 3669 qusc.
642 3636 683 3661 cit.
701 3636 785 3665 supra,
801 3635 831 3661 ad
845 3643 871 3668 n·
890 3641 926 3660 ιι.

443 3668 458 3697 (
474 3674 485 3690 c
501 3666 513 3694 )
530 3667 635 3691 Dratnb.
651 3666 678 3690 de
694 3668 778 3690 Morb.
795 3664 871 3691 Artis.
887 3673 907 3689 c.
926 3672 961 3694 37.
980 3664 1038 3688 vers.
1055 3663 1097 3688 fin.
1163 3665 1176 3693 (
1191 3664 1206 3687 A
1223 3664 1236 3693 )

447 3695 545 3759 (cf))l.
561 3704 583 3724 4,
603 3698 626 3720 S.
646 3705 667 3725 3.
686 3696 743 3720 Obs.
761 3696 837 3728 21.§.
858 3703 892 3718 ιο.
912 3695 967 3718 821.
986 3702 1005 3718 2.
1025 3695 1047 3717 S.
1068 3703 1088 3723 5.
1107 3695 1165 3719 Obs.
1184 3696 1205 3717 8.

531 3727 566 3752 11.
583 3727 697 3751 Animad.
714 3734 752 3756 41.
817 3731 831 3755 ζ
847 3725 862 3749 k
882 3725 933 3757 )de
951 3727 1019 3749 Aort.
1037 3727 1125 3750 Aneur.
1145 3724 1202 3750 obs.

1225 3542 1233 3572 ί
1250 3549 1267 3565 n
1285 3541 1293 3571 )
1310 3541 1326 3565 l.
1342 3550 1365 3570 4.
1384 3542 1406 3565 S.
1425 3550 1446 3564 ι.
1462 3541 1526 3575 Qbs.
1543 3550 1576 3566 αι.
1597 3542 1619 3571 §.
1638 3551 1662 3572 7.
1681 3543 1762 3572 partic.
1780 3550 1801 3566 2.

1272 3572 1279 3599 (
1300 3580 1314 3601 q
1335 3573 1394 3605 JDe
1410 3572 1487 3596 Subit.
1505 3574 1583 3597 Mort.
1604 3573 1661 3597 Obs.
1680 3574 1762 3597 ultim.

1224 3603 1237 3630 ί
1253 3602 1296 3630 u)
1315 3601 1367 3627 vid.
1385 3602 1457 3631 Epist.
1477 3610 1511 3630 ¹7·
1528 3612 1550 3627 n.
1569 3611 1591 3633 3.

989 3632 996 3661 (
1014 3642 1028 3657 a
1045 3634 1058 3661 )
1076 3635 1215 3658 commem.
1233 3633 1320 3658 Litter.
1337 3636 1368 3657 A.
1387 3642 1453 3663 ¹74¹·
1471 3633 1550 3658 Hebd.
1566 3641 1606 3662 44·
1624 3643 1647 3658 n.
1670 3643 1686 3658 r.

1254 3671 1280 3687 n.
1299 3671 1334 3691 17·
1353 3664 1375 3687 St
1394 3664 1466 3692 Epist.
1486 3672 1521 3692 17.
1539 3673 1553 3688 n
1577 3672 1615 3695 ²5>
1633 3666 1655 3689 Β(
1673 3669 1709 3689 26.

1269 3695 1280 3717 (
1293 3702 1310 3723 g
1328 3695 1340 3721 >
1357 3698 1429 3728 Anat.
1448 3694 1514 3720 chir.
1533 3695 1590 3719 Obs.
1610 3704 1646 3724 37.
1666 3696 1686 3719 8<
1699 3696 1734 3724 35³.

1266 3725 1279 3752 (
1294 3726 1303 3748 l
1321 3725 1334 3754 )
1354 3725 1407 3750 Vid·
1426 3726 1453 3750 in
1470 3727 1523 3751 Αίῖ.
1544 3729 1575 3751 Ν.
1593 3729 1620 3751 C.
1639 3729 1714 3751 Toni.
1735 3736 1754 3756 ς.
1773 3727 1854 3751 schol.
1872 3730 1901 3751 ad
1920 3727 1977 3750 Obs.
1997 3728 2034 3755 85-

1865 3543 1874 3571 (
1891 3541 1925 3569 ol
1947 3543 1964 3566 l·
1983 3551 2005 3572 ς.
2022 3542 2079 3567 Obs-
2097 3543 2189 3568 Medic.
2210 3553 2230 3574 ς.

1826 3575 1839 3603 (
1856 3583 1867 3598 r
1884 3575 1896 3602 )
1911 3575 1965 3598 loco
1982 3573 2089 3598 indicato
2103 3591 2109 3597 .

1654 3606 1722 3635 (x)
1741 3605 1806 3632 supra
1819 3621 1826 3633 ‚
1840 3613 1868 3638 n.
1881 3613 1917 3633 19.
1982 3606 1995 3633 (
2008 3612 2025 3634 y
2042 3605 2051 3633 )
2067 3606 2102 3637 De
2115 3605 2203 3629 Aneur.
2218 3605 2440 3636 Propos.39r&55.

1750 3636 1762 3664 ζ
1778 3635 1791 3658 b
1809 3636 1821 3663 )
1839 3643 1864 3659 in
1885 3637 2019 3664 Propempt.
2036 3635 2101 3659 edito
2116 3636 2217 3659 Helmst.
2237 3639 2265 3660 Α.
2286 3644 2349 3665 175¹-

1773 3668 1786 3695 (
1804 3676 1814 3691 e
1829 3669 1843 3692 r)
1863 3666 1923 3691 Ibid-
1942 3673 1965 3689 n.
1981 3673 2020 3694 29.

1800 3698 1806 3722 (
1819 3697 1832 3719 h
1844 3700 1852 3725 )
1869 3695 2086 3720 Mem.de1'Acad.
2097 3697 2128 3721 R.
2139 3696 2179 3719 des
2189 3698 2224 3720 Sc.
2235 3700 2334 3726 [luy-'27⁴
2345 3702 2363 3720 t&
2376 3705 2444 3727 ¹71²?
