2498 4075
385 216 557 289 Epist.
593 215 756 274 Anat.
796 217 1014 274 Medica
1046 215 1281 273 xxxv.
1321 199 1854 290 Art.1t'·iz-13.⁴&14{.

102 293 134 328 se
165 305 291 332 curaret
315 325 325 341 ,
360 300 418 333 nisi
454 301 565 334 vinum
592 322 604 338 ,
622 297 662 332 ’δε
695 304 806 341 panem
840 296 972 340 sumpsit
991 319 1004 337 ,
1027 308 1106 332 mox

102 337 144 371 de
187 345 306 375 ventris
339 342 509 377 doloribus
541 341 669 386 questus
693 364 702 380 ‚
725 353 800 375 cum
834 339 884 374 his
918 342 1004 374 circa
1037 353 1105 374 me—

98 381 187 415 diam
212 386 339 419 nostem
362 386 407 419 est
431 396 578 420 mortuus
593 411 600 419 .
626 384 772 419 Cadaver
795 383 945 427 postridie
968 385 1001 416 in
1025 385 1102 427 Gy-

102 425 257 460 mnasium
299 429 426 463 illatum
461 429 503 463 est
524 452 538 469 ,
572 429 628 462 ubi
664 428 721 462 sub
763 429 898 461 initium
929 427 1100 461 Februarii

97 469 144 502 A.
168 473 262 512 1736.
288 473 477 506 Anatomen
513 473 669 505 docebam
691 497 698 504 .
832 471 1100 504 ABDOMINIS

102 511 254 559 musculis
270 537 279 552 ‚
303 518 359 558 qui
382 516 447 549 laxi
471 522 579 554 erant,
601 514 728 556 incisis,
750 517 782 548 &
804 524 914 548 ventre
937 513 1019 548 unde
1029 525 1102 555 gra-

99 563 149 585 vis
183 559 336 593 existebat
369 559 452 592 odor
473 581 483 596 ‚
519 555 701 599 patefastm
725 557 794 591 vidi
817 558 986 591 Tenuium
1018 558 1102 590 inte-

97 596 255 646 stinorum
280 613 345 635 non
368 602 528 635 modicam
552 610 677 644 partem
701 602 796 635 altius
818 602 901 634 intra
923 602 1021 634 imam
1036 599 1103 643 pel-

96 649 171 687 vlrn·
188 642 217 675 se
241 645 489 684 demittentem,
512 652 548 677 ut
571 644 610 678 ad
634 644 742 678 vesica:
776 644 874 686 usque
896 655 970 677 cum
994 645 1100 678 Recto

93 688 359 726 conjunctionem
393 689 576 729 perveniret
601 709 611 724 ‚
640 687 802 730 quidquid
834 688 881 719 ibi
906 686 999 729 spatii
1024 686 1067 721 est
1088 708 1098 724 ‚

94 729 281 770 complens.
310 731 367 765 Sed
391 732 457 765 haec
482 743 498 764 a
523 732 712 773 primordiis
733 754 742 768 ,
776 740 830 764 aut
853 739 938 763 certe
962 741 1027 763 non
1052 741 1100 763 re-

91 774 220 806 centia·
246 774 332 808 Illud
355 785 462 809 recens
484 774 572 818 quod
597 777 628 807 δε
651 786 709 813 ea,
731 776 761 806 δι
784 782 906 807 caeterae
927 773 1098 806 intestino-

93 826 166 849 rum
190 816 356 852 Tenuium
382 828 485 861 partes
508 818 671 851 nonnullis
695 818 775 850 locis
799 817 890 850 valde
913 825 1005 850 erant
1044 827 1097 849 ar-

92 859 176 898 daz,
203 859 388 903 ibidemque
412 861 529 900 fuscae,
554 862 633 894 alibi
657 870 764 894 autem
788 860 976 894 rubicundae
997 882 1010 899 ,
1040 859 1092 892 vel

91 903 237 935 minimis
262 903 396 937 vasculis
419 917 434 937 a
459 914 638 938 remorante
670 903 821 945 sanguine
843 905 889 936 ita
922 903 1065 938 distentis
1087 926 1097 942 ,

91 954 129 978 ut
153 945 174 978 si
198 947 314 980 rubens
339 959 409 981 cera
433 946 539 981 fuisset
564 947 680 990 injeeta
695 972 702 979 .
731 947 800 981 Nec
811 945 922 979 Craffa
945 945 1096 979 intestina

89 989 182 1021 aliter
203 989 256 1023 hic
281 992 349 1024 illic
372 990 402 1024 se
426 989 589 1025 habebant
606 1017 614 1031 ‚
638 989 814 1032 praesertim
847 1000 924 1023 vero
956 987 995 1022 ad
1018 989 1095 1022 Coli

88 1032 246 1065 initium.
268 1034 433 1077 Jecinoris
456 1044 522 1068 erat
545 1033 676 1077 crepido
700 1033 871 1076 subnigra.
895 1033 976 1065 Lien
1000 1042 1095 1073 aequo

87 1074 215 1117 major.
242 1079 382 1111 Arteriae
407 1077 538 1120 Magnae
563 1088 693 1111 truncus
718 1088 782 1109 non
806 1076 869 1110 sine
899 1073 1095 1118 quibusdam

86 1120 195 1161 parvis
218 1120 357 1155 officulis
379 1131 434 1164 per
468 1130 612 1155 ventrem
644 1119 807 1153 ferebatur
831 1142 841 1151 .
873 1118 963 1152 Cava
987 1128 1096 1154 autem

85 1172 167 1195 vena
193 1164 297 1198 multo
321 1165 437 1206 nigro,
461 1162 629 1207 fluidoque
652 1163 804 1206 sanguine
826 1163 944 1196 referta
966 1171 1053 1196 erat.

134 1216 182 1239 11.
207 1207 288 1240 Non
312 1208 391 1242 adeo
413 1209 544 1251 quidem
570 1209 665 1241 breve
688 1206 826 1249 spatium
838 1204 902 1240 fuit
924 1217 990 1248 quo
1013 1207 1096 1239 inte-

83 1249 246 1284 stinorum
277 1251 496 1286 inflammatio
532 1252 701 1286 mulierem
727 1273 737 1288 ‚
773 1250 813 1284 de
846 1261 909 1292 qua
947 1251 1094 1292 proxime

83 1292 263 1334 scripturus
287 1294 378 1334 sum,
402 1296 592 1330 interemit:
619 1295 713 1329 breve
736 1302 841 1327 tamen
865 1291 950 1331 fuit,
973 1295 1002 1326 &
1026 1291 1094 1325 for-

83 1335 165 1370 tasse
188 1337 317 1373 brevius
339 1351 438 1383 quam
461 1339 608 1373 videatur
631 1361 643 1377 ‚
677 1337 699 1372 fi
725 1348 790 1371 non
812 1347 878 1371 tam
903 1337 1094 1378 aegrotatio-

84 1382 136 1413 nis
157 1404 168 1421 ,
200 1394 300 1423 quam
323 1382 592 1417 inflammationis
615 1382 776 1416 constaret
799 1381 934 1413 initium
957 1403 964 1409 -
992 1380 1092 1419 Qod

83 1423 141 1457 etsi
165 1426 270 1459 minus
300 1436 426 1460 certum
459 1426 536 1465 est3
570 1436 676 1459 tamen
710 1433 824 1458 caetera
843 1434 928 1465 vquae
959 1421 998 1456 de
1032 1421 1093 1457 hac

82 1465 223 1503 foemina
248 1479 324 1503 nota
347 1470 477 1508 habeo,
500 1480 565 1503 non
590 1470 665 1503 sunt
688 1467 769 1501 mihi
794 1465 1091 1510 praetermittenda,

79 1513 207 1555 quippe
231 1513 384 1556 pollicito
399 1539 407 1554 ‚
431 1524 507 1547 cum
529 1512 569 1547 de
593 1511 714 1545 Cordis
738 1511 957 1553 Palpitatione
980 1512 991 1548 (
1015 1509 1033 1547 l<
1053 1513 1091 1550 )‚

80 1558 116 1587 &
139 1556 179 1589 de
204 1557 351 1590 Pulsibus
375 1557 422 1600 (l
442 1561 458 1598 >
479 1578 489 1594 ‚
508 1557 592 1590 *imo
615 1557 648 1588 Sc
682 1555 721 1589 de
744 1555 927 1601 Oculorum
953 1550 1092 1586 Affeeti-

80 1598 143 1632 bus
166 1603 180 1640 (
201 1610 232 1633 m
253 1603 270 1639 )
292 1600 486 1634 scriberem.
512 1600 592 1633 Haec
616 1599 701 1632 enim
725 1597 864 1632 Anicula
889 1595 944 1629 illa
968 1595 1012 1630 est
1034 1608 1091 1630 cu-

78 1641 132 1684 J'us
154 1643 241 1677 oculi
264 1643 456 1684 dumtaxat,
479 1640 753 1685 quemadmodum
775 1640 803 1674 se
827 1638 982 1674 haberent
1006 1666 1016 1683 ,
1052 1652 1090 1674 eo

78 1687 158 1720 loco
181 1686 358 1729 proposui3
383 1686 506 1729 reliqua
529 1688 562 1720 in
587 1686 687 1718 alium
711 1684 840 1719 distuli.

127 1738 173 1761 12.
198 1730 329 1762 ANUS
353 1729 568 1773 paupercula,
591 1728 695 1762 oculis
718 1738 811 1770 capta
839 1753 848 1769 ,
882 1738 982 1771 parvo
1012 1739 1088 1763 cor-

77 1783 182 1815 pore,
206 1775 238 1806 &
261 1774 362 1813 exili,
386 1784 402 1805 a
426 1774 525 1807 tertio
546 1771 611 1814 jam
635 1771 688 1806 die
711 1781 870 1814 aegrotans
892 1794 902 1810 ,
937 1773 970 1806 in
996 1774 1088 1807 Pata-

77 1817 195 1850 vinum
219 1815 463 1850 Nosocomium
487 1817 578 1850 illata
600 1815 664 1854 est,
689 1815 777 1858 quasi
792 1814 935 1849 thoracis
957 1816 1089 1851 inflam-

77 1860 226 1893 matione
248 1868 431 1893 teneretur.
457 1860 548 1892 Nam
572 1871 609 1893 ex
632 1858 700 1901 ipsa
723 1857 805 1893 nihil
828 1860 909 1892 certi
932 1859 1007 1893 elici
1031 1872 1089 1902 po-

77 1912 183 1942 terat,
208 1912 243 1936 ut
269 1913 345 1945 pote
366 1915 438 1946 quae
462 1904 586 1937 viribus
609 1912 676 1936 erat
709 1912 775 1936 tam
796 1901 931 1945 dejeffls
954 1925 963 1940 ,
990 1903 1090 1946 pulsi-

77 1946 140 1980 bus
165 1955 272 1980 autem
294 1946 431 1981 infirmis
455 1945 556 1986 adeo,
577 1948 609 1978 &
631 1946 757 1987 exiguis
779 1969 788 1984 ‚
825 1955 862 1979 ut
885 1946 996 1981 eodem
1028 1948 1089 1981 illo

66 2001 149 2032 >quo
171 1990 260 2024 illata
283 1991 347 2030 est,
373 1990 424 2024 die
448 1998 575 2023 mortua
599 1988 766 2022 efferretur
788 2014 795 2022 .
828 1990 978 2024 Cadaver
1012 1992 1088 2024 anni

75 2042 228 2074 tempore
254 2043 443 2077 opportuno
465 2055 474 2072 ,
503 2032 653 2068 videlicet
678 2031 735 2066 sub
759 2033 894 2067 initium
918 2036 961 2067 A.
990 2043 1086 2078 1742.

72 2076 195 2110 utilius
218 2076 281 2111 fuit
305 2089 402 2120 quam
427 2089 442 2110 a
467 2076 577 2119 primo
601 2075 768 2119 sperassem
797 2103 807 2117 ,
839 2076 876 2111 ad
900 2078 991 2119 plura
1016 2078 1090 2112 Stu-

73 2118 175 2153 diofis
198 2120 454 2155 adolescentibus
478 2120 689 2155 ostendenda.
715 2121 816 2157 Quod
839 2120 918 2154 dum
941 2132 1089 2163 agerem,

72 2163 110 2195 in
146 2162 212 2196 haec
246 2176 319 2207 quae
357 2163 521 2198 adnotabo
546 2191 554 2205 ,
589 2162 739 2197 ‘morbosa
771 2164 896 2197 incidi.
1002 2164 1085 2210 ,IN

70 2206 288 2243 2VENTRE
322 2209 471 2243 intestina
504 2216 593 2242 erant
636 2207 844 2240 inflammata
869 2228 879 2244 ‚
915 2213 953 2239 ut
995 2218 1088 2249 Jecur

74 2261 229 2293 quoque.
255 2251 378 2284 Eodem
403 2251 561 2284 attinebat
584 2250 671 2293 quod
695 2259 787 2284 utero
819 2258 930 2292 aperto
954 2274 963 2289 ‚
993 2249 1086 2284 fundi

71 2296 218 2328 :interior
252 2293 348 2328 facies
386 2296 495 2328 colore
529 2294 603 2328 esset
637 2303 699 2326 non
734 2295 839 2327 minus
873 2294 1053 2328 rubicundo
1074 2317 1086 2332 ,

74 2349 177 2380 quam
200 2337 221 2370 fi
247 2349 347 2380 nuper
371 2338 506 2371 fcemina
531 2340 562 2370 in
588 2338 754 2370 menstruis
778 2335 905 2370 fuisset.
930 2337 1005 2378 Qa
1028 2349 1085 2371 au-

61 2390 142 2412 vtem
176 2380 294 2416 fundus
331 2381 360 2415 se
393 2380 605 2414 contrahebat
638 2381 670 2413 in
694 2382 852 2413 cervicem
876 2401 884 2416 ,
923 2380 1083 2423 faciesque

72 2425 210 2458 internae
236 2427 377 2458 anterior
404 2450 411 2462 ,
444 2427 474 2457 &
501 2424 656 2467 posterior
680 2424 717 2456 ad
744 2426 899 2465 angulum
924 2425 956 2456 in
981 2424 1080 2458 latere

66 2467 204 2500 dextero
230 2468 468 2502 conveniebant
495 2490 507 2508 ,
539 2468 577 2501 ab
609 2464 680 2509 ipso
705 2468 824 2508 angulo
857 2467 1079 2502 membranula

62 2509 209 2554 profetia
233 2535 242 2550 ‚
278 2523 343 2545 non
382 2512 517 2544 minima
541 2532 550 2548 ‚
586 2511 620 2544 in
653 2511 868 2544 transversum
900 2512 1078 2545 ducebatur

62 2554 105 2588 ad
130 2552 246 2590 faciem
271 2556 501 2598 posteriorem,
526 2554 628 2588 limbo
654 2564 725 2587 toto
749 2552 902 2588 inferiore
916 2566 991 2588 cum
1017 2553 1075 2588 hac

62 2598 230 2632 cohaerens
253 2622 266 2639 ,
298 2609 411 2632 caetera
437 2598 540 2631 soluta
564 2608 661 2640 atque
684 2608 819 2638 extans,
843 2607 878 2631 ut
903 2608 1016 2632 contra
1040 2610 1075 2632 ac

63 2642 205 2678 valvulae
248 2644 364 2677 ervicis
390 2642 493 2675 solent
516 2664 525 2679 ,
558 2652 675 2675 cavum
706 2641 852 2681 sursum,
876 2653 942 2675 non
975 2641 1073 2675 deor-

67 2688 139 2722 sum
166 2712 174 2727 ‚
230 2685 401 2720 onversum
426 2685 556 2719 haberet
582 2698 590 2718 :
624 2686 735 2728 itaque
759 2685 934 2728 suspicatus
968 2685 1036 2718 sum
1062 2711 1072 2726 ,

68 2742 135 2766 non
159 2743 227 2764 eam
252 2742 268 2763 a
291 2729 483 2772 primordiis
509 2755 518 2769 ,
552 2728 601 2762 sed
627 2727 756 2761 fortasse
779 2739 796 2761 a
827 2728 952 2762 difficili
978 2738 1075 2771 partu

69 2776 182 2817 aliquo
204 2788 213 2812 3
247 2771 397 2816 peperisse
420 2774 507 2807 enim
533 2773 702 2806 mulierem
726 2771 892 2805 constabat
916 2795 926 2810 ‚
952 2782 1080 2805 uterum

70 2829 178 2853 autem
201 2817 401 2852 dextrorsum
424 2816 568 2850 videram
594 2815 814 2852 inclinatum
837 2817 999 2856 originem
1023 2814 1081 2849 ha-

69 2860 193 2896 buiffe.
327 2859 366 2894 In
390 2861 541 2894 Thorace
567 2858 657 2898 sani,
681 2861 712 2891 δε
734 2858 861 2900 prorsus
885 2858 973 2892 illaesi
1007 2859 1080 2900 pul-

67 2916 204 2941 mones.
231 2904 291 2937 Sed
317 2904 529 2945 pericardium
554 2903 696 2943 undique
709 2912 869 2942 annexum
892 2900 983 2936 cordi
1007 2912 1079 2944 per-

65 2958 167 2993 petua
190 2946 325 2990 quidem
362 2947 412 2980 sed
437 2959 502 2981 non
538 2945 718 2981 firmissima
751 2945 931 2979 cohaesione
965 2943 1008 2978 fic
1040 2954 1077 2979 ut

63 2992 165 3026 nullo'
185 2992 319 3032 negotio
341 2991 520 3032 digitorum
544 3002 605 3033 ope
632 3015 641 3030 ‚
675 2989 738 3022 fine
762 2989 824 3022 ulla
859 2988 955 3031 ipfius
978 3012 988 3028 ,
1021 2997 1076 3022 aut

67 3034 264 3070 membranae
286 3033 392 3066 cordis
414 3036 626 3070 laceratione,
650 3031 792 3075 disjungi
817 3032 960 3073 potuerit
983 3056 991 3065 .
1018 3032 1076 3066 Ad

67 3089 185 3121 magna
209 3076 280 3111 vasa
304 3087 369 3109 non
393 3077 591 3111 adhaerebat:
617 3073 698 3109 sacie
712 3085 817 3109 autern
828 3087 889 3118 qua
901 3076 994 3109 cordi
1021 3074 1074 3109 ad-

67 3123 204 3159 haeserat
225 3143 235 3157 ,
270 3121 377 3154 albam
400 3121 574 3164 quamdam
608 3120 745 3153 ostendit
781 3119 938 3152 maculam
961 3141 974 3158 ,
1007 3130 1073 3152 uno

60 3176 196 3204 v,tantum
217 3165 251 3197 in
276 3164 352 3197 loco
367 3187 375 3201 ‚
399 3176 531 3207 eamque
553 3162 716 3197 mediocre
740 3162 777 3196 ad
802 3162 941 3206 spatium
965 3161 995 3195 se
1019 3174 1072 3195 ex-

59 3213 251 3247 tendentem
275 3232 282 3239 .
320 3209 358 3240 In
382 3207 489 3241 cordis
513 3208 704 3241 ventriculis
725 3208 815 3248 niger
839 3231 848 3246 ‚
873 3217 909 3240 ut
934 3205 1072 3248 ubique,

62 3254 213 3298 sanguin
238 3252 334 3285 nullae
358 3261 463 3284 autem
488 3250 650 3293 polyposae
672 3250 912 3283 concretiones.
942 3248 1001 3283 Sed
1025 3248 1074 3282 hae

60 3303 202 3335 teretes,
229 3296 393 3339 albaeque,
416 3297 447 3327 δέ
470 3294 631 3328 nonnullae
655 3294 782 3333 craffae,
805 3296 836 3326 δε
860 3291 978 3329 firmae,
1002 3293 1073 3326 lon-

62 3356 114 3387 gae
139 3343 235 3375 etiam
260 3361 269 3376 ,
307 3349 342 3372 ut
374 3349 446 3380 quae
481 3338 520 3370 ab
544 3338 686 3373 auricula
710 3338 839 3371 dextera
861 3337 899 3370 ad
924 3339 1069 3369 Internas

60 3386 234 3434 Juguiares
259 3394 353 3416 venas
378 3381 603 3422 pertinebant,
626 3393 641 3413 a
665 3381 773 3415 cordis
795 3379 930 3414 orificiis
953 3381 985 3412 in
1010 3390 1066 3413 va-

62 3432 95 3466 :sa
120 3453 130 3469 ,
166 3424 320 3463 arteriosa
344 3435 474 3468 quoque
497 3446 506 3462 ‚
541 3424 703 3466 produnae
728 3424 837 3467 passim
861 3423 1063 3466 reperieban-

62 3485 138 3509 tur.
165 3474 203 3504 In
223 3471 330 3504 oculis
353 3469 493 3509 denique
516 3467 596 3508 quid
619 3466 851 3509 deprehensum
874 3467 913 3501 sit
937 3489 946 3505 ‚
972 3468 1005 3500 in
1031 3479 1066 3501 ea

61 3516 207 3560 'Epistola
227 3514 382 3555 scriptum
406 3510 471 3550 est,
495 3511 532 3543 de
555 3522 618 3553 qua
641 3511 807 3544 noviffime
831 3510 995 3545 indicavi.

109 3571 157 3603 ¹3·
183 3557 251 3591 Etsi
276 3553 446 3599 propositae
469 3553 620 3587 hastenus
643 3554 782 3588 historiae
806 3555 947 3594 docent,
972 3565 1068 3598 quam

61 3604 131 3638 cito
153 3601 317 3635 interdum
343 3598 453 3632 afferre
479 3599 617 3630 exitium
642 3597 758 3638 poffint
780 3597 907 3631 dolores
936 3599 1063 3632 intesti-

147 3644 317 3687 Mongagni
329 3644 363 3676 de
376 3642 443 3675 Sed.
459 3640 595 3683 &Caufi
608 3638 709 3673 Morb.
724 3642 823 3674 Tom.
837 3642 883 3674 11.

2024 239 2086 291 59

1156 308 1273 333 norum
1297 298 1361 332 sive
1382 299 1653 335 inflammationis
1677 303 1730 339 vi,
1753 301 1815 335 five
1838 302 1936 337 etiam
1971 304 2157 338 convulsio-2

1156 344 1205 376 nis
1229 364 1238 380 ‚
1272 344 1302 374 &
1324 344 1411 383 quod
1435 344 1642 386 consequitur
1661 367 1674 384 ,
1707 356 1804 387 quam
1827 356 1959 380 cautum
1984 347 2152 380 Medicum

1153 385 1213 420 effe
1235 385 1363 423 deceat,
1387 389 1418 419 ἃς
1441 385 1648 429 suspiciosum
1673 386 1820 422 saeviente
1843 389 1905 424 hoc
1930 389 2046 423 morbo
2068 399 2079 426 5
2103 398 2153 421 ta-

1151 440 1224 462 men
1246 438 1281 462 ut
1305 430 1409 462 multo
1433 432 1534 472 magis
1558 430 1736 472 suspicari,
1760 434 1790 464 &
1812 444 1921 467 cavere
1943 432 2057 468 debeat
2076 453 2090 471 ‚
2114 443 2154 465 ne

1152 472 1269 505 morbo
1292 470 1322 505 se
1346 473 1531 506 remittente
1559 499 1567 513 ‚
1597 476 1627 506 δι
1650 476 1739 517 quasi
1774 474 1910 510 abeunte
1932 498 1942 513 ,
1974 475 2062 509 inani
2099 473 2153 516 spe

1153 525 1386 593 nflnngnquam
1405 515 1560 554 fallatur,
1583 518 1646 551 tibi
1669 517 1869 561 insequentes
1894 518 2153 555 Observationes

1153 570 1174 591 o
1201 570 1240 593 en
1265 569 1319 592 ent
1335 583 1343 589 .

1200 612 1248 645 14.
1273 603 1728 638 ADOLESCENTULUS
1751 606 1848 642 vino,
1868 605 1901 638 &
1932 605 2000 638 vini
2027 630 2037 646 ,
2069 613 2153 647 quos

1151 654 1270 679 vocant
1292 667 1304 685 ,
1336 646 1507 687 spiritibus
1537 648 1665 681 deditus
1687 670 1698 685 ,
1731 659 1797 681 non
1839 650 1886 681 ita
1917 648 2040 690 pridem
2075 656 2152 681 cum

1149 687 1238 723 febre
1260 689 1418 725 laboraret
1443 692 1685 723 Intermittente
1710 711 1720 727 ,
1750 693 1870 725 ventris
1903 692 2015 724 dolore
2044 701 2154 724 corre-

1150 742 1225 774 ptus
1249 732 1350 766 suerat
1374 759 1383 773 ‚
1414 745 1510 776 quem
1535 733 1632 767 flatus
1657 754 1666 769 ‚
1699 744 1756 775 per
1778 733 1931 768 inferiora
1954 734 2075 772 emissi,
2101 734 2153 767 su-

1151 774 1308 808 stulerunt
1332 799 1339 807 .
1377 777 1503 811 Verum
1538 776 1609 818 post
1644 776 1711 810 dies
1744 777 1871 819 aliquot
1895 776 1995 811 rediit
2019 776 2113 809 dolor
2139 788 2150 808 ε

1147 829 1244 860 quem
1265 830 1341 852 cum
1362 819 1452 852 domi
1487 821 1601 854 tollere
1636 830 1700 852 non
1725 818 1826 861 posset
1852 835 1862 858 ς
1894 820 1947 855 die
1980 819 2109 854 tandem
2133 830 2153 854 a

1146 862 1253 896 reditu
1275 862 1397 896 doloris
1421 863 1509 897 sexta
1532 871 1681 904 exceptus
1702 863 1744 897 est
1767 865 1801 897 in
1824 863 2066 899 Nosoeomium
2084 862 2153 894 Bo..

1148 906 1299 940 noniense
1323 907 1352 938 S.
1379 907 1493 940 Mariae
1514 906 1553 940 de
1576 907 1677 941 Vita.
1704 908 1785 940 Erat
1807 906 1902 941 dolor
1936 909 1969 940 in
2001 905 2152 949 hypoga-

1148 948 1226 982 strio
1249 948 1383 983 affiduus
1399 971 1409 986 ,
1431 949 1483 983 sed
1505 950 1602 987 levis,
1625 949 1682 983 nili
1706 950 1795 993 quod
1820 949 1955 985 subinde
1991 948 2152 984 incresce-

1148 992 1203 1026 bat
1224 1015 1235 1031 ‚
1270 994 1302 1024 δε
1332 1002 1409 1026 tunc
1434 993 1514 1034 saepe
1540 1002 1652 1026 venter
1684 993 1730 1027 ibi
1756 994 1857 1037 magis
1880 993 2113 1028 intumescebat
2136 1014 2151 1032 ,

1145 1037 1178 1068 &¹
1206 1060 1215 1074 ,
1249 1034 1271 1068 fi
1294 1046 1424 1068 manum
1460 1036 1646 1070 admoveres
1668 1059 1677 1074 ,
1712 1036 1818 1079 plures
1849 1037 1898 1071 ibi
1929 1039 2027 1072 duros
2059 1034 2150 1079 quasi

1145 1078 1298 1121 globulos
1323 1080 1517 1121 percipiebas
1540 1105 1548 1113 .
1582 1079 1640 1113 Sed
1662 1082 1730 1113 cito
1761 1079 1829 1113 haec
1853 1081 2081 1114 evanescebant
2113 1092 2151 1113 o-

1145 1123 1237 1156 mnia
1257 1121 1360 1155 donec
1383 1124 1501 1156 iterum
1526 1134 1580 1164 per
1614 1123 1781 1157 intervalla
1816 1124 1956 1157 redirent
1981 1148 1990 1158 .
2023 1126 2152 1156 Stoma-

1144 1165 1225 1200 chus
1256 1176 1388 1208 quoque
1420 1167 1615 1200 condolebat
1638 1188 1647 1203 ,
1679 1168 1709 1200 &
1732 1165 1799 1209 jam
1834 1167 1985 1201 alimenta
2018 1170 2151 1200 vomitu

1144 1207 1313 1251 rejiciebat
1337 1210 1451 1242 cuncia
1476 1231 1486 1247 ,
1519 1221 1584 1243 non
1610 1209 1708 1243 modo
1732 1209 1963 1244 medicamenta
1986 1232 1995 1247 ‚
2030 1211 2063 1242 in
2099 1209 2151 1244 his

1145 1254 1262 1294 opium
1286 1252 1391 1295 ipsum
1416 1277 1423 1284 .
1458 1255 1573 1296 Itaque
1594 1264 1669 1286 cum
1692 1253 1784 1286 alvus
1818 1253 1877 1287 nisi
1914 1264 1968 1297 per
1991 1253 2151 1295 clysmata

1145 1307 1211 1329 non
1236 1295 1459 1338 responderet;
1482 1296 1668 1330 institutum
1692 1298 1735 1330 est
1760 1297 1851 1332 simul
1875 1297 1907 1331 id
1931 1308 2041 1331 curare
2066 1323 2076 1336 ‚
2110 1296 2152 1330 fi-

1146 1340 1215 1374 mul
1238 1338 1369 1375 medelae
1391 1339 1516 1383 aliquid
1531 1363 1540 1377 ,
1562 1343 1593 1373 δι
1618 1340 1812 1374 nutrimenti
1835 1352 1888 1382 per
1911 1340 2062 1384 clysteres
2086 1342 2152 1373 im-

1146 1385 1277 1417 mittere
1301 1395 1339 1416 ex
1361 1384 1453 1426 jure,
1474 1386 1504 1417 &
1529 1383 1751 1418 mollientibus
1773 1383 1881 1418 herbis
1905 1395 2053 1427 paratos,
2078 1383 2154 1418 nul-

1146 1427 1180 1461 lo
1201 1436 1310 1460 tamen
1333 1426 1459 1461 doloris
1479 1427 1658 1467 levamine,
1682 1438 1717 1462 ut
1743 1439 1780 1461 ne
1803 1436 1896 1461 antea
1918 1428 2052 1470 quidem
2074 1438 2151 1462 cum

1144 1481 1200 1514 per
1224 1469 1380 1512 injestum
1414 1481 1478 1503 non
1512 1471 1605 1504 semel
1629 1471 1738 1505 oleum
1761 1483 1776 1505 e
1801 1472 1860 1504 lini
1885 1471 2058 1506 seminibus
2093 1482 2151 1505 ex-

1142 1513 1280 1556 pressum
1303 1523 1499 1547 recrementa
1523 1514 1733 1548 educerentur
1759 1539 1766 1546 .
1802 1514 1938 1549 Inutiles
1957 1526 2086 1558 quoque
2110 1525 2151 1548 ex

1146 1557 1259 1591 eodem
1284 1559 1358 1591 oleo
1374 1581 1383 1595 ,
1407 1557 1514 1591 aliisve
1530 1582 1539 1596 ‚
1560 1557 1745 1591 abdominis
1767 1558 1977 1591 inunctiones
2000 1556 2153 1591 fuerant.

1143 1600 1259 1635 Levius
1282 1612 1366 1643 aeger
1389 1602 1421 1634 in
1446 1601 1565 1634 lectulo
1590 1601 1696 1634 sedens
1720 1624 1729 1639 ,
1762 1613 1859 1644 quam
1883 1602 2001 1635 cubans
2024 1625 2036 1641 ,
2059 1600 2155 1635 dolo-

1141 1655 1211 1678 rem
1234 1644 1378 1682 serebat;
1401 1645 1610 1688 quamobrem
1634 1644 1683 1677 vel
1707 1655 1781 1677 cum
1805 1644 1985 1684 dormiret,
2007 1643 2154 1679 sedebat.

1142 1688 1264 1722 Melius
1286 1699 1417 1729 quoque
1440 1687 1602 1725 habebat,
1627 1692 1657 1723 &
1680 1683 1811 1721 facilius
1831 1688 1979 1731 capiebat
2005 1688 2152 1722 somnum

1140 1732 1231 1766 inani
1255 1731 1442 1768 stomacho,
1473 1743 1571 1774 quam
1596 1729 1617 1763 fi
1640 1731 1719 1773 quid
1741 1729 1827 1766 forte
1850 1730 2052 1766 retinuisset:
2077 1742 2151 1775 quae

1141 1787 1189 1811 res
1216 1801 1225 1817 ,
1258 1778 1290 1809 &
1313 1774 1513 1819 quarundam
1541 1776 1678 1808 aliarum
1713 1785 1787 1817 quae
1818 1774 1931 1818 saepius
1965 1775 2152 1818 significant

1140 1831 1285 1858 vermes,
1311 1829 1463 1853 notarum
1489 1818 1632 1853 absentia
1655 1842 1662 1857 ‚
1694 1816 1855 1856 faciebat,
1881 1830 1917 1852 ne
1942 1830 1959 1852 a
1982 1820 2152 1854 lumbricis

1132 1864 1238 1897 *dolor
1260 1861 1318 1897 effe
1342 1862 1585 1898 existimaretur
1607 1886 1616 1900 ‚
1643 1862 1771 1899 tametsi
1794 1873 1897 1899 unum
1919 1871 2053 1899 teretem
2079 1865 2156 1900 lon:

1140 1909 1267 1950 giorem
1291 1907 1507 1943 nudiusterius
1530 1919 1586 1943 ore
1608 1904 1749 1952 ejecisset
1772 1932 1781 1943 .
1816 1908 1978 1945 Postremo
2001 1909 2150 1955 q-uaedam

1142 1963 1182 1984 ex
1205 1952 1367 1984 alimentis
1389 1954 1491 1995 coepit
1528 1954 1667 1987 retinere
1690 1977 1699 1994 ‚
1730 1962 1827 1997 atque
1860 1954 1941 1989 adeo
1976 1955 2151 1998 prandium

1140 2006 1289 2043 quoque.
1314 1995 1417 2029 Genae
1434 1997 1622 2043 ⁸rubebant,
1646 1996 1735 2039 quod
1757 1997 1823 2039 ipse
1846 2010 1884 2033 ex
1906 1996 2092 2034 defluxione
2116 2000 2153 2034 int

1142 2038 1259 2087 faciem
1284 2036 1343 2071 else
1365 2062 1375 2078 ‚
1410 2040 1515 2081 ajebat
1538 2063 1551 2080 ‚
1584 2041 1638 2074 cui
1661 2039 1814 2075 videl-icet
1849 2051 1916 2076 erat
1951 2044 2118 2078 obnoxius
2132 2069 2148 2080 >.

1144 2081 1301 2128 Sitiebat.
1328 2081 1504 2116 Abdomen
1529 2083 1713 2117 universum
1736 2084 1912 2120 distentum
1927 2098 2015 2122 erat.
2041 2084 2151 2126 Quin·-

1143 2125 1198 2156 &to
1220 2136 1287 2167 jam
1310 2125 1365 2158 die
1385 2136 1423 2159 ex
1445 2137 1512 2170 quo
1536 2128 1570 2160 in
1595 2126 1801 2162 Nosocomio
1821 2130 1880 2163 effe
1903 2142 2044 2175 coeperat
2070 2155 2079 2170 ‚
2105 2131 2150 2167 al-

1143 2166 1273 2203 locutus
1306 2168 1374 2201 sum
1403 2191 1413 2205 ,
1446 2179 1482 2203 ut
1525 2170 1666 2204 solebam
1689 2193 1700 2209 ‚
1733 2174 1820 2207 circa
1855 2173 1969 2209 horam
2016 2177 2110 2211 XVI.
2136 2200 2148 2216 ,

1127 2209 1370 2261 bruma-enim
1393 2213 1533 2247 instabat
1556 2215 1599 2247 A.
1630 2224 1726 2257 1703.
1758 2216 1949 2252 Mel-iuscule
1981 2219 2013 2253 se
2047 2219 2149 2255 habe-

1141 2263 1174 2286 re
1197 2278 1206 2293 ‚
1238 2254 1347 2288 dixit:
1372 2255 1470 2299 idque
1492 2257 1708 2291 confirmabat
1733 2259 1862 2300 vultus,
1884 2264 1916 2294 &
1939 2261 2092 2298 sermonis
2115 2273 2147 2299 a·

1138 2297 1267 2331 lacritas
1291 2320 1301 2334 ,
1333 2300 1364 2331 &
1388 2298 1534 2338 firmior,
1559 2310 1595 2333 ut
1619 2301 1651 2333 in
1676 2299 1826 2341 sedente,
1848 2307 1998 2347 corporis·
2017 2310 2112 2350 vigor
2135 2322 2152 2346 5-

1138 2351 1212 2373 nam
1237 2340 1343 2383 pulsus
1366 2352 1469 2384 neque
1504 2355 1646 2386 unquam
1678 2343 1893 2389 habuerant,
1926 2360 2029 2393 neque
2063 2361 2142 2387 tunc

1135 2382 1298 2418 habebant
1321 2386 1409 2427 quod
1432 2386 1636 2429 displiceret:
1661 2385 1762 2422 febris
1773 2400 1858 2423 certe
1869 2391 1955 2425 nulla
1968 2404 2044 2428 tunc
2056 2406 2144 2435 erat,

1134 2438 1237 2469 neque
1261 2439 1403 2470 unquam
1419 2439 1495 2463 toto
1506 2442 1546 2464 eo
1558 2441 1702 2472 tempore
1713 2433 1825 2475 quoin
1838 2433 2044 2471 Nosocomio
2056 2437 2142 2481 fuit,

1132 2482 1149 2503 a
1173 2482 1371 2513 quoquam,
1405 2471 1464 2505 nisi
1500 2471 1588 2507 forte
1619 2475 1738 2514 semel,
1762 2477 1871 2517 potuit
1905 2481 2140 2518 animadverti..

1131 2515 1220 2546 Cum
1246 2512 1313 2547 haec
1337 2516 1384 2549 ita
1408 2514 1510 2549 essent
1533 2527 1544 2554 3
1581 2518 1660 2560 quisv
1690 2527 1769 2551 tunc
1801 2520 1947 2556 crederet·
1981 2536 2143 2568 quantum

1129 2556 1261 2590 monstri
1289 2558 1414 2592 aleret?
1437 2559 1601 2593 Attamen
1624 2560 1695 2593 duae
1719 2562 1774 2595 vix
1797 2573 1890 2597 erant
1913 2564 2003 2600 horae
2014 2580 2052 2602 ex
2074 2582 2144 2613 quo

1127 2601 1174 2635 fic
1198 2611 1259 2650 ego
1281 2623 1294 2639 ,
1325 2603 1357 2634 &
1382 2603 1489 2635 caeteri
1514 2606 1571 2646 qui
1596 2603 1806 2644 invisebant,
1829 2608 1959 2642 studiofi
1980 2611 2142 2654 Juvenes,

1129 2646 1160 2676 &
1182 2644 1258 2693 V.¹¹'¹
1283 2644 1588 2686 observaveramus‚
1613 2659 1687 2681 cum
1715 2659 1847 2691 repente
1869 2662 1934 2694 prae
1959 2654 2081 2690 doloris
2105 2670 2140 2691 a-

1128 2686 1288 2720 cerbnate
1311 2688 1448 2722 clamare
1470 2692 1597 2732 coepit,
1620 2691 1717 2733 idque
1742 2693 1854 2728 affidue
1877 2695 1915 2728 ad
1939 2708 2058 2733 nonam
2090 2702 2142 2736 us.

1131 2741 1194 2778 que
1218 2731 1325 2765 nodis
1348 2732 1484 2766 horam.
1512 2733 1653 2768 Vomuit
1676 2737 1793 2770 interea
1820 2759 1829 2774 ‚
1859 2740 1891 2770 δι
1913 2741 1950 2773 ad
1976 2743 2138 2786 vesperam

1131 2785 1194 2816 Jam
1219 2774 1327 2816 pulsus
1353 2774 1411 2809 fibi
1438 2788 1502 2809 non
1525 2778 1663 2819 amplius
1689 2780 1838 2821 percipi,
1863 2781 2033 2820 admonuit
2044 2797 2058 2823 ς.
2078 2800 2138 2823 nec

1132 2828 1239 2850 revera
1265 2819 1306 2851 ab
1329 2819 1369 2851 iis
1392 2821 1449 2861 qui
1474 2818 1605 2854 aderant
1630 2845 1640 2861 ,
1675 2823 1820 2865 percepti
1854 2823 1926 2857 sunt
1950 2850 1959 2861 .
1996 2829 2067 2863 Ubi
2101 2837 2138 2868 ea

1129 2872 1228 2903 quam
1238 2859 1330 2902 dixi,
1354 2861 1430 2895 hora
1444 2861 1505 2895 suit
1517 2884 1527 2900 ,
1553 2865 1720 2897 continere
1733 2864 1762 2899 se
1775 2877 1839 2900 non
1852 2868 1958 2909 posse,
1973 2874 2135 2917 ait‚quin

1129 2915 1147 2937 e
1169 2904 1291 2938 lectulo
1315 2905 1352 2938 ad
1378 2906 1485 2939 alvum
1508 2907 1742 2941 exonerandam
1775 2909 1979 2948 descenderet
2003 2940 2010 2947 .
2044 2919 2136 2954 Dum

1128 2956 1309 2987 exonerat,
1331 2950 1440 2981 animo
1463 2949 1624 2990 linquitur
1648 2974 1656 2988 ‚
1691 2949 1798 2995 sicque
1820 2955 1906 2988 intra
1939 2958 2134 2998 semihoram

1128 2992 1269 3025 moritur
1292 3014 1300 3040 3
1435 2993 1675 3031 CADAVERA
1703 2995 1856 3037 postridie
1887 2998 1965 3034 dum
1989 3004 2097 3040 lavant
2119 3019 2132 3046 ς

1128 3044 1242 3077 magna
1266 3045 1314 3069 vis
1325 3047 1363 3069 ex
1372 3047 1428 3069 ore
1441 3032 1545 3068 effluit
1557 3036 1657 3079 quafls
1667 3037 1828 3081 sanguinis
1840 3044 1981 3084 putridi,
1995 3046 2131 3085 stercore

1128 3077 1231 3112 fluido
1261 3077 1392 3118 diluti,
1426 3077 1548 3112 tabacci
1581 3080 1691 3114 colore
1714 3105 1723 3119 ,
1758 3085 1789 3116 &
1825 3087 2004 3126 gravissime
2037 3093 2133 3128 olen-

1123 3121 1167 3153 tis
1190 3146 1198 3153 .
1225 3121 1341 3164 Itaque
1366 3122 1523 3156 abdomen
1546 3121 1669 3157 fastum
1693 3125 1735 3159 est
1756 3127 1789 3159 in
1813 3126 2025 3173 hvpogastrio
2047 3130 2131 3170 non-

1121 3163 1205 3213 nihil
1229 3164 1404 3199 flaccidum
1428 3179 1436 3198 ι
1462 3167 1493 3199 δι
1516 3177 1701 3209 quanquam
1733 3170 1766 3203 in
1799 3165 1974 3212 epigastrio
1998 3199 2009 3214 ‚
2040 3180 2132 3221 quod

1126 3207 1246 3241 livebat
1270 3235 1278 3248 ‚
1300 3208 1483 3250 caeterisque
1507 3210 1654 3251 partibus
1676 3212 1793 3247 durum
1817 3214 1889 3249 effer
1913 3217 2017 3254 adhuc
2039 3244 2049 3260 ,
2081 3233 2131 3259 at-

1125 3262 1190 3292 que
1213 3250 1385 3286 distentum
1409 3263 1420 3290 5
1452 3253 1558 3287 minus
1581 3263 1688 3288 tamen
1712 3265 1779 3291 erat
1800 3279 1811 3295 ,
1835 3270 1933 3300 quam
1955 3262 1990 3294 in
2015 3265 2093 3300 vivo

1127 3294 1197 3327 Ubi
1220 3298 1327 3330 cultro
1352 3305 1484 3330 ventum
1508 3297 1551 3331 est
1576 3297 1615 3331 ad
1640 3300 1758 3332 ventris
1769 3311 1906 3343 cavum,
1929 3304 2020 3340 illico
2043 3293 2127 3344 exfi-⁸

1122 3336 1203 3371 liens
1226 3340 1372 3387 prorupit
1386 3341 1503 3374 multus
1514 3339 1654 3379 humor,
1679 3340 1746 3383 ejus
1770 3343 1937 3385 persimilis
1949 3351 2125 3390 quiexore

1120 3378 1308 3420 effluxerat3
1335 3383 1375 3416 lic
1402 3393 1508 3417 autem
1531 3385 1702 3426 prorupit,
1728 3393 1763 3419 ut
1776 3387 1825 3420 illi
1838 3386 1896 3430 ipsi
1913 3393 1970 3432 qui
1987 3392 2129 3437 secabat,-

1116 3435 1183 3459 non
1207 3425 1304 3461 modo
1329 3427 1422 3459 nobis
1445 3429 1502 3469 qui
1529 3427 1691 3461 aderamus
1711 3450 1721 3466 ‚
1756 3429 1892 3464 dubium
1916 3433 2015 3470 fuerit
2037 3461 2051 3478 ‚
2083 3452 2126 3476 m

1118 3479 1157 3501 ex
1191 3470 1315 3503 ventris
1347 3481 1426 3502 cavo
1458 3471 1602 3503 extiterit
1634 3471 1668 3503 in
1701 3473 1789 3514 quod
1824 3483 1913 3509 antea
1938 3476 2013 3513 esset
2039 3482 2124 3518 effu-

1119 3512 1170 3545 sus
1193 3533 1203 3549 ‚
1237 3524 1275 3545 an
1300 3523 1339 3546 ex
1363 3512 1513 3547 intestino
1543 3513 1681 3547 distento
1705 3538 1716 3554 ,
1744 3516 1882 3560 ideoque
1918 3519 2013 3557 simul
2044 3536 2120 3562 cum

1119 3558 1301 3598 peritonaeo
1343 3553 1441 3589 facile
1485 3557 1718 3591 convulnerato
1743 3582 1751 3593 .
1797 3561 1880 3594 Mox
1912 3574 1996 3599 certe
2043 3580 2122 3606 cum

1120 3598 1280 3633 abdomen
1323 3598 1495 3634 diductum
1540 3601 1583 3635 est
1605 3612 1704 3677 ‚Heo
1747 3600 1884 3638 humore
1916 3608 2028 3650 plenus
2062 3625 2120 3657 ap-

1717 3654 1734 3677 2
1963 3656 2073 3694 paruit

65 3746 2078 3769 ῢ-Μ--Ἢμ-Μ
2096 3752 2109 3756 x

121 3818 138 3849 ς
152 3816 169 3842 k
184 3816 197 3846 )
212 3816 284 3847 Epist.
301 3824 340 3848 23.
359 3823 383 3841 n.
400 3822 438 3844 u-
495 3815 516 3845 ·(
529 3815 540 3840 Ι
555 3817 567 3844 2
584 3812 656 3846 Epist.
673 3820 710 3844 ²4-
727 3821 752 3840 n.
770 3821 806 3841 ιτ..

868 3816 884 3846 (
898 3822 922 3841 m
936 3815 951 3845 )
967 3814 1046 3852 Epist.
1063 3822 1101 3846 13·
1117 3824 1144 3845 n.
1164 3819 1201 3846 ira
