2498 4075
426 131 495 195 46

398 209 941 319 EPIS'TO'LA
1012 254 2190 324 ANAToMfflo-MEDICA
2259 262 2380 325 VL

791 379 990 447 Agitur
1023 382 1088 434 de
1123 383 1337 448 reliquis
1377 383 1667 437 Affee‘tibus
1700 383 1962 451 Soporosis
1980 423 1995 437 .

494 515 574 550 Uod
596 514 707 548 scribis
728 537 740 554 ,
772 512 876 548 missas
896 512 939 546 ad
973 522 1004 547 te
1027 516 1186 551 noviffime
1216 517 1355 553 Litteras

503 570 541 591 eo
565 560 665 601 magis
689 555 857 599 placuisse,
880 568 945 599 quo
968 557 1097 602 longior
1120 561 1153 593 in
1176 572 1210 593 ea
1233 560 1356 603 disqui-

502 601 614 635 sitione
638 600 685 635 sui
709 624 717 638 ,
739 610 808 641 quae
834 599 869 632 ad
893 601 1019 642 copiam
1043 604 1120 636 aeris
1143 603 1301 637 attinebat
1323 606 1357 638 in

354 644 505 689 sanguine
528 642 748 687 deprehensam
774 654 785 682 3
808 653 857 674 me
879 643 1007 685 quidem
1031 645 1153 688 gaudeo
1176 645 1359 681 obsecutum

354 687 412 721 esse
434 690 468 721 in
490 699 523 720 ea
548 699 579 720 re
601 687 763 720 voluntati
787 694 868 719 tute.
894 685 952 719 Sed
968 689 1073 721 ,velim
1095 687 1185 722 simul
1209 690 1352 724 animad-

353 740 479 771 vertas,
500 729 523 763 fi
546 741 643 772 porro
666 729 707 762 fic
730 739 856 770 pergam
880 728 1070 771 coniecturis
1082 755 1094 771 ‚
1115 735 1147 765 &
1160 733 1352 774 explicatio-

352 774 445 807 nibus
467 773 660 810 immorari3
684 782 748 804 non
772 771 865 804 facile
888 772 1026 814 spatium
1058 773 1243 809 habiturum
1264 785 1315 810 tot
1338 800 1349 815 ,

350 829 422 860 quse
449 817 577 858 reliquae
601 815 716 848 suntin
741 815 863 847 caeteris
875 816 1018 857 morbis,
1043 817 1350 856 Valsalvae‚&meas

350 859 597 893 Observationes
619 856 876 891 communicandi
897 881 911 897 ,
941 859 1030 902 quod
1054 862 1251 904 praecipuum
1275 886 1284 901 ‚
1317 867 1350 897 δε

347 913 403 942 te,
423 912 534 945 meque
556 900 709 943 dignius,
731 901 829 933 initio
851 901 1004 935 scribendi
1028 905 1229 947 propositum
1251 905 1316 940 fuit
1340 932 1347 939 .

349 947 476 979 Parcius
500 944 601 986 igitur
624 945 657 977 in
680 943 838 987 posterum
850 943 1064 985 con'eeturis,
1088 959 1219 990 quarum
1235 951 1352 983 verita-

347 999 412 1023 tem
435 988 578 1031 praestare
602 998 665 1021 non
690 987 800 1030 poffim
820 1011 833 1028 ,
863 988 897 1020 in
921 989 1082 1024 uleeamus
1104 1004 1114 1030 5
1151 993 1185 1025 in
1209 992 1352 1027 historiis

348 1042 452 1066 autem
470 1054 480 1070 ,
502 1042 634 1075 quarum
657 1032 769 1075 utique
793 1030 923 1074 poffim,
958 1045 967 1065 1
986 1042 1028 1068 ·tu
1052 1045 1115 1067 non
1132 1035 1268 1077 abnuis,
1291 1048 1351 1080 po-

347 1076 500 1110 tiffimum
522 1074 730 1108 inhaereamus
753 1086 761 1107 .-
793 1085 973 1118 quanquam
995 1077 1033 1111 ad
1056 1088 1126 1111 eam
1148 1090 1217 1121 quae
1240 1080 1275 1113 in
1300 1082 1351 1113 Se-

346 1119 518 1164 pulchreto
541 1119 687 1159 proxima
711 1118 855 1160 sequitur
876 1120 910 1152 de
934 1119 1064 1163 reliquis
1087 1120 1269 1166 Affec‘libus
1293 1127 1350 1158 So-

338 1162 455 1206 por'ofis
480 1162 658 1195 Seffionem
681 1163 695 1200 (
716 1173 734 1194 a
756 1164 771 1201 >
794 1172 907 1203 paucas
928 1174 998 1205 quae
1023 1165 1178 1198 attineant
1199 1189 1208 1203 ‚
1241 1167 1349 1200 obser-

339 1207 482 1239 vationes
505 1203 676 1241 habemus3
701 1203 740 1237 ad
761 1204 838 1238 duas
862 1213 967 1239 autem
991 1209 1153 1242 Sectiones
1184 1209 1350 1254 insequen-

340 1258 388 1282 tes
410 1252 424 1288 (
446 1247 465 1282 b
487 1252 522 1288 )‚
544 1246 694 1280 videlicet
719 1248 753 1281 de
776 1248 949 1292 Catalepfi‚
973 1253 1005 1284 &
1029 1253 1064 1286 de
1087 1250 1253 1294 Insomniis
1273 1278 1282 1293 ,
1306 1257 1348 1289 &-

343 1290 457 1325 incubo
472 1316 481 1332 ‚
503 1289 541 1325 de
560 1290 677 1333 quibus
699 1291 750 1323 vel
770 1291 804 1322 in
829 1292 1041 1337 Sepulchreto
1064 1306 1227 1338 perpaucae
1251 1296 1346 1338 sunt,

340 1335 444 1370 nullas
465 1361 472 1369 .
496 1335 625 1367 Scilicet
650 1333 810 1373 luctibus,
836 1341 869 1370 &
891 1350 924 1371 ea
946 1362 955 1376 ,
987 1350 1057 1382 quae
1079 1350 1154 1372 curn
1176 1338 1247 1382 ipso
1270 1352 1346 1374 con-

339 1378 432 1423 jungi
455 1377 555 1412 solent
574 1401 586 1419 ,
621 1377 778 1411 horrenda
799 1380 961 1415 insomnia
995 1385 1027 1416 ἃ
1050 1393 1178 1425 perraro
1217 1387 1346 1417 contin-

337 1433 402 1466 gun
431 1444 444 1462 ,
468 1424 500 1456 δε
523 1432 588 1455 non
610 1431 682 1455 ante
703 1432 818 1457 necant
838 1448 852 1465 ‚
883 1436 976 1467 quam
1000 1426 1033 1458 in
1059 1426 1138 1459 alios
1160 1426 1346 1468 degenerent

342 1477 415 1500 mor
462 1476 475 1498 s
496 1490 503 1496 .
538 1464 713 1507 Catalepfis
736 1477 844 1500 autem
875 1469 982 1502 multo
1005 1470 1107 1502 rarior
1130 1469 1256 1503 affeetio
1279 1471 1344 1512 est,

338 1512 372 1544 &
395 1509 530 1552 denique
553 1510 685 1551 caeteri,
708 1520 821 1553 praeter
843 1512 1068 1555 apoplexiam,
1093 1513 1239 1555 Soporofi
1255 1512 1342 1548 Affe-

334 1554 427 1594 ἂιις,
452 1551 529 1594 saepe
552 1551 588 1584 hi
611 1554 761 1597 quidem,
785 1554 835 1590 sed
859 1566 923 1588 non
947 1555 1005 1588 soli
1024 1579 1038 1596 ,
1065 1558 1282 1598 contingunt,
1304 1568 1339 1591 ut

339 1605 416 1639 pote
437 1597 493 1638 qui
527 1595 593 1631 fere
617 1610 691 1632 cum
713 1597 838 1631 morbis
861 1598 932 1632 aliis
955 1622 965 1638 ‚
995 1602 1029 1632 &
1053 1601 1246 1634 nominatim
1268 1613 1342 1634 curn

336 1639 479 1675 febribus
502 1642 700 1683 copulantur
719 1666 726 1674 .
759 1643 870 1684 Itaque
894 1642 983 1684 plura
1005 1642 1042 1675 de
1066 1643 1229 1684 Soporolis
1253 1645 1344 1677 Affe-

335 1684 443 1718 &ibus
466 1682 593 1719 fortasse
617 1686 694 1718 alibi
718 1696 725 1716 .·
758 1686 826 1719 imo
851 1683 904 1717 hic
928 1697 1056 1728 quoque
1078 1697 1126 1718 eas
1150 1686 1343 1728 proferemus

337 1727 484 1761 historias
507 1753 518 1769 ,
552 1730 585 1761 in
610 1728 726 1772 quibus
758 1737 793 1761 ut
818 1728 970 1770 peculiari
1002 1728 1144 1771 quodam
1167 1730 1265 1764 modo
1287 1731 1345 1775 ipsi

334 1770 456 1808 fuerint
481 1773 649 1811 adnotati3
673 1781 863 1805 tamencum
886 1772 957 1805 aliis
969 1771 1032 1804 fere
1055 1771 1219 1814 conjuneti
1243 1786 1346 1817 aegros

337 1814 379 1849 <le
402 1814 510 1849 medio
535 1816 723 1850 sustulerunt
741 1839 748 1847 .
776 1817 889 1848 Primo
911 1816 1102 1849 autemloco
1126 1818 1265 1860 quinque
1287 1817 1346 1852 ha-

336 1859 428 1893 bebis
451 1872 490 1894 ex
513 1859 686 1897 Valsalva3
711 1869 782 1891 nam
804 1867 942 1902 quatuor
964 1860 997 1892 in
1021 1858 1085 1901 ejus
1110 1858 1236 1903 scriptis
1259 1862 1347 1894 inve-

334 1905 391 1938 nio
412 1928 424 1945 ,
458 1903 613 1946 reliquam
637 1902 721 1935 olim
743 1901 780 1935 de
804 1902 873 1946 ipso
896 1904 999 1946 accepi
1020 1926 1033 1943 ‚
1065 1914 1081 1935 a
1101 1914 1164 1946 qua
1198 1906 1345 1947 protinus

339 1957 473 1981 initium
497 1958 640 1987 capiam.
905 1978 907 1980 ,

384 2003 413 2024 2.
439 1991 673 2025 ALOYSIUS
706 1990 875 2024 RATTA
902 2012 912 2028 ‚
946 1989 1153 2024 Bononiensis
1186 1992 1345 2027 Senatoris

332 2036 454 2075 frater,
479 2035 627 2076 provec'ta
651 2034 716 2066 Vir
739 2043 854 2074 aetate,
878 2045 892 2066 a
916 2033 1019 2077 longo
1030 2034 1092 2076 jam
1116 2043 1258 2077 tempore
1280 2035 1344 2078 hy-

331 2078 580 2123 pochondriacae
602 2075 764 2110 affeetioni
775 2100 788 2117 ,
814 2080 846 2110 &
867 2078 1017 2120 vertigini
1030 2079 1212 2118 obnoxius,
1237 2078 1342 2113 :estate

334 2124 377 2163 A.
408 2133 499 2164 1705.
524 2119 610 2154 sitire
633 2122 773 2154 nimium
795 2130 951 2162 coeperat,
977 2132 1051 2155 cum
1075 2122 1200 2160 mense,
1224 2131 1259 2155 ut
1274 2134 1341 2155 me-

333 2165 461 2199 minine
483 2163 617 2205 videor,
640 2163 824 2197 Novembri
848 2163 965 2197 morbo
988 2175 1082 2207 quem
1106 2165 1340 2207 paucisdescri-

333 2210 427 2247 bam,
453 2217 578 2247 repente
600 2217 764 2250 correptus
786 2206 829 2240 est
845 2232 852 2239 .
880 2208 989 2241 Pulsui
1013 2209 1099 2241 enim
1122 2208 1209 2242 bono
1230 2208 1341 2251 juneffl

335 2263 422 2286 erant
445 2251 560 2285 deliria
579 2274 591 2290 ,
625 2253 657 2283 &
681 2251 768 2292 quod
802 2252 1000 2293 praecipuurn
1023 2251 1207 2294 symptoma
1241 2251 1305 2286 fuit
1328 2276 1339 2291 ‚

337 2299 476 2332 maxima
501 2293 714 2327 somnolentia
732 2316 739 2324 .
763 2295 844 2327 Haec
867 2295 951 2326 intra
972 2293 1106 2328 biduum
1127 2297 1254 2328 circiter
1275 2297 1342 2329 Vi-

335 2352 405 2376 rum
429 2336 675 2371 Nobiliffimurn
697 2336 865 2369 confecere
888 2361 894 2369 .
1035 2339 1238 2372 VENTRE
1264 2362 1274 2377 ,
1308 2343 1340 2373 &

337 2384 492 2419 Thorace
516 2378 663 2418 reclusis,
688 2380 756 2412 sana
781 2380 888 2411 omnia
912 2380 1036 2413 inventa
1061 2380 1131 2413 sunt
1145 2394 1154 2412 :
1176 2384 1209 2413 δε
1231 2393 1341 2423 quam-

337 2429 386 2461 vis
409 2424 490 2459 odor
512 2421 597 2467 quali
622 2421 776 2466 ejusmodi
803 2434 837 2456 ac
862 2424 894 2454 in
918 2422 1103 2456 verminofis
1129 2423 1208 2456 solet
1228 2447 1241 2463 ,
1272 2427 1340 2458 exi-

338 2471 456 2509 steret,
502 2469 534 2501 ui
559 2466 630 2499 aliis
652 2465 826 2507 lacrymas,
851 2466 922 2499 aliis
946 2465 1209 2500 sternutationem
1233 2478 1341 2502 move-

337 2516 415 2554 bat,·
439 2524 480 2545 nu
498 2521 595 2554 quam
618 2519 722 2541 tamen
756 2520 966 2552 apparuerunt
996 2520 1132 2543 vermes.
1265 2514 1344 2545 Cra-

340 2560 396 2591 nio
421 2555 545 2589 exseno
564 2577 576 2593 ,
609 2554 641 2585 in
663 2552 780 2586 cerebri
814 2552 1011 2586 anfractibus
1045 2565 1121 2596 aqua
1150 2553 1344 2598 gelatinosa:

338 2604 374 2636 in
397 2597 581 2633 ventriculis
604 2607 729 2638 quoque
753 2621 762 2635 ‚
796 2599 833 2629 δε-
849 2608 909 2638 qua
941 2596 1127 2639 Oblongata
1151 2598 1285 2631 medulla
1309 2600 1343 2632 in

341 2645 445 2688 Spinae
469 2641 582 2676 tubum
603 2639 763 2673 descendit
775 2652 795 2677 ‚⁷
808 2650 887 2683 aqua
911 2638 999 2680 fuit,·
1020 2638 1069 2673 sed
1094 2651 1191 2682 pauca
1217 2643 1343 2675 utrobi-

365 2700 421 2723 re.

339 2702 360 2733 q
377 2701 415 2775 ¹3.
442 2728 582 2763 Videtur
615 2738 687 2762 curn
715 2726 883 2761 affeetione
914 2726 1074 2769 Comatosa
1106 2726 1203 2762 febris
1226 2728 1342 2771 peffimi

339 2776 439 2810 moris
463 2771 554 2806 fuisse
576 2769 765 2813 conjunetaz
790 2781 975 2814 quanquam
999 2772 1031 2803 ὃ(
1053 2772 1214 2805 cerebrum
1232 2796 1244 2812 ,
1267 2772 1341 2806 diu-

340 2820 445 2855 turnis
468 2815 682 2849 incommodis
704 2814 882 2848 obnoxium
902 2836 915 2853 ,
947 2825 1022 2847 cum
1045 2825 1209 2858 propterea
1234 2816 1339 2849 minus

340 2861 475 2897 resistere
498 2859 612 2891 valeret
635 2857 731 2890 causae
756 2857 883 2896 morbi,
907 2858 940 2889 in
965 2856 992 2890 se
1015 2857 1217 2902 decumbenti
1238 2881 1248 2897 ,
1273 2858 1342 2892 for-

341 2904 416 2939 rass‘e
440 2902 607 2935 interitum
629 2900 832 2933 acceleravit.
859 2900 890 2932 Si
914 2908 950 2934 ut
971 2903 1130 2934 vermium
1155 2901 1236 2935 odor
1258 2926 1267 2939 ‚
1299 2902 1341 2935 fic

341 2948 380 2983 us
401 2958 472 2982 uam
493 2955 610 2978 vermes
649 2942 856 2986 apparuissent
880 2955 890 2981 3
925 2943 1050 2977 haberes
1072 2946 1106 2978 in
1138 2945 1343 2988 Sepulchreto

342 2992 390 3026 hil
406 2991 508 3023 oriam
530 2992 543 3028 (
564 3000 580 3021 c
602 2992 638 3029 ),
659 2997 796 3029 quacum
819 2985 899 3032 hanc
920 2986 1103 3026 conferres;
1128 3000 1202 3021 nam
1227 2990 1272 3022 vel
1298 2991 1343 3022 ci-

342 3037 408 3069 tius
431 3031 581 3075 soporosa
607 3043 622 3063 a
646 3030 805 3062 vermibus
828 3029 958 3063 astec‘tio
982 3032 1120 3072 puellam
1143 3032 1266 3065 sustulit
1288 3044 1345 3066 un-

344 3078 513 3111 decennem
529 3099 536 3107 .
561 3074 613 3108 Ab
636 3072 742 3106 eadem
777 3082 880 3106 autem
903 3071 992 3105 causa
1016 3075 1062 3108 vel
1086 3076 1174 3108 viros
1196 3077 1343 3117 gravibus

342 3119 504 3154 interdum
535 3118 701 3160 soporibus
726 3117 826 3159 premi
848 3139 861 3156 ,
894 3116 1079 3151 Ballonium
1114 3117 1234 3152 ibidem
1257 3122 1271 3158 ζ
1293 3121 1345 3159 d)

343 3164 537 3197 indicantem
562 3173 591 3193 re
617 3162 714 3193 eries.
850 3159 907 3191 Sed
931 3171 1006 3202 age:
1032 3162 1114 3195 febri
1140 3164 1258 3205 pariter
1281 3174 1347 3195 ma-

344 3209 424 3250 ligni
449 3206 569 3247 generis
606 3204 859 3246 upervenientern
883 3200 1103 3245 affectionem,
1125 3217 1194 3248 quae
1218 3205 1255 3239 ad
1278 3208 1342 3239 Ca-

344 3263 415 3284 rum
440 3247 546 3280 referri
572 3256 718 3288 poterat,
744 3245 922 3279 videamus.

362 3306 416 3334 —4.
441 3291 701 3325 MULIEREM
733 3301 831 3322 annos
853 3299 959 3322 natam
991 3291 1028 3324 ad
1052 3293 1169 3334 viginti
1202 3294 1342 3335 quinque

345 3337 483 3378 maligna
508 3333 605 3367 febris
629 3333 833 3374 prehenderat
860 3357 872 3373 ,
895 3344 968 3365 curn
992 3333 1142 3368 surditate
1166 3337 1199 3368 in
1224 3337 1342 3377 princi-

346 3382 422 3423 pio,
447 3379 511 3412 Die
536 3377 663 3409 decimo
687 3377 822 3418 septimo
847 3376 1015 3418 soporosus
1038 3379 1155 3412 acceffit
1179 3378 1307 3412 affeffus
1332 3389 1340 3410 .·

345 3424 399 3466 qui
425 3422 501 3454 adeo
525 3421 627 3462 gravis
650 3419 752 3453 faetus
775 3420 815 3452 est
832 3442 839 3455 ‚
864 3431 898 3453 ut
924 3421 1121 3463 interrogata
1137 3434 1217 3464 aegra
1241 3433 1340 3463 neque

346 3466 457 3498 oculos
481 3464 613 3506 aperiret
634 3486 646 3503 ,
669 3473 767 3504 neque
790 3463 848 3496 ulli
873 3462 1089 3505 responderet.
1221 3465 1346 3499 MOR-

348 3509 459 3542 TUAE
481 3506 644 3540 cerebrum
666 3506 831 3539 inventum
844 3505 886 3539 est
908 3508 1042 3540 omnino
1061 3507 1190 3542 sanum:
1211 3519 1342 3551 rparvam

1406 520 1573 554 dumtaxat
1597 518 1654 553 seri
1675 520 1827 562 copiam,
1849 519 1926 553 dum
1948 520 2140 553 eximeretur
2167 542 2178 558 ,
2213 530 2267 562 per
2290 520 2406 555 Infun-

1406 564 1551 597 dibulum
1574 561 1736 596 emiserat.
1764 565 1801 596 In
1825 563 1991 605 Tympani
2015 570 2120 596 autem
2131 573 2249 604 cavea,
2272 565 2304 596 Sc
2327 575 2409 607 pro-

1408 607 1506 641 ximis
1529 604 1775 642 Sinuositatibus
1799 604 1919 639 saniosa
1941 607 2042 638 inerat
2065 607 2196 640 materia
2210 631 2218 639 .

1454 660 1481 687 ς.
1508 648 1682 682 Surditates
1704 651 1737 683 in
1762 649 1863 683 acutis
1886 648 2006 682 morbis
2028 648 2299 690 supervenientes,
2329 648 2409 692 saepe

1409 692 1558 725 invenisse
1581 693 1761 729 Valsalvam
1784 703 1859 726 curn
1881 703 1957 735 aqua
1983 693 2017 729 iu
2040 694 2217 735 Tympano
2229 691 2407 727 redundan-

1403 745 1434 770 te
1456 735 1645 778 conjunctas
1660 762 1668 776 ‚
1691 748 1707 769 a
1730 747 1778 768 me
1802 736 1881 768 alibi
1908 740 1918 775 (
1941 745 1957 768 e
1979 739 1993 774 )
2015 735 2192 770 indicatum
2215 737 2256 771 est
2285 762 2291 769 .
2326 736 2408 770 Haec

1403 788 1508 814 autem
1530 782 1562 812 ὃς
1586 790 1647 812 una
1669 790 1745 812 cum
1768 778 1854 812 febre
1877 779 2036 820 inceperat
2056 803 2070 819 ,
2100 783 2133 813 δε
2156 792 2172 812 a
2195 779 2279 813 sanie
2303 789 2370 811 erat
2393 804 2401 811 .

1402 825 1504 856 Porro
1527 824 1560 855 in
1583 822 1833 865 lethargicorum
1855 821 2017 863 capitibus
2040 822 2211 865 aliquando
2242 835 2299 866 pus
2321 823 2408 856 ines-

1402 865 1453 904 se,
1478 869 1509 900 &
1532 867 1691 900 Veterum
1713 865 1845 899 illorum
1877 861 1959 906 (f)
1990 864 2137 899 doen-ina
2160 865 2280 900 indicat
2303 890 2315 906 ,
2349 867 2407 909 qui

1402 908 1583 953 lethargum
1607 910 1641 942 in
1663 908 1785 942 cerebri
1807 907 2086 949 inflammatione,
2111 918 2205 952 atque
2228 910 2405 953 apostema-

1402 962 1432 985 te
1457 953 1643 996 ponebant,
1666 955 1697 986 δε
1722 950 1893 995 propofitae
1915 952 1951 984 in
1974 951 2182 993 Sepulchreto
2205 953 2258 996 (g
2279 957 2293 992 )
2327 952 2406 985 Ob-

1403 996 1593 1030 servationes
1614 995 1805 1030 confirmant
1829 1019 1836 1027 .
1870 995 2016 1038 Qarum
2037 1007 2111 1028 cum
2147 1007 2215 1028 earn
2240 998 2300 1029 rele
2322 1007 2406 1030 erem

1400 1051 1470 1081 quae
1506 1050 1637 1082 puerum
1680 1038 1830 1072 describit
1863 1050 1902 1071 ex
1933 1037 2114 1080 soporifero
2145 1039 2261 1080 capitis
2318 1039 2405 1072 olore

1401 1091 1587 1123 mortuum,
1610 1084 1643 1116 in
1666 1082 1756 1123 cujus
1777 1080 1924 1116 cadavere
1946 1082 2143 1123 pusecranii
2166 1093 2245 1114 cavo
2269 1093 2323 1125 per
2346 1093 2405 1114 na-

1402 1137 1448 1159 res
1472 1127 1594 1159 exierat
1608 1150 1621 1167 ,
1644 1125 1678 1157 in
1701 1136 1839 1159 mentem
1863 1125 1991 1158 alterius
2014 1123 2154 1159 historiae
2169 1126 2280 1166 venit,
2304 1137 2403 1168 quarn

1400 1169 1482 1202 mihi
1505 1177 1680 1202 narraverat
1703 1168 1870 1208 Medicus,
1894 1178 1988 1211 quem
2010 1169 2126 1202 merito
2145 1167 2272 1202 laudare
2293 1168 2408 1210 soleo,

1400 1213 1542 1255 Hippoi.
1566 1214 1674 1245 Franc.
1700 1211 1907 1244 Albertinus.
1936 1210 2095 1245 Parochus
2117 1223 2133 1244 a
2152 1212 2247 1253 longa
2271 1211 2327 1245 sub
2352 1212 2405 1245 so-

1398 1257 1427 1289 le
1450 1267 1561 1293 mora;
1587 1266 1656 1289 rure
1679 1255 1766 1288 enirn
1788 1252 1944 1297 degebat3
1966 1253 2145 1288 vehementi
2169 1253 2255 1288 febre
2278 1255 2403 1298 duplici

1397 1300 1553 1334 Tei-tiana
1575 1299 1727 1332 continua
1747 1322 1760 1339 ‚
1793 1301 1826 1332 &
1849 1295 1887 1331 ad
1910 1295 1991 1330 hanc
2015 1296 2161 1340 deinceps
2184 1298 2404 1334 accedentibus

1396 1343 1513 1377 delirio
1526 1366 1538 1383 ,
1559 1340 1817 1376 convulfionibus
1827 1365 1841 1382 ,
1861 1339 2010 1383 lethargo
2033 1339 2111 1374 adeo
2133 1350 2264 1375 vexatus
2286 1365 2299 1382 ,
2322 1351 2358 1376 ut
2382 1354 2400 1376 a

1396 1385 1532 1420 Medicis
1566 1398 1626 1430 pro
1646 1384 1809 1428 desperato
1841 1384 1969 1418 relictus
1991 1406 2000 1421 ‚
2033 1393 2152 1427 quarto
2182 1384 2308 1418 decimo
2340 1385 2395 1420 die

1396 1432 1572 1464 moriturus
1594 1428 1797 1469 crederetur,
1818 1440 1857 1462 eo
1878 1426 1950 1470 ipso
1972 1426 2023 1462 die
2046 1427 2152 1462 multo
2175 1430 2208 1461 δε
2231 1429 2316 1461 lotio
2331 1453 2344 1470 ,
2367 1431 2402 1463 δε

1396 1473 1508 1508 sudore
1530 1471 1664 1513 emisso,
1687 1471 1772 1506 febre
1794 1471 1925 1515 quidem
1949 1482 2023 1514 pene
2035 1472 2169 1504 omnino
2187 1470 2314 1506 ¹solutus
2337 1471 2379 1506 est
2393 1496 2404 1504 .

1396 1518 1519 1551 Verum
1542 1528 1617 1551 cum
1650 1514 1811 1559 lethargus
1833 1515 2045 1549 nihilominus
2079 1513 2225 1558 perstaret
2247 1539 2260 1556 ,
2289 1514 2403 1550 videns

1396 1560 1585 1595 Albertinus
1605 1585 1618 1601 ,
1650 1560 1752 1594 totius
1774 1559 1922 1602 corporis
1954 1559 2077 1592 vietum
2108 1555 2166 1592 effe
2195 1569 2401 1597 communem

1395 1604 1543 1639 morbum
1559 1631 1566 1642 ,
1591 1616 1654 1637 non
1679 1605 1779 1646 partis
1803 1602 2016 1644 peculiarem,
2039 1602 2073 1634 in
2096 1613 2158 1644 qua
2181 1601 2329 1636 videlicet
2352 1603 2405 1636 la-

1395 1658 1459 1681 tere
1483 1649 1663 1692 apostema,
1686 1646 1921 1690 suspicabatur,
1945 1647 1978 1677 &
1999 1643 2132 1688 quidem
2145 1647 2305 1691 anterius,
2326 1657 2404 1688 pro-

1396 1700 1502 1734 pterea
1525 1693 1599 1735 quia
1624 1690 1774 1724 morbum
1799 1702 1814 1723 a
1838 1688 1948 1722 dolore
1971 1687 2009 1721 ad
2042 1686 2182 1721 frontem
2207 1689 2323 1722 sciebat
2350 1691 2402 1722 in-

1396 1733 1531 1777 cepisse,
1555 1733 1643 1768 ausus
1665 1732 1728 1774 est,·
1750 1743 1787 1766 ut
1811 1731 1886 1775 ipsis
1910 1732 2065 1778 narrantis
2078 1731 2180 1764 verbis
2204 1742 2298 1771 utar3
2323 1742 2404 1775 apo-

1398 1777 1537 1811 stematis
1564 1777 1797 1821 disruptionem
1821 1785 1966 1814 tentare,
1990 1775 2190 1815 {abjiciendo
2212 1777 2290 1818 aegri
2313 1778 2403 1809 nari-

1397 1821 1454 1855 bus
1478 1823 1638 1863 pulverem
1662 1821 1834 1854 nicotianae
1851 1842 1864 1860 ,
1894 1817 2160 1861 inclamandoque
2184 1844 2193 1858 ‚
2225 1829 2260 1853 ut
2284 1818 2403 1853 sursum

1398 1865 1569 1898 attraheret
1584 1889 1592 1896 .
1617 1865 1697 1901 Quo
1719 1863 1807 1897 facto
1829 1870 1995 1896 commota
2017 1860 2204 1897 sternutatio
2226 1862 2268 1896 est
2289 1886 2302 1903 ,
2327 1862 2401 1905 pus-

1396 1919 1456 1952 que
1480 1920 1496 1941 e
1518 1908 1645 1944 naribus
1668 1907 1970 1950 sanguinolentum,
1995 1916 2050 1938 nec
2074 1917 2209 1952 paucum
2227 1930 2240 1947 ,
2261 1908 2366 1948 erupit
2391 1930 2404 1938 .

1395 1952 1467 1985 Hac
1500 1952 1603 1994 igitur
1625 1951 1675 1984 via
1709 1959 1903 1993 expurgatus
1925 1960 2007 1991 aeger
2028 1971 2040 1988 ‚
2074 1960 2140 1992 jam
2161 1949 2212 1982 die
2248 1948 2403 1992 vigesimo

1395 1996 1502 2037 primo
1523 1995 1601 2030 bene
1622 1993 1651 2027 se
1672 1992 1830 2032 habebat3
1855 1991 1913 2026 nifi
1936 1990 2023 2035 quod
2046 1994 2198 2035 vertigini
2221 2016 2234 2033 ,
2259 1994 2341 2027 auris
2363 1993 2404 2026 fi-

1395 2038 1494 2077 bilis,
1518 2038 1650 2080 aliisque
1672 2035 1903 2081 ejusdemmodi
1925 2044 1990 2068 erat
2014 2034 2194 2077 obnoxius,
2218 2039 2250 2069 &
2272 2037 2403 2079 aliquot

1394 2092 1491 2114 annos
1513 2079 1578 2114 suit
1592 2105 1599 2112 .
1624 2080 1683 2114 Sed
1704 2079 1773 2113 haec
1788 2092 1827 2113 eo
1837 2088 2016 2125 narrante,⁸
2027 2078 2117 2112 sanus
2131 2079 2256 2114 vivebat
2271 2104 2278 2111 .

1392 2123 1584 2166 Optandum
1607 2123 1679 2157 esset
1698 2146 1711 2163 ,
1734 2133 1770 2157 ut
1792 2125 1826 2156 in
1849 2122 1965 2166 quibus
1987 2122 2144 2163 ejusmodi
2167 2123 2405 2157 observationes

1391 2164 1505 2200 habere
1526 2168 1712 2209 contingit,
1735 2177 1842 2201 eorum
1864 2167 1968 2207 capita
1990 2187 1999 2203 ‚
2022 2166 2275 2209 quandocunque
2298 2177 2404 2199 more-

1390 2221 1523 2250 rentur,
1547 2210 1602 2244 sub
1622 2221 1733 2244 manus
1755 2210 1900 2244 caderent
1924 2208 2089 2251 diligentis
2113 2209 2251 2243 Seetoris
2264 2233 2276 2250 ,
2299 2211 2403 2252 &qui

1391 2265 1425 2286 ea
1447 2265 1516 2296 quae
1539 2253 1620 2286 olim
1636 2252 1872 2296 ‘praeceffiffenh
1898 2263 1962 2285 non
1986 2254 2169 2295 ignorarem
2191 2253 2404 2296 quemadmo-

1392 2297 1469 2330 dum
1491 2297 1525 2328 in
1549 2298 1595 2330 II.
1620 2296 1656 2329 ad
1681 2305 1712 2328 te
1736 2295 1880 2338 Epistola
1902 2299 1915 2334 <
1938 2295 1957 2328 h
1977 2299 1991 2334 )
2022 2295 2186 2330 interdurn
2209 2295 2330 2331 facturn
2356 2295 2405 2329 es-

1392 2341 1421 2373 se
1445 2362 1454 2377 ‚
1490 2338 1681 2374 ostendimus
1704 2352 1714 2378 3
1749 2348 1785 2372 ut
1809 2340 1977 2372 oculorum
2006 2349 2135 2382 quoque
2160 2338 2289 2380 judicio
2310 2341 2402 2383 plane

1393 2382 1573 2422 constaret,
1596 2394 1653 2425 pus
1675 2394 1714 2416 ex
1736 2381 1836 2414 cranii
1859 2392 1957 2420 cavo,
1981 2390 2045 2413 non
2071 2393 2109 2414 ex
2122 2384 2303 2416 Pituitariis
2328 2384 2406 2417 fini-

1393 2427 1472 2466 bus,
1497 2424 1647 2467 prodiisse
1669 2450 1677 2458 .
1705 2425 1765 2459 Sed
1788 2423 1851 2458 hoc
1875 2432 1954 2456 voto
1974 2446 1987 2463 ,
2018 2424 2107 2467 cujus
2129 2435 2204 2458 raro
2236 2436 2403 2468 compotes

1393 2468 1464 2502 fieri
1491 2468 1629 2508 accidit,
1656 2479 1739 2502 nunc
1762 2467 1921 2511 seposito3
1945 2478 2051 2508 paucae
2074 2470 2235 2507 omnino3
2257 2467 2280 2502 fi
2293 2470 2404 2504 vulne-

1395 2520 1540 2545 rarorum
1562 2513 1731 2555 exempla,
1754 2519 1790 2544 ut
1812 2510 1866 2545 hic
1889 2510 2023 2543 facimus
2038 2534 2051 2551 ,
2077 2513 2242 2554 excipias,
2277 2521 2328 2545 tot
2353 2515 2405 2547 in-

1396 2565 1445 2588 ter
1467 2567 1536 2597 quae
1570 2556 1604 2588 in
1629 2553 1837 2598 Sepulchreto
1867 2554 2009 2587 colledae
2034 2553 2106 2587 sunt
2126 2577 2135 2593 ,
2169 2556 2404 2591 observationes

1394 2607 1563 2632 occurrent
1586 2600 1697 2642 puris,
1721 2601 1755 2630 in
1777 2598 1911 2631 calvaria
1936 2596 2004 2639 post
2026 2597 2191 2640 soporosas
2216 2597 2402 2635 affeetiones

1395 2642 1539 2675 inventi.
1566 2643 1662 2685 Aqua
1685 2642 1868 2686 plerumque
1891 2642 2013 2683 reperta
2036 2641 2180 2685 legitur.-
2205 2641 2291 2685 quod
2305 2646 2405 2678 etiam

1395 2687 1429 2719 in
1453 2684 1503 2718 his
1526 2685 1706 2726 Valsalvae,
1728 2685 1866 2728 meisque
1889 2683 2178 2721 observationibus
2201 2687 2405 2721 animadver-

1395 2739 1466 2769 tes,
1490 2728 1552 2762 five
1574 2739 1696 2772 pauca,
1718 2739 1754 2763 ut
1779 2730 1813 2762 in
1837 2727 2054 2772 superioribus
2077 2728 2211 2769 vidisti,
2234 2729 2296 2762 five
2318 2734 2403 2767 mul..

1395 2782 1449 2811 ta,
1475 2781 1510 2806 ut
1533 2773 1565 2805 in
1589 2784 1623 2805 ea
1647 2784 1715 2815 quae
1741 2773 1881 2813 sequitur
1905 2773 2077 2813 proxima,
2102 2772 2245 2807 videbis.

1436 2820 1466 2848 6.
1500 2815 1955 2850 ADOLESCENTULUS
1989 2826 2144 2861 annorum
2178 2817 2367 2861 quindecim
2393 2843 2407 2858 ‚

1393 2860 1547 2901 vertigini
1571 2858 1731 2892 obnoxius
1754 2882 1767 2899 ,
1800 2870 1838 2892 ex
1860 2859 2036 2900 improviso
2069 2860 2104 2892 in
2127 2869 2245 2895 terram
2277 2864 2366 2897 cadit
2391 2888 2404 2905 ,

1395 2903 1554 2945 suppreffis
1576 2903 1724 2936 omnium
1745 2901 1887 2936 sensuum
1909 2901 2128 2938 functionibus
2152 2929 2158 2936 .
2196 2904 2267 2939 Post
2290 2907 2403 2940 horam

1399 2947 1437 2980 ad
1461 2946 1490 2979 se
1513 2945 1618 2986 redit,
1641 2946 1760 2989 linguae
1783 2954 1876 2978 motu
1900 2944 2046 2979 nonnihil
2072 2947 2167 2982 laeso.
2196 2953 2306 2986 Paucis
2329 2951 2399 2997 post

1396 2990 1506 3035 diebus
1530 2991 1564 3022 in
1588 2988 1708 3023 febrem
1741 2988 1859 3021 incidit
1884 2997 2009 3021 acutam
2031 3011 2041 3029 ,
2070 2993 2122 3025 cui
2146 2993 2292 3037 sopor-osa
2328 2997 2403 3031 affe-

1397 3035 1464 3067 etio
1486 3033 1668 3074 supervenit
1690 3043 1766 3065 cum
1788 3033 1910 3066 levibus
1934 3032 2074 3067 motibus
2097 3036 2287 3073 convullivis
2310 3067 2317 3073 .
2344 3043 2403 3074 Fa-

1396 3079 1459 3110 cies
1484 3076 1592 3109 rubet.
1618 3075 1766 3110 Tandem
1789 3077 1927 3108 moritur
1950 3101 1957 3108 .
2089 3079 2307 3117 MULTUM
2340 3084 2403 3118 sesi

1396 3122 1430 3153 in
1452 3119 1581 3153 cerebro
1603 3118 1774 3161 stagnantis
1797 3120 1977 3154 invenitur.

1440 3176 1470 3205 7.
1495 3163 1550 3196 Ad
1573 3170 1623 3194 tot
1645 3162 1715 3196 illas
1747 3173 1823 3204 quas
1843 3162 1940 3204 paulo
1971 3173 2040 3197 ante
2063 3167 2097 3199 in
2129 3167 2336 3209 Sepulchreto
2358 3172 2402 3205 es.

1394 3207 1424 3241 se
1439 3231 1448 3245 ‚
1473 3207 1637 3245 diximus,
1660 3217 1674 3238 a
1699 3205 1844 3248 pluribus
1867 3207 2063 3252 Auctoribus
2085 3209 2214 3245 habitas
2238 3226 2326 3257 aquae
2349 3217 2402 3248 jn-

1394 3256 1442 3284 tra
1465 3251 1608 3283 cranium
1630 3248 1699 3291 post
1724 3248 1890 3292 soporosos
1913 3250 2042 3285 asteclus
2065 3254 2322 3297 observationes,
2349 3271 2401 3293 ex-

1393 3302 1463 3327 tant
1485 3294 1556 3326 aliae
1579 3304 1649 3335 qua:
1680 3290 1754 3325 addi
1778 3292 1891 3334 possint
1911 3318 1918 3325 .
1956 3295 2028 3329 Nos
2062 3295 2136 3330 duas
2170 3308 2206 3331 ex
2242 3301 2364 3336 duobus
2392 3329 2401 3343 ,

1393 3336 1477 3371 haud
1501 3336 1633 3376 amplius
1648 3358 1657 3373 ,
1683 3335 1784 3368 altero
1806 3346 1926 3375 vetere,
1953 3338 2052 3372 altero
2075 3344 2250 3376 recentiore
2274 3346 2402 3379 Anato-

1391 3382 1476 3413 mico
1500 3378 1730 3412 indicabimus.
1752 3379 1892 3454 IIacobus
1917 3381 2043 3423 Sylvius
2066 3386 2079 3422 (
2103 3385 2115 3416 i
2136 3387 2149 3424 >
2182 3385 2214 3417 in
2237 3387 2397 3430 aliquibus

1385 3421 1568 3466 spectavisse
1592 3421 1644 3460 se,
1668 3421 1750 3464 scrip
1765 3431 1817 3463 1t,
1839 3424 1891 3465 qui
1914 3435 1985 3459 caro
2004 3448 2013 3463 ‚
2037 3434 2093 3459 aut
2118 3429 2244 3463 catoche
2278 3434 2399 3465 mortni

1398 3464 1662 3510 erantrrepletos
1687 3466 1809 3498 omnino
1830 3465 1954 3501 humore
1970 3468 2071 3511 seroso
2092 3471 2212 3505 cerebri
2235 3476 2394 3507 ventricu-

1400 3509 1467 3542 los.
1493 3508 1676 3541 Guilelmus
1701 3516 1803 3542 autem
1825 3510 2035 3545 Cheseldenus
2058 3516 2071 3552 (
2093 3513 2112 3553 l<
2133 3518 2148 3554 )
2170 3514 2199 3547 se
2223 3517 2256 3549 in
2280 3516 2400 3550 lethar-

2254 3569 2257 3570 ’
2278 3561 2359 3601 gicis

405 3668 589 3701 (a)131·3-
651 3667 839 3696 (b)4.8t<.
901 3670 1048 3700 (cJSess.
1065 3672 1108 3696 hac
1124 3678 1143 3700 3.
1162 3670 1273 3699 Obs.42.

410 3701 424 3727 (
436 3698 478 3728 j)
495 3698 550 3722 vid.
567 3695 627 3725 apud
646 3698 750 3722 Sennert.
768 3701 858 3724 Medic.
877 3701 952 3726 Prast.
970 3701 986 3725 l·
1007 3709 1023 3724 ι,
1045 3703 1070 3725 P.
1088 3709 1111 3724 2.
1128 3709 1148 3725 c.
1166 3709 1204 3724 20.

409 3730 472 3759 μί)
490 3729 604 3753 Calumn.
623 3729 717 3756 Depuxs.
735 3731 771 3752 28.

1335 3672 1349 3700 (
1366 3671 1380 3694 d
1397 3671 1410 3699 )
1427 3670 1452 3696 in
1469 3671 1549 3696 Schol.

1265 3701 1306 3731 (g
1324 3701 1333 3731 )
1350 3702 1408 3726 Sett.
1427 3710 1447 3731 3.
1465 3702 1506 3725 eir.
1524 3701 1582 3726 Obs-
1602 3710 1637 3731 31·
1657 3710 1691 3732 33.
1709 3710 1743 3732 34.

833 3731 843 3758 (
859 3730 874 3754 k
891 3731 901 3762 )
916 3732 957 3755 the
974 3732 1044 3755 Anat.
1063 3733 1093 3755 of
1106 3733 1145 3757 the
1162 3731 1228 3756 hum.
1245 3731 1309 3763 body
1327 3734 1392 3757 book
1409 3740 1431 3762 3.
1448 3731 1475 3757 ch
1502 3740 1538 3761 14.

1613 3672 1682 3700 (e)
1700 3672 1772 3701 Epist.
1791 3676 1863 3698 Anat.
1880 3684 1905 3704 71
1923 3683 1948 3699 n.
1965 3678 1985 3699 6.

1806 3705 1850 3733 (h
1865 3705 1879 3734 )
1896 3710 1976 3730 n.16-
