2498 4075
231 205 387 272 Epist.
426 207 585 259 Anat.
620 206 833 259 Medica
867 207 1063 260 XLVI·

74 297 124 330 24.
149 288 364 323 FOEMINAE
386 289 536 329 alterius,
558 299 656 330 quam
680 289 814 323 necdum
834 289 1028 332 quadragin-

30 337 62 363 ta
87 341 186 363 annos
210 340 317 364 natam
341 332 484 365 thoracis
507 342 617 366 acutus
633 332 783 371 morbus,
806 331 964 366 chronico
979 333 1028 365 su-

31 375 233 414 perveniens,
256 374 471 418 absumpserat
494 398 503 413 ‚
526 374 694 409 cerebrum
716 375 754 409 de
778 387 844 418 quo
866 375 949 409 nihil
974 374 1028 408 hic

30 418 148 449 attinet
171 416 298 458 dicere,
322 420 353 451 ὃς
375 420 575 461 generationi
599 419 768 452 attributas
780 427 882 460 partes
906 418 1029 452 ibidem

29 458 138 493 eodem
162 466 246 494 anno
267 463 351 495 circa
374 462 515 496 medium
538 462 752 496 Decembrem
774 460 942 495 ostendens
964 483 972 498 ,
995 463 1030 495 in

28 501 78 536 his
99 503 245 547 quaedam
268 504 388 538 offendi
412 516 474 538 non
498 505 631 548 indigna
655 517 726 548 quae
750 505 812 539 huc
829 504 1028 539 referantur.

155 548 184 579 A
232 548 645 582 NATURALI
690 558 725 583 ut
761 550 950 591 incipiam,
995 549 1029 582 in

27 600 94 631 quo
118 590 233 625 illaesus
257 591 377 633 hymen
401 591 571 625 foeminam
605 592 687 625 hanc
713 594 870 634 virginem
903 590 995 625 fuisse
1018 614 1028 629 ‚

27 634 256 668 demonstravit
280 647 291 673 3
326 634 536 669 subrubentia
559 635 625 668 albi
660 636 806 679 alioquin
831 634 1029 668 semilunaris

25 676 176 718 hymenis
207 688 327 712 cornua
351 677 388 711 ad
421 679 591 712 rubentem
613 680 773 722 quendam
806 677 892 721 quali
929 689 1028 711 annu-

28 720 95 754 lum
119 722 346 762 perveniebant
369 744 382 760 ,
414 733 482 763 quo
505 732 631 756 tumens
667 723 801 755 urethrae
825 721 897 754 finis
921 723 1029 763 cinge—

28 764 123 797 batur
147 788 154 795 .
192 763 343 798 Urethrae
368 774 473 798 aurem
509 767 648 800 alterum
674 790 684 804 ,
716 765 803 807 quod
828 763 864 797 ad
896 762 1030 797 vesicam

30 807 169 848 spediat,
192 807 379 848 orificium,
402 810 433 840 &
457 811 603 850 proxima
627 807 685 851 ipsi
710 833 720 848 ‚
756 806 892 842 urethrae
914 809 1031 840 intima

29 850 124 884 facies
148 850 251 893 nigris
275 874 284 889 ‚
319 851 496 892 parallelis,
518 852 642 891 craffis,
665 851 857 885 exstantibus
873 852 964 883 lineis
988 851 1034 883 se-

30 893 171 927 cundum
203 893 445 936 longitudinem
476 896 733 937 distinguebatur
758 919 768 934 ,
800 904 871 938 quae
906 893 1032 927 vascula

30 946 120 971 erant
144 936 295 970 videlicet
330 937 481 981 sanguine
511 938 646 973 distenta
672 962 678 969 .
713 938 878 980 Vaginam
902 962 911 976 ,
942 936 1033 969 oscuu

31 982 119 1020 lum‚
143 982 174 1013 &
195 982 355 1016 cervicem
379 984 463 1016 uteri
487 984 551 1025 ipsa
574 981 706 1025 quidem
730 992 793 1014 non
818 980 904 1014 secus
927 991 962 1013 ac
978 990 1033 1022 par

31 1023 104 1057 esset
128 1047 136 1062 ‚
159 1024 269 1058 inveni
296 1026 325 1059 se
349 1025 499 1059 habentia
519 1050 528 1059 .
565 1026 662 1059 Uteri
687 1034 794 1057 autem
818 1023 936 1057 fundus
959 1033 1033 1056 cum

32 1067 255 1112 protuberaret
280 1070 448 1112 aliquanto
471 1070 573 1112 magis
596 1079 692 1110 quam
715 1068 793 1101 solet
816 1092 825 1106 ‚
848 1069 949 1110 neq'ue
973 1064 1034 1098 hu-

31 1120 83 1152 Jtsss
105 1111 152 1143 rei
171 1112 300 1161 causam
325 1114 357 1145 in
382 1113 578 1155 parietibus,
601 1114 657 1154 qui
684 1110 751 1144 sani
777 1120 892 1149 erant,
916 1110 1036 1151 reperi-

32 1164 103 1187 rent
126 1167 136 1190 ;
168 1166 202 1189 m
226 1167 319 1193 cavea
343 1157 446 1198 reperi
471 1181 481 1196 ‚
511 1158 563 1189 cui
589 1164 653 1189 tres
675 1155 793 1188 innatae
816 1162 906 1188 erant
930 1163 1038 1186 excre-

33 1197 164 1232 scentiae
189 1223 197 1232 .
228 1200 357 1233 Harum
382 1201 523 1234 maxima
549 1199 645 1242 paulo
668 1200 786 1231 minori
809 1206 877 1231 erat
911 1195 1038 1230 ambitu

32 1252 131 1283 quam
155 1243 274 1284 unguis
298 1244 394 1284 digiti
418 1243 570 1286 pollicis,
593 1253 650 1275 nec
677 1241 767 1274 valde
791 1238 886 1274 crassa
913 1265 922 1279 ‚
946 1239 1039 1273 undi-

34 1295 97 1327 que
120 1283 244 1326 soluta,
266 1285 322 1319 nisi
345 1298 410 1328 qua
435 1297 489 1329 per
511 1296 714 1319 non—tenuem
739 1285 1038 1328 pedunculumcum

35 1329 163 1363 summo
197 1341 302 1365 caveae
324 1328 447 1364 sinistro
481 1329 579 1363 latere
614 1329 915 1362 committebatur:
949 1328 1036 1359 intus

35 1382 190 1417 extraque
213 1384 330 1416 magna
352 1385 392 1408 ex
415 1382 656 1417 parte'cruenta
680 1372 759 1406 adeo
784 1381 819 1405 ut
843 1372 1035 1411 nigricaret:

35 1416 136 1458 paulo
158 1417 263 1451 minus
285 1416 362 1451 dura
384 1440 393 1456 ,
417 1427 515 1461 quam
538 1417 695 1458 parietum
718 1417 802 1449 uteri
827 1413 1004 1448 substantia
1028 1436 1036 1445 .

34 1459 90 1492 Ad
109 1459 275 1494 ‘summum
299 1472 429 1504 quoque
452 1460 636 1502 oppositum
658 1459 741 1492 latus
764 1469 819 1501 par
843 1467 910 1491 erat
932 1459 1039 1505 nigre-

35 1501 102 1540 do3
126 1503 176 1537 sed
199 1503 286 1537 nulla
311 1505 359 1538 ibi
382 1502 590 1538 excrescentia
605 1527 613 1535 .
637 1503 716 1535 Erat
741 1512 845 1537 autem
857 1502 955 1534 altera
980 1499 1039 1533 ali—

35 1556 162 1588 quanto
184 1546 268 1581 infra
292 1559 365 1581 eum
387 1547 496 1581 locum
520 1547 695 1579 intervallo
713 1569 725 1586 ,
749 1544 948 1579 subrotunda
972 1554 1041 1575 me-

33 1590 181 1630 diocris,
203 1593 234 1624 &
256 1590 396 1633 ejusdem
418 1591 520 1624 ferme
542 1601 577 1623 ac
602 1591 705 1632 prima
719 1613 727 1627 ,
753 1597 874 1622 naturae
899 1612 907 1620 .
932 1586 1042 1620 Mini-

38 1644 91 1667 ma
115 1634 231 1670 tertia,
257 1634 353 1675 paulo
374 1632 458 1667 infra
483 1633 586 1675 ipsam
612 1633 749 1672 primam
775 1633 880 1666 locata
908 1653 916 1667 ‚
951 1640 1043 1665 com-

40 1677 158 1720 punffli
181 1688 297 1719 aquam
322 1676 427 1710 emisit
450 1699 460 1715 ‚
493 1676 579 1719 quali
603 1674 794 1718 hydatidem
827 1676 913 1707 intra
937 1673 1043 1707 corti-

39 1732 109 1755 cem
132 1731 170 1753 ex
191 1721 286 1762 nigro
309 1729 479 1754 cruentum
502 1719 682 1753 contineret
705 1743 712 1751 .
749 1719 812 1751 His
835 1719 880 1751 ita
912 1717 1044 1759 conspe-

39 1765 101 1796 ctis
125 1788 134 1802 ‚
163 1774 236 1797 cum
260 1765 297 1797 ad
321 1764 400 1797 Alas
424 1763 703 1805 Vespertilionum
726 1762 838 1796 oculos
862 1759 1055 1794 convertis--

40 1807 127 1845 sem5
153 1807 187 1838 in
212 1818 319 1840 earum
344 1806 476 1849 singulis
498 1808 584 1840 inter
608 1805 715 1848 ipsum
737 1807 847 1838 testem
872 1816 907 1837 ac
931 1804 1044 1837 tubam

39 1859 149 1884 ternos
164 1850 383 1891 'quaternosve
408 1849 560 1892 globulos
584 1847 742 1891 majores,
767 1848 946 1881 minoresve
971 1848 1045 1881 ani-

38 1892 200 1926 madverti
214 1892 342 1933 duros,
363 1896 394 1926 &
419 1904 458 1925 ex
469 1893 570 1925 rubro
593 1889 720 1929 fuscos;
742 1900 780 1924 ur
805 1904 820 1925 a
835 1893 943 1933 primo
967 1891 1047 1924 scir-

39 1936 150 1969 rhosas
184 1937 396 1977 conglobatas
420 1932 585 1977 glandulas
620 1935 678 1969 esse
701 1959 709 1973 ,
740 1934 953 1969 crediderim.
972 1934 1048 1966 ·Ve-

39 1990 112 2013 rum
147 1978 296 2022 scalpello
318 1978 466 2013 adhibito
490 2001 499 2016 ,
532 1978 588 2011 sub
610 1980 733 2012 cortice
770 1978 975 2011 membraneo
1009 1976 1049 2008 il-·

40 2023 103 2056 lius
125 2033 223 2064 quem
244 2022 337 2059 dixi,
359 2022 503 2061 coloris,
527 2022 677 2056 nucleum
701 2023 809 2056 inveni
836 2021 969 2057 album,
994 2021 1050 2053 lae-

40 2077 137 2105 vem,
159 2069 191 2099 &
214 2064 307 2100 facile
329 2065 552 2103 excidentem‚
577 2065 693 2100 durum
707 2089 719 2105 ,
741 2075 778 2099 ut
788 2064 912 2105 osseuS,
937 2075 976 2097 an
999 2064 1047 2096 la-

39 2108 153 2153 pideus
174 2107 251 2142 esset
265 2135 273 2149 ‚
297 2109 483 2151 dubitares,
507 2109 611 2150 figura
632 2131 640 2145 ‚
663 2112 695 2142 δε
720 2108 941 2150 magnitudine
963 2117 1047 2149 quo-

39 2164 103 2196 que
125 2173 137 2190 ‚
169 2151 193 2185 si
217 2153 368 2186 eduorum
390 2155 407 2187 e
429 2153 574 2187 maximo
606 2153 742 2194 globulo
765 2152 921 2194 spectares
945 2174 954 2190 ‚
986 2147 1045 2191 pisi

38 2195 233 2231 mediocris.
257 2196 400 2230 Globuli
423 2197 564 2231 minores
584 2196 737 2230 nucleum
767 2195 843 2228 huic
886 2193 1047 2232 similem,

39 2239 92 2273 sed
116 2240 274 2273 minorem
290 2263 302 2281 ,
325 2240 558 2279 continebant,
581 2238 640 2272 nisi
664 2238 752 2282 quod
776 2240 810 2271 in
834 2250 898 2272 uno
921 2249 959 2271 ex
984 2236 1047 2270 mi-

39 2284 140 2323 nimis
174 2293 234 2323 pro
257 2283 373 2317 nucleo
407 2284 542 2316 materia
565 2284 668 2316 inerat
692 2282 762 2314 alba
792 2282 927 2324 quidem
950 2304 962 2321 ‚
994 2279 1046 2312 sed

41 2323 231 2362 submolli53
255 2336 292 2359 ut
316 2338 356 2360 ex
378 2338 414 2360 ea
437 2325 534 2360 duros
556 2324 754 2360 concrevisse
777 2326 924 2364 nucleos,
951 2323 1044 2357 facile

39 2368 242 2412 conjiceres.
374 2370 564 2411 Intelligis‚
587 2370 667 2411 quid
692 2369 917 2410 impedimenti
942 2368 1044 2401 abin-

39 2411 174 2453 terjestu
197 2436 205 2451 ‚
235 2415 267 2446 &
287 2412 426 2455 pondere
457 2411 637 2446 istiusmodi
662 2413 872 2454 globulorum
895 2411 1044 2446 futurum

38 2455 139 2495 esset,
162 2456 316 2490 tubarum
341 2456 469 2493 motui,
493 2457 525 2488 &
549 2456 696 2499 propiori
722 2455 761 2489 ad
785 2456 874 2490 testes
887 2454 1041 2489 accessui.

40 2499 166 2532 Verum
188 2497 316 2541 insuper
339 2498 372 2533 hi
396 2499 528 2542 quidem
551 2509 642 2533 erant
665 2499 795 2533 exsucci
819 2522 829 2538 ,
853 2498 1010 2533 contradi
1033 2522 1043 2536 ‚

39 2543 72 2575 δι
98 2541 243 2583 strigofi.
269 2542 375 2576 Tubae
400 2553 478 2576 vero
491 2544 613 2584 pariter
637 2542 804 2584 imperviae
828 2552 924 2585 atque
947 2542 982 2574 in
992 2539 1044 2574 su-

37 2586 163 2628 periore
196 2586 330 2619 muliere
354 2586 480 2619 distum
514 2585 558 2620 est
581 2609 592 2625 ,
625 2585 682 2619 nifi
707 2585 796 2628 quod
830 2584 1044 2625 tenuissimum

38 2629 206 2705 {pecillum
236 2629 403 2673 aliquanto
426 2638 535 2664 tamen
571 2630 704 2672 propius
726 2638 856 2664 uterum
889 2628 1045 2665 admitte—

68 2681 142 2705 ant.

84 2724 136 2756 25.
160 2714 231 2749 Etsi
255 2726 333 2750 vero
354 2716 482 2760 qualem
506 2718 540 2750 in
563 2715 686 2751 duabus
708 2715 795 2751 hisce
818 2715 966 2750 foeminis
987 2715 1044 2748 de-

41 2757 196 2801 prehendi
218 2759 371 2793 tubarum
393 2760 610 2794 occlufionem
631 2785 640 2799 ,
662 2760 759 2794 talem
784 2760 889 2802 reapse
914 2761 946 2792 in
972 2759 1043 2792 aliis

39 2812 192 2844 quoque,
214 2811 252 2834 ut
274 2813 315 2836 ex
336 2803 405 2836 aliis
428 2803 525 2837 habes
547 2803 700 2845 Epistolis
713 2826 725 2844 ‚
748 2813 979 2846 nonnunquam
992 2803 1044 2835 in-

40 2846 116 2878 veni
138 2857 148 2882 ;
181 2845 277 2885 longe
301 2846 406 2888 plures
439 2856 545 2881 tamen
568 2846 662 2881 fuisse
687 2869 699 2886 ‚
734 2846 838 2882 fateor
860 2850 894 2881 in
927 2845 1044 2888 quibus

38 2899 114 2922 cum
136 2886 278 2936 occlusas
299 2890 407 2932 primo
430 2891 607 2924 tentamine
628 2890 876 2927 existimassem,
899 2889 969 2933 post
991 2900 1045 2923 ac-

39 2931 237 2965 curatiorem
260 2932 522 2974 perquifitionem
558 2945 664 2967 revera
688 2932 781 2967 fuisse
803 2934 926 2975 pervias
942 2955 951 2969 ,
976 2935 1044 2966 ani-

40 2975 229 3015 madverti,
249 2977 280 3008 &
302 2976 390 3017 quod
413 2977 446 3010 in
471 2979 498 3010 Ι.
522 2976 604 3011 olim
626 2977 833 3012 Adversariis
855 2979 870 3016 (
892 2977 911 3009 d
934 2979 944 3014 )
968 2978 1045 3010 scri-

39 3017 165 3061 pseram
187 3041 197 3057 ‚
231 3017 383 3052 insecutis
404 3021 604 3063 temporibus
635 3019 824 3055 confirmavi
846 3046 856 3054 .
891 3020 943 3053 Sic
967 3031 1044 3054 vero

40 3061 113 3095 aliis
137 3062 259 3103 pariter
282 3061 486 3096 observatum
510 3062 568 3098 esse
592 3086 602 3102 ‚
636 3063 863 3098 testimonium
890 3074 1043 3106 compro-

39 3105 99 3137 bat
122 3104 395 3147 Experientiffimi
419 3106 544 3140 Halleri
579 3111 590 3147 (
613 3119 628 3142 e
652 3111 662 3146 )
687 3130 701 3148 ‚
731 3118 790 3141 non
807 3106 964 3150 saepiffime
989 3115 1043 3140 tu-

39 3149 97 3181 bas
120 3146 286 3186 obfirmas
307 3146 384 3191 effe,
408 3148 487 3182 refft'e
509 3158 617 3183 contra
642 3149 832 3194 Ruyfihium
854 3154 1044 3193 Morgagnus

40 3190 179 3233 Aci-vers.
203 3194 231 3222 Ι.
254 3192 335 3225 Sane
368 3202 473 3226 autern
495 3204 567 3227 cum
602 3194 791 3237 Ruyfchius
814 3196 847 3227 in
879 3193 1043 3226 Observa--

41 3236 133 3284 tione
165 3231 250 3277 (f)
282 3245 381 3277 quam
405 3236 612 3277 Sepulchreto
642 3249 707 3271 non
740 3237 880 3271 additam
915 3234 1007 3270 fuisse
1032 3260 1041 3274 ‚

41 3287 163 3311 mirum
186 3276 229 3311 est
250 3301 267 3318 ‚
296 3277 375 3312 duos
407 3279 559 3313 tubarum
590 3279 779 3315 occlusionis
810 3279 923 3314 modos
956 3279 1042 3314 haud

39 3320 173 3354 obscure
195 3320 407 3364 proposu'iffet
430 3344 445 3362 ‚
472 3334 717 3365 quorumyunus
737 3325 782 3358 est
810 3323 940 3366 quando
964 3323 1055 3357 altess?

40 3375 78 3397 ro
102 3373 251 3398 extremo
282 3376 356 3398 cum
379 3365 455 3399 teste
486 3367 602 3401 arctius
626 3366 699 3401 sunt
732 3367 860 3402 coalitae
882 3390 892 3405 ,
926 3366 1006 3400 alter
1029 3395 1040 3410 ,

40 3419 115 3442 cum
136 3408 305 3443 obstruc'tae
328 3408 398 3442 sunt
419 3408 509 3443 aliter
531 3422 543 3446 ’γ
580 3410 783 3452 manifestum
807 3410 865 3445 esse
888 3411 1038 3445 omnibus

40 3452 149 3494 potuit
171 3474 181 3490 ,
217 3463 287 3485 mea
307 3451 365 3491 ,illa
388 3451 577 3486 Adversaria
607 3463 729 3488 attente
753 3454 933 3498 legentibus
955 3477 965 3492 ‚
997 3455 1036 3489 de

39 3495 147 3539 prim—0
169 3495 265 3528 verba
295 3505 345 3527 rne
368 3505 434 3528 non
461 3494 566 3530 fecisse
587 3519 603 3536 ,
633 3508 669 3531 ut
692 3507 768 3539 pote
801 3500 835 3532 in
858 3509 924 3540 quo
948 3499 1035 3533 nulla

40 3538 82 3571 est
114 3549 194 3579 opus
218 3537 449 3581 perquisitione
472 3562 485 3577 ‚
516 3548 552 3574 ut
576 3540 805 3575 evidentiffima
837 3540 977 3577 occlufio
1000 3543 1041 3576 in?

124 3583 290 3625 Morgagni
300 3581 413 3614 crased.
427 3585 469 3617 &⁶
480 3586 567 3623 faus.
580 3583 683 3617 Morb.
696 3586 796 3617 Tom.
814 3585 861 3619 II.

1099 206 1220 258 Art.
1237 220 1318 270 ²4·
1338 211 1414 268 25'.
1435 204 1514 259 26.
1534 221 1611 268 27.
1631 209 1686 262 &
1705 207 1784 259 28.
1914 220 1968 257 21
1978 223 2011 269 7
2043 209 2047 213 '

1080 289 1287 332 conspe-&cum
1314 290 1440 322 veniat.
1466 290 1549 329 Qae
1573 300 1647 322 cum
1670 290 1718 322 ita
1740 289 1827 326 fint3
1849 286 1956 321 fateor
1979 313 1990 329 ,
2029 299 2079 321 me

1081 334 1239 375 legentem
1262 343 1333 374 quae
1347 332 1528 375 Ruyschius
1551 335 1606 375 (g
1628 336 1639 371 )
1663 344 1722 375 pro
1744 331 1773 368 se
1788 331 1952 373 reposuit,
1977 341 2080 373 quan-

1081 386 1150 409 tum
1181 377 1307 409 eximia:
1331 377 1454 409 Summi
1478 377 1670 411 Anatomici
1703 386 1776 417 erga
1799 386 1850 408 me
1883 374 2079 409 humanitati

1081 419 1272 452 obstrictum
1297 429 1348 452 me
1371 418 1454 452 sensi·
1471 445 1480 459 ‚
1504 428 1632 453 tantum
1656 418 1717 452 esse
1741 419 1914 458 miratum,
1937 428 1996 452 cur
2017 416 2078 459 ipsi

1082 462 1168 504 visus
1201 461 1258 494 sim
1283 462 1375 496 illum
1407 461 1492 496 tubae
1516 474 1591 495 cum
1624 456 1702 496 teste
1734 461 1891 495 coalitum
1924 469 2079 502 nunquam

1081 505 1178 538 oculis
1195 503 1341 548 speffaffe
1361 506 1460 539 meis.
1486 506 1705 547 Spectaveram
1728 515 1833 539 autem
1854 527 1863 542 ,
1887 507 1917 538 &
1943 501 2082 546 spectavi

1084 549 1180 583 etiam
1205 548 1332 590 postea,
1354 557 1390 582 ut
1415 560 1490 582 meae
1515 548 1553 583 ad
1577 558 1608 582 te
1634 548 1788 590 Epistolae
1811 548 2002 587 ostendunt,
2024 556 2083 579 nec

1081 593 1185 626 solum
1209 592 1242 623 in
1266 592 1382 625 vetulis
1404 594 1418 630 (
1438 590 1458 624 h
1479 596 1493 631 )
1516 615 1528 631 ,
1562 591 1612 625 sed
1635 595 1664 624 δέ
1699 593 1732 624 in
1759 591 1940 633 junioribus
1963 593 1976 629 (
1998 590 2010 622 i
2035 592 2045 626 >
2071 600 2082 620 ··

1082 639 1111 668 δε
1136 636 1169 666 in
1195 635 1338 677 utrisque
1364 634 1528 668 interdum
1552 636 1704 677 utrinque
1726 639 1740 675 (
1762 633 1779 674 l<
1802 637 1811 672 )
1837 656 1850 673 ,
1874 636 1948 667 alias
1973 633 2012 666 ab
2035 631 2082 664 al-

1080 690 1151 711 tero
1174 677 1343 712 dumtaxat
1367 679 1464 712 latere
1488 678 1593 720 (l)-.
1619 679 1732 710 sedec
1756 676 2006 711 Observationes
2031 674 2083 707 su-

1081 719 1214 764 persunt
1238 723 1308 756 aliae
1329 745 1342 763 ‚
1371 732 1508 764 quarum
1531 720 1593 754 huc
1617 721 1694 754 duas
1719 721 1898 754 adscribere
1923 731 1988 753 non
2011 729 2085 760 gra-

1086 765 1207 797 vabor.

1128 809 1177 838 26.
1207 809 1234 839 A
1264 808 1297 840 N
1323 809 1357 841 U
1380 810 1420 846 S,
1445 820 1483 842 ex
1505 809 1622 849 capitis
1645 808 1713 841 iftu
1739 818 1873 841 mortuae
1899 829 1910 844 ,
1932 803 2087 848 genitalia

1082 862 1156 884 cum
1189 854 1320 884 annexis
1344 852 1497 885 urinariis
1530 852 1679 885 Partibus
1703 850 1741 884 ad
1779 863 1828 884 me
1853 852 1948 884 allata
1980 848 2054 882 sunt
2077 870 2087 884 π

1083 897 1270 927 Anatomen
1295 896 1329 927 in
1353 894 1532 937 Gymnalio
1556 895 1735 927 tradentem
1758 916 1767 930 ,
1802 894 1858 927 sub
1877 892 2026 937 ¹Ianuarii
2049 889 2087 923 fi-

1083 948 1155 970 nem
1181 939 1223 970 A.
1251 949 1343 980 1743.
1471 939 1653 971 AORTAE
1687 947 1817 971 truncus
1840 938 1897 981 qui
1933 938 2017 968 inter
2041 943 2092 967 re-

1084 991 1137 1013 nes
1159 979 1368 1015 descendebat
1393 1005 1402 1018 ‚
1436 982 1522 1014 intus
1545 994 1561 1014 a
1586 980 1712 1014 summo
1736 982 1775 1014 ad
1800 980 1895 1014 finem
1920 979 2018 1021 usque
2042 975 2093 1009 fa·-

1084 1025 1166 1057 ciem
1201 1024 1323 1067 ubique
1348 1024 1461 1058 habuit
1494 1025 1634 1057 maxime
1670 1024 1860 1065 inaequalem
1885 1047 1896 1063 ,
1929 1025 1959 1055 &
2001 1017 2091 1063 quasl
2128 1031 2129 1034 ’

1086 1066 1247 1100 corrosam
1272 1068 1316 1099 ob
1339 1064 1435 1099 osseas
1460 1065 1627 1108 squamas,
1651 1068 1778 1100 crebras
1802 1067 1880 1099 adeo
1896 1092 1904 1105 ,
1930 1075 1966 1098 ut
1991 1065 2095 1096 Lum-

1087 1112 1215 1144 barium
1252 1111 1443 1142 arteriarum
1466 1110 1574 1143 oscula
1608 1121 1645 1142 ne
1671 1109 1802 1152 agnosci
1834 1108 1966 1151 quidem
2001 1105 2095 1153 facile

1089 1151 1212 1197 possent
1228 1177 1235 1184 .
1262 1154 1369 1186 Tubae
1394 1162 1498 1186 autem
1524 1154 1608 1186 uteri
1633 1154 1678 1186 ita
1703 1164 1777 1186 cum
1789 1152 1945 1192 testibus,
1969 1150 2097 1191 alioqui

1089 1209 1155 1230 non
1181 1196 1339 1235 tumidis,
1366 1205 1522 1229 concretae
1547 1204 1658 1235 erant,
1681 1198 1711 1229 δε
1734 1195 1874 1229 confusae
1898 1218 1907 1233 ‚
1936 1204 1972 1228 ut
1998 1193 2098 1225 altera

1090 1240 1262 1283 praesertim
1280 1265 1289 1279 ‚
1312 1252 1383 1283 quae
1408 1239 1548 1273 fimbriis
1571 1242 1707 1273 omnino
1729 1238 1858 1273 carebat
1876 1261 1888 1279 ,
1909 1251 1924 1273 a
1949 1235 2026 1271 teste
2050 1236 2101 1267 in-

1089 1282 1231 1318 ternosci
1257 1295 1321 1316 non
1348 1282 1472 1326 posset.
1522 1288 1524 1290 '
2072 1321 2080 1327 ·

1134 1339 1184 1365 27·
1209 1327 1246 1360 Μ
1273 1328 1306 1359 U
1329 1328 1355 1358 L
1381 1328 1395 1358 I
1421 1327 1449 1359 E
1472 1327 1504 1361 R
1528 1328 1557 1361 E
1580 1328 1622 1362 M
1666 1328 1752 1360 intra
1774 1324 1977 1368 trigesimum
2000 1322 2101 1356 circi-

1089 1379 1138 1404 ter
1161 1382 1177 1404 a
1201 1379 1296 1413 partu
1317 1369 1401 1403 diem
1426 1370 1511 1404 lenta
1534 1370 1632 1404 febris
1656 1367 2042 1413 absumpserat-Eodem
2064 1362 2104 1397 ad

1089 1426 1141 1447 me
1165 1438 1173 1452 ,
1207 1423 1353 1455 tempore
1389 1414 1627 1456 propemodum
1661 1414 1774 1448 eodem
1799 1437 1811 1454 ,
1845 1411 1899 1446 sed
1933 1412 1975 1443 A.
2006 1408 2101 1452 1746·
2139 1432 2153 1434 er

1090 1457 1252 1501 quidquid
1286 1468 1325 1489 ex
1348 1457 1546 1498 genitalibus
1584 1457 1652 1500 ejus
1683 1459 1793 1500 potuit
1821 1482 1829 1496 ‚
1865 1454 2002 1488 allatum
2026 1451 2070 1485 est
2094 1474 2106 1483 -

1220 1501 1254 1533 T
1281 1501 1309 1532 E
1334 1501 1352 1531 S
1376 1501 1409 1532 T
1436 1501 1451 1532 Ι
1475 1502 1493 1532 S
1539 1503 1625 1534 enim
1652 1526 1662 1540 ‚
1708 1504 1739 1534 &
1762 1501 1842 1533 tuba
1865 1498 1996 1531 dextera
2019 1497 2107 1529 inter

1093 1543 1123 1577 se
1147 1566 1155 1581 ,
1202 1545 1232 1575 δέ
1257 1554 1331 1576 cum
1356 1547 1506 1584 proximo
1528 1545 1619 1578 Colo
1641 1544 1796 1577 intestino
1820 1541 1981 1584 glutinata
2007 1561 2016 1577 ³
2039 1548 2115 1572 ma*

1090 1598 1152 1629 gna
1177 1586 1241 1628 jam
1266 1598 1304 1620 ex
1340 1596 1429 1630 parte
1453 1586 1592 1621 abscessu
1615 1596 1770 1629 corrupta
1803 1584 1981 1626 fuerant-I»,-
2013 1592 2110 1625 quem

1093 1631 1193 1665 febris
1226 1630 1313 1663 illius
1338 1653 1347 1666 ‚
1392 1641 1429 1665 ac
1453 1632 1567 1663 mortis
1603 1632 1797 1673 praecipuam
1821 1628 1948 1662 causam
1979 1625 2073 1659 fuisse
2100 1646 2110 1662 ‚

1095 1674 1260 1709 arbitror.
1288 1673 1384 1705 Uteri
1407 1673 1698 1713 constitutionem,
1722 1683 1886 1717 puerperae
1912 1670 2116 1703 convenien-

1095 1728 1165 1751 tem
1181 1720 1196 1757 ‚‘
1214 1717 1278 1750 alio
1302 1716 1481 1750 describam
1506 1718 1579 1750 loco
1606 1732 1615 1750 :
1638 1717 1715 1751 satis
1740 1717 1792 1750 h'ic
1817 1716 1881 1749 erit
1905 1713 1995 1756 quod
2020 1713 2113 1761 morff

1096 1763 1210 1795 bidum
1236 1759 1341 1793 visum
1365 1760 1409 1793 est
1434 1785 1443 1798 ,
1469 1761 1622 1794 adnotare
1648 1787 1655 1794 .
1704 1760 1834 1794 Scilicet
1857 1768 1985 1791 coronae
2010 1754 2113 1804 osculi

1097 1816 1167 1848 pars
1189 1804 1339 1845 quaedam
1354 1826 1363 1839 ‚
1388 1806 1549 1836 anteriora
1573 1805 1715 1845 spectans
1734 1827 1743 1841 ,
1770 1815 1809 1837 ex
1834 1801 1984 1834 violaceo
2006 1801 2113 1841 nigri-

1097 1850 1192 1882 cabat
1220 1859 1227 1877 :
1264 1846 1314 1880 sed
1338 1849 1370 1880 &
1403 1846 1535 1880 secando
1560 1848 1599 1880 ab
1634 1846 1813 1888 osculo.,ad
1845 1845 1980 1879 cervicis
2015 1842 2115 1885 usque

1100 1889 1317 1933 longitudinis
1343 1890 1484 1923 medium
1510 1915 1519 1929 ,
1543 1892 1632 1924 intra
1656 1885 1762 1933 hujus'
1778 1890 1942 1932 parietum
1966 1885 2115 1919 substan-

1100 1936 1181 1968 tiam
1206 1933 1406 1975 nigredinem
1431 1933 1647 1967 animadverti
1670 1935 1761 1977 quasi
1776 1932 1939 1975 sanguinis
1963 1929 2114 1978 intradia

1100 1979 1200 2012 latata
1233 1975 1304 2009 vasa
1331 1975 1522 2010 subsistentis
1544 2002 1550 2009 .
1686 1977 1793 2010 Testis
1828 1976 1967 2017 denique
1991 1973 2114 2020 sinister

1100 2022 1209 2055 colore
1232 2020 1366 2062 quidem
1402 2041 1411 2057 ‚
1450 2023 1480 2053 δέ
1517 2020 1746 2062 magnitudine
1778 2031 1793 2053 a
1820 2019 1894 2053 sano
1917 2028 2115 2060 quocunque

1102 2076 1165 2098 non
1190 2062 1392 2105 discrepabat
1407 2087 1414 2096 .
1439 2064 1579 2097 Mollior
1602 2075 1713 2097 tamen
1736 2072 1804 2097 erat
1829 2085 1838 2100 ,
1864 2060 2029 2104 {cetusque
2051 2060 2116 2095 hu·-

1101 2109 1222 2141 midior
1246 2131 1257 2146 ,
1287 2118 1322 2140 ut
1347 2106 1435 2148 quasi
1451 2119 1496 2143 ex
1515 2107 1657 2150 gelatina
1676 2108 1790 2150 potius
1813 2123 1825 2146 =‚
1858 2116 1957 2147 quam
1982 2116 2021 2137 ex
2046 2104 2111 2138 alia

1100 2151 1293 2188 substantia,
1320 2149 1421 2184 factus
1446 2150 1548 2184 videri
1572 2149 1695 2194 poffet'.
1720 2149 1980 2191 Nihi'l'usquam
2006 2147 2086 2181 lutei
2104 2170 2115 2186 ³

1099 2195 1183 2229 nihil
1215 2193 1425 2228 veficularum
1449 2193 1512 2229 fuit
1535 2200 1547 2233 ,‘
1582 2193 1603 2226 si
1627 2194 1777 2230 cellulam
1812 2190 2114 2235 excipiassphaeri-

1098 2250 1192 2279 cam,
1216 2238 1324 2280 exigui
1336 2248 1405 2270 uvae
1430 2239 1512 2271 acini
1525 2239 1774 2279 magnitudine,
1799 2239 1952 2272 inanem,
1975 2235 2114 2268 exeras-

1099 2281 1251 2320 fiuscula,
1277 2281 1447 2322 albidaque
1472 2284 1582 2315 tunica
1606 2279 1722 2315 faQam
1739 2307 1746 2315 .
1770 2281 1857 2323 Quae
1880 2278 1994 2313 cellula
2023 2302 2033 2317 ,
2053 2276 2113 2312 sub

1097 2326 1163 2368 ipsa
1188 2325 1272 2359 testis
1297 2325 1480 2358 membrana
1502 2323 1559 2359 fita
1575 2349 1583 2364 ‚
1605 2324 1763 2359 indicium
1789 2325 1837 2357 sui
1850 2323 1981 2357 dederat
2007 2322 2114 2365 prius-

1096 2380 1196 2412 quam
1219 2370 1273 2402 ille
1297 2367 1493 2402 incideretur
1515 2393 1523 2401 .
1557 2368 1647 2402 Nam
1670 2368 1730 2402 sub
1752 2367 1888 2401 obscura
1913 2365 2003 2408 quasi
2026 2366 2116 2398 cica-

1098 2415 1201 2451 trice,
1225 2416 1253 2446 ei
1279 2413 1401 2445 cellulae
1418 2411 1648 2455 respondente,
1672 2410 1808 2448 subflavi
1823 2409 2111 2457 quiddam⁴trans=

1096 2457 1164 2499 pici
1189 2456 1363 2491 videbatur
1381 2480 1390 2488 .
1982 2466 1986 2471 ¹

1138 2502 1191 2534 28.
1215 2500 1295 2533 Non
1320 2510 1424 2543 puto,
1447 2513 1485 2534 ex
1508 2500 1566 2536 hac
1590 2500 1760 2547 utriusque
1785 2500 1892 2541 testis,
1919 2504 1951 2535 gc
1973 2501 2112 2536 alterius

1097 2545 1184 2578 tubae
1206 2544 1437 2578 constitutione
1470 2556 1641 2587 capturum
1667 2556 1699 2581 te
1722 2545 1780 2580 effe
1817 2556 2044 2588 argumentum
2069 2545 2108 2579 ad

1096 2588 1286 2622 sententiam
1311 2589 1566 2631 impugnandam
1601 2602 1672 2632 quae
1696 2601 1780 2624 nunc
1812 2590 2016 2623 doctioribus
2040 2589 2108 2630 plc-

1095 2632 1200 2676 risque
1225 2654 1233 2669 ‚
1267 2642 1323 2666 aut
1343 2642 1429 2678 certe
1463 2633 1543 2676 bene
1566 2634 1679 2667 multis
1702 2632 1951 2677 plaqet‘adegusu
1974 2631 2104 2677 istarum

1094 2677 1326 2718 particularum
1342 2700 1350 2707 .
1377 2675 1549 2717 Ejusmodi
1573 2677 1661 2710 enim
1685 2677 1899 2719 argumenta-'5
1924 2677 1964 2710 ab
1987 2675 2106 2708 Nabo-

1094 2720 1153 2752 tho
1177 2731 1309 2762 quoque
1332 2723 1345 2757 (
1367 2721 1433 2763 m)
1460 2743 1470 2758 ,
1493 2723 1524 2752 δέ
1547 2721 1586 2754 ab
1611 2721 1682 2753 aliis
1705 2722 1786 2754 olim
1809 2722 1968 2754 inculcata
1991 2742 2002 2758 ‚
2039 2729 2106 2751 non

1096 2763 1195 2796 modo
1220 2763 1279 2797 scis
1300 2774 1399 2805 quam
1423 2763 1485 2797 sint
1509 2762 1604 2797 facile
1628 2764 1731 2797 soluta
1755 2786 1766 2801 ‚
1810 2763 1861 2797 sed
1886 2766 1917 2795 δε
1953 2764 2014 2796 alia
2038 2774 2105 2795 non

1096 2806 1193 2849 paulo
1217 2808 1252 2839 in
1276 2807 1412 2848 speciem
1436 2806 1619 2840 difficiliora
1645 2831 1655 2846 ‚
1689 2817 1725 2840 ut
1749 2817 1822 2840 cum
1855 2806 1993 2840 foemina
2016 2816 2106 2848 quae-

1094 2850 1169 2883 dam
1191 2849 1319 2891 objecta
1343 2850 1387 2883 est
1407 2872 1418 2889 ‚
1450 2862 1521 2893 quae
1546 2861 1620 2883 cum
1655 2861 1671 2881 a
1694 2851 1837 2893 longiori
1860 2859 2006 2891 temporo
2037 2859 2103 2881 non

1095 2892 1171 2927 esset
1195 2893 1326 2935 gravida
1351 2915 1359 2929 ‚
1404 2904 1503 2934 quam
1527 2903 1562 2926 ut
1587 2892 1688 2925 scetus
1713 2894 1769 2926 vix
1794 2895 1927 2927 tertiam
1975 2900 2103 2934 partem

1095 2946 1233 2980 aequaret
1266 2935 1483 2977 longitudinis
1507 2937 1635 2971 minimi
1669 2935 1768 2979 digiti
1793 2959 1806 2976 ,
1849 2946 2026 2979 utrumque
2051 2945 2109 2980 ta*-¹

1094 2991 1168 3014 men
1201 2980 1311 3013 testem
1334 2978 1531 3013 icirrhosum
1563 2978 1700 3013 habebat
1725 3005 1733 3013 .
1764 2981 1847 3013 Satis
1892 2981 1980 3013 enirn
2025 2979 2103 3020 cst³'‚

1094 3032 1132 3058 ut
1177 3035 1251 3057 cum
1298 3021 1434 3057 foemina
1476 3024 1623 3065 concipit
1661 3044 1670 3060 ‚
1726 3023 1812 3057 testis
1857 3023 1990 3056 alterius
2035 3028 2101 3056 non

1094 3069 1202 3101 minor
1248 3066 1407 3108 particula
1452 3065 1525 3100 sana
1575 3066 1613 3099 sit
1636 3089 1650 3105 ,
1694 3078 1792 3109 quam
1837 3078 1908 3109 quae
1932 3067 1973 3100 'ad
2005 3076 2111 3102 unam'

1096 3120 1258 3145 maturam
1303 3109 1476 3143 vesiculam
1501 3133 1510 3147 ,
1554 3110 1619 3144 five
1663 3111 1771 3152 potius
1818 3111 1855 3144 ad
1880 3122 2003 3144 unum
2037 3121 2104 3143 ma·-

1095 3163 1205 3187 turum
1252 3154 1409 3194 pertineat
1453 3154 1579 3188 luteum
1623 3165 1739 3196 corpus
1761 3177 1769 3188 .
1818 3152 1919 3191 Quod
1965 3154 2026 3186 ubi*
2046 3155 2102 3186 of-

1094 3196 1173 3231 ficio
1218 3195 1421 3239 perfunctum
1442 3208 1446 3210 ’
1466 3196 1509 3230 est
1552 3197 1609 3231 suo
1646 3218 1657 3234 ‚
1710 3196 1732 3230 fi
1776 3197 1880 3239 ipsum
1936 3207 2067 3239 quoque
2093 3220 2103 3237 ‚

1094 3241 1250 3274 dilatante
1297 3239 1326 3271 se
1372 3239 1490 3273 morbo
1513 3266 1523 3281 ‚
1569 3241 1705 3274 vitietur
1727 3262 1737 3278 ‚
1781 3243 1813 3273 <Sc
1851 3240 1901 3273 vel
1945 3240 1979 3273 in
2024 3239 2102 3273 scir-

1093 3281 1146 3317 rhi
1191 3293 1338 3316 naturam
1382 3282 1584 3325 degeneret-3
1630 3282 1714 3317 nihil
1747 3283 1780 3316 id
1806 3283 1950 3317 -laudatae
1974 3283 2101 3317 senten-

1092 3328 1149 3360 tiae
1172 3326 1274 3360 officit
1297 3351 1304 3358 .
1353 3326 1478 3360 Vitiari
1503 3336 1609 3361 autem
1635 3326 1720 3370 posse
1764 3327 1850 3360 intra
1896 3337 1962 3360 non
1985 3326 2102 3368 -pluri-

1092 3382 1157 3404 mas
1182 3368 1394 3403 hebdomadas
1418 3391 1428 3406 ‚
1471 3371 1589 3404 nedum
1622 3371 1708 3403 intra
1742 3380 1857 3404 novem
1875 3369 1965 3413 jpsos
1999 3369 2108 3411 gesta-·

1089 3415 1189 3447 rionis
1200 3414 1291 3446 uteri
1309 3413 1427 3445 menses
1444 3435 1452 3448 ‚
1477 3414 1555 3455 quid
1579 3413 1723 3455 estquod
1748 3413 1879 3446 asserere
1900 3411 2094 3454 prohibeat?

1089 3458 1168 3491 Quo
1192 3457 1293 3498 magis
1317 3455 1503 3489 mirandum
1527 3457 1592 3496 est,
1616 3455 1708 3489 fuisse
1730 3456 1815 3493 haud
1828 3457 1875 3489 i-ta
1899 3456 2026 3497 pridem
2038 3458 2107 3499 qui·

1086 3500 1179 3534 tubas
1202 3500 1359 3540 objiceret
1371 3498 1434 3532 fine
1457 3498 1595 3532 fimbriis
1614 3523 1624 3538 ‚
1649 3502 1680 3533 &
1701 3499 1835 3533 occluso
1857 3499 1983 3542 prorsus
2004 3500 2105 3544 quod&

1086 3545 1171 3577 inter
1204 3543 1259 3577 has
1294 3542 1335 3577 el't
1356 3565 1368 3582 ‚
1409 3542 1605 3577 orificio‘in
1638 3543 1772 3579 muliere
1808 3542 1847 3577 ab
1879 3542 1910 3575 se
1943 3544 2093 3578 inventas

1607 3587 1636 3620 E
1659 3598 1676 3620 e
1977 3598 2051 3630 quar¹

94 3745 109 3798 ἓ
125 3746 140 3768 d
155 3745 169 3774 )
185 3754 208 3770 n.
241 3739 262 3769 ὀ.
326 3746 335 3773 (
352 3756 363 3770 e
379 3745 387 3774 )
405 3746 508 3782 Historia
524 3747 613 3773 diffest.
631 3749 697 3775 soem.
717 3752 819 3780 gravidae

97 3774 164 3838 (ῳ)
176 3779 246 3832 rar·
261 3777 422 3837 rapae.
432 3777 556 3839 ehe-

836 3752 859 3783 §.
876 3760 898 3776 2.
915 3757 967 3777 not.
986 3753 1014 3782 b,
1031 3754 1054 3778 Kc
1068 3754 1099 3778 ad
1115 3756 1219 3782 Praelest.
1238 3758 1322 3782 Boon-lt.
1340 3756 1369 3781 ad
1388 3756 1464 3781 Instit.

618 3782 631 3809 ζ
645 3789 664 3811 g
679 3782 694 3809 ¹)
711 3781 804 3807 Advers.
820 3786 895 3808 Anat.
913 3787 970 3808 Dec.
993 3791 1010 3808 r.
1029 3792 1049 3809 c.
1068 3794 1090 3810 2.

578 3808 588 3840 (
605 3811 644 3840 Ι)
660 3811 731 3841 Epist.
748 3820 788 3843 ²9·
805 3821 831 3838 n.
850 3821 887 3843 ¹4-
905 3817 926 3839 δε
945 3814 1015 3844 Epist.
1034 3819 1071 3841 26.
1090 3824 1113 3840 n.
1132 3825 1169 3846 ¹3·

1484 3758 1506 3788 ὁ.
1523 3760 1577 3782 668.
1595 3760 1644 3781 not.
1661 3764 1689 3781 e.

1150 3786 1192 3815 (h
1209 3790 1217 3818 )
1234 3789 1305 3818 Epist.
1327 3793 1360 3821 ¹².-
1378 3795 1400 3811 η.
1419 3788 1451 3810 2.‘
1503 3790 1516 3817 (
1533 3790 1543 3812 i
1559 3788 1571 3818 j
1588 3787 1662 3816 Epist.
1682 3788 1718 3817 38.
1737 3796 1759 3812 η.
1776 3793 1819 3817 343*

1232 3821 1245 3848 (
1262 3828 1286 3843 m
1302 3821 1310 3851 )
1329 3818 1394 3848 Disp.
1410 3819 1439 3843 de
1455 3820 1555 3845 Stoi-uit.
1575 3819 1674 3844 Mulier.
1693 3828 1717 3843 n.
1735 3827 1770 3846 ιι.
1786 3822 1807 3844 8<
1827 3826 1863 3842 ιε..
