2498 4075
371 166 453 218 440

306 231 381 268 tu53
413 238 450 263 ut
482 228 778 268 crederedebeam,
811 231 860 264 vel
886 231 989 275 frigus
1023 233 1109 277 quod
1145 234 1308 267 interemit

307 273 509 317 Qelmalzii
533 273 655 314 senem,
680 284 743 306 non
767 286 833 310 acre
858 276 962 317 adeo,
986 286 1019 311 ut
1043 287 1119 309 tuuc
1143 278 1308 319 nostrum,

307 317 424 357 fuisse,
447 318 496 366 vel
521 317 633 360 potius
656 317 879 365 cadaverillud
903 320 1010 353 multo
1033 320 1128 353 citius
1139 332 1233 363 quam
1248 332 1307 353 no-

305 362 363 402 stra
388 373 458 405 quae
481 371 515 393 in
539 367 652 403 aperto
675 371 858 405 jacuerant,
882 365 916 396 in
941 362 1086 406 tepidum
1110 364 1216 398 locut-n
1248 364 1305 397 esse

304 406 513 441 translatum·
648 405 748 444 Quod
770 417 846 438 vero
870 407 906 440 ad
930 408 1010 440 vitia
1042 409 1225 443 arteriarum
1259 417 1304 441 at-

304 451 412 488 tinet,
435 450 469 480 in
492 458 553 482 anu
574 448 684 482 eadem
709 449 943 491 animadversa,
974 451 1148 484 meminisse
1180 460 1269 494 potes
1292 474 1304 490 ,

304 503 387 539 quot
421 492 455 525 in
489 491 691 525 cadaveribus
712 492 873 534 viderim,
904 496 935 527 &
959 503 1040 538 quot
1075 493 1148 528 inde
1171 496 1303 537 repetie-

306 539 370 572 rim
395 536 635 570 circumitionis
659 535 818 578 sanguinis
841 537 1033 572 detrimenta
1055 538 1108 579 (a
1131 540 1162 576 ).
1189 540 1236 572 Ea
1249 550 1301 571 au-

304 590 369 614 tem
393 580 476 612 vitia
499 591 573 614 cum
598 579 651 613 hic
674 580 709 612 in
734 581 856 614 arteriis
879 582 979 623 magis
1002 580 1300 614 fuerintinferiori-

301 625 382 664 bus,
406 623 570 666 minusque
593 631 759 669 propterea
784 623 909 667 sanguis
932 622 1031 667 posset
1052 635 1108 666 per
1131 623 1186 658 has
1208 625 1300 658 facile

299 669 439 708 moveri,
451 676 543 700 tanto
567 667 682 708 majori
705 668 798 708 copia
811 667 971 701 crederem
981 669 1013 700 in
1027 667 1201 709 superiores
1211 679 1298 701 com-

301 711 448 755 pulsum,
474 711 560 744 intra
585 720 660 745 anus
682 710 842 745 cerebrum
868 709 999 744 effusum
1012 709 1123 744 fuisse.
1150 713 1235 745 Cum
1247 723 1300 743 ve-

302 767 341 789 ro
363 753 652 792 animadverter'rs‚
675 765 740 796 quo
765 755 894 797 longius
920 765 936 786 a
959 753 1052 787 corde
1079 756 1202 788 arteriae
1245 754 1300 788 de-

303 798 521 837 scendebant,
543 808 583 830 eo
604 797 745 830 lamellas
765 796 861 832 osseas
884 796 1027 831 habuisse
1050 797 1208 840 majorem
1232 798 1301 831 noli

301 841 409 876 statim
431 850 505 874 curn
528 842 568 873 iis
592 839 694 873 facere
708 864 720 881 ,
742 842 798 884 qui
823 840 1027 875 Boerhaavio
1049 840 1083 874 id
1117 840 1301 884 objiciunt,

302 897 320 921 a
344 883 518 921 validiori,
541 882 645 927 qualis
668 887 802 926 propius
825 895 878 917 cor
902 884 968 922 est,
1002 884 1160 927 sanguinis
1182 886 1301 927 impul-

302 927 339 962 su
361 927 528 962 deducenti
554 929 741 960 arteriarum
764 926 1030 966 edificationem,
1056 939 1167 962 eorum
1180 939 1301 962 memor

299 983 372 1015 quae
406 970 591 1014 responderi
623 969 708 1013 posse
730 993 743 1011 ‚
774 982 837 1004 non
870 982 935 1006 uno
959 971 1032 1005 loco
1055 971 1267 1005 indicavimus
1291 996 1300 1004 .

289 1016 419 1061 ,Neque
443 1015 529 1048 enim
552 1014 644 1047 semel
668 1013 754 1048 idem
777 1014 865 1056 quod
888 1015 923 1048 in
946 1016 1080 1049 muliere
1105 1015 1185 1056 ista,
1217 1015 1303 1048 vidi-

306 1070 400 1097 mus3
424 1056 548 1091 tametsi
575 1069 739 1100 nunquam
763 1058 797 1091 in
821 1067 874 1092 tot
898 1059 1020 1092 arteriis
1045 1084 1054 1099 ,
1087 1059 1122 1091 in
1144 1067 1226 1101 quot
1250 1059 1304 1092 Cl.

309 1101 526 1148 Buchwaldio
546 1101 615 1141 (b)
637 1101 744 1134 videre
766 1103 930 1145 contigit.
956 1103 1025 1143 Qi
1048 1113 1122 1136 cum
1146 1104 1179 1135 in
1202 1101 1309 1135 decre-

303 1148 378 1189 pito
402 1147 470 1179 lene
496 1146 643 1179 arteriam
669 1145 823 1188 Magnam
854 1157 870 1179 a
903 1145 1000 1179 corde
1031 1145 1070 1179 ad
1105 1154 1308 1180 curvaturam

304 1189 403 1224 ferme
426 1198 553 1228 totam,
575 1188 759 1232 cartilagini
782 1189 948 1223 dumtaxat
972 1188 1056 1223 haud
1079 1189 1220 1224 mulsum
1243 1188 1307 1223 dis-

304 1233 469 1273 fimilem,
495 1232 568 1265 inde
591 1243 669 1267 vero
693 1243 748 1275 per
769 1233 954 1266 universum
980 1233 1214 1275 propemodum
1237 1243 1308 1267 cor-

302 1289 368 1320 pus.
386 1276 448 1311 suis
472 1287 546 1310 cum
569 1276 662 1309 ramis
686 1274 804 1309 osseam
826 1275 944 1310 saetam
956 1275 1202 1318 deprehenderet
1218 1298 1232 1315 ,
1247 1275 1307 1309 fin-

308 1321 416 1364 gulare
439 1320 522 1354 illud
546 1318 795 1360 animadvertit,
820 1321 899 1362 quod
921 1321 1160 1355 extremitatum
1171 1320 1303 1358 ανῑενιὶε,

309 1375 369 1407 quo
392 1364 493 1407 magis
517 1364 556 1401 ad
578 1373 690 1398 manus
705 1388 715 1404 ,
739 1365 781 1397 Θ·
799 1364 892 1405 pedes
916 1362 1126 1404 accedebant,
1149 1374 1181 1397 eo
1204 1365 1304 1405 magis

306 1406 457 1451 offificatae
478 1403 606 1452 fuerant
622 1432 629 1438 .
652 1405 756 1450 Cujus
780 1407 859 1440 senis
882 1406 1109 1448 incommoda,
1134 1409 1165 1440 &
1188 1407 1303 1440 mortis

304 1462 405 1494 genus
428 1453 552 1485 utinam
576 1448 618 1483 sic
643 1448 754 1483 addere
777 1447 952 1494 potuisset,
986 1459 1021 1484 ut
1044 1449 1201 1493 ejusmodi
1224 1461 1304 1483 con-

303 1496 512 1530 stitutionum
533 1492 622 1537 signa
646 1494 752 1537 aliqua
776 1505 830 1538 per
860 1492 1077 1536 conjecturam
1122 1495 1236 1537 attigit
1267 1495 1302 1527 in

304 1537 452 1584 adjuneta
474 1537 656 1581 AEtiologia
679 1540 692 1576 (
716 1541 767 1578 c).
872 1545 876 1549 ’

349 1589 400 1618 16.
426 1583 525 1617 Nunc
550 1580 589 1614 ab
612 1581 665 1615 his
687 1580 776 1615 sexus
799 1580 963 1624 utriusque
973 1580 1199 1616 communibus
1211 1591 1299 1614 mor-

303 1629 378 1670 bis,
401 1625 440 1661 ad
464 1625 674 1659 foeminarum
700 1626 846 1668 proprios
877 1625 950 1660 effet
975 1624 1168 1660 redeundum
1192 1648 1203 1665 ‚
1241 1623 1299 1657 nisi

304 1673 343 1706 de
366 1670 440 1715 ipsis
464 1668 641 1712 longiffima
664 1668 719 1701 illa
744 1667 889 1711 Epistola
913 1670 1079 1703 XLVIII.
1101 1677 1152 1701 tot
1165 1667 1300 1710 scripsis-

299 1717 362 1752 sem
376 1738 386 1754 ,
409 1724 446 1749 ut
471 1715 525 1747 vix
550 1711 587 1746 de
610 1709 738 1744 infelici
761 1721 816 1746 aut
840 1713 924 1746 uteri
947 1711 1141 1755 gestatione,
1161 1720 1214 1745 aut
1227 1722 1299 1753 par-

301 1771 341 1795 tu
364 1758 426 1793 five
449 1756 539 1801 quod
563 1754 601 1789 ad
625 1764 783 1796 matrem,
805 1753 867 1789 five
890 1754 977 1799 quod
999 1755 1037 1789 ad
1070 1755 1189 1790 foetum
1223 1755 1299 1787 atti-

304 1813 385 1844 net,
409 1801 477 1837 haec
502 1798 638 1834 habeam
660 1798 857 1843 adjicienda.
880 1800 925 1833 Et
948 1798 986 1833 de
1022 1798 1194 1842 gestatione
1226 1798 1301 1841 qui-

301 1849 399 1887 dem3
422 1854 459 1880 ut
482 1845 662 1883 omittam,
685 1854 736 1877 me
758 1854 824 1876 non
849 1844 1007 1886 poenitere
1031 1854 1143 1877 eorum
1167 1854 1236 1886 quae
1251 1850 1299 1875 at-

302 1894 368 1936 tigi
391 1889 482 1933 super
506 1889 539 1922 vi
566 1896 719 1922 maternae
743 1888 985 1930 imaginationis
1010 1888 1043 1920 in
1068 1886 1194 1930 fetum,
1218 1885 1303 1928 post-

300 1947 398 1982 quam
421 1936 456 1968 in
478 1932 626 1976 quaedam
648 1930 749 1967 incidi
769 1943 840 1974 quae
864 1943 880 1964 a
904 1931 996 1964 Viris
1019 1929 1219 1966 Dostiffimis
1230 1941 1301 1978 pto-

302 1983 434 2017 dierunt
451 2004 461 2020 ‚
485 1976 569 2010 nihil
594 1977 695 2020 magis
718 1975 938 2014 ostendentia,
962 1985 1060 2017 quam
1094 1984 1134 2007 ne
1166 1974 1303 2015 ingeniis

300 2023 433 2070 quidem
455 2021 686 2056 excellentibus
710 2020 802 2053 licere
824 2020 858 2052 iu
869 2017 1056 2062 quibusdam
1068 2017 1221 2059 exemplis
1232 2027 1303 2059 quae

302 2080 403 2114 neque
429 2063 556 2109 possunt
580 2065 687 2108 negari
703 2088 713 2105 ,
738 2073 837 2106 neque
861 2062 1131 2105 intelligi,aliter
1142 2061 1305 2102 explican-

302 2115 354 2150 dis
376 2109 580 2147 difficultates
604 2108 760 2151 effugere,
783 2107 862 2150 quin
885 2106 915 2140 se
938 2106 972 2139 in
997 2104 1155 2149 majores,
1187 2102 1209 2136 fi
1233 2114 1303 2146 quae

308 2153 348 2193 ex
370 2151 544 2201 propositis
566 2152 830 2196 consequerentur
852 2148 1145 2193 explicationibus,
1169 2146 1306 2189 spectare

301 2203 383 2237 velis
397 2224 406 2240 ,
434 2199 525 2242 plane
547 2196 751 2239 conjiciant;
773 2205 810 2229 ut
833 2194 935 2237 igitur
959 2192 1026 2226 haec
1049 2193 1200 2225 omittam
1219 2203 1229 2230 3
1256 2192 1309 2222 in-

312 2257 361 2281 ter
384 2242 582 2281 Boehmeri,
603 2252 679 2283 quas
702 2239 834 2281 saepius,
857 2238 1036 2279 meritoque
1061 2234 1210 2273 laudavi,
1236 2233 1309 2266 Ob-

313 2289 509 2326 servationes
534 2285 596 2327 (d)
625 2293 739 2327 praeter
753 2283 829 2315 alias
853 2280 890 2314 ad
902 2278 1103 2315 affefflonem
1115 2276 1310 2321 hypochon-

311 2329 633 2373 driaco-hystericam
652 2354 661 2367 ‚
685 2326 723 2360 ad
745 2326 848 2359 ovarii
872 2322 1071 2367 hydropem,
1096 2322 1134 2356 ad
1152 2320 1310 2354 infantem

311 2390 386 2413 cum
410 2371 678 2417 hydrotachitide
700 2379 810 2404 natum
835 2369 1051 2412 pertinentes,
1074 2377 1169 2400 unam
1191 2365 1275 2407 legas
1299 2385 1310 2401 ‚

315 2423 379 2458 huc
404 2419 543 2454 maxime
566 2416 779 2459 spectantem,
800 2424 862 2456 qua
885 2422 1050 2446 numerum
1062 2414 1174 2452 augeas
1185 2407 1310 2452 fetuum

310 2470 345 2502 in
370 2461 533 2505 Palloppii
557 2460 633 2494 tuba
643 2456 917 2501 deprehensorum.
1050 2453 1194 2486 Infelicis
1206 2460 1310 2486 autem

310 2519 443 2556 partus,
465 2513 519 2540 aut
533 2503 692 2547 puerperii
706 2500 953 2536 Observationes
973 2498 1026 2532 Cl.
1053 2497 1252 2539 Kierlingius
1263 2497 1308 2534 (e)

311 2553 450 2600 protulit
471 2549 570 2588 duas,
592 2558 694 2589 quas,
717 2555 752 2578 ut
776 2545 869 2582 illas,
891 2539 1220 2591 Sepulchretoaddas.
1243 2538 1306 2588 Al-

311 2608 379 2633 tera
404 2602 563 2639 puerperae
586 2590 641 2631 est,
655 2600 751 2632 quam
772 2599 863 2621 nono
885 2598 900 2618 a
915 2594 1007 2635 partu
1029 2583 1306 2634 dieinflarnmatio

307 2641 390 2678 uteri
416 2636 580 2672 extinxit.
605 2634 718 2667 Altera
742 2640 848 2666 autem
872 2636 1079 2672 parturientis
1096 2652 1105 2667 ‚
1127 2638 1180 2661 cui
1203 2637 1307 2676 gemt-

310 2687 345 2720 ni
369 2682 507 2718 infantes
528 2679 652 2717 vitam,
676 2685 713 2709 ut
735 2673 793 2709 sibi
818 2683 971 2717 quoque,
1001 2670 1203 2705 ademerunt.
1236 2670 1305 2720 Mi-

309 2730 347 2766 hi
369 2738 446 2760 vero
469 2723 615 2760 nullam,
637 2730 707 2764 quae
731 2718 793 2753 huc
818 2718 953 2752 attineat
975 2740 985 2756 ‚
1019 2714 1134 2748 habere
1163 2722 1306 2756 contigit

311 2781 429 2820 praeter
448 2777 547 2805 unam
561 2789 576 2809 ,
594 2776 664 2810 quae
687 2763 751 2799 tibi
761 2786 775 2806 ‚
796 2762 901 2807 qualis
922 2760 1025 2805 qualis
1048 2757 1091 2794 est
1105 2781 1118 2800 ,
1149 2756 1306 2797 describ-eff

643 177 677 205 ·.
712 152 872 208 Liber
910 154 971 204 V.
1009 155 1093 207 De
1128 156 1383 209 *addendis
1421 155 1485 206 ad
1521 154 1705 208 Libros
1739 156 2023 219 superiores

1358 242 1411 266 tur
1435 245 1473 266 eo
1495 233 1650 267 libentius
1668 258 1679 275 ,
1701 232 1788 276 quod
1811 233 1890 267 alias
1914 231 1997 275 (f)
2020 231 2056 266 id
2078 231 2205 269 fortass'e
2228 246 2276 270 me
2299 236 2350 270 fa:

1357 278 1483 311 {turum
1507 277 1636 318 promifi
1649 301 1657 310 0

1404 331 1452 365 17.
1477 321 1706 360 FOETUM,
1729 319 1853 354 aliunde
1875 319 2041 353 adveetum
2054 341 2064 358 ,
2087 331 2220 364 eumque
2252 322 2346 366 ferni-

1358 365 1407 397 nei
1432 365 1540 400 sexus,
1569 363 1699 398 studiosi
1719 364 1854 407 Juvenes
1877 363 1915 396 ad
1937 374 1986 396 me
2010 365 2180 397 attulerant
2203 389 2216 406 ,
2247 374 2282 399 ut
2314 367 2348 399 in

1357 407 1563 442 Nosocomio
1586 406 1790 447 diffecarem,
1823 409 1905 439 circa
1936 406 2076 439 medium
2110 408 2269 448 Martium
2300 410 2347 442 A..

1363 461 1455 493 1751.
1480 450 1550 488 Qui
1575 450 1640 483 illis
1661 450 1788 483 dederat
1803 476 1812 490 ‚
1835 450 2056 484 novimestrem
2077 448 2134 483 esse
2157 475 2168 491 ,
2191 451 2312 484 dixerat
2335 475 2348 492 ,

1359 494 1435 528 duas
1456 492 1566 527 vixisse
1588 492 1681 527 horas
1694 518 1705 535 ,
1728 491 1854 536 ejusque
1867 495 1965 526 morti
1976 495 2114 536 parentis
2124 505 2260 532 mortem
2272 505 2349 538 pat-1«,

1352 539 1386 571 lo
1410 536 1479 580 post
1502 535 1688 577 succeffiffe,
1712 548 1776 579 quo
1797 536 1903 569 morbi
1926 548 2060 579 genere,
2083 536 2140 569 fibi
2164 539 2313 580 ignotum
2335 561 2348 578 ,

1350 591 1383 614 at
1406 589 1487 614 certe
1511 588 1581 613 ante
1604 579 1740 613 biduum
1761 579 1829 613 haec
1853 579 2012 613 accidisse.
2038 581 2120 617 Quae
2130 581 2245 615 ultima
2257 580 2348 615 fuisse

1351 633 1500 668 poterant
1521 635 1592 657 vera
1607 636 1618 656 .·
1640 633 1715 657 num
1739 633 1842 657 autem
1866 626 1899 656 δε
1924 625 2055 667 priora,
2077 623 2278 659 vehementer
2289 625 2348 658 du-

1355 668 1479 709 bitavi3
1507 678 1579 700 nam
1600 668 1749 709 corporis
1771 665 1905 701 universi
1931 666 2122 709 magnitudo
2153 678 2218 701 non
2250 668 2347 710 paulo

1358 714 1536 749 minorem,
1559 709 1719 744 funiculus
1743 719 1848 744 autem
1871 710 2065 743 umbilicalis
2089 722 2150 744 non
2185 711 2348 752 obligatus

1350 756 1438 788 aliud
1461 754 1649 788 videbantur
1671 754 1853 794 ostendere,
1875 764 1908 786 ea
1918 764 1993 787 vero
2015 766 2085 796 quae
2109 753 2348 788 dissecandoof-

1353 797 1515 832 fenditnus
1539 797 1664 840 insuper
1685 796 1894 831 confirmare,
2003 798 2240 832 THORACE
2263 798 2348 831 enim

1354 851 1484 884 aperto,
1516 841 1681 883 pulmones
1713 852 1751 874 ex
1782 841 1880 874 rubro
1905 841 2040 874 maxime
2073 839 2180 874 fuscos
2203 842 2309 874 inveni
2337 866 2348 882 ‚

1353 895 1523 928 eorumque
1548 894 1674 926 partes,
1696 895 1785 927 aquae
1809 883 1972 926 impositas
1996 907 2005 923 ,
2040 895 2126 917 ruere
2149 883 2185 919 ad
2210 883 2347 923 fundum

1352 927 1480 968 statim,
1503 928 1671 970 conspexi.
1803 927 1987 961 Abdomine
2010 926 2131 961 recluso
2150 950 2160 966 ,
2193 927 2347 969 plurimus

1353 971 1477 1014 sanguis
1501 972 1641 1004 occurrit
1664 971 1698 1004 in
1720 972 1836 1005 ventris
1859 982 1983 1004 caveam
2007 968 2141 1004 effusus.
2179 971 2260 1007 Quo
2292 982 2348 1004 ex-

1357 1014 1490 1051 hausto,
1518 1014 1743 1056 abstersoque,
1767 1015 1890 1047 nullum
1915 1016 2063 1057 apparuit
2087 1013 2293 1054 intestinum;
2324 1013 2347 1047 si

1358 1052 1518 1095 Rectum,
1543 1061 1574 1091 ἃ
1599 1066 1719 1100 parter-n
1740 1058 1879 1100 aliquam
1904 1059 2044 1100 excipias
2066 1057 2143 1090 Coli
2158 1078 2169 1096 ‚
2192 1067 2265 1090 cum
2287 1058 2348 1090 illo

1359 1102 1583 1135 continuatam
1594 1124 1607 1141 ,
1617 1100 1667 1134 sed
1682 1112 1779 1143 neque
1792 1101 1989 1139 mel'araeutn3
2004 1111 2104 1148 neque
2115 1100 2265 1133 mesocoli
2277 1111 2347 1143 pars

1359 1147 1498 1179 maxima
1510 1145 1640 1187 usquam
1652 1144 1906 1187 conspiciebatur
1918 1167 1927 1176 .
1940 1145 2035 1178 Tunc
2049 1145 2198 1187 Jecinoris
2209 1154 2281 1178 cum
2293 1152 2345 1177 to-

1359 1198 1423 1222 tarn
1435 1200 1608 1221 convexam
1621 1186 1738 1221 faciem
1760 1188 2038 1231 diaphragmatiS,
2061 1190 2091 1220 &
2116 1188 2270 1229 proximis
2293 1187 2347 1220 ab·

1359 1231 1502 1266 dominis
1522 1231 1674 1265 musculis
1697 1231 1930 1270 adhaerentem,
1953 1231 2082 1264 alteram
2119 1240 2223 1264 autern
2242 1252 2252 1268 ‚
2283 1229 2345 1263 five

1358 1287 1491 1316 cavam,
1515 1286 1578 1309 non
1602 1286 1712 1317 parum
1736 1276 1926 1317 inaequalem
1950 1274 2234 1307 animadverterem
2259 1285 2269 1312 5
2296 1285 2347 1306 ra-

1359 1330 1411 1354 tus
1433 1320 1519 1362 quod
1543 1328 1608 1352 erat
1631 1342 1643 1358 ,
1689 1318 1743 1351 sub
1766 1317 1823 1351 hac
1846 1317 2003 1361 quidquid
2025 1317 2246 1351 intestinorum
2273 1339 2282 1355 ‚
2314 1320 2347 1350 δε

1355 1363 1532 1397 mesenterii
1555 1361 1650 1396 deess‘e
1659 1361 1845 1403 videbatur,
1866 1363 2042 1395 coercitum
2054 1359 2242 1404 deprehendi
2255 1382 2264 1398 ‚
2287 1360 2347 1392 ob-

1355 1407 1540 1450 tectumque
1565 1405 1744 1440 membrana
1767 1405 1979 1446 craffiuseula,
2002 1408 2124 1442 tenaci,
2159 1406 2191 1436 &
2214 1403 2347 1446 quibus-

1353 1450 1428 1484 dam
1451 1449 1534 1493 quafi
1560 1449 1693 1484 arenulis
1717 1448 1845 1491 aspera,
1867 1460 1940 1483 cum
1963 1461 1996 1482 ea
2018 1447 2168 1491 jecinoris
2179 1446 2347 1480 saciecon-

1351 1504 1449 1527 nexa.
1472 1492 1591 1527 Eadem
1615 1493 1710 1527 facies
1732 1502 1796 1526 non
1819 1494 1970 1535 exiguum
1996 1492 2034 1525 ad
2058 1491 2194 1534 spatium
2225 1491 2309 1524 erosa
2333 1513 2347 1531 ‚

1351 1547 1406 1571 aut
1431 1537 1589 1578 lacerata,
1622 1536 1705 1571 unde
1738 1545 1864 1570 tantum
1899 1535 2057 1578 sanguinis
2081 1536 2114 1567 in
2137 1543 2278 1568 ventrem
2301 1535 2349 1567 ef.

1351 1579 1511 1621 fluxisset,
1536 1580 1740 1614 monstravit.
1766 1582 1812 1614 Et
1834 1579 2047 1613 nihilominus
2058 1577 2095 1612 de
2116 1588 2193 1611 mox
2216 1577 2298 1612 secta
2309 1577 2348 1612 ad

1349 1623 1556 1667 diaphragma
1579 1635 1655 1657 vena
1678 1625 1764 1656 Cava
1788 1624 1911 1666 sanguis
1934 1622 2087 1664 profluxit
2097 1622 2235 1658 multus,
2259 1620 2348 1665 isque

1351 1677 1441 1708 ater,
1463 1668 1566 1708 qualis
1590 1670 1622 1700 &
1645 1669 1678 1700 in
1701 1676 1806 1700 ventre
1829 1666 1964 1703 effusus,
1987 1669 2017 1699 ἃ
2032 1667 2064 1699 in
2075 1664 2150 1697 vafis
2161 1666 2262 1698 totius
2275 1675 2347 1697 cor-

1351 1711 1439 1754 poris
1462 1710 1544 1744 fuit.
1570 1711 1677 1744 Mitto
1700 1719 1813 1743 caetera
1835 1722 1906 1752 quae
1930 1707 2023 1751 hujus
2046 1710 2110 1742 loci
2146 1719 2208 1740 non
2240 1707 2311 1741 sunt
2335 1731 2346 1747 2

1351 1755 1470 1797 quippe
1492 1753 1661 1788 secundum
1685 1762 1829 1787 naturam
1852 1754 1885 1785 in
1909 1752 1969 1784 hoc
1993 1751 2077 1785 foetu
2102 1763 2117 1783 a
2142 1750 2348 1796 medemom

1351 1799 1467 1835 strata,
1493 1796 1574 1831 illud
1597 1809 1696 1831 unum
1719 1807 1915 1836 memorans,
1936 1806 2010 1829 cum
2034 1796 2067 1827 in
2089 1794 2276 1838 quibusdam
2300 1798 2349 1828 lu-

1352 1841 1533 1885 perietibus
1547 1840 1705 1874 intestinis
1719 1842 1899 1874 meconium
1923 1837 2055 1879 effet,in
2079 1839 2183 1872 Recto
2194 1848 2258 1871 non
2269 1836 2350 1872 fuis-

1354 1885 1406 1918 se:
1429 1897 1498 1927 quae
1521 1896 1589 1924 res,
1613 1887 1645 1918 &
1671 1884 1823 1918 viscerum
1847 1885 2005 1927 parvitas,
2029 1882 2152 1925 reliquo
2175 1881 2348 1924 corpuscu-

1354 1929 1388 1962 lo
1411 1927 1625 1970 respondens,
1647 1928 1867 1961 novimestrem
1890 1925 2009 1960 foetum
2031 1936 2096 1958 non
2120 1924 2210 1959 fuiss'e
2236 1948 2245 1962 ,
2265 1936 2349 1958 con-

1355 1971 1522 2010 firmabat,
1545 1970 1654 2015 jun&a
1679 1970 1852 2014 praesertim
1875 1981 1947 2004 curn
1969 1968 2080 2011 majori
2104 1969 2243 2011 partium
2266 1969 2350 2002 mol-

1356 2016 1453 2056 litie,
1484 2014 1569 2058 quod
1601 2013 1688 2058 fiqua
1720 2015 1753 2047 in
1777 2015 1859 2054 alia,
1895 2023 1980 2048 certe
2002 2014 2036 2045 in
2059 2012 2187 2047 cerebro
2207 2013 2345 2046 maxime

1357 2057 1444 2092 fuit.
1576 2059 1731 2092 cranium
1746 2060 1829 2092 enim
1852 2068 1925 2091 cum
1941 2055 2142 2098 aperuissem,
2169 2055 2348 2095 cerebri,&

1357 2102 1505 2136 cerebelli
1529 2100 1734 2136 substantiam
1759 2101 1900 2135 vidimus
1923 2110 2072 2143 tanquam
2092 2098 2233 2142 gelatinae
2244 2098 2348 2142 cujus·
2401 2104 2403 2108 ’

1357 2144 1431 2179 dam
1454 2146 1488 2178 in
1512 2144 1644 2180 modum
1669 2145 1766 2179 ferme
1788 2143 2011 2179 diffluentem.
2185 2143 2348 2176 Caeterum

1358 2189 1464 2223 nullus
1487 2198 1562 2222 toto
1584 2200 1719 2232 corpore
1743 2189 1866 2230 foetor,
1891 2189 2016 2221 nullum
2051 2184 2229 2229 putredinis
2263 2185 2350 2226 indi7

1358 2234 1447 2267 cium
1479 2232 1731 2267 animadversum
1765 2233 1835 2267 est.
1872 2231 2066 2267 Membranae
2101 2239 2204 2262 autem
2238 2241 2351 2263 omnes

1358 2275 1526 2320 scalpello,
1550 2278 1581 2309 &
1605 2278 1784 2318 unguibus,
1806 2275 2012 2317 fidiscerpere
2034 2274 2119 2308 forte
2129 2272 2243 2314 velles,
2268 2284 2350 2315 prae-

1361 2328 1409 2353 ter
1432 2319 1563 2353 modum
1587 2321 1806 2354 renitebantur
1821 2345 1829 2352 .

1408 2363 1456 2396 18.
1481 2364 1550 2400 Qui
1575 2374 1610 2396 ea
1632 2375 1703 2405 quae
1727 2363 1964 2406 praecefferant2,
1987 2370 2038 2395 aut
2049 2360 2206 2394 comitata
2221 2359 2348 2394 fuerant

1361 2416 1511 2451 parturn,
1534 2418 1592 2449 pro
1612 2416 1700 2441 certo
1723 2408 1836 2448 sciret,
1860 2416 1912 2441 aut
1939 2406 2035 2445 etiarn
2070 2406 2246 2447 placentam
2277 2415 2349 2437 exa-

1361 2449 1527 2490 minasset,
1552 2461 1662 2483 eorum
1685 2463 1754 2495 quae
1777 2452 1809 2484 in
1832 2451 1893 2484 hoc
1915 2449 2000 2484 foetu
2021 2448 2180 2486 vidimus,
2214 2458 2279 2481 non
2310 2461 2348 2481 0-

1358 2496 1501 2533 mnium,
1526 2492 1575 2527 sed
1598 2496 1851 2535 nonnullorum,
1872 2496 1904 2527 ὃ(
1927 2491 2084 2527 effufionis
2095 2491 2267 2535 praesertim
2278 2490 2348 2525 san-

1354 2538 1462 2580 guinis
1483 2536 1629 2578 causam,
1652 2538 1778 2573 fortasse
1801 2538 1898 2582 posset
1920 2536 2097 2580 conjicere.
2122 2534 2244 2581 Cujus,
2267 2538 2348 2571 &ex

1355 2583 1493 2614 lacerato
1514 2580 1642 2624 quidem
1664 2581 1827 2624 jecinore,
1850 2581 2009 2624 sanguinis
2033 2581 2066 2612 in
2089 2577 2173 2611 foetu
2188 2576 2348 2612 effusionis

1357 2626 1551 2659 mentionem
1574 2625 1651 2658 alias
1672 2629 1685 2665 (
1704 2637 1726 2669 g
1746 2630 1761 2667 )
1783 2638 1798 2659 a
1823 2637 1873 2659 me
1895 2625 1955 2657 tibi
1980 2624 2099 2657 faetam
2123 2620 2213 2655 fuiffe
2236 2645 2249 2662 ,
2281 2632 2347 2655 me„

1357 2670 1505 2703 mineris.
1633 2669 1692 2702 Sed
1714 2668 1780 2712 jam
1803 2669 1840 2703 ad
1864 2670 1959 2712 longe
1983 2667 2069 2702 aliud
2091 2665 2278 2701 morborum
2291 2676 2347 2708 ge-

1358 2723 1416 2748 nus
1440 2713 1482 2749 est
1504 2712 1750 2750 transeundum.
1776 2714 1878 2749 Vale.

2188 3556 2300 3590 EPI-

327 3659 2334 3693 Μ

377 3754 392 3782 (
407 3761 421 3777 a
435 3755 449 3783 )
466 3754 539 3783 Epist.
555 3758 592 3780 26.
610 3761 637 3778 n.
653 3760 689 3782 ³2.
750 3752 764 3780 (
780 3751 794 3775 b
808 3749 817 3780 )
849 3748 907 3784 Obs-
925 3746 1041 3780 Quadrig.
1057 3746 1116 3772 Obs-
1134 3755 1155 3776 3.
1215 3746 1224 3776 (

371 3786 384 3809 c
405 3792 416 3807 ι
430 3785 438 3815 )
458 3785 555 3810 Differt.
571 3784 601 3809 de
616 3785 696 3810 utero
712 3782 763 3813 post
776 3786 874 3813 panum
889 3776 1006 3806 inflatum.
1023 3776 1046 3809 §.
1065 3785 1102 3808 14·
1117 3777 1141 3802 δε
1158 3779 1182 3802 6.

1241 3744 1284 3805 2}
1295 3743 1380 3803 )§..E¹3
1441 3742 1456 3771 (
1471 3740 1486 3764 d
1501 3740 1515 3769 )
1531 3737 1588 3764 Vid.
1605 3737 1660 3763 Αᾶ.
1678 3738 1742 3767 Lips.
1760 3738 1790 3761 A.
1808 3737 1874 3766 1738.
1890 3737 1931 3761 M.
1948 3736 2047 3764 Januar.

1348 3781 1363 3804 P

1365 3773 1401 3799 ist.
1417 3780 1456 3803 39.
1472 3779 1499 3797 n.
1514 3771 1555 3796 ²8.
1610 3770 1627 3799 Ε
1639 3777 1658 3799 g
1674 3769 1688 3799 )
1704 3768 1779 3799 Epist.
1794 3769 1832 3798 48.
1850 3775 1875 3794 n.
1893 3771 1929 3797 19.
1946 3765 1969 3789 δε
1984 3765 2045 3794 seqq.
