2498 4075
418 122 509 165 112

347 189 538 228 eximendo,
563 188 644 230 apud
665 197 775 221 omnes
798 185 1032 221 commendavit
1053 209 1062 220 .
1095 185 1212 230 Neque
1233 192 1339 218 tamen

346 244 429 275 aegcr
460 232 583 266 coatras
606 230 644 270 est
675 232 770 269 denuo
793 231 944 274 addiscere
975 240 1064 264 voces
1093 229 1137 264 &¹
1168 229 1340 273 loquelam,

344 275 400 312 etsi
421 276 485 319 post
507 274 628 309 multos
651 284 746 307 annos
767 275 909 309 auditum
932 280 1166 316 recuperaverat
1188 287 1197 311 3
1219 273 1339 316 quippe

296 343 300 345 s
340 321 401 362 qui
418 342 427 357 ‚
453 328 489 353 ut
513 317 599 352 surdi
623 317 731 359 passim
754 317 855 350 facere
878 316 979 352 solent
1003 339 1015 356 ‚
1047 316 1081 348 in
1104 315 1155 350 sua
1189 314 1340 350 surditate

342 362 462 407 loqui,
483 360 562 394 sicut
574 369 661 393 antea
678 383 688 398 ‚
713 369 914 403 perrexeraty·
936 369 971 393 ut
983 360 1116 395 minime
1138 359 1342 401 intelligam,

341 404 511 448 quomodo
534 416 550 437 a
574 403 825 439 Praestantiffimo
849 405 934 436 Viro
970 404 1112 445 potuerit
1131 414 1144 443 ,·
1177 402 1234 436 nisi
1258 401 1342 437 forte

340 451 382 482 de
406 447 568 482 oblivioso
591 448 726 490 aliquo,
750 446 904 486 necdum,
928 457 1001 479 cum
1013 446 1123 481 surdus
1146 445 1188 480 est
1211 445 1314 479 faetus
1330 470 1339 485 ‚

340 493 414 527 satis
435 492 527 535 loqui
552 491 683 530 doeto;
707 489 788 523 illud
811 489 875 524 dici
901 512 913 530 ,
944 490 1030 532 quod
1051 498 1135 523 certe
1168 488 1207 523 de
1227 488 1343 522 nostris

338 535 439 575 surdis
466 534 583 569 accidit
607 534 748 568 nemini,
882 531 983 575 Qod
1005 544 1079 568 vero
1102 532 1196 566 bruta
1221 532 1342 565 anima-

338 579 406 620 lia,
428 588 463 615 ut
488 587 564 621 pote
586 577 731 610 manibus
755 577 892 609 carentia
915 575 1032 619 quibus
1057 587 1144 612 aures
1170 584 1305 618 purgent
1327 597 1340 615 ‚

339 630 447 661 eontra
471 620 562 657 obvia
583 621 669 663 ligna
691 618 865 663 lapidesque
888 619 1047 655 auriculas
1069 617 1239 662 confricent
1258 642 1270 659 ‚
1293 628 1341 651 at-

337 676 400 709 que
422 666 454 699 id
475 666 509 698 ni
523 661 682 707 fecerint,
699 662 900 706 surdescant,
924 664 1005 698 recte
1016 661 1147 704 quidem
1171 663 1199 695 is
1210 661 1339 696 docuit.

330 709 431 754 Juvat
465 718 571 744 tamen
596 705 706 739 addere
741 705 952 741 auricularum
987 705 1030 738 ob
1051 703 1086 738 id
1117 716 1246 748 quoque
1268 704 1341 747 ipfis

335 750 510 790 concessam
533 757 657 786 tantam
683 749 774 782 illam
795 749 1015 785 mobilitatem
1036 771 1049 789 ‚
1068 755 1107 784 ut
1127 749 1218 782 vario
1241 757 1340 787 motu,

334 795 468 837 undique
484 792 573 837 fnc‘t'o
591 814 600 830 ‚
625 799 819 827 excrementa
842 792 927 825 acria
948 813 959 830 ‚
984 793 1026 828 (φ
1048 801 1229 833 quacunque
1252 803 1342 834 nego-

332 840 414 877 tium
429 835 537 880 facere
553 842 703 878 poterant
725 859 735 873 ,
757 844 797 881 ως
818 832 946 870 auribus
971 833 1107 877 facilius
1131 834 1342 876 expellerent,

332 891 369 919 ut
393 879 542 923 praeclare
565 878 688 913 censuit
710 878 867 911 Casscrius
890 878 924 909 in
947 890 984 911 eo
1007 877 1078 920 ipso
1100 878 1205 919 capite
1226 901 1237 918 ‚
1259 878 1342 912 unde

332 926 376 957 V.
403 923 469 959 haec
494 922 690 956 Observatio
712 920 874 963 descripta
898 924 911 959 (
934 932 956 955 x
977 924 991 960 )
1014 920 1075 955 est.
1102 919 1219 962 Qd?
1242 920 1264 954 si
1288 921 1342 954 ad-

333 967 443 1011 jiciam
467 966 616 1000 auriculae
655 965 792 1008 primam
815 964 907 998 illam
930 965 1057 998 Meatus
1092 973 1214 1006 partem
1234 988 1245 1005 ‚
1280 964 1340 997 sive

331 1012 426 1047 illum
451 1010 602 1044 tubulum
624 1009 867 1051 cartilagineum
890 1030 902 1048 ‚
935 1008 969 1040 in
992 1018 1049 1049 quo
1076 1007 1182 1051 sordes
1213 1008 1340 1042 aurium

332 1055 537 1096 continentur
558 1056 614 1093 (y
638 1056 671 1093 ).
695 1053 794 1086 Hunc
817 1060 904 1086 certe
926 1049 949 1084 fi
974 1051 1022 1084 vel
1046 1052 1080 1083 in
1105 1050 1276 1090 leonibus,
1301 1051 1339 1085 ab

333 1097 448 1134 eodem
472 1095 646 1142 propositis
670 1096 840 1129 brutorum
866 1095 1050 1141 spcffitaxreris
1070 1116 1080 1132 ‚
1104 1092 1262 1138 ipsiusque
1287 1105 1341 1128 tu-

329 1142 398 1179 buli
423 1140 525 1175 sedem
547 1161 557 1177 .
595 1139 784 1175 strusturam
805 1162 818 1179 ,
851 1137 1010 1172 musculos
1034 1136 1206 1170 attenderis
1228 1149 1239 1178 5
1270 1137 1339 1170 sane

334 1185 501 1227 intelliges
515 1205 524 1220 ‚
549 1182 611 1218 hoc
634 1194 762 1225 quoque
785 1183 904 1217 tubulo
926 1180 1143 1217 multifariam
1155 1190 1225 1215 tum
1250 1181 1341 1216 simul

328 1240 404 1264 cum
451 1227 602 1262 auriculis
639 1227 765 1268 agitato
791 1249 805 1266 ‚
849 1235 919 1259 tum
964 1223 1104 1258 seorsum
1147 1224 1308 1266 producto
1329 1248 1343 1265 ,

334 1273 566 1351 copstratftoquc
599 1294 608 1310 ,
652 1269 798 1304 sordium
844 1270 966 1305 exitum
999 1268 1183 1311 promoveri
1215 1266 1344 1302 facilius

351 1329 372 1351 o
399 1328 415 1350 e
429 1340 437 1350 .

329 1328 350 1361 p
376 1371 424 1395 12.
451 1358 690 1393 Observatione
715 1358 777 1391 VI.
802 1357 923 1400 quippe
957 1368 1026 1399 quse
1050 1355 1171 1389 nullam
1202 1355 1343 1398 peculia-

327 1415 395 1439 rem
419 1411 473 1437 aut
496 1401 587 1436 nervi
611 1400 806 1441 Auditorii,
830 1409 884 1434 aut
909 1399 1005 1442 ipsius
1028 1399 1113 1433 auris
1136 1399 1340 1441 conspersum

325 1448 489 1484 laesionem
513 1446 695 1489 proponit,
719 1446 753 1477 in
777 1444 888 1477 medio
912 1444 1021 1477 relisia
1046 1467 1055 1481 ,
1089 1441 1340 1476 Observationes

328 1492 502 1535 sequuntur
525 1487 677 1532 adjec‘iae.
704 1489 854 1528 Qarum
879 1488 980 1530 prima
1004 1495 1160 1529 quatenus
1171 1484 1337 1520 surditatis

331 1534 519 1571 insanabilis
551 1531 678 1566 causam
714 1531 824 1565 statuit
861 1531 1084 1564 Membranam
1119 1531 1284 1571 Tympani
1319 1541 1337 1563 a

320 1582 426 1622 prima
450 1574 695 1619 conformatione
717 1572 891 1617 craffiorcm
916 1587 926 1612 3
959 1572 982 1607 fi
1004 1572 1136 1616 quidem
1167 1571 1339 1607 crassitudo

325 1622 396 1659 haec
420 1622 559 1655 maxima
582 1618 646 1657 fit'3
671 1617 831 1661 probanda
846 1618 959 1659 utique
982 1616 1043 1650 est:
1068 1627 1178 1650 verum
1201 1627 1238 1649 an
1253 1618 1338 1650 Lau-

326 1667 448 1701 rentius
472 1666 518 1698 ita
541 1662 685 1702 viderit,
708 1662 866 1696 incertum
890 1659 957 1699 cst5
982 1669 1108 1694 certum
1132 1668 1237 1693 autem
1258 1684 1267 1699 ‚
1305 1658 1339 1693 id

329 1707 479 1752 scripsisse
507 1730 519 1746 ,
548 1718 614 1741 non
645 1703 702 1738 lib.
727 1716 759 1748 4.
783 1715 851 1747 cap.
881 1703 929 1737 18.
954 1703 1005 1737 sed
1029 1704 1086 1736 lib.
1116 1712 1163 1734 11.
1188 1714 1256 1746 cap.
1288 1713 1335 1746 13.

326 1754 485 1791 Historia:
509 1749 716 1786 Anatomicae
738 1771 752 1789 ,
784 1746 870 1782 idem
895 1758 932 1781 ue
955 1748 989 1781 in
1007 1745 1104 1786 surdo
1127 1746 1190 1779 alio
1212 1758 1230 1778 a
1252 1747 1337 1779 nari-

324 1798 427 1834 m'tate
451 1799 490 1831 ab
515 1797 673 1829 Lanzono
697 1794 717 1831 (,
733 1803 758 1834 z
777 1795 793 1832 >
815 1790 864 1826 fui
892 1803 909 1825 e
931 1790 1157 1832 conspestum.
1178 1790 1269 1836 *Qre
1282 1800 1336 1822 ve-

323 1854 361 1879 ro
397 1842 430 1874 in
455 1838 565 1874 eadem
594 1835 831 1871 Observatione
865 1846 904 1869 ex
928 1832 1080 1868 Bauhino
1115 1832 1335 1875 subjiciuntur

321 1886 361 1920 de
385 1885 489 1920 multo
512 1886 542 1917 δι
568 1878 669 1915 crasso
692 1890 788 1913 muco
820 1879 854 1911 in
877 1889 970 1911 cavea
994 1877 1162 1919 Tympani
1185 1901 1194 1916 ,
1231 1875 1335 1909 eidem

324 1930 525 1966 Membranae
551 1925 665 1968 saepius
690 1946 701 1961 ,
734 1924 768 1956 in
793 1923 897 1965 pueris
922 1920 1097 1968 praesertim
1120 1944 1129 1960 ,
1162 1917 1335 1961 opposito,

318 1984 355 2009 ut
380 1973 547 2009 Fabricius
568 1967 671 2003 noster
695 1966 988 2005 animadverterat,
1010 1975 1100 2006 cujus
1112 1962 1334 1996 testimonium

314 2019 349 2053 in
380 2020 429 2051 ΙΙ.
453 2026 582 2060 quoque
606 2010 842 2047 observatione
866 2009 1073 2053 inculcatur,
1096 2004 1255 2049 ejusmodi
1267 2017 1335 2039 cer-

316 2072 348 2099 te
373 2062 467 2101 sunt,
492 2068 552 2099 ut,
578 2068 613 2090 ea
638 2053 815 2099 persistente
838 2055 955 2093 causa,
982 2051 1108 2085 nullum
1133 2049 1270 2083 dubium
1293 2048 1332 2083 fit

317 2105 356 2144 de
381 2104 533 2141 surditate
549 2127 558 2142 ‚
583 2108 637 2135 aut
661 2109 774 2140 magna
798 2097 926 2131 auditus
941 2093 1086 2128 laesione.
1113 2093 1332 2127 Veruntamen

318 2149 486 2195 quousque
510 2145 612 2188 aliqui
637 2139 784 2185 progressi
799 2139 859 2173 sint
875 2162 887 2179 ‚
911 2138 1052 2172 Fabricii
1071 2137 1176 2169 verbis
1199 2136 1332 2171 abuten-

320 2205 387 2232 tes,
412 2194 487 2228 satis
510 2202 525 2224 a
549 2188 640 2222 nobis
666 2187 698 2218 in
721 2182 869 2227 Epistola
894 2181 1031 2224 quadam
1044 2180 1241 2215 Anatomica
1264 2182 1332 2220 (a)

320 2237 477 2273 ostensum
499 2233 564 2273 est,
588 2239 752 2272 nunquam
777 2236 946 2270 propterea
970 2223 1161 2268 negantibus
1185 2222 1221 2257 id
1243 2222 1333 2265 quod

321 2283 397 2317 alias
420 2284 433 2319 (
455 2279 475 2313 b
497 2282 511 2318 )
532 2276 571 2310 ad
591 2284 623 2308 te
657 2271 828 2306 scribentes
850 2268 1110 2303 confirmavimus
1131 2291 1144 2307 ‚
1176 2267 1333 2300 saniosam

322 2326 491 2361 materiam
524 2321 556 2353 vi
590 2317 697 2351 morbi
732 2316 765 2347 in
800 2315 979 2355 Tympano
1012 2309 1208 2355 deprehendi
1233 2323 1241 2343 ;
1266 2320 1333 2353 quo

324 2367 468 2405 Schulzii
499 2368 512 2404 (
536 2377 551 2399 c
575 2366 590 2403 )
620 2359 741 2404 poteris
764 2355 1034 2389 Observationem
1067 2353 1203 2387 referre.

327 2417 430 2449 Porro
453 2412 486 2443 in
512 2408 556 2441 V.
582 2403 778 2438 Anatomica
803 2397 949 2441 Epistola
973 2402 986 2437 (
1008 2398 1027 2430 d
1048 2400 1062 2436 >
1084 2408 1118 2429 ea
1142 2395 1210 2429 fuse
1233 2417 1242 2432 ‚
1278 2407 1331 2429 nc-

325 2468 386 2501 que
410 2452 649 2489 indiligenter,
684 2446 755 2479 sunt
780 2442 899 2484 agitata
931 2453 1001 2484 quae
1036 2439 1074 2473 acl
1099 2441 1164 2473 ΙΙΙ.
1197 2439 1336 2472 attinent

328 2489 622 2535 Observatifinem,
647 2502 662 2523 a
686 2487 834 2522 Fabricio
870 2484 980 2518 codem
1004 2491 1166 2525 acceptam
1187 2508 1196 2515 .
1229 2483 1337 2516 Mem·

328 2546 459 2579 branam
493 2539 546 2573 hie
581 2533 714 2579 quidem
745 2531 877 2564 alteram
900 2554 909 2570 ‚
947 2527 1144 2561 Membranae
1168 2526 1337 2568 Tympani

327 2588 468 2623 exterius
491 2580 647 2625 adjectam
670 2598 682 2617 ,
713 2574 763 2609 his
785 2574 819 2606 in
854 2572 994 2615 puerulis
1018 2572 1178 2604 invenerat
1202 2567 1338 2612 craffiffi-

328 2643 412 2668 mam
462 2628 504 2661 &⁸
529 2617 758 2665 robusttffimam
780 2640 793 2658 ,
825 2627 924 2659 eoque
948 2614 1115 2649 surditatis
1139 2612 1262 2646 causam
1286 2610 1339 2645 fu-

329 2654 452 2711 turani.
479 2671 588 2710 Qam
610 2674 717 2698 tamen
740 2661 798 2694 alii
821 2659 951 2692 eandem
974 2655 1066 2692 fuisse
1087 2679 1097 2695 ‚
1122 2666 1187 2689 non
1209 2655 1338 2688 dubita-

331 2728 405 2754 runt
420 2741 427 2755 ‚
452 2725 522 2758 quae
547 2708 617 2754 post
640 2705 896 2746 Kerckringium
919 2701 1101 2736 communis
1123 2699 1338 2732 omnibusin-

330 2762 473 2799 fantibus
507 2766 579 2790 tum
610 2764 626 2786 a
658 2752 840 2790 Verneyo,
874 2744 1022 2780 Valsalva
1044 2769 1056 2785 ,
1102 2741 1305 2776 Cheseldeno
1327 2764 1337 2779 ‚

331 2804 531 2841 Walthero,
555 2794 777 2832 Winslowio,
801 2800 871 2824 tum
895 2789 933 2823 ab
957 2786 1148 2830 Ruyschio‚
1173 2785 1338 2833 Drakio,

332 2847 499 2890 doctisque
524 2841 597 2877 aliis
620 2837 713 2872 Viris
737 2842 901 2876 comperta
926 2832 986 2866 est.
1014 2832 1072 2865 Sed
1095 2841 1168 2863 cum
1192 2828 1226 2862 hi
1250 2837 1337 2862 cuti-

333 2893 414 2928 culte
437 2884 659 2930 expanfionem
684 2877 764 2917 esse,
786 2876 967 2914 traderent3
992 2877 1135 2920 quinque
1159 2882 1264 2906 autem
1287 2872 1339 2905 illi

335 2928 605 2975 mucilaginosam
616 2949 628 2966 ,
640 2920 839 2958 subalbidam
850 2944 863 2961 ‚
876 2919 1037 2954 mucosam
1052 2942 1064 2959 ‚
1087 2916 1172 2962 quasi
1186 2914 1339 2950 diffluen-

333 2992 399 3016 tem
447 2972 639 3014 crassamque
663 2964 873 3000 describerent
895 2975 904 3002 3
939 2974 1045 2997 verum
1069 2960 1220 3003 utrosque
1243 2982 1252 2997 ‚
1289 2957 1339 2992 sed

334 3003 425 3061 aliud
446 3021 526 3054 alios
552 3007 737 3049 attendisse,
759 3007 951 3051 deprehendi
973 3017 984 3047 3
1008 3016 1080 3039 nam
1104 3009 1133 3038 δι
1160 3004 1262 3037 tenuis
1284 3013 1343 3038 cu·

335 3067 443 3103 ticulae
467 3057 617 3105 expansio
641 3056 674 3088 in
694 3051 831 3086 foetibus
855 3052 973 3094 pariter
995 3058 1086 3093 atque
1112 3047 1231 3082 adultis
1256 3047 1341 3079 exti-

336 3122 419 3147 mam
443 3105 639 3142 Membranae
673 3095 842 3139 Tympani
875 3093 1034 3128 lamellam
1066 3091 1145 3126 facit
1165 3114 1179 3132 ,
1211 3093 1243 3124 &
1269 3088 1344 3136 huic

338 3151 544 3200 peculiariter
568 3148 602 3179 in
626 3140 789 3179 foetibus,
812 3141 843 3171 ἃ
868 3135 1046 3170 infantibus
1071 3147 1175 3170 recens
1198 3135 1282 3167 natis
1304 3135 1344 3166 ίι-

339 3198 496 3234 mulatum
518 3204 557 3226 ex
580 3185 675 3223 molli
699 3182 831 3218 materia
855 3181 1036 3224 imponitur
1059 3181 1315 3222 integumentum
1331 3203 1340 3211 .

338 3245 447 3285 Qam
471 3235 636 3270 materiam
659 3239 733 3263 cum
756 3222 887 3260 eandem
911 3224 1000 3257 illam
1025 3223 1180 3258 sebaceam
1204 3219 1283 3261 esse,
1305 3232 1343 3253 o-

340 3284 509 3320 stenderim
531 3289 592 3321 qua
616 3275 717 3309 foetus
740 3271 824 3304 cutis
846 3268 1030 3308 oblinitur,·
1052 3266 1139 3301 vides
1162 3277 1258 3310 quam
1269 3275 1344 3307 pro-

341 3331 420 3365 clive
444 3325 483 3359 sit
507 3321 685 3362 intelligere
701 3339 713 3356 ,
737 3315 845 3348 ficcari
870 3311 953 3348 illud
977 3312 1085 3354 potius
1106 3335 1118 3352 ,
1143 3320 1237 3351 atque
1260 3309 1345 3342 exci-

343 3372 440 3411 dere,
462 3377 558 3414 quam
592 3364 626 3398 in
649 3357 859 3397 craffiffimam
877 3380 890 3397 ,
922 3358 954 3391 &
978 3354 1218 3390 robustiffimam
1249 3363 1348 3387 mem-

966 107 1124 161 Liber
1157 107 1195 158 1.
1229 107 1315 159 De
1351 106 1559 159 Morbis
1594 104 1802 171 Capitis

1389 186 1519 220 branam
1550 186 1585 218 in
1608 185 1768 219 nonnullis
1800 181 1986 225 degenerare
2005 203 2015 219 ‚
2047 181 2099 214 eui
2121 180 2190 214 sane
2222 183 2266 216 rei
2290 183 2386 224 longe

1388 231 1494 264 minus
1516 230 1624 271 inepta
1648 227 1789 262 cuticula
1810 225 1870 259 est.
2001 224 2085 266 Qae
2108 223 2203 266 presse
2225 225 2279 260 hic
2302 225 2386 260 mihi

1393 270 1578 315 attingenda
1599 270 1776 305 existimavi
1798 268 1889 303 simul
1912 277 1950 302 ut
1971 278 2042 311 quae
2065 278 2132 300 mea
2166 267 2205 302 de
2227 270 2383 312 postrema

1392 317 1448 351 ista
1471 314 1704 349 Observatione
1728 314 1880 347 sententia
1903 309 1977 345 esset
1996 335 2010 352 ‚
2033 310 2229 353 intelligeres
2247 336 2260 352 ,
2290 311 2383 346 simul

1392 369 1429 394 ut
1453 358 1476 392 fi
1499 370 1546 391 me
1566 357 1700 400 (usquam
1724 358 1873 390 intereos
1895 363 2160 389 connumeratum
2170 358 2306 398 legeres,
2328 357 2385 398 qui

1392 403 1476 437 nihil
1501 400 1588 434 aliud
1610 398 1668 434 esse
1690 411 1787 443 quam
1808 398 1985 433 cuticulam
2005 422 2019 439 ‚
2051 396 2225 433 docuerunt
2249 425 2259 440 ,
2292 399 2385 432 illam

1390 445 1475 491 quasi
1512 443 1730 477 membranam
1763 454 1833 486 quae
1866 443 1901 474 in
1932 452 2035 475 recens
2077 442 2159 474 natis
2190 442 2386 476 Membrana:

1394 488 1559 532 Tympani
1582 488 1745 521 invenitur
1767 484 1937 528 imposita3
1961 485 2102 519 indicata
2124 482 2224 528 posses
2247 485 2318 518 loca
2339 487 2387 519 E-

1393 532 1579 576 pistolarum
1603 530 1737 573 relegere
1750 554 1758 562 .
1782 527 1880 566 Quod
1894 531 1925 561 &
1938 527 2034 562 facias
2046 528 2145 562 velim
2158 527 2338 572 ubicunque
2353 540 2386 561 a-

1391 578 1476 620 liqua
1491 597 1500 613 ‚
1524 583 1559 608 ut
1584 573 1675 616 supra
1698 571 1736 607 ad
1759 570 2029 606 observationem
2051 573 2094 605 V.
2110 570 2172 606 feci
2193 574 2208 610 (
2229 583 2245 604 e
2265 575 2303 612 ὶ,
2326 582 2392 605 non

1390 631 1456 653 tam
1490 630 1528 652 ne
1559 617 1712 651 Valsalvae
1739 637 1748 652 ‚
1779 624 1835 649 aut
1868 613 1951 647 mihi
1971 638 1984 655 ‚
2016 626 2113 659 quam
2151 625 2189 648 ne
2230 626 2305 649 vero
2327 614 2388 658 ipsi

1392 660 1543 699 deessem,
1569 659 1673 694 rursus
1697 660 1855 701 attingere
1876 659 2025 692 coastum
2048 670 2098 692 me
2122 657 2269 692 senseris.

1438 717 1486 748 13.
1512 707 1563 738 De
1588 705 1648 737 IV.
1675 704 1708 736 in
1731 701 1971 735 Additamentis
1995 701 2225 735 Observatione
2246 700 2393 745 duplica-

1394 759 1435 784 tae
1458 747 1652 782 Membranae
1677 745 1845 788 Tympani
1864 767 1876 784 ,
1907 743 2056 778 crustaeve
2079 756 2119 778 ex
2148 744 2279 779 densato
2299 756 2393 778 ceru-

1393 795 1479 828 mine
1503 790 1560 835 ipsi
1584 789 1797 834 animantis,
1821 787 1945 831 postea
1992 799 2038 821 uae
2060 786 2148 821 dicta
2170 786 2241 822 sunt
2261 810 2271 826 ‚
2308 787 2392 821 nihil

1395 837 1509 871 attinet
1531 833 1585 869 hic
1609 832 1763 875 adjicere.-
1788 840 1823 865 ut
1845 841 1944 873 neque
1967 800 2005 865 de
2028 831 2071 864 V.
2084 830 2290 865 Manifestum
2306 833 2392 864 enim

1394 880 1436 915 est
1450 903 1459 917 ‚
1484 878 1505 912 fi
1529 889 1602 912 caro
1625 874 1802 909 excrescens
1825 873 1956 907 obturet
1978 874 2147 914 Meatum‚
2169 875 2316 910 auditum
2340 876 2394 907 in-

1390 924 1530 966 tercipi,
1554 923 1587 955 ni
1610 920 1701 953 illam
1723 918 1829 952 demas
1851 940 1860 949 .
1897 916 1971 953 Qua
1995 926 2099 950 autem
2123 916 2185 950 hoc
2207 916 2246 952 fit
2269 919 2393 952 ratione

1391 963 1618 1011 praestandum,
1641 964 1737 997 multi
1759 961 1899 1001 docent,
1922 961 1956 993 in
1979 961 2094 1003 quibus
2114 983 2125 1000 ‚
2150 971 2263 1003 praeter
2286 962 2394 1004 Equi-

1391 1022 1457 1045 tem
1482 1007 1703 1043 Marchettum
1727 1005 1868 1039 nostrum
1891 1001 1979 1047 (f)
2001 1005 2056 1046 qui
2069 1002 2260 1038 adolescenti
2284 1002 2324 1038 sic
2336 1015 2393 1038 na-

1390 1063 1450 1095 to,
1473 1050 1622 1087 audiendi
1647 1049 1830 1084 facultatem
1843 1071 1855 1089 ,
1879 1046 2014 1090 praebuit
2027 1059 2038 1087 3
2062 1046 2105 1081 est
2125 1047 2159 1080 in
2184 1047 2297 1090 primis
2312 1049 2396 1081 Ver-

1392 1108 1491 1140 neyus
1514 1100 1527 1135 (
1548 1096 1628 1138 g);
1652 1094 1709 1138 qui
1734 1096 1765 1126 &
1790 1092 1852 1126 alia
1876 1089 2023 1124 auditum
2043 1114 2056 1131 ,
2080 1101 2251 1133 auremque
2274 1090 2393 1125 laeden-

1392 1144 1437 1175 tia
1457 1164 1469 1181 ‚
1503 1139 1652 1173 videlicet
1678 1137 1773 1170 altius
1807 1136 1841 1168 in
1865 1135 2011 1168 Meatum
2042 1134 2152 1176 illapsa
2186 1135 2397 1177 quemadmo-

1394 1185 1471 1218 dum
1498 1182 1662 1218 eximenda
1686 1180 1770 1219 sint,
1791 1176 1927 1212 tradidit
1945 1200 1954 1216 ,
1979 1188 2043 1210 non
2067 1176 2201 1216 omissa,
2224 1179 2278 1212 ubi
2290 1178 2396 1212 neces-

1393 1227 1465 1261 sitas
1489 1236 1610 1269 cogat,
1633 1225 1717 1259 auris
1740 1220 1893 1255 incisione
1918 1247 1925 1253 .
1961 1221 2076 1255 Paulus
2097 1221 2228 1264 quidem
2254 1244 2269 1262 ,
2294 1231 2330 1256 ut
2352 1220 2398 1255 est

1394 1270 1476 1314 apud
1500 1271 1642 1305 nostrum
1665 1266 1848 1315 Fabricium
1871 1267 1885 1304 ζ
1906 1262 1927 1297 h
1949 1267 1985 1304 )‚
2008 1263 2240 1304 &Albucafis,
2261 1274 2298 1300 ut
2313 1263 2399 1307 apud

1393 1315 1585 1349 Marcellum
1607 1315 1777 1347 Donatum
1798 1312 1812 1348 (
1836 1321 1846 1342 ι
1868 1311 1904 1349 ὶ,
1926 1305 2056 1340 eandem
2078 1307 2161 1342 olim
2182 1332 2196 1350 ‚
2220 1308 2274 1343 sed
2296 1309 2363 1342 alio
2383 1329 2399 1348 s

1394 1368 1430 1392 ut
1455 1357 1603 1397 videtur,
1625 1356 1698 1388 loco
1721 1351 1978 1397 proposuerunt,
2002 1351 2124 1393 aptiore
2149 1349 2185 1385 hi
2208 1350 2336 1387 fortasse
2360 1350 2401 1386 ad

1393 1401 1647 1444 inspiciendum,
1673 1402 1705 1431 &
1729 1396 1767 1430 ad
1792 1393 1946 1439 agendum
1972 1409 1989 1441 3-
2006 1396 2173 1437 Verneyus
2195 1406 2271 1430 vero
2294 1396 2400 1429 tutio-

1393 1456 1444 1478 re.
1471 1444 1571 1486 Qod
1595 1453 1703 1477 autem
1725 1442 1875 1475 Donatus
1907 1437 1945 1472 de
1968 1437 2153 1481 siliquarum
2186 1439 2303 1473 semine
2326 1438 2402 1473 sub-

1390 1488 1464 1532 jicit
1486 1489 1520 1520 in
1543 1488 1690 1521 Meatum
1711 1484 1819 1518 indito
1839 1494 1850 1521 ς
1883 1492 1947 1531 non
1970 1479 2153 1525 infrequens
2187 1483 2242 1517 hic
2269 1481 2340 1517 esset
2362 1483 2400 1515 in

1391 1533 1496 1576 pueris
1519 1530 1626 1568 casus,
1652 1527 1711 1562 nisi
1732 1530 1818 1560 inter
1841 1526 1936 1558 initia
1959 1534 2177 1560 occurreretur
2196 1551 2205 1559 .
2241 1525 2302 1560 Sed
2323 1536 2398 1560 cum

1391 1575 1609 1610 instrumentis
1634 1572 1674 1606 ad
1695 1567 1924 1604 extrahendum
1947 1567 2090 1601 immissis
2113 1568 2199 1604 haud
2220 1581 2293 1604 raro
2315 1570 2401 1604 acci-

1390 1619 1496 1658 derit,
1519 1627 1554 1652 ut
1580 1615 1738 1659 ejusmodi
1762 1613 1880 1646 semina
1906 1612 2010 1654 magis
2033 1609 2095 1645 sint
2117 1613 2295 1648 introrsum
2310 1624 2402 1647 com-

1391 1662 1501 1706 pulsa5
1525 1672 1588 1694 non
1613 1661 1743 1702 ignotus
1769 1654 2044 1697 mihiChirurgus
2068 1654 2163 1699 longe
2175 1657 2273 1691 aliam
2296 1659 2403 1690 ratio-

1389 1717 1459 1740 nem
1485 1705 1608 1737 secutus
1632 1704 1665 1735 in
1689 1700 1858 1744 pluribus,
1881 1696 2020 1731 feliciter
2042 1700 2162 1733 exemit
2180 1724 2189 1735 .
2214 1701 2342 1734 Scilicet
2364 1712 2404 1734 o-

1389 1750 1472 1783 leum
1505 1747 1652 1781 dulcium
1676 1741 1914 1787 amygdalarum
1942 1766 1952 1782 ,
1982 1749 2037 1774 aut
2060 1741 2108 1775 lac
2146 1753 2202 1786 per
2231 1743 2401 1786 siphonem

1387 1791 1614 1826 auricularium
1638 1789 1671 1821 vi
1695 1784 1853 1826 immisit3
1876 1783 1917 1817 sic
1941 1785 2026 1818 enim
2050 1783 2143 1819 simul
2177 1797 2251 1821 cum
2273 1787 2315 1820 iis
2340 1785 2403 1821 hu..

1385 1835 1531 1869 moribus
1555 1829 1828 1876 regurgitantibus
1860 1827 1943 1862 vidit
1965 1839 2001 1862 ea
2040 1827 2158 1862 semina
2190 1829 2334 1868 referri,
2369 1833 2403 1863 δε

1387 1879 1538 1922 prodire.
1563 1876 1665 1919 Cujus
1689 1886 1749 1917 ego
1773 1873 1932 1907 rationem
1954 1883 2028 1906 cum
2052 1884 2068 1905 a
2093 1872 2190 1906 Celso
2211 1876 2226 1913 (
2247 1873 2266 1915 Ι(
2288 1877 2299 1913 )
2323 1874 2406 1917 qni-

1387 1922 1459 1956 dem
1484 1919 1754 1964 praemonstratam
1777 1914 1835 1951 esse
1847 1939 1861 1956 ‚
1882 1914 2021 1949 dicerem
2041 1938 2053 1956 ‚
2077 1916 2137 1958 qui
2164 1926 2240 1951 tunc
2263 1916 2401 1951 oricula-

1386 1967 1433 1999 rio
1456 1963 1580 2007 clystere
1602 1973 1715 2005 aquam
1737 1959 1944 2005 vehementer,
1964 1960 2052 1992 intus
2074 1959 2279 2001 compellebat
2300 1982 2311 1998 ,
2349 1959 2404 1994 sed

1386 2012 1417 2041 &
1442 2009 1605 2041 monitum
1628 2006 1762 2039 Sculteti
1785 2006 1799 2043 (
1820 2002 1833 2036 l
1851 2001 2062 2051 [objicerem
2072 2025 2086 2043 ,
2109 2002 2144 2035 in
2170 2005 2299 2038 aurium
2326 2001 2403 2036 affe-

1385 2052 1490 2086 &ibus
1515 2048 1730 2092 injectionum
1751 2046 1943 2079 violentiam
1965 2046 2105 2079 vetantis
2126 2069 2139 2086 ‚
2162 2056 2199 2080 ne
2222 2045 2403 2081 membrana

1385 2094 1528 2137 tympani
1551 2101 1717 2134 rumpatur
1729 2101 1740 2128 ;
1763 2086 1925 2132 respondit
1948 2089 2004 2123 ille
2023 2112 2036 2130 ‚
2059 2088 2088 2122 se
2111 2100 2186 2123 vero
2208 2091 2243 2124 in
2266 2091 2397 2129 nemine

1384 2149 1423 2171 ex
1445 2138 1486 2171 iis
1510 2136 1615 2178 pueris
1626 2157 1638 2175 ,
1662 2133 1780 2178 quibus
1803 2142 1839 2166 ea
1861 2143 1922 2174 qua
1935 2131 2062 2166 dit-{tum
2086 2131 2130 2165 est
2146 2155 2156 2171 ,
2183 2135 2306 2168 ratione
2317 2132 2402 2168 edu-

1383 2190 1473 2214 xerat
1497 2178 1610 2222 illapsa
1630 2201 1643 2218 ,
1676 2177 1854 2220 quidquam
1886 2176 1920 2209 in
1953 2174 2066 2209 auditu
2098 2175 2321 2215 detrimenti,
2356 2176 2409 2211 vel

1384 2234 1525 2265 tempore
1548 2221 1742 2264 interjetftm
1767 2218 1870 2254 adhuc
1881 2217 2155 2266 animadvertisse.
2181 2222 2405 2254 Veruntamen

1386 2268 1424 2301 ad
1449 2265 1637 2309 hujusmodi
1675 2263 1830 2306 suspeecas
1853 2264 2044 2305 injectiones
2065 2286 2079 2304 ,
2115 2273 2170 2296 aut
2195 2264 2235 2298 ad
2268 2262 2400 2297 incisio·

1385 2321 1483 2351 nem,
1505 2321 1523 2342 a
1546 2308 1697 2342 Fabricio
1717 2310 1732 2346 (
1755 2317 1786 2339 m
1807 2309 1821 2345 )
1845 2306 1981 2339 minime
2004 2306 2173 2349 probatam
2195 2331 2207 2348 ,
2230 2318 2267 2341 ne
2289 2309 2363 2350 quis
2387 2330 2402 2349 ,

1386 2353 1445 2388 nisi
1478 2363 1575 2397 quam
1599 2350 1760 2385 rariffimis
1795 2350 1830 2381 in
1860 2348 1980 2382 casibus
2011 2358 2147 2391 cogatur
2177 2350 2365 2385 descendere
2391 2373 2405 2392 ,

1387 2409 1460 2431 cum
1484 2397 1570 2434 alia,
1594 2403 1691 2438 atque
1713 2392 1776 2425 alia
1799 2403 1815 2425 a
1838 2390 2012 2434 Chirurgis
2034 2392 2198 2434 proposita
2214 2419 2223 2434 ,
2246 2403 2336 2428 erunt
2348 2403 2407 2427 an-

1389 2450 1440 2475 tea
1464 2439 1498 2471 in
1523 2438 1614 2473 usum
1636 2434 1814 2475 trahenda,
1837 2443 1908 2468 tum
1933 2433 2107 2477 praesertim
2122 2458 2137 2477 ,
2159 2446 2197 2469 ne
2224 2437 2335 2480 illapsa
2353 2438 2407 2470 in-

1388 2484 1570 2524 strumentis
1592 2478 1736 2514 immiffis
1760 2478 1893 2513 ulterius
1914 2487 2086 2520 urgeantur
2100 2502 2108 2517 ‚
2132 2478 2182 2513 sed
2207 2478 2336 2515 facilius
2347 2492 2405 2523 ap-

1389 2524 1540 2571 prehensa
1564 2526 1743 2559 eximantur
1763 2545 1776 2562 ‚
1812 2522 1991 2564 plurimum
2037 2521 2158 2556 roderit
2182 2534 2216 2557 ea
2241 2521 2334 2558 facili
2356 2535 2409 2558 ra-

1389 2573 1479 2604 tione
1502 2580 1564 2612 qua
1587 2567 1732 2602 laudatus
1758 2564 1923 2599 Fabricius
1948 2564 2011 2599 sole
2036 2573 2067 2598 at
2088 2590 2098 2607 ,
2122 2566 2272 2601 Meatum
2296 2566 2408 2611 quoad,

1391 2613 1457 2656 ejus
1482 2611 1551 2645 fieri
1576 2610 1701 2654 potest,
1726 2607 1864 2651 dirigere
1887 2619 1922 2642 ac
1945 2608 2102 2649 dilatare,
2129 2608 2169 2643 fic
2185 2620 2291 2645 autem
2314 2610 2406 2645 dire-

1390 2659 1499 2693 ‹ftum‚
1525 2667 1558 2689 ac
1584 2655 1782 2693 dilatatum,
1807 2650 1882 2685 solis
1906 2652 1975 2684 luce
2001 2650 2158 2693 admissa,
2183 2655 2323 2688 maxime
2335 2655 2407 2688 col-

1389 2700 1516 2734 lustrare
1533 2724 1542 2740 ,
1566 2697 1628 2732 huc
1651 2697 1743 2742 simul
1768 2696 1919 2729 translata
1943 2706 1958 2728 a
1983 2696 2137 2737 naribus,
2157 2698 2250 2745 Julii
2273 2697 2410 2732 Caesaris

1388 2744 1521 2778 Arantii
1545 2745 1557 2781 (
1579 2753 1599 2775 n
1621 2746 1635 2782 >
1660 2739 1910 2774 consuetudine:
1932 2739 1989 2781 qui
2011 2751 2081 2774 cum
2099 2738 2178 2783 solis
2203 2741 2288 2782 aestus
2313 2762 2324 2779 ,
2348 2753 2410 2775 εω-

1389 2787 1418 2821 lo
1439 2786 1608 2830 praesertim
1631 2784 1777 2819 calidiore
1802 2804 1815 2822 ‚
1848 2783 2013 2825 aegrotanti
2033 2806 2046 2824 ,
2078 2783 2195 2819 medico
2222 2809 2232 2825 ,
2254 2784 2408 2825 ministris

1388 2829 1557 2870 molestiam
1580 2827 1724 2872 adferam
1749 2826 1863 2860 idcirco
1886 2825 1918 2859 in
1942 2825 1967 2859 li
1987 2835 2042 2863 nea
2058 2824 2194 2869 fenestra
2220 2827 2327 2871 clausa
2351 2839 2404 2862 ar-

1389 2871 1542 2916 tefatium
1556 2870 1703 2915 farcimen
1716 2895 1725 2911 ,
1747 2870 1776 2904 ei
1797 2870 1917 2902 muneri
1941 2879 1957 2901 o
1979 2870 2078 2903 eundo
2100 2871 2291 2914 aptiffimum
2316 2882 2408 2906 exco-

1386 2918 1509 2959 gitavit
1531 2928 1542 2955 5
1576 2923 1613 2949 ur
1632 2925 1689 2957 per
1722 2914 1755 2948 id
1769 2911 1804 2955 se
1820 2909 2035 2960 sejnfinuans
2053 2911 2133 2955 solis
2157 2915 2263 2949 radius
2287 2916 2327 2948 ad
2345 2924 2404 2956 pa-

1391 2960 1502 2993 tientis
1534 2959 1675 2993 internas
1696 2967 1787 2991 nares
1820 2960 1902 2988 recta
1920 2957 2088 2996 perveniat
2112 2980 2119 2987 .
2154 2956 2214 2991 Sed
2246 2958 2401 3000 quoniam

1392 3001 1437 3036 sol
1461 3013 1525 3035 non
1550 3002 1671 3044 semper
1705 3007 1858 3043 apparet3
1881 3009 1920 3031 ex
1943 2997 1998 3031 usu
2021 3010 2151 3042 quoque
2171 3024 2183 3041 ‚
2217 2999 2239 3033 fi
2264 3001 2403 3036 meliora

1395 3045 1523 3087 desint,
1546 3043 1603 3078 esse
1626 3046 1748 3087 poterit
1771 3040 1908 3076 candela:
1931 3040 2037 3075 lumen
2060 3043 2185 3085 noetu,
2206 3043 2253 3076 vel
2272 3067 2285 3084 ,
2308 3043 2330 3078 si
2353 3045 2403 3079 in·

1396 3089 1525 3130 terdiu‚
1547 3088 1681 3122 obscuro
1710 3088 1745 3120 in
1768 3087 1843 3118 loco
1866 3094 1918 3127 per
1951 3085 2123 3128 ampullam
2146 3086 2367 3130 crystallinam
2390 3112 2402 3129 ‚

1396 3145 1484 3178 aquae
1508 3131 1636 3175 plenam
1655 3154 1668 3172 ‚
1691 3129 1733 3163 sic
1757 3128 1926 3171 trajectum
1951 3152 1965 3170 ,
1996 3138 2032 3162 ut
2056 3130 2193 3173 plurimi
2228 3130 2295 3174 ejus
2320 3131 2403 3165 radii

1393 3178 1427 3211 in
1462 3177 1608 3210 Meatum
1642 3172 1788 3207 incidant
1820 3171 2034 3206 Auditorium
2053 3197 2062 3205 .
2098 3175 2207 3216 Igitur
2244 3175 2402 3210 alterutra

1392 3219 1506 3255 harum
1528 3221 1689 3253 rationum
1709 3239 1720 3255 ‚
1753 3227 1823 3263 quat
1846 3218 1878 3248 &
1902 3214 1941 3248 ad
1972 3216 2053 3250 alios
2077 3216 2281 3252 illustrandos
2305 3219 2406 3253 reces-

1396 3264 1445 3299 sus
1463 3287 1476 3304 ,
1509 3272 1544 3297 ut
1567 3263 1633 3296 oris
1658 3285 1670 3302 ‚
1700 3263 1732 3294 δε
1757 3259 1899 3293 saucium
1920 3282 1930 3298 ,
1967 3260 2039 3293 sunt
2072 3259 2234 3295 interdum
2260 3285 2270 3299 ‚
2305 3264 2405 3299 nostu

1397 3307 1573 3351 praesertim
1591 3328 1600 3344 ,
1624 3303 1883 3338 commodiffimae
1904 3325 1913 3341 ‚
1950 3303 2136 3336 illuminato
2160 3328 2170 3343 ,
2202 3317 2220 3338 a
2243 3304 2404 3350 Chirurgi

1399 3353 1519 3392 latere,
1543 3350 1644 3384 altero
1668 3348 1777 3382 saltem
1801 3347 1920 3391 pariete
1942 3345 2011 3390 ejus
2032 3347 2180 3388 Meatu55
2206 3347 2249 3381 sic
2273 3350 2404 3385 enim&

2257 3404 2363 3437 oppo-

345 3511 2403 3539 W

435 3617 449 3632 x
463 3608 477 3637 )
494 3604 616 3631 Pentaenh.
633 3605 650 3629 l.
667 3613 690 3632 ⁴·
709 3605 732 3628 S.
749 3611 772 3628 ι.
788 3611 810 3628 e.
828 3609 866 3631 19.
920 3631 925 3635 ⁴

434 3646 449 3662 a
467 3639 549 3669 )V11.
568 3644 590 3660 n.
610 3643 644 3664 ις.
661 3635 683 3658 &
702 3637 737 3658 16.
798 3631 840 3661 (12
855 3638 865 3659 >
882 3630 953 3667 Epist.
972 3633 994 3653 6.
1012 3638 1035 3654 n.
1052 3638 1076 3660 4.

433 3678 444 3693 ε
462 3673 473 3696 )
490 3676 514 3691 n.
534 3675 571 3692 ιι.
633 3666 646 3694 (
661 3665 672 3693 f
689 3664 703 3692 )
718 3664 777 3688 Obs.
796 3663 865 3688 Med.
881 3662 949 3687 Clur.
969 3662 1007 3685 28.

435 3700 444 3724 u·
460 3699 474 3727 )
490 3701 524 3722 De
541 3696 630 3721 Medic.
648 3694 709 3719 Hist.
726 3693 816 3719 Minb.
833 3696 850 3717 1.
868 3700 889 3716 ι.
907 3700 929 3716 c.
948 3699 984 3716 ιι.

409 3701 424 3761 ἱ
439 3737 462 3755 m
479 3730 489 3758 )
505 3729 559 3753 loco
575 3726 693 3752 indicato.
755 3725 764 3754 s
782 3732 798 3749 n
813 3724 827 3753 )
844 3723 859 3748 1.
874 3723 903 3749 de
921 3724 1020 3748 Tumor.
1038 3727 1123 3751 prater
1138 3728 1188 3747 nat«
1205 3729 1225 3746 c.
1242 3727 1281 3746 ιι.

930 3600 971 3630 (J
987 3598 997 3628 l
1013 3598 1105 3625 nectar.
1121 3600 1176 3630 Fig-
1193 3607 1215 3624 ι,
1233 3598 1297 3623 Tab.
1315 3604 1336 3620 i.
1357 3595 1374 3620 l.
1391 3595 1465 3623 eiusd.
1482 3595 1512 3620 ad
1529 3596 1580 3619 CC.

1140 3632 1154 3661 (
1169 3638 1182 3654 c
1198 3632 1208 3660 )
1224 3629 1275 3653 Ass.
1292 3629 1325 3652 N.
1343 3628 1371 3651 C.
1389 3629 1464 3652 Tom.
1483 3635 1505 3651 1.
1522 3625 1579 3650 Obs.
1597 3633 1650 3654 ²²3·

1068 3661 1114 3691 (g
1130 3661 1138 3685 ὃ
1158 3662 1229 3684 Part-.-
1246 3658 1329 3694 saepius
1344 3658 1389 3682 cit.
1450 3688 1456 3692 Ι

1046 3691 1054 3715 s
1072 3691 1088 3715 k
1107 3696 1115 3722 )
1131 3694 1166 3716 De
1183 3689 1274 3714 Medic.
1291 3691 1310 3715 1.
1328 3692 1392 3715 aas.
1409 3697 1433 3719 7.
1450 3695 1474 3713 in
1491 3687 1534 3712 fin.

1641 3593 1651 3625 (
1667 3603 1685 3624 z
1700 3594 1714 3623 )
1731 3595 1792 3623 Eph.
1811 3596 1845 3619 N.
1863 3596 1895 3620 C.
1912 3597 1987 3620 Ceut.
2003 3601 2024 3623 3.
2042 3592 2102 3617 obs.
2118 3596 2158 3617 62.

1629 3656 1632 3659 Δ
1712 3625 1726 3654 (
1743 3626 1758 3648 d
1776 3629 1783 3654 )
1800 3634 1822 3650 n.
1842 3634 1863 3651 ι.
1879 3626 1901 3649 8:
1918 3625 1981 3655 seqq.
2001 3624 2050 3654 usq.
2066 3623 2096 3648 nd
2113 3631 2138 3647 n.
2158 3630 2195 3652 13.

1451 3660 1457 3683 s
1477 3657 1492 3680 b
1509 3656 1519 3686 )
1537 3659 1573 3682 Dc
1588 3657 1700 3682 Chirurae.
1718 3657 1821 3684 operat.

1594 3686 1602 3716 s
1620 3688 1629 3710 ι
1651 3687 1658 3717 )
1675 3688 1786 3711 Annam.
1802 3686 1871 3713 chir-
1888 3687 1951 3712 Τὼ.
1971 3689 2008 3716 36.
2024 3685 2055 3710 nd
2071 3683 2123 3713 Fig-
2143 3692 2164 3715 5-
