2498 4075
471 202 643 246 quomodo
664 204 756 239 illam
781 204 901 240 faciant
925 204 1075 238 auriculae
1099 204 1205 239 cordis
1237 206 1353 249 ampli-

519 246 642 285 ficatae.
669 250 791 281 XXIII.
816 260 847 289 9.

474 288 570 323 flatus
594 300 755 332 quatenus
778 290 892 335 poffint
915 289 1037 324 facere.
1063 293 1185 323 XXIII.
1214 294 1262 325 16.

340 332 458 369 Cordis
480 333 651 365 convulsio
673 335 754 368 olim
780 344 855 368 nota
874 358 884 374 ,
907 346 925 367 a
949 334 1198 371 Recentioribus
1231 335 1351 370 confir-

430 382 537 416 mata.
565 377 664 412 XXV,
691 388 739 421 13„
764 376 879 414 XXVI.
906 387 955 410 12.
979 388 1032 420 32.

473 418 644 461 paralysis.
669 422 769 452 XXV.
796 432 845 464 13·

556 462 676 501 Hanc,
701 463 784 498 unde
807 474 894 497 mors
919 463 1047 506 subita,
1069 466 1126 508 qui
1150 466 1233 500 olim
1264 465 1351 500 indi·

601 509 765 541 caverint.
790 508 908 539 XXVI.
931 507 984 550 38.
1113 544 1117 545 ⁷
1266 544 1268 546 v

557 549 736 587 Quomodo
759 551 833 583 inde
853 549 922 583 haec
945 550 1033 593 sequi
1059 551 1175 594 poffit.
1201 551 1286 586 Ibid.

340 591 462 629 Cordis
484 592 525 626 ab
547 603 616 627 aere
638 594 794 628 distentio
818 593 947 636 quando
971 594 1027 628 fiat
1043 618 1051 626 .
1082 597 1179 625 XXV.
1207 605 1257 635 ¹3·

472 636 564 670 aneta
589 636 780 680 magnitudo
802 636 932 677 quando
954 641 1136 681 parvos‚&
1150 638 1271 672 debiles
1284 637 1355 680 pul-

515 677 563 711 sus
583 678 701 714 faciat.
727 681 845 712 XXIV.
867 690 917 721 15.

471 721 687 763 Dilatationes
711 724 768 766 qui
793 724 889 765 primi
913 722 1077 757 viderint.
1105 725 1212 758 XVII.
1237 735 1265 758 2.

565 767 621 809 qui
645 768 743 809 primi
767 765 823 799 has
849 766 1071 808 aneurysmata
1085 767 1191 801 cordis
1204 769 1354 803 nomina-

601 811 727 843 verint.
755 810 857 842 XVII.
888 820 918 850 ς.

556 851 598 886 ab
609 851 837 927 ssssvffii‘andi
861 850 1034 887 difficultas
1047 853 1204 892 affertur,
1227 857 1349 890 &cum

738 920 744 927 .
774 906 783 929 1
813 919 822 927 .

565 940 597 972 δι
619 949 706 973 mors
728 905 911 981 repe3ntina.
934 939 1019 973 Ibid.
1045 943 1076 973 δε
1102 942 1226 974 XVIII.
1250 954 1282 987 3.

560 981 611 1016 fed
635 981 702 1017 haec
725 993 791 1016 non
814 982 958 1025 semper.
985 984 1124 1017 XXVII.
1150 996 1197 1027 ¹5·

556 1025 655 1064 Unde
680 1025 729 1059 hae
749 1025 978 1067 dilatationes,
1002 1030 1033 1060 δι’
1056 1028 1223 1070 quomodo
1246 1029 1347 1066 fiant.

601 1069 727 1102 XVIII.
751 1082 783 1113 4.
808 1068 895 1101 XXI.
920 1081 973 1113 34.

336 1112 460 1150 Gor-dis
482 1113 740 1149 ventriculorum
764 1121 836 1146 uter
858 1125 875 1146 a
897 1124 1037 1157 quanam
1060 1113 1150 1147 causa
1172 1114 1348 1152 dilatetur.

426 1157 553 1188 xvm.
579 1167 607 1199 ς.
633 1157 771 1188 ΧΧνΠ.
798 1167 848 1198 14.

425 1211 434 1219 ⁴
467 1208 538 1232 uter
561 1199 692 1241 saepius.
720 1197 846 1233 XVIII.
871 1211 899 1241 5.

468 1252 546 1275 num
571 1243 672 1276 rarius
694 1240 837 1283 sinister,
860 1254 957 1286 quam
979 1244 1047 1287 ejus
1069 1244 1211 1279 auricula
1225 1272 1232 1278 .
1259 1246 1344 1280 Ibid.

465 1296 525 1319 cur
549 1283 757 1364 saepligsdhim
783 1297 881 1328 quarn
905 1288 986 1321 alter
1009 1287 1171 1330 debilior,
1194 1289 1245 1323 seu
1269 1291 1346 1324 dex-

510 1338 581 1364 ter.
647 1340 655 1362 i
683 1353 690 1361 .

466 1373 628 1413 Dexteri,
651 1372 779 1416 ejusque
802 1374 954 1408 auriculae
978 1374 1183 1409 dilatationis
1206 1387 1244 1409 an
1264 1399 1277 1417 ,
1309 1378 1341 1409 δε

510 1425 668 1460 quatenus
691 1417 814 1460 fignum
839 1416 878 1452 sit
898 1418 1102 1461 Jugularium
1115 1430 1266 1454 venarum
1278 1420 1346 1453 Ex-

509 1462 667 1495 t'eriorum
690 1461 829 1503 pulsatio
845 1486 853 1494 .
879 1461 958 1496 Vid.
978 1462 1126 1505 Jugular.

554 1505 613 1538 alia
639 1503 744 1547 signa.
770 1505 893 1536 XVIII.
922 1514 970 1539 11.

553 1547 634 1590 quid
656 1549 695 1580 de
718 1548 807 1591 ssgno
833 1560 848 1581 a
873 1548 1015 1591 pulsibus
1036 1549 1142 1593 petito
1177 1549 1343 1585 attenden-

594 1590 672 1624 dum
697 1591 759 1625 sit.
785 1591 870 1625 Ibid.

340 1633 470 1682 Cordis·
488 1634 743 1668 ventriculorum
767 1635 955 1669 dilatationi
978 1636 1146 1680 quomodo
1178 1635 1343 1671 interdum

421 1677 567 1720 adjunfta
592 1678 631 1711 fit
664 1679 754 1711 aneta
789 1679 947 1721 parietum
981 1681 1182 1716 crassitudo:
1215 1681 1342 1716 XVIII.

419 1731 472 1764 35.
497 1722 576 1756 Vid.
600 1725 632 1755 δι
657 1722 769 1754 XVII.
800 1732 843 1766 ¹3·

421 1767 423 1769 ’
464 1765 850 1840 Εοὶτζιὶιζηύἓὶῑωρῑίοηεῐῃ
872 1768 930 1810 qui
953 1766 1054 1812 primi
1075 1767 1340 1803 observaverint.

638 1835 645 1843 .
672 1818 701 1843 1.
906 1836 910 1839 -

553 1852 663 1897 Hujus
688 1864 826 1894 novem,
850 1865 904 1890 aut
927 1854 1039 1889 decem
1060 1855 1203 1898 exempla
1237 1853 1344 1898 profe-

594 1906 732 1931 runtur.
761 1899 846 1932 Ibid.
873 1902 904 1934 δι
929 1898 1018 1941 seqq.

554 1939 723 1975 Lancifius
747 1953 880 1985 quoque
905 1943 989 1976 vidit
1014 1942 1124 1985 plura.
1150 1943 1286 1975 XXVII.
1310 1945 1342 1976 6.

553 1988 585 2018 δέ
609 1986 684 2018 alii.
709 1985 839 2020 LXIV.
866 1996 914 2028 14.
939 1988 968 2018 δι
994 1986 1081 2028 seqq.

552 2028 683 2070 Qubus
706 2042 720 2062 a
745 2029 843 2063 eaufis
866 2029 945 2063 fiat.
972 2030 1108 2062 XXVII.
1150 2039 1176 2063 1.
1212 2031 1243 2062 6.
1295 2038 1345 2063 10.

589 2073 718 2107 LXIV.
748 2076 797 2106 16.

545 2115 614 2150 Cur
639 2116 755 2159 saepius
781 2117 953 2159 contingat
975 2118 1008 2150 in
1033 2116 1161 2150 finistro
1185 2117 1349 2151 ventricu-

585 2159 640 2197 lo,
665 2172 763 2202 quam
787 2162 820 2193 in
846 2160 1002 2195 dextero.
1028 2161 1163 2192 XXVII.
1190 2170 1239 2195 10.

552 2202 622 2236 Cur
645 2203 686 2237 ab
707 2204 776 2238 ictu
799 2203 931 2238 facilius
953 2206 986 2237 in
1011 2205 1165 2239 dextero.
1194 2204 1347 2246 LIII.34.

328 2247 450 2284 Cordis
474 2248 649 2280 ventriculi
673 2246 760 2289 quasi
785 2248 870 2280 inter
894 2248 923 2281 se
946 2250 1143 2290 permutati.
1169 2248 1276 2278 XVII.
1297 2260 1345 2280 12.

460 2289 631 2331 Polyposae
655 2290 688 2322 in
712 2291 772 2327 iis,
798 2299 852 2323 aut
874 2291 908 2323 in
933 2291 1086 2324 auriculis
1097 2292 1318 2324 concretiones
1335 2315 1345 2323 .

500 2332 581 2366 Vid.
606 2333 722 2376 Polypi
749 2334 782 2366 in
806 2334 867 2367 viis
889 2333 1050 2376 sanguinis
1068 2358 1076 2366 .

547 2375 661 2419 saepius
681 2397 690 2413 ‚
727 2386 781 2410 aut
817 2375 952 2419 majores
976 2389 991 2411 a
1014 2377 1136 2410 dextris
1160 2372 1223 2410 fere
1245 2388 1343 2420 quam

589 2432 606 2454 a
627 2419 779 2454 sinistris.
801 2419 919 2463 V11.4.
944 2423 976 2454 δε
998 2422 1108 2462 passim
1132 2421 1234 2454 alibi.

455 2465 592 2499 Vermes
615 2464 650 2497 in
675 2464 887 2503 ventriculis,
911 2474 966 2497 aut
991 2465 1024 2495 in
1037 2463 1233 2505 pericardio.
1248 2463 1342 2504 Qid

502 2509 540 2542 de
563 2507 635 2550 ipsis
662 2506 886 2542 sentiendum.
915 2507 1041 2540 XXIII.
1073 2516 1120 2548 15.
1147 2509 1263 2540 XXIV.
1291 2518 1342 2550 23.

328 2552 448 2589 Cordis
472 2552 608 2586 valvulae
631 2563 704 2585 curn
726 2552 858 2585 orificio
873 2573 882 2588 ,
906 2553 937 2583 &
959 2549 1135 2584 interstitio
1168 2553 1254 2585 inter
1290 2563 1342 2585 ea-

416 2607 489 2632 rum
514 2595 740 2630 membranas.
767 2596 890 2627 XXIII.
915 2597 991 2638 6.7.

461 2639 545 2675 unde
570 2640 749 2681 explicatio
772 2639 915 2675 sacculi,
941 2650 955 2669 a
983 2638 1145 2672 Morando
1175 2640 1210 2673 in
1243 2639 1342 2672 altera

504 2683 634 2717 Mitrali
659 2682 848 2717 observati.
876 2683 999 2713 XXIII.
1030 2692 1075 2716 12.

458 2738 523 2761 non
548 2726 647 2760 modo
669 2727 761 2760 offeae
784 2724 957 2767 aliquando
973 2750 982 2766 ‚
1008 2723 1061 2759 sed
1083 2728 1115 2759 &
1138 2724 1271 2767 lapideae
1295 2737 1346 2759 re-

502 2781 575 2804 vera
599 2769 682 2804 fiunt
697 2794 704 2802 .
731 2770 852 2801 XXIII.
877 2781 910 2806 9.

461 2812 646 2853 induratae,
671 2823 727 2847 aut
749 2812 840 2846 offeae
864 2810 956 2846 fafiae
971 2834 981 2850 ‚
1006 2823 1071 2846 non
1086 2849 1089 2853 ⁵
1106 2811 1227 2855 semper
1273 2814 1345 2857 pul-

503 2856 598 2890 suum
621 2857 898 2900 inmunitatem,
924 2865 978 2891 aut
1000 2856 1268 2890 intermiffionem
1293 2858 1345 2891 in-

502 2899 646 2933 ducunt.
672 2901 798 2931 XXIII.
826 2899 885 2932 12.'

461 2942 606 2977 Mitralis
632 2943 768 2978 valvulae
792 2940 1009 2977 excrescentia
1043 2942 1211 2978 observata
1234 2967 1242 2975 .

515 2997 562 3019 11.
591 2986 718 3019 XXIII.
746 2997 795 3029 13.

463 3029 637 3070 Mitrales,
662 3033 693 3063 &
717 3029 926 3071 Tricuspides
950 3028 1034 3064 unde
1059 3029 1138 3063 fiant
1163 3030 1348 3073 tuberosae,

498 3076 532 3106 δε
553 3084 621 3115 quo
646 3074 681 3107 id
704 3073 813 3107 tendat
829 3098 836 3105 .
865 3073 951 3106 Ibid.

329 3118 399 3152 Cor
420 3118 534 3157 gravia
561 3117 642 3150 ferre
667 3116 751 3159 posse
775 3118 880 3156 mala,
902 3118 961 3159 qui
984 3118 1086 3160 magis
1109 3128 1147 3152 ex
1162 3117 1347 3159 Priscis,&

416 3169 473 3194 cur
497 3161 707 3202 negaverint.
733 3161 832 3192 XXV.
859 3170 908 3201 19.

460 3204 589 3278 cursthis
613 3204 717 3281 mbagdis
741 3203 881 3237 obnoxii
906 3201 965 3237 fint
989 3204 1161 3244 homines,
1183 3215 1280 3247 quam
1291 3205 1347 3239 be·

535 3247 593 3279 iae.
619 3249 633 3279 1
661 3250 670 3279 i
697 3271 704 3279 .

462 3289 593 3323 Tumor
616 3292 754 3331 cysticus
769 3316 778 3332 ,
802 3289 892 3325 cordi
915 3291 1070 3330 innatus,
1094 3289 1158 3324 fine
1191 3291 1267 3325 ullis
1300 3289 1342 3324 fi.

507 3333 599 3375 gnis.
625 3335 711 3366 XXI.
734 3345 764 3375 4.

458 3376 651 3416 vTubercula
676 3377 802 3415 cordis,
825 3379 857 3411 &
880 3377 985 3412 ulcera
1009 3388 1087 3412 num
1111 3377 1233 3420 semper
1264 3389 1343 3412 con-

506 3418 615 3461 juneca
641 3418 779 3453 habeant
802 3420 969 3463 deliquia,
993 3423 1025 3454 &
1048 3421 1158 3464 pulsus
1180 3422 1343 3455 intermis-

506 3463 625 3496 siones.
652 3463 752 3493 XXV.
782 3473 828 3502 19.
850 3465 882 3496 δε
904 3463 990 3507 seqq.
1017 3467 1047 3497 δέ
1074 3474 1125 3505 25.

463 3505 820 3582 Ulceranuxalndogesse
843 3508 877 3539 in
900 3507 995 3541 corde
1017 3507 1134 3549 poffint
1158 3508 1225 3542 fine
1247 3508 1340 3542 dolo-

506 3560 559 3582 re.
616 3552 640 3577 X
681 3575 685 3580 .
716 3560 726 3581 1
757 3575 763 3580 .

465 3591 1088 3681 ΕτοΓῇέῐῖεξτὲἓᾏὶῗῗεᾶοῗίξῖἓνϊῖινῐξὶηἳῐ
1095 3649 1107 3668 a
1113 3596 1155 3679 an
1160 3595 1344 3672 {Ximxza-

512 3676 586 3710 bent
610 3677 697 3719 signa
719 3679 752 3711 in
776 3679 847 3712 aliis
870 3678 952 3712 alia.
980 3681 1113 3711 XXVII.
1142 3692 1173 3721 9.

1289 2945 1346 2981 XI.

867 126 1224 184 INDEX
1293 127 1882 185 NOMINUM·

1531 206 1630 257 Erosa
1654 208 1818 252 quomodo
1841 219 1988 256 apparere
2012 210 2105 251 possit
2137 211 2242 246 cordis
2275 213 2410 257 superfla·

1576 261 1658 289 cies,
1682 263 1740 286 nec
1760 262 1868 286 tamen
1893 253 1950 286 fit.
1976 255 2064 284 XXI.
2089 264 2118 286 2.
2145 257 2241 288 XXV.
2264 270 2314 299 24.

1531 295 1735 329 Cicatricem
1758 297 1917 337 quandam
1942 296 2024 329 unde
2049 296 2198 332 habuerit
2216 322 2226 336 ‚
2261 301 2398 343 aliasque

1575 337 1690 372 habere
1712 338 1825 380 poffit.
1855 341 2043 372 XXXVIII.
2066 352 2122 383 43.

1403 380 1525 415 Cordls
1548 382 1651 415 totius
1673 381 1832 425 absumpti
1856 383 2059 416 incredibiles
2083 383 2356 426 Observationes,
2378 380 2404 421 (ἶ

1490 423 1571 465 quid
1596 426 1661 458 veri
1685 423 1827 464 habent,
1850 427 2018 469 quomodo
2041 427 2237 470 explicandae
2257 454 2265 463 .
2301 431 2406 464 XXV.

1491 477 1542 500 21.

1534 511 1604 553 plus
1626 521 1721 554 quam
1745 512 1849 547 media
1873 522 1963 553 parte
1996 513 2156 557 absumpti
2181 537 2191 553 ,
2237 516 2407 558 quomodo

1575 555 1815 597 intelligendae.
1843 557 1940 587 XXV.
1967 566 2014 598 ¹9·
2040 568 2090 591 22.

1404 597 1525 633 Cordis
1549 597 1679 631 vulnera
1703 610 1760 632 cur
1785 599 1889 632 multo
1918 602 2040 634 rariora
2070 599 2187 635 sinistri
2233 602 2407 637 ventriculi

1490 641 1574 681 sitit,
1598 652 1694 683 quarn
1718 641 1862 675 dexteri.
1888 642 1981 677 LIII.
2007 654 2059 686 27.

1534 684 1589 718 etsi
1614 686 1698 718 intra
1721 685 1919 719 ventriculos
1941 689 2129 728 perveniant
2152 702 2160 722 z
2192 697 2299 722 tamen
2336 688 2410 723 diu:

1578 728 1643 761 tius
1665 729 1827 763 interdum
1853 729 1995 765 vivitur,
2018 741 2117 772 quam
2139 731 2275 766 Veteres
2307 740 2407 775 puta-

1573 771 1674 808 bant,
1699 774 1730 805 ὃ(
1752 783 1832 805 cur.
1857 771 1941 805 Ibid.
1967 773 2047 807 Vid.
2069 777 2099 807 &
2123 785 2152 816 3.
2176 785 2207 816 4.

1534 815 1631 858 longe
1655 824 1762 849 tamen
1785 816 1915 855 minus,
1938 815 1960 848 fi
1984 817 2069 849 intra
2094 816 2268 852 sinistrum.
2303 816 2406 857 L1114

1399 901 1572 941 Cornelii,
1593 870 1733 945 georgii
1748 924 1757 940 ,
1782 903 1812 936 S.
1838 903 1881 937 R.
1907 902 1947 935 E.
1970 903 2177 942 Cardinalis,
2201 907 2232 938 &
2265 903 2405 946 Episco-⁴

1486 947 1519 989 pi
1544 946 1691 980 Patavini
1715 946 1849 985 morbi,
1874 956 1981 984 mors,
2006 949 2038 981 &
2069 945 2214 982 diffefflo
2237 972 2244 979 .
2278 947 2400 987 LVII.

1488 999 1538 1024 Io·

1401 1032 1516 1066 Cornu
1539 1033 1572 1065 in
1598 1031 1677 1066 senis
1700 1031 1845 1076 fincipite
1868 1044 1908 1066 ex
1932 1044 2063 1067 verruca
2086 1043 2216 1068 natum.
2244 1033 2350 1066 LXV.
2374 1036 2409 1071 22

1400 1076 1557 1118 Corporis
1580 1076 1613 1108 in
1638 1078 1796 1110 anteriora
1818 1077 1966 1109 inclinati
1994 1078 2199 1111 commodior
2213 1075 2407 1119 quibusdam

1486 1118 1713 1158 orthopnoicis
1734 1120 1809 1153 {itus
1833 1131 1913 1162 quos
1937 1121 2069 1155 morbos
2089 1120 2268 1165 significet,
2284 1122 2408 1154 &cur.'

1490 1162 1616 1194 XVIII.
1644 1172 1693 1205 17.
1717 1165 1747 1195 δι
1770 1163 1856 1205 seqq.

1397 1206 1539 1238 Cor-tesii
1562 1215 1671 1239 error.
1696 1207 1761 1238 III.
1788 1216 1837 1238 22.
1862 1207 1919 1239 LI.
1942 1217 1995 1249 4¹-

1396 1247 1807 1325 Coscgwitziu35LGeorg.
1833 1250 1917 1281 Dan.
1940 1250 2023 1283 olim
2047 1252 2078 1283 Ρ.
2093 1249 2177 1285 Prof.
2192 1250 2405 1284 Halenfilaua

1508 1302 1596 1326 atus.
1682 1317 1689 1325 .
1718 1302 1730 1324 1
1754 1312 1766 1325 Δ.

1395 1334 1502 1370 Costae
1525 1337 1559 1368 in
1581 1336 1721 1379 quadam
1736 1303 1875 1369 3mu1iere
1898 1336 2019 1378 viginti
2044 1335 2115 1376 sex,
2136 1338 2171 1370 in
2195 1337 2256 1371 alia
2278 1337 2403 1380 viginti

1483 1389 1545 1413 tres
1567 1380 1728 1413 inventae.
1757 1379 1802 1412 V.
1824 1381 1854 1411 6.
1881 1380 1973 1412 LVI.
2002 1389 2052 1420 17.

1396 1422 1523 1457 Costae.
1549 1425 1598 1457 De
1623 1434 1730 1457 earum
1756 1433 1888 1456 numero
1912 1422 1993 1455 alia.
2019 1424 2062 1455 V.
2090 1433 2139 1456 10.

1398 1466 1568 1501 Costarum
1591 1467 1677 1509 quasi
1701 1466 1944 1500 concidentium
1969 1464 2071 1500 sensus
2095 1467 2178 1501 unde
2193 1490 2201 1498 .
2216 1467 2333 1502 XXVI.
2350 1474 2407 1510 25.v

1486 1512 1594 1545 XLV.
1620 1519 1671 1552 25.

1503 1557 1509 1567 *
1529 1566 1592 1588 non
1617 1554 1700 1588 leves
1721 1553 1927 1596 depreffiones
1950 1554 2117 1595 quomodo
2132 1554 2407 1589 latereinterdum

1571 1597 1707 1640 poffint.
1732 1599 1837 1632 XLV.
1864 1608 1913 1640 23.
1938 1608 1988 1640 24.

1396 1641 1511 1679 Cranii
1535 1642 1708 1675 varietates
1731 1642 1876 1683 quaedam
1893 1642 2074 1683 ‚quamvis
2098 1654 2115 1676 a
2140 1649 2276 1680 natura,
2306 1652 2405 1685 quam

1481 1685 1543 1720 fint
1567 1684 1754 1725 periculosae
1769 1710 1776 1716 .
1802 1683 1930 1718 LXIII.
1958 1685 1988 1716 8.

1522 1729 1679 1771 capacitas
1702 1726 1846 1771 respeetu
1869 1728 1987 1761 cerebri
2012 1738 2077 1760 non
2101 1726 2208 1760 eadem
2227 1727 2407 1771 omnibus;

1574 1780 1627 1805 aut
1650 1772 1741 1805 omni
1764 1781 1931 1814 ternpore.
1957 1772 2013 1800 IV.
2038 1780 2087 1810 32.
2111 1772 2165 1803 LI.
2196 1781 2242 1803 10.
2266 1781 2317 1813 30.
2341 1781 2399 1814 31.

1527 1825 1547 1849 a
1574 1814 1766 1857 quibusnam
1789 1816 1822 1848 id
1858 1814 2063 1848 observatum
2085 1836 2094 1852 ,
2127 1817 2158 1847 &
2192 1813 2273 1848 unde
2305 1814 2405 1850 dedu.

1570 1859 1660 1892 &um
1676 1883 1684 1898 ,
1707 1867 1762 1892 aut
1785 1858 1899 1892 deduci
1925 1857 2037 1900 possit.
2061 1856 2146 1890 Ibid.

1529 1901 1652 1978 figqrab,
1677 1902 1814 1945 ideoque
1837 1905 1869 1935 &
1893 1901 2037 1940 cerebri,
2062 1899 2200 1936 vitiosa.
2224 1902 2251 1936 I.
2286 1911 2338 1944 ¹4·
2371 1904 2405 1938 δε

1571 1958 1586 1978 a
1604 1956 1612 1977 1
1640 1957 1650 1978 1
1665 1969 1673 1977 ι

1527 1989 1610 2023 unde
1634 2002 1667 2023 ea
1690 1988 1767 2022 fiat.
1792 1989 1896 2022 LXII.
1927 1992 1975 2022 16.

1397 2031 1511 2066 Cranii
1535 2032 1716 2066 suturarum
1741 2031 1885 2066 discessus
1910 2034 1944 2065 in
1970 2031 2233 2074 septuagenario.
2259 2031 2323 2065 III.
2350 2033 2387 2066 8.

1532 2076 1654 2118 quibus
1679 2084 1810 2118 repente
1835 2075 1974 2114 accidit,
1998 2085 2070 2117 quae
2093 2076 2174 2109 mala
2198 2074 2405 2116 afferat.LI.1

1529 2130 1710 2198 saffrarum
1734 2163 1858 2205 vulgari
1882 2161 1951 2196 usui
1975 2161 2160 2196 adversatur
2194 2164 2295 2196 cranii
2334 2167 2410 2207 per..¹

1571 2206 1645 2240 cuffi
1670 2205 1775 2241 fissura
1799 2206 1963 2248 praelonga
1979 2229 1986 2238 .
2010 2207 2087 2239 LII.
2113 2216 2164 2248 35.
2180 2209 2231 2249 36.

1528 2250 1759 2284 contrafiffurae
1783 2250 1911 2291 proprie
1944 2248 2040 2282 dietae
2083 2250 2225 2291 exempla
2249 2272 2260 2290 ,
2307 2259 2406 2285 cauto

1572 2292 1722 2369 adhsibito
1745 2293 1917 2332 examine,
1939 2303 2036 2335 quam
2061 2303 2159 2335 pauca
2184 2291 2265 2327 sint.
2279 2296 2336 2328 LI.
2347 2302 2410 2337 40..

1571 2338 1602 2369 ὅ(
1643 2349 1657 2369 e
1685 2360 1691 2367 .
2131 2355 2136 2365 s

1526 2390 1600 2421 pars
1623 2348 1688 2413 no‘ii
1713 2376 1840 2413 modica
1860 2388 1915 2420 per
1944 2379 2068 2412 cariem
2104 2377 2269 2423 absumpta
2288 2403 2302 2420 ‚
2332 2380 2402 2416 fine*

1569 2423 1689 2457 cerebri
1714 2433 1798 2455 noxa
1810 2427 1826 2455 .'
1842 2420 1974 2455 LVIII.
2001 2431 2048 2453 11.
2075 2430 2123 2455 12.

1527 2466 1607 2508 quid
1632 2468 1664 2499 in
1691 2466 1756 2499 alio
1779 2477 1839 2508 pro
1859 2466 1960 2498 cranii
2006 2464 2110 2498 ablata
2155 2473 2243 2507 parte
2288 2470 2407 2502 natura*

1568 2508 1787 2543 substituerit.
1812 2509 1869 2541 LI.
1894 2519 1946 2552 39.
1969 2517 2021 2551 40.

1395 2552 1683 2631 Cranliumffiihuc
1706 2555 1874 2595 integrum
1897 2552 2028 2585 ubinam
2053 2563 2070 2585 a
2094 2552 2408 2597 purepervadiposa

1493 2605 1537 2630 1t.
1616 2620 1624 2628 .
1652 2610 1684 2638 4.

1526 2641 1614 2674 Cum
1638 2641 1711 2683 ejus
1733 2649 1813 2689 carso
1833 2638 2111 2688 communicantes
2135 2640 2267 2681 Aqueos
2290 2645 2405 2676 turno-2

1528 2695 1623 2761 Ndsri
1644 2695 1730 2760 {qoutirsa
1740 2681 2286 2769 (iltismuniiegaecesissbjgirjtVideIVeIthes
2299 2751 2307 2760 .

1527 2771 1663 2814 Sanguis
1685 2773 1771 2804 intra
1794 2770 1899 2812 ipsum
1923 2767 2059 2807 effusus,
2080 2780 2136 2802 cur
2159 2770 2255 2803 citius
2267 2769 2408 2806 tardius-l

1573 2827 1612 2848 ve
1627 2837 1636 2852 ,
1659 2817 1691 2848 &
1714 2814 1864 2857 graviora
1879 2837 1892 2853 ,
1915 2821 1968 2846 aut
1997 2813 2116 2847 leviora
2138 2812 2192 2846 det
2213 2814 2261 2847 sui
2282 2813 2371 2857 figna
2391 2821 2407 2854 2

1397 2901 1521 2936 Cranio
1545 2903 1689 2944 percusso
1705 2924 1714 2940 ‚
1738 2899 1895 2945 ipsoque,
1917 2902 1947 2933 &
1971 2911 2044 2943 quae
2067 2900 2151 2934 intra
2186 2901 2251 2944 ejus
2282 2903 2404 2936 cavum*

1489 2944 1562 2978 sunt
1576 2970 1585 2985 ‚
1610 2944 1714 2979 illaesis
1730 2968 1741 2983 ‚
1762 2945 1929 2987 quomodo
1951 2943 2113 2985 progressu
2136 2945 2290 2987 temporis
2313 2954 2404 2979 mors

1487 3000 1525 3021 ex
1549 3002 1583 3023 ea
1609 2987 1800 3032 percuffione
1823 2987 1996 3029 aliquando
2018 2987 2205 3031 contingat.
2231 2988 2306 3021 LII.
2340 2994 2404 3030 372

1529 3034 1568 3066 In
1592 3033 1695 3067 cranii
1720 3031 1849 3074 percuffi
1875 3033 2018 3063 examine
2041 3029 2111 3072 post
2135 3041 2294 3069 mortem,
2316 3030 2399 3073 quid.

1569 3076 1765 3110 cavendum.
1790 3075 1865 3108 LII.
1890 3079 1946 3116 7.‘

1397 3119 1513 3154 Cranii
1533 3120 1708 3153 terebratio
1730 3128 1787 3151 cur
1810 3119 1842 3151 in
1867 3117 2058 3159 quibusdam
2082 3118 2271 3153 civitatibus
2295 3117 2404 3156 deser-3

1488 3173 1520 3196 ta
1546 3162 1666 3197 fuerit.
1690 3163 1766 3195 LII.
1797 3171 1844 3194 12.
1869 3163 1899 3194 &
1923 3161 2010 3203 seqq.

1528 3218 1603 3250 quae
1625 3207 1659 3238 in
1684 3216 1719 3238 ea
1744 3203 1920 3248 peragenda
1942 3204 2000 3238 esse
2023 3205 2136 3249 poffint
2160 3206 2300 3248 pericula
2323 3227 2333 3243 ‚
2363 3206 2397 3238 δε

1567 3248 1770 3283 difficultates
1787 3273 1794 3281 .
1818 3247 1903 3281 Ibid.

1523 3291 1594 3333 ejus
1617 3292 1789 3326 tardiffime
1803 3314 1811 3329 ‚
1835 3289 1887 3324 sed
1911 3289 2074 3331 feliciter,
2095 3292 2229 3334 peraffle
2252 3291 2402 3336 quaedam

1567 3336 1730 3378 exempla.
1756 3335 1831 3367 LII.
1858 3337 1906 3368 16.

1393 3377 1547 3455 Craugtlis
1557 3379 1682 3455 ‚HRud
1707 3378 1812 3411 Wilh.
1839 3379 1875 3412 P.
1899 3376 1986 3411 Prof.
2006 3377 2149 3423 Jenenfis
2173 3400 2184 3417 ,
2215 3379 2361 3413 laudatus
2382 3389 2398 3411 a

1543 3425 1558 3456 I
1601 3447 1609 3453 .
1633 3434 1687 3463 40.

1392 3464 1552 3505 Crellius‚
1572 3466 1631 3509 Jo.
1657 3463 1741 3498 Frid.
1768 3463 1855 3497 Prof.
1880 3464 1960 3498 olim
1991 3464 2253 3499 Helmstadienfis
2286 3464 2398 3504 lauda-T

1476 3516 1547 3541 tus.
1574 3511 1692 3542 XXIV.
1720 3518 1769 3551 17.
1793 3509 1888 3538 XXV.
1913 3519 1943 3548 9.
1969 3509 2157 3542 XXVII.20.
2181 3508 2311 3552 &seqq.

1395 3551 1501 3583 Crure
1525 3551 1645 3590 stadio,
1671 3551 1819 3594 quaedam
1843 3551 2125 3586 animadvertenda
2141 3578 2148 3584 .
2173 3552 2266 3585 LVI.
2290 3563 2345 3595 32.

1395 3595 1554 3631 Curtius,
1580 3595 1740 3631 Carolus,
1764 3594 1909 3628 Medicus
1930 3595 2096 3637 Neapolit.
2120 3596 2289 3631 laudatus.
2338 3597 2397 3630 IX.

1402 3639 1839 3716 Cutislzssisiffegildnebs..Vid.
1864 3680 2010 3717 Scabies.
2238 3729 2268 3761 C
2310 3728 2317 3733 .

2271 3737 2333 3760 ntis
2345 3750 2358 3768 5
