2498 4075
456 179 606 248 Epist·
644 181 806 233 Anat.
839 177 1050 233 Medica
1083 177 1181 230 IX.
1215 177 1332 230 Art.
1350 192 1426 231 22.
1447 191 1526 245 ²3·
1552 178 1607 231 ὅ(
1629 191 1710 239 24.

80 258 200 293 viderit
222 258 388 302 epileptici
413 256 574 291 accidisse.
600 258 676 300 Ego
698 268 795 299 vero,
828 266 942 301 praeter
972 258 1040 291 haec
1058 282 1073 300 ‚

73 301 292 344 Ridleyanum
315 300 396 334 illud
419 305 482 342 (r)
504 301 636 334 minime
659 300 775 342 ignoro
797 301 1072 344 experimentum,

67 345 101 377 in
123 355 197 378 cane
220 343 370 378 habitum
392 346 449 386 qui
473 355 510 377 ex
534 343 750 386 perforatione
772 345 869 377 Durae
893 345 1073 387 mesnagis,

70 386 283 430 *convulsionis
306 386 446 428 cujusvis
469 396 577 429 expers
589 386 681 429 fuit.
707 385 806 422 Nihil
829 386 949 423 horum
978 398 1074 430 nega-

28 461 32 466 ,
72 431 105 463 're
127 430 240 464 ausim.
273 430 482 465 Discriminis
517 430 626 471 potius
659 428 784 463 causam
815 442 954 473 quaeram
990 432 1073 463 inter

60 471 158 513 Jhaec,
183 476 214 506 &
238 474 413 506 contrarias
425 473 563 505 aliorum
573 471 828 510 observationes,
850 474 1071 517 contrariaque

71 519 304 558 experimenta.
328 517 438 558 Atque
462 525 497 549 ut
523 514 560 548 de
584 515 693 549 multis
717 514 755 551 ad
778 527 874 558 pauca
896 516 1071 550 sermonem

70 559 280 598 contraham3
305 558 407 601 legisti
431 568 513 591 certe
545 558 578 591 in
601 558 744 591 Historia
776 560 885 601 Regiae
918 560 1071 593 Scientia-

68 612 143 636 rum
165 602 347 636 Academiae
371 599 545 636 Parifiensis
567 603 582 641 (
597 600 624 646 s
637 605 651 642 )
671 600 893 643 deprehensam
925 603 958 635 in
989 601 1070 636 ado-

66 644 200 679 lescente
221 645 344 679 causam
364 642 548 684 diuturnae,
570 646 602 677 &
627 644 787 688 progressu
812 646 992 688 temporis,
1014 647 1072 687 vi,

67 690 100 722 &
124 688 328 722 acceffionurn
352 697 487 721 numero
509 687 677 721 crescentis
710 686 866 730 epilepsiae
884 712 897 727 ,
932 690 1069 722 minima

53 729 220 765 ‘videlicet
241 730 390 770 officula,
413 742 484 774 quae
507 729 605 764 basim
628 730 660 763 in
672 729 779 764 Craffa
792 730 970 773 habebant,
994 743 1069 766 acu-

67 774 199 808 tiffimos
221 782 326 807 autem
358 774 461 816 apices
496 773 537 808 sic
568 783 679 808 contra
711 775 857 809 Tenuem
890 776 1071 817 meningem

67 817 255 858 conversos,
277 825 313 850 ut
337 814 417 849 hanc
439 828 503 850 non
525 828 738 860 compungere
757 840 770 857 ,
804 829 906 858 eoque
935 820 1037 861 magis
1056 842 1070 859 ,

68 873 135 903 quo
160 861 260 903 magis
283 858 484 900 crescebant,
508 871 570 894 non
595 858 735 902 possent.
762 859 881 894 Vidisti
905 873 1033 905 quoque
1058 874 1069 901 3

68 914 105 937 ut
128 915 211 937 nunc
236 903 296 935 alia
322 903 479 937 ltalorum
489 905 703 946 experimenta
717 912 921 947 praeteream3
944 904 1071 943 vidisti,

69 947 222 989 inquam,
246 947 279 979 in
302 945 513 980 Bononiensis
547 947 668 981 scient.
691 945 874 981 Academiae
896 949 1071 982 Commen-

68 992 160 1023 tariis
182 992 268 1030 (t),
283 1000 365 1023 >cum
388 990 454 1022 Vir
476 989 529 1022 Cl.
555 991 664 1024 Petrus
688 990 803 1023 Paulus
822 990 1010 1024 Molinellus
1023 1003 1072 1024 re-

67 1034 186 1067 testam
208 1032 242 1065 in
267 1033 454 1076 parte‘vivo
476 1033 547 1066 cani
571 1037 691 1066 Duram
712 1037 850 1067 Matrem
881 1033 994 1067 iterum
1026 1035 1069 1069 (φ

59 1076 177 1119 saepz'us
195 1083 369 1119 pungeret,
393 1074 583 1119 observasse,
603 1086 709 1111 canem
732 1074 979 1117 convulfionibus
1001 1085 1067 1110 tor-

69 1120 156 1161 queri
177 1120 302 1160 variis,
321 1118 492 1161 prasertim
514 1129 585 1152 cum
607 1130 641 1152 ea
659 1128 737 1161 pars
758 1123 850 1152 Durae
861 1120 979 1153 Matris
986 1130 1068 1162 pun-

64 1169 213 1204 geretur,
230 1171 296 1205 quae
317 1162 453 1195 maxime
475 1162 515 1194 ad
535 1173 569 1195 os
591 1161 783 1195 adhaerebat.
807 1162 861 1194 An
881 1163 982 1204 igitur
991 1174 1067 1197 cau-

68 1203 131 1237 sam
156 1204 246 1246 ejus,
268 1203 357 1247 quod
379 1215 508 1247 apparet
529 1226 539 1242 ,
563 1204 759 1243 discriminis
790 1204 830 1238 ab
864 1203 921 1239 hac
952 1207 1067 1240 ultima

65 1249 274 1290 experimenti
297 1255 385 1290 parte
406 1257 604 1290 repetemus,
626 1247 832 1290 conjicientes
846 1248 879 1281 id
892 1248 978 1293 quod
989 1252 1074 1284 ratio

68 1302 198 1334 quoque
218 1290 285 1333 ipsa
307 1290 499 1332 confirmat,
523 1290 580 1325 nisi
603 1302 692 1334 aeque
716 1291 808 1325 tensae
821 1294 981 1334 meninges
991 1291 1074 1335 sint,

66 1335 201 1376 :equales
223 1334 262 1368 ab
284 1345 389 1368 earum
411 1336 595 1368 irritatione
630 1332 759 1371 effectus
792 1346 856 1369 non
888 1336 944 1370 esse
975 1347 1072 1379 expe-

67 1377 218 1411 &andos.
245 1377 345 1421 Qod
369 1389 446 1411 vero
468 1379 569 1421 magis
591 1377 651 1411 sint
676 1377 792 1418 tensae,
813 1389 877 1412 non
901 1379 1003 1413 solum
1016 1380 1070 1414 ad-

68 1418 168 1454 haefio
189 1421 227 1454 ad
251 1432 308 1459 os,
332 1420 382 1454 sed
414 1423 445 1454 δε
481 1422 542 1454 alia
563 1445 573 1462 ,
605 1430 641 1455 ut
673 1420 819 1454 vasorum
848 1421 1002 1456 distentio
1034 1424 1068 1457 in

67 1472 223 1508 utraque,
246 1467 275 1497 ἃ
302 1462 385 1506 justo
407 1463 509 1506 major
540 1464 673 1498 durities
708 1464 828 1498 cerebri
860 1466 894 1498 in
928 1467 1069 1508 Tenui,

67 1518 138 1549 quae
162 1508 309 1549 proxime
332 1507 434 1549 ipsum
456 1506 628 1546 convestit,
654 1507 780 1550 possunt
802 1508 921 1541 efficere
941 1534 950 1544 .
985 1510 1069 1547 Quae

67 1550 203 1585 duosfac
229 1550 406 1584 memineris
430 1549 520 1585 fuisse
541 1562 555 1582 a
580 1551 674 1584 nobis
711 1551 744 1583 in
778 1551 970 1593 quibusdam
987 1575 997 1591 ‚
1034 1552 1071 1586 de

66 1594 183 1636 quibus
205 1594 293 1636 supra
316 1597 383 1634 (u)
407 1593 532 1627 distum
555 1592 618 1634 est,
643 1593 872 1635 cadaveribus,
895 1598 927 1629 δε
950 1596 984 1628 in
1007 1594 1070 1630 hoc

66 1637 241 1679 prasertim
260 1662 268 1675 ,
292 1648 356 1679 quo
381 1636 418 1669 de
440 1637 629 1679 loquimur,
651 1635 673 1670 si
699 1647 764 1670 non
786 1638 1014 1681 conjunctim,
1038 1649 1071 1674 at

66 1690 153 1713 certe
176 1679 313 1721 seorsum
338 1678 509 1712 adnotata.
537 1682 590 1713 Sic
613 1681 698 1714 enim
722 1678 849 1715 facilius
872 1681 1071 1725 conjecturas

65 1724 203 1765 accipies
226 1731 303 1767 quas
327 1724 359 1755 in
385 1724 478 1766 :egris
502 1724 566 1757 illis
592 1723 817 1767 proposuimus
839 1724 877 1758 de
913 1725 1068 1759 membra-

66 1777 181 1800 narum
205 1766 326 1800 cerebri
349 1767 551 1801 irritatione.
577 1768 631 1801 Ad
655 1767 849 1810 eundemque
873 1770 1070 1804 modumin-

68 1809 216 1852 telligere
238 1810 335 1842 etiam
360 1811 480 1852 poteris
503 1811 592 1853 quod
615 1810 691 1844 alibi
726 1811 759 1844 in
791 1811 925 1846 laudatae
956 1814 1069 1856 Regiae

65 1852 255 1887 Academiae
266 1851 411 1887 Historia
434 1856 501 1894 (x)
524 1855 658 1889 relatum
679 1853 722 1886 est
744 1854 784 1888 de
806 1866 977 1897 parvorum
1000 1856 1071 1890 offi-

62 1896 213 1931 culorum
236 1897 350 1937 aculeis
373 1909 410 1931 ex
433 1897 535 1933 altero
557 1899 651 1931 latere
674 1898 768 1932 Sinus
779 1899 881 1932 Falcis
894 1901 1072 1943 Superioris

66 1939 279 1979 extantibus,
305 1940 490 1983 epilepticas
515 1942 696 1975 acceffiones
719 1942 901 1979 cientibus,
926 1944 1016 1977 nullo
1027 1944 1073 1977 le-

64 1984 189 2017 vamine
205 2007 219 2024 ,
243 1981 301 2017 nisi
326 1993 365 2017 ex
388 1982 1074 2027 magnissanguinisdetrac‘ftionibus.Con-

62 2036 110 2060 tra
134 2028 167 2060 in
190 2027 250 2060 illo
273 2025 406 2070 Ridleyi
427 2039 503 2061 cane
527 2030 626 2063 Durae
649 2029 809 2071 meningis
821 2029 1072 2072 perforationem

67 2069 290 2113 haemorrhagia
313 2070 505 2112 praecesserat
520 2097 527 2108 ‚
552 2083 623 2115 quae
636 2094 650 2112 ‚
673 2070 696 2105 fi
719 2071 820 2105 levior
843 2070 970 2112 fuisset,
1004 2085 1071 2108 non

66 2112 137 2147 esset
163 2113 203 2146 ab
225 2115 433 2155 experimenti
457 2115 601 2148 Anotore
625 2125 818 2148 memorata.
846 2116 1071 2150 Undelaxitas

64 2165 159 2190 tanto
183 2154 315 2191 facilius
337 2156 394 2191 esse
419 2160 529 2200 potuit
553 2157 641 2201 quod
665 2169 699 2190 ea
724 2170 794 2201 pars
820 2161 978 2203 meningis
1002 2172 1074 2203 quae

64 2199 224 2243 perforata
248 2199 317 2240 est,
341 2200 395 2233 ossi
419 2203 556 2243 amplius
579 2211 643 2234 non
668 2200 867 2235 adhaerebat.
893 2202 990 2236 Nihil
1020 2215 1075 2237 au-

63 2253 128 2277 tem
152 2242 305 2286 prohibet
329 2244 362 2276 in
386 2254 447 2277 una
462 2268 470 2282 ‚
496 2253 550 2277 aut
577 2244 879 2284 alteraaWilliiio‚
902 2246 1086 2288 inter-plu-v

65 2288 164 2320 rimas
187 2283 314 2319 fortasse
337 2285 376 2318 de
398 2285 574 2326 industria,
596 2286 729 2327 seleeta,
752 2287 904 2322 exesionis
918 2312 927 2327 ,
951 2292 983 2322 &
1007 2300 1076 2331 per-

67 2329 243 2363 forationis
267 2330 456 2372 meningum
480 2329 735 2367 Observatione,
763 2330 908 2365 laxitatis
931 2332 1037 2365 causas
1058 2354 1070 2370 ,

65 2372 89 2406 fi
112 2383 177 2405 non
200 2370 453 2414 ejusdemmodi,
476 2382 506 2405 at
531 2373 651 2415 aliquas
674 2371 844 2414 suspicari.-
869 2376 1070 2417 quaelaxitas

61 2414 87 2449 fi
111 2415 145 2448 in
164 2415 310 2459 Juvene,
334 2416 476 2458 itemque
499 2416 531 2448 in
553 2418 646 2450 Duce
671 2415 729 2448 illo
754 2414 883 2457 fuisset,
916 2418 953 2451 de
985 2430 1069 2461 quo-

62 2470 136 2493 rum
159 2459 259 2492 altero
283 2457 376 2495 habes
399 2460 434 2490 in
456 2456 516 2492 hac
540 2458 738 2501 Sepulchreti
765 2460 910 2493 Seetione
947 2461 1068 2494 Obser-

62 2503 191 2535 vatione
214 2502 277 2535 IV.
311 2501 351 2535 de
382 2502 483 2534 altero
516 2511 621 2534 autem
654 2500 890 2537 observatione
921 2505 1066 2539 XXVII.

62 2547 96 2579 &
119 2544 218 2578 fufius
240 2545 274 2577 in
297 2545 442 2578 Sec‘tione
467 2546 594 2585 Prima,
617 2544 850 2581 Observatione
861 2548 979 2580 LXIX.
994 2559 1067 2591 per-

61 2599 170 2631 peram
194 2599 210 2620 a
234 2587 441 2631 typographo
462 2587 614 2631 inscripta
638 2589 760 2621 XLIX.
783 2601 847 2623 non
881 2591 931 2623 illi
964 2590 1065 2625 credo

61 2631 196 2673 pustulis
219 2630 303 2673 erosa
326 2633 416 2665 Dura
436 2632 567 2665 meninx
591 2629 772 2674 epilepsiam
796 2632 950 2668 attulisset
965 2657 974 2672 ,
1007 2646 1063 2667 ne-

60 2686 124 2718 que
147 2674 223 2708 huic
240 2673 295 2716 sat
316 2685 462 2717 magnum
487 2685 520 2707 os
542 2675 582 2707 ad
603 2673 697 2713 Instar
718 2675 833 2718 lapidis
849 2677 970 2717 stellati
990 2689 1063 2712 acu-

48 2725 154 2761 tum,
171 2717 230 2761 suo
253 2718 393 2751 acumine
415 2716 597 2752 membranae
620 2720 719 2752 Durae
744 2717 980 2761 inflammationi
1012 2729 1063 2754 at-

48 2771 120 2801 ⁴que
142 2760 333 2801 corruptioni
355 2772 443 2803 aeque
466 2759 560 2794 facile
583 2755 707 2806 dediffet
739 2763 920 2806 occasionem
943 2787 956 2804 ‚
989 2775 1063 2798 cum

62 2803 216 2837 Herculeo
239 2803 342 2837 morbo
364 2803 567 2846 conjunc-tae.

107 2857 156 2878 22.
185 2845 270 2880 Illud
293 2856 399 2880 autem
422 2857 552 2882 acutum
576 2860 612 2881 os
635 2849 668 2882 in
689 2849 787 2884 medio
809 2849 929 2884 cerebro
951 2849 1062 2893 depre-

60 2890 192 2925 hensum
204 2912 216 2929 ,
236 2900 311 2923 cum
334 2892 512 2933 meningem
534 2889 675 2926 Craffam
700 2893 842 2927 acumine
859 2892 972 2927 laeserit
983 2893 1060 2934 suo,

60 2934 162 2970 facit,
187 2941 223 2966 ut
244 2934 327 2965 inter
348 2943 521 2977 utrumque
555 2933 819 2978 hemisphaerium
840 2936 944 2979 ipsum
977 2937 1060 2980 pofi-

60 2972 272 3026 tum-fuisse,
293 2975 463 3019 conjiciam
478 3000 488 3015 ,
511 2977 553 3011 fic
576 2988 612 3012 ut
625 2978 664 3013 ad
675 2980 818 3018 Palcem,
842 2980 1060 3023 proximasque

62 3029 248 3065 meningum
263 3027 364 3060 partes
374 3043 387 3061 ‚
397 3031 462 3057 non
474 3019 512 3054 ad
523 3023 642 3056 cerebri
656 3022 860 3057 substantiam
870 3024 1036 3063 ,attineret
1050 3049 1060 3065 ,

59 3063 234 3107 praesertim
247 3073 319 3098 cum
331 3063 574 3098 Observationis
585 3066 711 3100 Auctor
720 3090 733 3107 ,
757 3076 793 3100 ut
801 3077 929 3100 omnem
939 3078 1064 3101 amove-

48 3116 109 3141 ret
123 3104 336 3148 suspicionem
347 3106 415 3140 offis
429 3111 607 3150 aproximo
619 3107 866 3144 fortediffrac'to
886 3109 968 3143 olim
987 3109 1057 3144 cra-

59 3152 118 3184 nio
131 3148 208 3183 illuc
219 3147 335 3192 delapsi
348 3172 361 3189 ‚
382 3160 577 3194 nequaquam
598 3151 716 3186 dixerit
736 3152 769 3186 id
788 3152 875 3196 quod
897 3154 1056 3188 inculcare

52 3191 308 3235 *nonomisiffess
331 3202 492 3234 nunquam
511 3194 666 3237 praefuisse
688 3196 964 3231 vulneratae'illius
985 3197 1055 3231 sub-

59 3235 181 3270 stantiae
193 3237 300 3278 gravia
310 3234 547 3284 constantiaque
558 3239 793 3281 symptomataf.
806 3239 853 3272 sed
865 3248 989 3273 tanturn
1001 3240 1057 3274 ad-

33 3323 35 3325 *
58 3278 178 3314 diderit
188 3302 204 3328 ³.
211 3278 332 3329 ⁸nullum
344 3281 589 3328 qmqujversum
603 3281 787 3327 eisefignum
798 3283 951 3324 quondam
959 3282 1058 3325 disru-

53 3324 108 3365 pti
117 3332 215 3356 cranzt
227 3345 240 3363 ‚
261 3329 317 3355 aut
328 3329 488 3355 czcatrzczs
507 3323 637 3358 reliHae.
659 3329 743 3365 Quce
763 3326 854 3359 verba
879 3337 928 3359 me
947 3325 1060 3360 admo-

57 3374 159 3406 nent,
182 3373 217 3398 ut
240 3376 404 3410 occurram
427 3365 623 3401 dubitationi
646 3371 890 3413 tuae.Qaerere
903 3371 989 3402 enim
1000 3380 1058 3412 po-

56 3418 130 3448 tes,
153 3418 229 3441 num
255 3409 288 3441 in
312 3419 351 3440 eo
372 3407 411 3441 de
435 3419 500 3450 quo
523 3411 666 3453 agimus,
697 3414 769 3445 viro
802 3412 1055 3447 animadversum

54 3452 201 3485 calvaria.=
225 3450 369 3484 foramen
393 3450 503 3484 ablato
526 3453 598 3487 inde
621 3467 637 3487 a
660 3454 828 3498 Chirurgo
852 3456 1058 3498 posthilum,

55 3505 95 3527 an
118 3493 210 3528 exeso
231 3495 312 3527 olim
344 3493 397 3527 offi
428 3494 555 3529 credam
589 3497 644 3531 effe
675 3499 880 3533 tribuendum
905 3498 919 3531 ?
964 3500 1057 3534 Neu-

56 3545 141 3572 tram
175 3548 235 3579 ego
269 3537 392 3571 causam
426 3537 479 3570 hic
515 3538 597 3582 posse
628 3542 790 3584 agnoscere
813 3543 895 3576 mihi
918 3542 1058 3586 videor,

140 3582 305 3623 Morgagni
318 3582 353 3614 de
365 3581 433 3614 sed.
449 3582 490 3615 &
500 3581 585 3625 Caus.
597 3584 698 3619 Morb.
713 3587 810 3619 Tom.
825 3589 853 3620 Ι.

1985 190 2046 238 75

1122 255 1250 300 quando
1273 256 1416 296 nullam,
1439 255 1507 298 post
1531 255 1636 288 ietum
1659 251 1835 291 adhibitae,
1865 249 2037 293 chirurgiae
2068 252 2117 286 fa·-

1122 302 1207 334 &am
1230 297 1319 332 fuisse
1343 301 1562 338 mentionem,
1585 296 1675 336 scio,
1698 295 2050 339 nullumquecicatricis
2062 304 2116 330 aut

1123 343 1238 385 supra,
1260 351 1313 375 aut
1335 341 1417 375 iufra
1441 341 1581 375 foramen
1603 339 1678 372 vesti
1707 342 1770 372 {um
1801 339 1951 381 conspexi
1981 363 1989 376 ,
2023 348 2120 381 neque

1123 387 1226 420 ullum
1247 385 1362 422 carici,
1387 397 1456 426 qua:
1479 385 1622 418 cranium
1647 395 1661 415 a
1690 380 1795 415 ecisset
1815 405 1828 422 ,
1858 380 2016 415 indicium
2038 395 2047 419 ς
2079 390 2116 414 ut

1123 439 1188 462 non
1211 427 1295 461 secus
1318 439 1352 460 ac
1377 427 1537 461 Lancifius
1559 426 1645 468 (y)
1669 424 1708 459 de
1740 435 1804 457 non
1836 423 1973 458 diffimili
2006 425 2117 458 eodem
2139 457 2143 460 .

1122 470 1240 507 inosse
1264 472 1326 504 viri
1349 471 1537 513 apopleffici
1572 479 1698 512 reperto
1732 466 1888 501 foramine
1911 490 1924 507 ‚
1956 467 2126 501 interdum

1122 515 1231 560 potius
1253 514 1464 557 cogitaverim
1478 539 1485 553 ,
1508 515 1542 547 in
1565 512 1743 546 tenuiffimo
1767 510 1909 553 alioquin
1932 511 2116 544 cranioim.

1122 557 1294 602 perfeeram
1315 557 1430 598 illam,
1448 568 1548 600 neque
1570 554 1632 589 osse
1654 554 1812 597 expletam
1825 554 2037 601 particulama
2051 555 2119 597 pri-

1121 601 1256 639 mordiis
1280 601 1422 634 relietam
1445 599 1524 634 esse.
1550 601 1765 633 Veruntamen
1788 607 1860 631 cum
1873 595 2001 629 vicisfim
2013 608 2118 630 recor-

1121 644 1198 683 dor,
1220 643 1370 686 descripti
1395 644 1429 675 in
1453 643 1578 676 cerebro
1600 640 1747 676 abscessus
1776 651 1900 674 caveam
1933 639 1960 685 ci
1987 639 2119 673 forami-

1121 691 1155 721 ni
1181 685 1377 729 subjeetam‚
1399 686 1505 730 ibique
1528 696 1693 728 utramque
1725 685 1904 726 meningen]
1938 685 2118 717 foraminu-

1122 732 1177 771 lo,
1199 741 1271 764 cum
1294 741 1386 763 cavea
1409 724 1686 765 communicante,
1710 726 1868 771 pertusam
1892 723 1983 759 fuisse
2005 749 2015 763 ‚
2050 737 2117 761 non

1145 785 1234 808 arum
1258 773 1326 806 sane
1349 772 1466 807 haerere
1490 784 1565 812 me,
1588 770 1708 805 fateor.
1723 773 1834 813 ltaque
1853 767 2118 804 Observationem

1122 786 1184 851 iiuc
1207 819 1315 858 potius
1339 815 1508 858 adjungam
1531 815 1664 848 Nicolai
1689 812 1885 852 Mediaviae‚
1915 822 2010 854 quam
2041 823 2117 846 con-

1122 859 1204 894 ferre
1226 872 1299 894 cum
1324 860 1382 893 'nac
1407 859 1518 902 poliis;
1539 857 1631 892 fimul
1664 857 1748 890 enim
1779 867 1851 890 cum
1887 856 1982 905 certis
2015 857 2117 889 cranii

1121 902 1319 937 exesionibus
1342 901 1491 936 abscessus
1525 902 1677 938 cerebri,
1708 902 1740 934 &
1772 899 1948 934 comitiahs
1983 900 2116 934 morbus

1122 945 1285 990 conjuncti
1313 945 1456 979 fuerant.

1166 1000 1216 1032 23.
1242 991 1448 1024 MULIERI
1471 991 1503 1022 in
1527 989 1685 1030 superiore
1709 987 1827 1022 frontis
1858 996 1945 1031 parte
1979 995 2118 1022 tumores

1121 1032 1187 1066 duo
1208 1033 1330 1064 venerei
1354 1033 1503 1066 extabant
1523 1044 1562 1065 ex
1586 1033 1627 1065 iis
1650 1032 1705 1074 qui
1725 1040 1889 1074 gummata
1913 1032 2116 1065 vocitantur.

1120 1075 1177 1109 Ob
1199 1086 1252 1108 eos
1276 1075 1352 1108 dato
1375 1075 1578 1117 hydrargyro
1600 1075 1695 1107 saliva
1719 1084 1847 1107 evocata
1869 1073 1930 1108 est.
1958 1076 2066 1117 Itaque
2078 1073 2120 1108 fi-

1121 1118 1214 1153 nister
1236 1118 1380 1157 excidit3
1402 1117 1511 1151 dexter
1535 1115 1838 1151 manfieUndeille
1848 1115 2027 1155 exciderat,
2043 1129 2122 1160 pro-

1122 1163 1277 1195 minentia
1300 1162 1445 1204 apparuit
1468 1160 1612 1204 pulsans.
1636 1158 1831 1198 Constabat,
1854 1160 2021 1194 mulierem
2035 1169 2123 1193 ante-

1122 1216 1217 1247 quam
1242 1204 1445 1248 hydrargyro
1468 1213 1613 1238 uteretur
1629 1225 1639 1241 ,
1663 1201 1817 1246 epilepsia:
1840 1202 2015 1236 obnoxiam
2039 1202 2121 1238 fuis-

1125 1249 1176 1283 se.-
1201 1252 1233 1282 &
1258 1248 1384 1288 sanein
1418 1247 1520 1282 media
1550 1258 1678 1290 quoque
1710 1247 1877 1280 curatione
1906 1246 1995 1280 semel
2019 1270 2031 1287 ‚
2063 1246 2125 1281 hac

1126 1301 1233 1326 autem
1255 1290 1422 1330 absoluta,
1453 1293 1569 1325 iterum
1605 1291 1725 1332 agitata
1756 1288 1799 1323 est
1828 1288 2089 1324 convulfionibus
2109 1313 2122 1330 ,

1126 1335 1243 1377 spumis
1264 1347 1319 1368 ore
1344 1335 1597 1378 profluentibus.
1620 1334 1790 1376 Denique,
1814 1333 1901 1366 nulla
1925 1343 2014 1375 parte
2047 1344 2124 1367 cor-

1125 1381 1213 1421 poris
1237 1377 1392 1418 resoluta,
1416 1377 1526 1421 sopore
1548 1376 1632 1420 quali
1656 1376 1820 1419 quodam,
1844 1387 1879 1409 ut
1906 1387 1976 1410 raro
2008 1378 2124 1420 loque-

1123 1432 1231 1458 retur,
1253 1420 1318 1462 jam
1338 1421 1406 1455 dies
1431 1422 1555 1465 aliquot
1579 1418 1712 1457 afflet-a,
1738 1421 1862 1453 interiit
1884 1420 1967 1453 circa
1978 1419 2125 1454 medium

1121 1464 1300 1498 Octobrem
1322 1466 1363 1497 A.
1393 1476 1483 1508 ¹739·
1617 1463 1827 1499 CRANIQ
1851 1465 1883 1496 δεῖ
1914 1463 2043 1497 cerebro
2075 1463 2127 1496 di-

1122 1509 1258 1550 ligenter
1281 1507 1500 1552 perlustratis,
1521 1509 1687 1541 inventum
1709 1505 1752 1539 est
1770 1528 1780 1543 ,
1803 1506 1894 1538 illam
1928 1517 2024 1549 quam
2060 1517 2128 1540 me-

1123 1553 1266 1591 moravi,
1289 1553 1541 1593 prominentiam
1563 1549 1743 1585 membrana
1767 1547 1902 1591 quadam
1926 1549 2037 1592 obtegi
2062 1560 2129 1584 non

1123 1596 1267 1629 tenuiore
1290 1607 1388 1638 quarn
1409 1594 1534 1628 craffior
1564 1594 1673 1628 charta
1695 1615 1704 1630 ‚
1736 1591 1785 1625 ab
1811 1591 2002 1628 nostratibus
2042 1592 2131 1627 ἀίξὲα

1122 1646 1266 1676 cartonen
1290 1639 1341 1672 sed
1365 1637 1497 1672 flaccida
1511 1661 1523 1678 ‚
1545 1647 1581 1672 ut
1604 1639 1688 1670 inter
1711 1634 1833 1677 digitos
1843 1637 2006 1677 contrita,
2030 1634 2128 1678 facile

1121 1681 1388 1724 disrumperetur.
1414 1683 1462 1715 Ea
1487 1681 1668 1714 membrana
1691 1678 1854 1722 utriusque
1887 1679 1936 1713 ibi
1969 1681 2129 1723 meningis

1122 1725 1249 1758 tenebat
1274 1726 1407 1763 locum5
1432 1724 1552 1758 suberat
1586 1726 1673 1757 enim
1691 1723 1871 1763 ,corticalis
1901 1724 2022 1757 cerebri
2056 1723 2130 1758 sub-

1120 1768 1253 1806 stantia,
1278 1768 1351 1802 inde
1376 1766 1470 1811 usque
1494 1766 1532 1800 ad
1557 1767 1762 1802 medullarem
1784 1778 1876 1810 aequo
1898 1766 2029 1805 durior,
2065 1779 2131 1801 non

1120 1813 1224 1846 minus
1246 1811 1418 1851 videlicet,
1442 1823 1536 1854 quam
1560 1812 1706 1854 hepatica
1738 1809 1781 1844 est
1803 1835 1811 1843 .
1847 1809 1905 1845 Sed
1937 1810 2131 1855 hemisphte-

1121 1857 1207 1889 rium
1230 1856 1387 1898 reliquum
1411 1851 1590 1892 finistr’um,
1615 1854 1637 1887 si
1661 1854 1867 1897 posteriorem
1891 1864 2012 1897 partem
2045 1857 2131 1888 exci-

1124 1900 1216 1941 pias,
1239 1908 1349 1932 contra
1374 1907 1438 1932 erat
1462 1899 1567 1932 multo
1590 1899 1720 1932 mollius
1741 1908 1836 1939 quam
1861 1909 1916 1939 par
1939 1898 2000 1932 sit.
2026 1901 2064 1932 In
2076 1911 2130 1932 eo-

1124 1943 1257 1985 demque
1280 1952 1372 1975 cavea
1395 1950 1485 1981 erat,
1508 1953 1612 1984 parvae
1636 1942 1725 1975 nucis
1749 1940 1910 1983 juglandis
1934 1942 2133 1985 magnitudi-
2185 1952 2188 1956 '

1126 1998 1184 2024 ne,
1210 1984 1320 2019 lividis
1345 1984 1594 2029 molliffimisque
1617 1997 1656 2018 ex
1679 1984 1848 2018 medullari
1872 1984 2041 2020 substantia
2099 1999 2138 2019 a-

1129 2029 1264 2072 rietibus
1287 2027 1540 2071 comprehensa,
1562 2041 1600 2062 ex
1623 2040 1684 2071 qua
1708 2029 1740 2061 in
1774 2026 1899 2062 summo
1930 2039 2036 2072 aperta
2097 2042 2138 2065 u·-

1131 2084 1201 2107 mor
1228 2073 1368 2114 primum
1392 2073 1574 2114 nigricans,
1598 2081 1667 2105 tum
1691 2071 1749 2105 seri
1774 2071 1886 2106 habitu
1901 2096 1914 2113 ,
1937 2076 1966 2106 &
1991 2074 2099 2107 colore
2119 2098 2134 2115 ‚

1127 2128 1193 2159 quo
1216 2116 1380 2148 filamenta
1402 2113 1487 2157 quasi
1510 2114 1656 2158 quaedam
1683 2115 1868 2149 innatabant
1882 2139 1891 2154 ,
1913 2115 2044 2152 effluxit
2068 2117 2131 2151 sme

1125 2160 1190 2193 ulla
1214 2159 1449 2201 graveolentia.
1473 2158 1667 2192 Imminebat
1691 2157 1757 2192 haec
1781 2170 1872 2192 cavea
1895 2162 2047 2194 anteriori
2061 2172 2133 2205 par-

1126 2204 1152 2235 ti
1179 2202 1333 2235 Lateralis
1355 2202 1551 2241 ventriculi,
1576 2214 1717 2245 quocum
1749 2203 1881 2236 minime
1912 2206 2132 2239 communica-

1130 2245 1208 2285 bat,
1230 2255 1267 2279 ut
1290 2256 1389 2287 neque
1411 2256 1484 2279 cum
1508 2245 1563 2277 illa
1587 2257 1656 2288 quae
1679 2244 1837 2288 descripta
1859 2247 1919 2286 est,
1945 2249 2132 2290 prominen-

1129 2291 1198 2329 tia‚·
1220 2291 1300 2332 quin
1324 2290 1363 2321 ab
1387 2287 1445 2322 hac
1468 2287 1603 2321 distabat
1626 2287 1749 2330 digitos
1774 2289 1966 2324 transversos
1999 2290 2128 2326 circiter

1127 2331 1229 2366 duos.
1254 2334 1406 2365 Ceterum
1431 2332 1458 2363 ei
1483 2332 1707 2373 prominentiae
1732 2331 1939 2375 respondebat
1962 2335 1995 2367 in
2020 2337 2131 2369 cranio

1122 2376 1268 2409 foramen
1293 2374 1410 2416 ellipsis
1433 2373 1559 2412 forma,
1583 2376 1648 2408 oris
1680 2375 1822 2418 undique
1857 2378 2030 2420 :equalibus
2062 2390 2129 2413 non

1122 2418 1208 2452 secus
1231 2429 1266 2450 ac
1290 2417 1311 2451 si
1336 2419 1412 2450 lima
1436 2417 1530 2451 essent
1551 2419 1708 2461 *laevigatae
1727 2442 1735 2451 .
1760 2419 1840 2452 Haec
1864 2431 1879 2451 a
1903 2419 2033 2455 sinistris
2056 2448 2063 2454 .
2098 2423 2129 2456 A

1121 2461 1243 2495 dextris
1267 2470 1372 2495 autem
1404 2461 1487 2494 nihil
1520 2464 1553 2494 in
1585 2461 1712 2493 cerebro
1748 2460 1956 2497 adnotatione
1991 2465 2126 2508 dignum

1123 2504 1187 2539 fuit
1206 2529 1213 2535 .
1242 2503 1342 2547 Quod
1367 2502 1406 2536 ad
1429 2506 1574 2538 cranium
1599 2505 1737 2544 attinet;
1760 2513 1867 2538 tumor
1892 2507 1947 2540 ille
1970 2510 2025 2551 qui
2057 2521 2122 2543 non

1122 2549 1306 2588 exciderat,
1330 2546 1441 2580 dexter
1464 2547 1595 2581 necdum
1621 2546 1658 2581 ad
1681 2548 1863 2582 interiorem
1884 2553 1985 2584 cranii
2010 2552 2124 2587 faciem

1121 2589 1282 2625 exedendo
1304 2599 1485 2634 pervenerat
1510 2616 1517 2623 .
1556 2592 1638 2637 alio
1670 2600 1776 2624 tamen
1812 2592 1884 2625 loco
1911 2618 1920 2632 ,
1954 2606 2019 2636 quo
2051 2597 2124 2630 1000

1120 2646 1156 2667 os
1188 2634 1317 2676 prorsus
1339 2633 1466 2674 deerat,
1492 2634 1585 2668 crafla
1608 2633 1751 2677 quaedam
1776 2636 1955 2670 membrana
1981 2639 2122 2678 suber-am

1118 2689 1158 2711 an
1180 2677 1267 2719 quod
1290 2686 1396 2712 tumor
1421 2677 1494 2712 inde
1517 2678 1619 2718 alter,
1641 2678 1718 2712 dato
1739 2678 1959 2724 hydrargyro,
1984 2683 2059 2718 alias
2070 2696 2123 2719 ex.

1117 2719 1245 2755 cidisset
1262 2719 1275 2753 ?

1164 2775 1214 2806 24.
1238 2764 1468 2801 Disseffionem
1492 2765 1573 2800 hanc
1596 2765 1619 2800 fi
1642 2779 1715 2803 cum
1738 2768 1779 2802 iis
1802 2770 1908 2811 paucis
1929 2782 2120 2816 compares,

1117 2819 1188 2852 quae
1212 2807 1259 2857 acl·
1273 2820 1434 2843 veneream
1456 2812 1555 2843 cranii
1576 2812 1712 2853 cariem,
1735 2815 1768 2845 δε
1813 2823 1958 2847 ummata
1977 2815 2121 2859 specstant

1117 2853 1152 2884 in
1175 2862 1208 2884 ea
1231 2863 1316 2886 circa
1339 2865 1434 2895 quam
1459 2853 1618 2887 versamur
1640 2878 1652 2894 ‚
1676 2824 1874 2897 Sepulcfireti
1907 2859 2050 2892 Sefflone
2080 2860 2120 2894 de
2141 2883 2143 2888 ·

1118 2893 1279 2945 Epilepfia
1302 2899 1364 2945 (ἦ
1384 2901 1397 2937 )
1421 2909 1431 2935 5
1468 2897 1567 2938 pluris
1598 2895 1725 2931 fortasse
1758 2897 1853 2932 facies
1878 2922 1886 2936 ‚
1916 2903 1992 2945 quia
2025 2913 2118 2945 gum.

1112 2947 1203 2971 mata
1225 2939 1305 2981 quid
1327 2951 1360 2971 in
1383 2941 1519 2980 cranio,
1552 2943 1585 2973 &
1618 2942 1771 2983 proximo
1801 2943 1933 2977 cerebro
1965 2946 2125 2981 consecu-'

1115 2991 1187 3015 turn
1209 2980 1269 3028 iit,
1292 2982 1405 3015 docet.
1430 2985 1593 3017 Caeterum
1614 2983 1769 3026 apostema
1793 2986 1832 3018 ad
1854 2997 2015 3028 gummata
2047 3001 2118 3033 per-

1116 3025 1270 3064 tinuisse,
1291 3036 1355 3058 non
1380 3027 1551 3068 protinus,
1573 3034 1609 3060 ut
1619 3028 1760 3069 opinor,
1785 3029 1978 3065 existimabis
2001 3035 2016 3071 (
2036 3045 2055 3066 a
2076 3036 2112 3075 >5

1114 3068 1206 3102 ficuti
1234 3079 1280 3114 ex*
1296 3068 1422 3114 adverso
1446 3068 1605 3104 attinuisse
1635 3071 1771 3105 censebis
1802 3071 1955 3108 duritiem
1990 3077 2080 3109 illam
2102 3102 2115 3118 ‚

1113 3123 1184 3155 quae
1207 3113 1240 3143 in
1262 3111 1399 3153 iubyeeta
1425 3112 1482 3155 ipsi
1507 3115 1664 3155 gummati
1702 3115 1849 3149 corticali
1885 3118 2003 3151 cerebri
2039 3130 2114 3161 por-

1109 3156 1198 3189 tione
1223 3154 1335 3188 relichi
1359 3154 1401 3189 est
1425 3181 1432 3188 .
1466 3157 1511 3189 Et
1534 3156 1617 3191 illud
1638 3166 1743 3191 tamen
1766 3181 1782 3199 5
1812 3164 1843 3194 δε
1867 3160 1949 3194 hanc
1982 3163 2013 3195 in
2046 3164 2113 3205 epi·-

1108 3199 1237 3242 lepticis
1268 3196 1439 3241 aliquando
1470 3200 1607 3233 inveniri
1629 3225 1643 3242 ,
1674 3211 1796 3236 certum
1831 3204 1873 3237 est
1896 3228 1903 3236 .
1942 3204 2040 3243 Quod
2072 3205 2111 3240 de

1109 3241 1299 3284 apostemate
1340 3252 1414 3276 cum
1458 3243 1505 3276 vel
1538 3255 1576 3276 ex
1611 3245 1755 3287 pluribus
1787 3248 1941 3281 Seffionis
1972 3247 2111 3291 ejusdem

1109 3282 1401 3318 observationibus
1424 3289 1435 3324 (
1458 3284 1477 3318 b
1499 3291 1514 3326 )
1536 3295 1665 3328 pateat5
1688 3290 1856 3323 nonnullas
1879 3289 1917 3324 de
1949 3292 2015 3335 ipsa
2049 3293 2111 3328 du-

1109 3329 1183 3361 ritie
1205 3327 1372 3362 indicabo.
1401 3329 1531 3362 Omiffis
1556 3331 1809 3378 igitur‘quaeed
1832 3334 1951 3367 cerebri
1983 3332 2109 3369 univer.

1086 3370 1130 3405 -si
1153 3371 1386 3406 firmitudinem
1409 3373 1545 3406 attinent
1568 3386 1660 3418 aequo
1694 3385 1849 3417 majorem
1868 3400 1881 3417 ,
1910 3379 2013 3421 qualis
2044 3390 2106 3413 una
2158 3414 2162 3417 ,

1107 3414 1149 3448 est
1171 3416 1204 3448 in
1229 3416 1372 3449 Sestione
1395 3414 1502 3449 eadem
1525 3419 1540 3456 <
1562 3429 1578 3450 c
1600 3422 1633 3457 )‚
1656 3418 1751 3451 altera
1775 3418 1809 3451 in
1831 3420 1961 3454 historia
1993 3422 2105 3464 Regiae

1108 3459 1321 3495 Scientiarum
1342 3457 1523 3493 Academiae
1547 3460 1720 3495 Parisienfis
1742 3462 1798 3505 (d
1817 3466 1852 3502 )‚
1875 3465 1969 3497 tertia
2003 3475 2019 3496 a
2055 3477 2114 3500 mer

1108 3500 1198 3544 supra
1224 3505 1235 3541 (
1257 3512 1272 3535 e
1294 3506 1304 3541 )
1327 3501 1485 3545 descripta
1507 3502 1549 3536 est
1572 3514 1584 3542 ;
1616 3514 1709 3538 certoe
1733 3506 1834 3547 partis
1859 3506 2011 3540 duritiem
2034 3510 2103 3543 ani-

1107 3543 1303 3580 madvertisse
1323 3546 1505 3580 memineris
1527 3547 1709 3625 Antorssum
1733 3548 1949 3584 Pacchionum
1996 3550 2052 3594 (f
2068 3556 2077 3591 )
2089 3576 2105 3595 ³.

1705 3601 1721 3623 2
2006 3596 2064 3638 qui

58 3656 2110 3685 ..a-*mmm*

142 3714 153 3729 r
165 3705 239 3733 >Mb
249 3705 340 3730 Erudit.
349 3705 412 3735 Lips.
423 3708 462 3732 M.
471 3705 533 3735 Μιῐ.
596 3706 649 3737 (s)
658 3709 689 3733 A.
701 3716 768 3738 1711.
776 3709 837 3734 obs.
848 3713 949 3735 Anat.6.

140 3743 157 3766 y
172 3736 186 3764 )
203 3738 239 3760 De
257 3736 334 3761 Subit.
351 3736 456 3762 Mortib.
474 3737 532 3762 Obs.
551 3744 569 3771 ¹:
588 3744 704 3772 mortuor.

151 3766 165 3790 b
180 3765 195 3794 )
237 3766 270 3791 bs.
286 3774 308 3791 2.
325 3774 363 3791 ιο.
381 3775 416 3792 ²1.
436 3769 460 3799 5.
477 3775 499 3791 2.
517 3767 540 3792 ἃ
556 3775 580 3792 in
598 3768 679 3793 Addit.
696 3767 755 3794 obs.
773 3779 793 3800 ς.

112 3702 134 3762 f
1011 3709 1042 3739 <2

122 3776 128 3795 l

1008 3741 1013 3745 η
1053 3708 1394 3740 )Tom.1.ubiAnatomiea.

766 3739 778 3765 (
792 3748 811 3769 z
826 3741 840 3770 )
855 3740 914 3766 Obs.
934 3749 954 3771 3.
970 3742 992 3765 a
1007 3747 1039 3773 in·
1050 3740 1172 3766 Additum.
1190 3743 1248 3767 Obs.
1266 3751 1287 3772 3.

854 3770 862 3801 (
879 3771 919 3802 ε)
935 3773 962 3796 sn
978 3771 1061 3795 aaut.
1077 3771 1172 3797 obts.

1456 3714 1513 3748 (u)
1527 3723 1549 3738 n.
1560 3722 1582 3743 9.
1595 3722 1628 3738 1².
1640 3721 1677 3750 19.
1739 3716 1774 3745 (x
1784 3715 1792 3743 )
1804 3718 1833 3741 A.
1847 3725 1911 3748 ¹73⁴·
1921 3717 1979 3743 obs.
1988 3720 2061 3744 Anat.
2071 3727 2095 3745 ι.

1350 3745 1364 3773 ζ
1380 3752 1396 3767 a
1412 3745 1421 3776 )
1438 3745 1493 3770 Vrd.
1512 3752 1594 3770 tamen
1610 3746 1683 3775 Epist.
1702 3747 1737 3775 58.
1756 3754 1778 3770 n.
1799 3755 1812 3776 9

1231 3773 1283 3805 (a)
1299 3775 1330 3799 A.
1342 3781 1411 3805 ηας.
1421 3775 1481 3802 ou.
1491 3778 1562 3801 Anat.
1575 3777 1595 3801 1.
1655 3776 1704 3805 (e)
1717 3784 1740 3800 n.
1749 3784 1769 3806 9.
1813 3765 1880 3809 'm
1889 3778 1961 3810 Epist*
1973 3779 2002 3805 ad
2011 3781 2100 3806 seroie.
