2498 4075
432 163 525 203 1³90

365 237 492 274 partem
513 226 649 262 faciebat
670 223 778 260 tunica
801 223 997 263 Sclerotica,
1023 221 1156 262 durior,
1180 224 1212 255 ὅ(
1245 220 1368 254 craffior

364 283 463 317 quam
488 272 587 310 solet,
610 270 730 313 quippe
753 270 784 301 in
807 268 835 302 se
858 266 1040 300 contrasta.
1067 266 1148 297 Haec
1170 265 1366 301 contractam

412 318 491 347 riter
513 312 716 351 Choroidem
738 309 971 353 concludebat,
992 319 1063 351 quae
1087 310 1184 343 etiam
1210 317 1278 341 tum
1302 317 1367 339 erat

393 358 520 397 umida,
543 356 626 392 nihil
652 364 756 390 autem
779 363 946 398 praeterea3
970 360 1005 384 ut
1029 351 1160 394 reliquae
1182 362 1291 384 omnes
1314 359 1364 384 tu-

364 403 445 435 nicae
467 412 542 434 cum
563 398 750 438 humoribus
773 397 919 435 cunffis,
943 395 1157 436 olimpenitus
1171 394 1365 436 absumptae,

361 443 548 484 expreffaeve
571 442 774 479 viderentur.
802 440 918 476 Nervis
942 440 1058 474 interea
1083 447 1151 471 tum
1175 439 1207 470 in
1232 447 1364 479 utraque

360 486 491 528 orbita,
516 497 585 520 tum
608 488 689 521 intra
710 484 879 519 calvariam
903 482 1028 514 retestis
1044 507 1051 519 ,
1072 491 1148 513 curn
1172 481 1257 516 inter
1288 491 1367 515 ocu-

363 530 471 564 lorum
496 531 638 564 Motores
664 529 787 561 nullum
810 533 969 568 appareret
981 523 1362 562 discrimen5maximum

363 574 449 609 inter
471 574 615 616 Opticos
640 572 745 606 statim
770 569 799 602 se
823 567 969 611 prodidit
986 593 993 601 .
1020 569 1104 601 Cum
1129 568 1212 599 enim
1245 564 1364 602 finister

363 626 428 653 non
451 615 537 649 secus
558 628 594 650 ac
618 615 689 650 suus
713 613 847 651 oculus,
870 610 941 647 esset
965 610 1158 647 saniffimus5
1181 610 1289 642 dexter
1300 621 1365 642 ma-

362 670 461 702 gnum
486 659 521 691 ad
544 659 681 694 ,traflum
704 659 844 693 cinereus
881 663 967 692 erat,
991 656 1023 686 δι
1054 661 1242 689 extenuatus
1267 677 1274 683 .
1322 654 1367 687 Et

360 703 505 746 primum
528 701 658 744 quidem
683 699 720 732 ab
744 699 838 731 oculo
862 696 899 730 ad
924 696 1085 730 transversi
1109 695 1367 737 digitilatitudi-

357 756 431 782 nem
447 768 456 782 ‚
483 753 534 783 aut
560 745 653 785 paulo
677 742 811 783 amplius
828 764 836 778 ,
861 739 944 773 nihil
968 738 1143 773 substantiae
1156 749 1274 773 nerveae
1291 750 1368 774 con-

359 788 506 830 tinebat,
528 785 577 819 sed
602 785 770 820 humorem
793 784 959 818 dumtaxat
977 784 1161 821 cinereum,
1183 781 1366 823 turbidum,

362 832 507 870 lentum,
531 828 789 866 eraliiul‘culum:
820 837 887 868 quo
916 826 979 858 levi
1014 823 1164 867 preffione
1195 825 1337 867 expresso
1356 850 1368 867 ,

359 875 465 909 inanis
490 873 572 906 sedes
595 871 850 913 relinquebatur3
875 877 911 902 ut
933 870 1050 901 tunicae
1075 878 1138 900 non
1162 865 1226 910 jam
1250 870 1337 903 nervi
1359 893 1367 907 ,

360 916 412 950 sed
434 916 552 952 canalis
575 915 711 956 alicujus
735 912 792 947 esse
816 910 1022 951 viderentur;
1048 919 1135 944 erant
1160 920 1266 947 autem
1290 936 1302 953 ,
1333 922 1370 945 ut

357 960 392 992 in
416 972 454 993 eo
477 971 603 1003 quoque
638 956 676 995 de
707 969 775 1001 quo
809 955 904 997 paulo
939 965 1011 988 ante
1043 954 1201 994 memini,
1239 954 1370 990 homine

358 1003 408 1042 (l
433 1006 468 1044 )‚
494 1002 586 1036 fastae
608 1000 765 1036 crassiores
788 1023 794 1031 .
830 998 908 1032 Inde
940 1010 1015 1032 vero
1046 998 1209 1032 ,continere
1240 999 1371 1041 incipie-

361 1046 439 1080 bant
464 1046 667 1080 substantiam
692 1043 733 1077 fic
756 1042 830 1076 satis
855 1041 1006 1083 firmam,
1030 1040 1080 1074 sed
1103 1042 1219 1076 cinerei
1232 1042 1370 1078 coloris:

361 1101 456 1130 quem
475 1089 619 1126 colorem
642 1089 754 1127 intus,
791 1095 942 1128 extraque
960 1108 973 1125 ,
1007 1088 1037 1117 ἃ
1073 1095 1145 1118 cum
1169 1096 1206 1117 eo
1237 1084 1372 1118 manife-

359 1131 440 1170 stam
464 1132 681 1175 gracilitatem
704 1141 816 1165 nervus
841 1127 982 1162 servabat
1006 1128 1082 1160 illuc
1108 1127 1204 1169 usque
1227 1137 1262 1164 ut
1296 1139 1372 1170 pro..

358 1177 447 1209 xime
470 1174 582 1209 abesset
607 1174 646 1211 ab
669 1185 702 1207 ea
728 1173 795 1207 sede
817 1172 872 1206 ubi
896 1183 967 1204 cum
1004 1170 1129 1206 finistro
1158 1170 1371 1213 conjungeba-

357 1228 411 1252 tur
425 1241 436 1256 ,
462 1220 604 1260 Repente
626 1226 735 1254 autem
757 1227 852 1252 omne
875 1216 959 1249 inter
981 1223 1151 1259 utrumque
1162 1224 1290 1247 nervum
1302 1226 1371 1250 eva-

359 1261 504 1295 nescebat
535 1260 732 1300 discrimen,
755 1268 791 1292 ut
816 1259 927 1293 dexter
958 1256 1073 1292 sinistri
1108 1255 1275 1299 persimilis
1305 1258 1369 1301 J'arn

358 1302 433 1338 esset
457 1307 543 1342 intus
566 1313 716 1345 extraque
740 1312 910 1345 antequam
933 1312 1001 1335 eam
1035 1299 1137 1336 sedem
1162 1301 1335 1343 attingeret
1359 1325 1368 1334 .

360 1349 398 1380 In
424 1360 458 1382 ea
483 1359 590 1387 ver05
627 1358 690 1384 non
715 1345 813 1384 modo
847 1345 939 1387 supra
973 1342 1015 1376 ad
1047 1344 1207 1388 originem
1238 1344 1334 1387 usque
1357 1356 1369 1383 5

359 1390 422 1425 five
467 1392 626 1426 exteriora
673 1389 846 1432 diligenter
888 1388 1056 1431 inspiceres
1079 1410 1091 1427 ‚
1131 1385 1191 1423 five
1226 1396 1369 1421 accurate

357 1433 540 1472 dissecando
586 1445 733 1467 nerveam
780 1430 984 1469 substantiam
1016 1440 1086 1464 tum
1127 1442 1196 1473 quae
1234 1441 1366 1464 nervum

356 1487 529 1519 utrumque
574 1475 726 1519 jungebat
752 1501 761 1516 ,
800 1485 869 1509 tum
902 1486 972 1516 quae
1004 1472 1141 1516 singulos
1176 1472 1331 1507 efficiebat
1354 1498 1367 1514 ‚

354 1521 558 1559 ,attentissime
579 1521 775 1558 contuereris
801 1530 811 1556 5
845 1517 929 1554 nihil
951 1527 1014 1550 erat
1040 1516 1167 1561 prorsus
1189 1517 1277 1559 quod
1302 1528 1366 1550 non

354 1564 527 1600 secundum
550 1573 697 1601 naturam
720 1562 872 1609 utrinque
895 1562 1016 1604 pariter
1037 1559 1239 1602 agnosceres.
1266 1560 1366 1596 Quod

354 1608 418 1645 mei
442 1619 506 1643 non
532 1607 631 1641 modo·
655 1607 711 1650 qui
738 1605 904 1643 secabam,
927 1603 977 1637 sed
1012 1606 1044 1636 ἃ
1075 1614 1189 1639 eorum
1221 1605 1367 1639 omnium

357 1651 414 1693 qui
461 1651 587 1687 aderant
610 1673 624 1691 ,
667 1651 701 1684 in
747 1649 797 1682 his
844 1646 1017 1682 Mediaviae
1041 1668 1051 1684 ‚
1097 1645 1255 1689 iudicium
1278 1645 1368 1687 fuit,

356 1694 445 1728 velut
491 1695 589 1727 etiam
634 1694 668 1727 in
722 1692 856 1725 foemina
910 1689 947 1723 de
991 1702 1051 1733 qua
1107 1691 1265 1723 continuo
1317 1689 1369 1722 di-

355 1746 427 1819 {agni
447 1761 459 1778 ,
503 1737 627 1776 ibidem
671 1735 855 1784 insequenti
899 1744 981 1770 anno
1017 1733 1129 1779 Aprili
1163 1733 1267 1769 mense
1304 1732 1369 1769 dis-

373 1792 400 1819 ξ,
427 1792 441 1814 3
455 1805 463 1818 v

402 1838 434 1867 9.
461 1825 692 1862 MULIERIS
714 1847 724 1861 ‚
769 1821 861 1865 eujus
885 1820 1086 1856 noviffimum
1109 1820 1257 1854 morbum
1279 1841 1292 1859 ,
1336 1822 1368 1852 ἃ

356 1878 469 1904 caetera
495 1881 564 1912 quae
589 1869 622 1902 in
648 1877 773 1903 mortua
798 1875 918 1908 reperta
943 1865 1012 1900 sunt
1036 1873 1149 1905 praeter
1187 1872 1331 1899 naturam
1355 1886 1367 1902 ,

354 1923 591 1954 opportuniore
626 1911 702 1944 loto
733 1913 746 1950 (
769 1921 799 1943 m
821 1912 835 1947 )
872 1907 909 1941 ad
943 1918 973 1941 te
996 1907 1154 1947 scribam,
1287 1907 1367 1939 CA-

355 1957 455 1992 PUT
480 1967 553 1989 cum
579 1953 779 1993 inciderem5
803 1950 960 1985 finistrum
985 1950 1114 1985 oculum
1138 1949 1206 1985 vidi
1232 1960 1295 1983 non
1322 1960 1366 1982 -eo

353 1998 512 2043 majorem
535 2010 630 2041 quern
655 2010 670 2031 a
695 1996 815 2031 dextris
845 1997 877 2029 in
890 1996 976 2029 Viro
1002 1991 1167 2036 descripsi,
1196 1992 1245 2028 sed
1271 1992 1367 2034 paulo

359 2044 465 2080 minus
488 2040 738 2077 labefactatum.
763 2038 911 2072 Habebat
936 2038 1215 2076 enimCorneam,
1238 2046 1367 2077 eamque

355 2097 421 2119 non
434 2085 562 2131 prorsus
574 2096 705 2128 opacam
720 2096 730 2124 3
754 2093 936 2128 quanquam
947 2082 982 2114 in
994 2079 1100 2114 medio
1112 2079 1209 2113 ferme
1220 2078 1274 2125 ubi
1286 2080 1367 2111 olim

357 2128 486 2166 fortasl'e
509 2129 599 2165 ulcus
613 2149 622 2165 ‚
647 2137 701 2163 aut
713 2126 826 2162 vulnus
842 2125 945 2160 suerat
961 2138 969 2161 ς
994 2134 1066 2158 nam
1078 2134 1201 2158 certum
1214 2123 1291 2156 scire
1304 2133 1368 2155 non

356 2174 475 2216 potui3
501 2170 682 2211 maculosa,
707 2173 738 2204 &
760 2167 846 2204 fusca
871 2167 1063 2210 apparebat5
1087 2167 1206 2211 quippe
1230 2167 1316 2199 intus
1331 2164 1369 2198 ad

357 2227 425 2249 eam
448 2215 550 2259 ipsam
574 2217 712 2248 Corneae
737 2221 860 2256 partem
884 2211 965 2246 ariste
990 2209 1169 2246 adhaerebat
1187 2210 1371 2251 Uveaepor-

357 2261 432 2299 tio,
455 2270 525 2303 quae
549 2259 769 2296 translucens,
794 2254 894 2296 maius
919 2255 951 2286 in
975 2256 1100 2287 Cornea
1123 2254 1241 2287 vitium
1275 2263 1371 2294 quam

358 2303 446 2345 quod
471 2301 573 2342 reapse
597 2310 687 2339 erat,
711 2298 944 2333 mentiebatur.
970 2297 1145 2339 Reliquum
1169 2296 1255 2331 oculi
1270 2296 1372 2329 ambi-

362 2355 433 2380 tum
456 2344 638 2386 complebat
661 2344 770 2376 tunica
807 2341 977 2374 Sclerotica
1001 2363 1012 2380 ,
1046 2341 1079 2374 in
1113 2339 1142 2373 se
1175 2339 1338 2373 commeta
1360 2361 1372 2377 ,

359 2400 457 2431 eoque
481 2387 629 2430 craffior,
651 2384 855 2419 Clioroidem
879 2385 1073 2421 continens,
1094 2381 1151 2415 fibi
1178 2383 1247 2424 plus
1279 2392 1372 2423 aequo

360 2432 596 2466 adhaerentem.
624 2427 786 2463 Choroidi
814 2437 918 2460 autem
943 2425 1123 2461 membrana
1149 2424 1286 2466 subjecta
1303 2433 1370 2458 erat

363 2476 461 2518 albaL
476 2474 571 2510 crassa
586 2499 594 2514 ‚
620 2473 710 2506 firma
725 2496 732 2508 ,
756 2483 826 2512 quae
852 2471 966 2505 Retina
991 2469 1095 2507 olim,
1118 2479 1156 2500 an
1181 2470 1294 2502 Vitrea
1318 2475 1371 2501 tu⁹

359 2521 431 2555 nica
448 2543 460 2560 ,
483 2529 521 2550 an
545 2527 678 2560 utraque
702 2515 801 2549 fuerit
827 2514 914 2555 prius
938 2524 1031 2558 quam
1068 2510 1109 2546 fic
1144 2510 1339 2546 crass'esceret
1364 2534 1375 2552 ‚

363 2562 440 2599 hinc
464 2560 681 2600 existimabis,
704 2556 789 2602 quod
816 2558 995 2591 antrorsum
1020 2554 1192 2598 pergebat,
1218 2566 1285 2587 eam
1296 2565 1377 2596 quo-

362 2618 424 2649 que
450 2614 552 2640 totam
578 2601 740 2638 obducens
765 2601 852 2634 oculi
878 2608 1000 2643 partem
1025 2599 1078 2635 ubi
1103 2596 1160 2630 ess'e
1173 2598 1293 2632 Ciliare
1304 2608 1378 2632 cor-

364 2660 445 2691 pus>
468 2651 499 2683 δι’
526 2647 645 2683 humor
667 2644 883 2687 Crystallinus
909 2643 1033 2678 solent.
1060 2641 1170 2674 Solent
1187 2664 1198 2680 ,
1220 2642 1375 2682 inquam;

363 2703 464 2735 neque
487 2692 573 2723 enim
596 2689 728 2732 usquam
754 2690 786 2722 in
810 2687 908 2721 oculo
933 2684 994 2720 hoc
1030 2684 1207 2730 quidquam
1241 2683 1305 2717 fuit
1337 2685 1378 2716 il.

365 2736 429 2769 lius
453 2735 624 2774 humoris,
649 2730 737 2777 quod
762 2742 820 2774 pro
843 2739 932 2763 certo
956 2729 1084 2771 agnosci
1109 2727 1231 2771 posset,
1254 2737 1306 2760 aut
1318 2728 1380 2760 Vi-

366 2779 454 2819 trei;
478 2776 526 2814 sed
553 2787 661 2819 paucae
687 2774 854 2810 dumtaxat
887 2781 989 2816 guttae
1026 2782 1113 2813 aquae
1146 2769 1282 2804 turbidae
1303 2794 1311 2808 ‚
1348 2772 1381 2804 &

370 2821 485 2857 fuscae.
510 2820 611 2857 Haud
637 2817 748 2860 procul
773 2826 880 2851 tamen
905 2828 920 2851 a
943 2814 1133 2857 Crystallini
1157 2813 1301 2849 humoris
1336 2812 1382 2845 se..

370 2864 409 2901 de
432 2862 661 2907 corpusculum
686 2859 849 2903 quoddam
875 2859 982 2892 inveni
1006 2857 1145 2897 durum,
1179 2856 1380 2899 magnitudi-

372 2918 434 2947 ne,
460 2909 491 2942 &
517 2906 657 2941 ambitus
683 2902 788 2939 forma
812 2902 1034 2948 aCrystallino
1060 2899 1144 2937 haud
1167 2902 1304 2936 multum
1316 2899 1382 2933 dis..

375 2960 532 2996 crepans,
556 2947 605 2984 sed
631 2946 729 2990 paulo
752 2944 875 2988 majus,
909 2949 940 2981 δε
966 2946 1122 2978 anteriore
1152 2943 1233 2977 facie
1266 2955 1382 2976 conve..

378 3005 440 3032 xa,
466 2992 639 3037 posteriore
663 3000 735 3023 cava
750 3012 762 3029 ,
785 2999 820 3024 ut
845 2991 991 3031 exiguam
1015 2987 1173 3031 quandam
1195 2985 1280 3030 quafi
1314 2986 1381 3020 scu-

378 3037 489 3073 tellam
513 3034 768 3078 repraesentaret.
795 3033 926 3067 Factum
949 3042 1013 3067 erat
1037 3042 1149 3074 magna
1173 3043 1211 3064 ex
1233 3039 1321 3073 parte
1346 3040 1384 3065 ex

379 3081 499 3116 lamina
524 3090 587 3113 non
611 3078 699 3113 tenui
723 3099 741 3124 ‚-
770 3074 850 3110 ossea
872 3098 885 3117 ³
919 3074 969 3110 sed
994 3086 1056 3108 non
1081 3084 1230 3117 perpetua
1253 3097 1265 3113 ,
1288 3084 1383 3116 quam

382 3123 484 3158 adhuc
509 3120 628 3156 affervo
652 3145 659 3154 .
698 3121 779 3162 Ejus
810 3120 956 3161 corporis
994 3118 1086 3152 faciei
1126 3118 1276 3152 anteriori
1310 3118 1384 3149 reli-

377 3169 527 3209 quiarum
552 3166 652 3198 Uveae
677 3174 747 3207 pars
772 3162 938 3197 aretiffime
962 3161 1139 3195 adhaerebat
1163 3174 1173 3203 3
1206 3171 1279 3194 narn
1313 3171 1382 3202 pars

380 3210 442 3244 alia
465 3232 478 3249 ,
511 3216 547 3243 ut
571 3217 659 3242 antea
683 3207 782 3246 dixi,
818 3216 936 3238 annexa
969 3215 1033 3238 erat
1068 3207 1200 3239 Corneae
1224 3228 1231 3236 .
1265 3205 1385 3237 Cavam

389 3262 495 3286 autem
520 3251 609 3285 illius
632 3250 778 3293 corporis
802 3247 918 3284 faciem
940 3248 1046 3284 eadem
1081 3249 1135 3281 illa
1167 3248 1236 3282 alba
1269 3257 1385 3282 conve-

387 3295 502 3330 stiebat
547 3295 727 3329 membrana
752 3317 765 3334 ,
796 3304 865 3335 quae
896 3293 1014 3326 Retina
1038 3316 1049 3332 ,
1084 3303 1121 3324 an
1155 3292 1268 3325 Vitrea
1290 3314 1302 3329 ‚
1344 3301 1385 3323 an

385 3348 520 3382 utraque
544 3336 616 3372 esset
637 3359 646 3374 ,
683 3336 743 3371 tibi
769 3335 865 3378 paulo
887 3344 958 3368 ante
979 3334 1221 3369 existimandum
1245 3334 1382 3376 reliqui.

389 3382 442 3417 Ab
464 3380 620 3424 ejusmodi
644 3380 741 3415 oculo
765 3390 895 3413 nervum
919 3380 1081 3420 Opticum
1104 3377 1143 3411 ad
1167 3379 1301 3411 initium
1336 3377 1386 3410 us-

384 3436 444 3466 que
489 3423 576 3458 suum
610 3423 788 3469 persecutus
808 3445 819 3461 ‚
853 3421 919 3457 haec
954 3421 1159 3456 animadverti
1182 3445 1190 3454 .

1405 2255 1457 2284 ‘in
1483 2251 1613 2285 alterius
1637 2249 1722 2284 oculi
1746 2249 1888 2282 caecitate
1920 2247 1955 2281 id
1987 2249 2130 2283 accidere

960 139 1118 196 Liber
1151 138 1189 190 1.
1223 137 1308 190 De
1343 134 1552 190 Morbis
1583 133 1788 200 Capitis

1417 217 1551 252 dextero
1575 239 1584 254 ‚
1616 219 1649 252 ἃ
1683 227 1756 251 cum
1789 216 1961 251 inciderem
1983 238 1996 256 ,
2033 226 2073 250 ex
2101 214 2271 251 substantia
2304 220 2404 264 magis

1417 261 1583 304 ,compacta
1604 283 1616 301 ,
1649 262 1681 293 &
1715 258 1868 296 subfusca,
1888 258 1953 292 fuit
1983 268 2055 292 tum
2087 259 2121 292 in
2151 259 2257 292 orbita
2289 283 2299 299 ,
2335 274 2407 299 gum

1418 307 1501 337 intra
1539 305 1683 338 cranium
1706 314 1717 342 3
1755 314 1830 337 cum
1874 301 1984 336 dexter
2025 313 2137 337 nervus
2176 303 2376 341 craffitudine
2398 331 2409 347 ‚

1418 346 1560 381 albedine
1591 370 1603 386 ,
1648 345 1827 380 substantiae
1884 346 1984 378 modo
2038 343 2212 380 secundum
2265 358 2411 386 naturam

1417 391 1558 437 omnino·
1587 391 1614 424 se
1656 389 1782 425 haberet
1805 414 1814 423 ,.
1857 389 1980 422 Verum
2023 387 2057 421 id
2101 387 2271 425 discrimen
2315 394 2413 438 usque

1415 434 1455 469 ,ad
1486 433 1744 478 ‚conjunctionem
1775 431 1908 468 durabat
1932 456 1939 465 .
1973 433 2013 465 In
2044 430 2104 467 hac
2128 441 2231 467 autem
2252 457 2265 475 ‚
2298 439 2330 469 &
2363 438 2416 472 su-

1416 489 1471 523 pra
1494 479 1617 519 ipram,
1639 486 1826 518 quacunque
1858 477 1978 509 ratione
2012 476 2186 518 inquireres
2205 499 2218 517 ‚
2250 477 2334 512 nihil
2355 480 2416 516 nisi

1416 525 1524 555 sanum
1547 530 1681 562 utraque
1704 520 1823 562 pariter
1844 529 1883 551 ex
1906 527 1992 561 parte
2014 518 2158 560 conspici
2182 528 2326 562 poterat.

1462 574 1509 597 10.
1535 563 1628 604 Qid
1650 562 1739 596 aliud
1761 560 1814 595 hic
1837 561 1963 599 dicam,
1988 560 2045 597 nisi
2070 562 2175 596 minus
2198 561 2305 598 felices
2329 565 2413 601 mihi

1415 619 1513 650 quam
1536 607 1684 646 crateris,
1707 603 1864 638 obvenisse
1897 603 2072 637 occasiones
2104 606 2240 639 iterandi
2273 607 2417 643 observa.

1417 653 1521 688 tiones
1545 648 1688 682 Vesalii?
1714 650 1800 685 Ter,
1823 646 1846 683 fi
1866 659 1975 683 canem
1986 646 2138 692 adjicias,
2160 649 2310 692 quaesivi3
2333 664 2416 689 nun-

1417 705 1512 737 quam
1537 696 1568 725 in
1592 692 1820 736 conjunctione
1844 692 2041 733 Opticorum
2065 703 2264 735 nervorum,
2299 696 2415 731 nedum

1418 738 1501 773 ultra
1526 735 1627 774 hanc,
1673 735 1774 768 ullum
1797 735 1939 768 invenire
1961 733 2256 772 discrimenlicuit:
2304 739 2417 775 uod'ut

1420 779 1504 815 infra
1528 779 1628 822 ipsam
1653 777 1800 821 praeclare
1822 776 1983 817 vidimus,
2004 788 2062 811 cur
2085 781 2117 812 &
2140 778 2255 822 supra,
2293 795 2303 815 1
2338 781 2418 819 fuis.

1421 825 1488 864 set,
1511 822 1673 866 agnoscere
1697 831 1761 853 non
1785 819 2014 864 potuissemus?
2039 822 2121 856 Tres
2143 832 2227 857 certe
2247 826 2358 860 oculos
2381 828 2416 861 in

1421 878 1558 911 quorum
1582 876 1677 899 nervo
1699 862 1891 910 perquisivi,
1912 875 2012 896 caecos
2037 863 2127 898 fuisse
2150 877 2243 908 quam
2267 871 2322 912 qui
2347 881 2414 904 ma..

1420 914 1659 950 xime‚‘eorum
1680 906 1855 949 descriptio
1880 906 1953 942 satis
1976 906 2136 942 ostendit.
2159 911 2206 944 At
2217 912 2417 954 Caesalpinus

1421 958 1435 994 (
1457 966 1475 987 n
1496 957 1538 995 ),
1560 962 1596 987 ut
1620 954 1654 985 in
1679 949 1884 993 Sepulchreto
1908 952 2005 984 etiam
2026 953 2040 990 (
2062 962 2079 984 o
2100 955 2114 991 )
2137 951 2230 987 habes
2252 978 2264 994 ,
2294 956 2344 988 vel
2382 958 2417 990 in

1421 1010 1459 1030 eo
1480 997 1587 1037 vidit,
1616 995 1705 1037 cujus
1737 993 1826 1037 visus
1857 1003 1922 1027 erat
1954 995 2180 1029 tantummodo
2212 997 2418 1039 imbecillis5

1422 1043 1609 1076 Santorinus
1633 1047 1737 1072 autem
1761 1040 1814 1079 (p
1835 1040 1849 1077 )
1871 1037 1904 1068 in
1927 1048 1984 1077 eo,
2006 1038 2064 1081 qui
2086 1037 2139 1071 etsi
2162 1051 2262 1074 caecus
2284 1040 2420 1083 jamdiu

1422 1083 1548 1122 fuerat,
1572 1081 1690 1117 nullam
1724 1090 1831 1115 tamen
1865 1078 2000 1113 habebat
2031 1082 2224 1127 conspicuam
2254 1085 2335 1119 vitii
2365 1096 2421 1119 no-

1422 1136 1511 1166 ram,
1553 1136 1588 1159 ut
1611 1136 1710 1168 neque
1733 1126 1759 1156 is
1782 1125 1815 1155 in
1838 1134 1905 1164 quo
1927 1123 2140 1158 Cheseldenus
2172 1128 2220 1168 (q
2240 1130 2255 1168 >
2276 1127 2314 1161 de
2328 1127 2420 1172 cujus

1420 1171 1564 1203 caecitate
1588 1168 1664 1201 scire
1689 1166 1770 1200 nihil
1794 1166 1956 1208 contigit.
1980 1168 2073 1201 Num
2095 1170 2221 1203 caecitas
2233 1171 2299 1207 illis
2310 1173 2421 1205 omni-

1422 1215 1479 1249 bus
1503 1212 1687 1246 diuturnior
1709 1220 1803 1252 quam
1828 1208 1963 1255 nostris?
1987 1211 2035 1243 At
2063 1211 2205 1246 Vesalius
2230 1217 2240 1254 (
2265 1225 2281 1247 r
2306 1219 2320 1256 )
2353 1217 2421 1248 ani.

1423 1255 1594 1291 madvertit
1618 1254 1692 1290 satis
1715 1253 1762 1285 vel
1784 1254 1818 1285 in
1840 1263 1908 1294 ejus
1932 1252 2135 1288 adolescentis
2158 1258 2278 1297 nervo,
2302 1260 2422 1292 cuicm-

1424 1309 1454 1334 te
1478 1309 1591 1335 annum
1614 1298 1727 1332 oculus
1751 1308 1767 1329 a
1790 1294 1935 1329 carnifice
1960 1305 2067 1330 erutus
2091 1297 2213 1333 fuerat.
2237 1300 2332 1336 Num
2364 1301 2419 1335 de-

1420 1345 1515 1385 nique
1540 1342 1574 1375 id
1597 1341 1680 1376 forte
1702 1339 1745 1374 est
1768 1339 1889 1373 dexteri
1913 1338 2079 1373 dumtaxat
2102 1341 2190 1376 oculi
2225 1345 2383 1385 peculiare
2405 1368 2420 1388 ‚

1420 1385 1550 1430 quando
1573 1386 1621 1418 lzis
1642 1384 1773 1418 Vesalio
1792 1406 1805 1423 ‚
1828 1382 1920 1417 semel
1955 1382 2138 1425 Caesalpino
2159 1409 2172 1427 ,
2208 1387 2384 1422 Santorino
2410 1412 2424 1429 ‚

1419 1428 1615 1463 Cheseldeno
1638 1439 1654 1462 a
1676 1427 1795 1461 dextris
1819 1426 1939 1468 semper
1961 1425 2067 1461 videre
2099 1427 2135 1460 id
2165 1432 2307 1474 contigit
2328 1431 2345 1466 ,ἒ
2375 1433 2423 1466 At

1422 1481 1633 1517 praeterquam
1655 1471 1743 1515 quod
1766 1480 1830 1503 non
1852 1470 1978 1502 videtur
2001 1468 2083 1503 illud
2108 1471 2298 1516 verisimile,
2321 1485 2426 1511 nonne

1423 1521 1455 1550 ὃ(
1478 1517 1505 1549 is
1529 1515 1566 1548 de
1588 1527 1653 1558 quo
1676 1514 1744 1548 dixi
1766 1513 1876 1556 (s),
1898 1512 2053 1548 Etruscus
2076 1512 2209 1549 dextero
2244 1519 2342 1553 oculo
2373 1529 2428 1552 ca-

1421 1569 1496 1603 ptus
1519 1563 1609 1592 erat?
1633 1559 1723 1597 Quin
1748 1557 1846 1589 etiam
1867 1567 1906 1588 ex
1926 1567 1993 1598 quo
2018 1556 2157 1598 primum
2179 1560 2247 1594 haec
2258 1561 2295 1595 ad
2307 1561 2427 1597 tescri-

1420 1602 1484 1647 pfi,
1509 1614 1585 1636 cum
1608 1601 1677 1634 aliae
1701 1601 1729 1634 se
1751 1598 1833 1632 mihi
1858 1598 2036 1633 obtulerint
2060 1598 2218 1645 ejusmodi
2231 1604 2420 1649 inquisitio-

1419 1658 1496 1680 num
1520 1645 1779 1687 opportunitates
1795 1667 1803 1682 ,
1829 1643 1879 1688 bis
1897 1645 1958 1681 (t)
1979 1644 2097 1684 pariter
2107 1648 2251 1689 contigit
2264 1672 2277 1689 ,
2297 1658 2333 1682 ut
2347 1659 2422 1683 cum

1419 1690 1529 1723 dexter
1540 1688 1606 1731 jam
1619 1687 1675 1720 diu
1688 1698 1787 1720 caecus
1799 1685 1904 1718 fuisset
1919 1686 2030 1720 oculus
2044 1710 2056 1725 ,
2070 1688 2155 1720 inter
2175 1692 2338 1733 Opticum
2349 1691 2429 1726 dex-

1419 1742 1523 1765 terum
1538 1757 1548 1772 ‚
1568 1729 1786 1772 sinistrumque
1799 1740 1929 1762 nervum
1940 1728 2137 1770 discriminis
2153 1734 2331 1776 quidquam
2343 1735 2428 1768 ultra

1421 1775 1658 1818 conjunffionis
1670 1774 1777 1806 locum
1791 1770 2003 1805 internoscere
2014 1783 2077 1806 non
2090 1774 2218 1809 licuerit
2232 1802 2238 1809 .
2267 1777 2368 1816 Quod
2380 1788 2432 1812 ta-

1421 1831 1511 1859 men,
1523 1827 1635 1861 praeter
1645 1828 1697 1850 eos
1707 1828 1787 1859 quos
1798 1816 1978 1855 nominavi,
1990 1816 2061 1849 aliis
2075 1828 2201 1861 quoque
2215 1820 2311 1854 video
2322 1820 2431 1855 licuis.

1421 1868 1469 1896 se.
1495 1863 1610 1902 Nuper
1634 1858 1855 1898 enimincidi,
1877 1870 1951 1892 cum
1962 1859 2048 1893 aliud
2060 1872 2249 1904 quaererem,
2272 1865 2429 1899 inlocum

1418 1905 1576 1941 Heilandi
1589 1905 1653 1946 (u)
1666 1929 1673 1944 ‚
1685 1904 1741 1939 ubi
1753 1902 1790 1936 cle
1804 1901 1993 1936 infanticida
2008 1902 2076 1938 haec
2090 1904 2214 1949 scripsit
2231 1919 2238 1940 ε
2265 1918 2331 1941 erat
2347 1908 2429 1942 alter

1419 1948 1576 1983 oculorum
1588 1948 1715 1980 videndi
1723 1946 1863 1989 porentia
1877 1944 2004 1979 orbatus
2016 1970 2027 1986 ‚
2042 1957 2136 1981 nervo
2146 1949 2249 1990 optico
2261 1952 2303 1986 (φ
2316 1950 2428 1995 flacci.

1419 1993 1503 2026 diore
1518 2014 1527 2029 ,
1551 1991 1593 2023 &
1612 1989 1692 2032 justo
1705 1990 1822 2023 minwe-
1835 1987 1995 2030 existente,
2009 1988 2170 2030 observata
2181 1991 2238 2026 hac
2249 1992 2431 2037 differentia

1420 2037 1514 2069 etiam
1539 2033 1624 2068 ultra
1648 2032 1907 2066 combinationem
1930 2032 1961 2064 in
1985 2033 2068 2067 Sella
2094 2036 2227 2068 Turcz'ca
2244 2033 2426 2079 solennem,

1422 2079 1529 2120 Igitur
1552 2077 1629 2111 dum
1663 2074 1843 2107 feliciorem
1879 2077 1910 2107 δε
1934 2084 1991 2107 nos
2026 2077 2198 2119 aliquando
2231 2081 2432 2115 occasionem

1423 2121 1650 2164 expefflunus,
1673 2119 1791 2150 interea
1815 2118 1951 2151 aliorum
1972 2118 2248 2157 observationibus
2283 2127 2432 2158 contenti

1421 2164 1515 2199 fimus
1529 2188 1536 2195 .
1563 2162 1755 2196 Nostrarum
1779 2169 1884 2194 tamen
1907 2171 1964 2205 nos
1987 2163 2121 2196 omnino
2134 2174 2200 2199 non
2213 2170 2354 2209 poenitet
2368 2169 2435 2211 pri..

1422 2220 1510 2242 mum
1532 2207 1608 2249 quia
1631 2204 1831 2245 docuerunt,
1853 2214 1917 2237 non
1942 2206 2061 2247 semper
2075 2229 2087 2246 ,
2111 2208 2180 2240 imo
2193 2220 2248 2242 nec
2265 2210 2343 2254 saepe
2355 2210 2435 2244 adeo

1524 2294 1530 2299 ·
1646 2293 1651 2298 .
1790 2293 1795 2298 ¹
1919 2293 1924 2297 ι
2164 2252 2255 2294 quod
2290 2256 2436 2288 occurrit

1424 2294 1577 2328 Vesaho:
1603 2290 1715 2323 deinde
1738 2302 1816 2333 quia
1848 2301 1883 2339 os
1915 2299 2000 2335 intra
2047 2294 2178 2328 oculum
2223 2295 2438 2339 deprehendi-

1425 2349 1521 2377 mus,
1543 2345 1642 2380 quam
1665 2345 1733 2368 rem
1757 2344 1821 2367 non
1846 2343 1892 2365 ita
1915 2337 1995 2381 iaepe
2019 2347 2211 2379 occurrere,
2234 2341 2313 2376 alias
2346 2340 2437 2375 vide-

1427 2382 1534 2416 bimus
1553 2402 1565 2418 ‚
1588 2378 1645 2413 ubi
1670 2375 1708 2411 de
1733 2376 1838 2422 multo
1861 2385 2001 2415 rariore,
2028 2378 2061 2411 id
2085 2380 2127 2413 est
2150 2380 2188 2414 de
2202 2384 2323 2417 Retina
2335 2384 2439 2426 ossea,

1429 2437 1444 2457 a
1468 2424 1562 2459 nobis
1585 2420 1776 2462 conspecta,
1799 2420 1969 2454 scribemus
1994 2423 2008 2461 (
2030 2431 2052 2455 x
2073 2425 2107 2463 >3
2133 2423 2166 2456 id
2189 2434 2297 2460 autem
2323 2425 2361 2459 de
2372 2440 2439 2470 quo

1428 2466 1535 2514 modo·
1550 2463 1731 2499 dicebamus
1744 2486 1754 2502 ,
1778 2462 1966 2504 officulam,
1992 2467 2139 2506 quamvis
2161 2467 2208 2502 ita
2225 2479 2437 2512 excavatum,

1428 2514 1459 2545 ἅ.-
1472 2507 1703 2551 majusculum,
1727 2518 1764 2539 an
1775 2506 1894 2546 facies,
1918 2508 1948 2538 ὃ(
1963 2509 2073 2548 portio
2089 2511 2228 2545 anterior
2238 2510 2338 2549 fuerit
2355 2515 2436 2548 olim

1429 2552 1578 2587 humoris
1601 2549 1809 2595 crystallini,
1834 2550 1890 2592 qui
1913 2548 2049 2594 denique
2072 2564 2184 2595 magna
2209 2566 2247 2589 ex
2272 2565 2364 2600 parte
2398 2570 2436 2592 ex

1431 2596 1519 2632 fibris
1535 2618 1552 2642 ζ
1580 2593 1842 2628 membranulilve
1874 2591 1994 2626 constat
2029 2597 2084 2638 (y
2109 2600 2119 2637 )
2145 2620 2159 2639 ,
2189 2600 2221 2631 &
2259 2610 2437 2637 maceratus

1430 2640 1646 2686 amplificatur
1668 2640 1682 2676 (
1704 2648 1728 2680 z
1750 2639 1760 2676 )
1780 2663 1794 2684 ,ἡ
1814 2646 1851 2669 an
1875 2636 1985 2679 potius
2008 2637 2096 2673 illius
2120 2641 2302 2675 membrana
2325 2666 2334 2682 ‚
2368 2644 2440 2688 ipso

1431 2685 1644 2724 consumpto,
1667 2681 1843 2714 antrorsum
1854 2679 2039 2723 compulsa,
2062 2683 2324 2720 &erasnm-fasta
2348 2687 2439 2730 (a),

1431 2728 1465 2760 in
1512 2724 1619 2760 medio
1664 2724 1874 2766 relinquimus
1897 2734 1917 2769 t-
1952 2724 2112 2759 noviffime
2147 2728 2222 2770 quia
2258 2728 2299 2762 fic
2334 2733 2439 2766 varias

1432 2770 1509 2804 caeci
1534 2769 1621 2804 oculi
1646 2779 1661 2800 a
1684 2768 1780 2799 variis
1802 2764 2087 2808 dispositionibus,
2112 2769 2247 2807 caufisve
2281 2774 2436 2808 constitu-

1435 2815 1540 2848 tiones
1566 2810 1769 2855 aspeximus,
1791 2820 1868 2852 quas
1890 2820 1963 2842 cum
1989 2811 2060 2845 aliis
2083 2814 2229 2850 conferre
2254 2818 2375 2857 poteris
2399 2817 2439 2851 fi-

1433 2869 1469 2891 ve
1491 2867 1569 2899 quas
1593 2855 1667 2888 alias
1692 2862 1744 2886 aut
1767 2851 1988 2895 proposuimus
2012 2857 2025 2894 (
2048 2854 2066 2888 b
2088 2859 2125 2897 )‚
2148 2867 2203 2892 aut
2220 2871 2437 2901 proponemus

1435 2905 1445 2940 (
1470 2912 1485 2933 c
1509 2903 1544 2940 ),
1567 2898 1628 2933 five
1650 2907 1727 2940 quas
1752 2897 1854 2946 alibi,
1877 2898 1909 2929 &
1933 2896 2131 2939 potiffimum
2153 2901 2187 2933 in
2221 2903 2437 2945 Sepulchreto

1435 2945 1538 2985 leges,
1561 2951 1597 2975 ut
1622 2950 1697 2984 puta
1721 2951 1793 2989 cum
1816 2950 1850 2972 in
1874 2949 1972 2981 puero
1995 2943 2008 2980 (
2030 2942 2083 2984 d)
2110 2955 2214 2979 omnes
2237 2945 2380 2981 humores
2405 2949 2438 2983 in

1429 2987 1587 3032 sebaceam
1611 2993 1778 3019 matercam
1801 2981 1933 3023 converfi
1957 2989 2072 3025 reperti
2097 2986 2192 3027 sunt,
2219 2999 2274 3024 aut
2299 3001 2377 3024 cum
2400 2993 2435 3026 in

1436 3029 1541 3063 bestiis
1565 3031 1578 3067 (
1603 3039 1617 3062 e
1638 3031 1652 3068 )
1674 3026 1758 3073 mado
1781 3024 1862 3059 nulli
1884 3023 2025 3060 humores
2050 3054 2058 3068 ,
2083 3030 2142 3074 sed
2176 3042 2265 3065 carne
2302 3035 2436 3074 quadam

1435 3072 1546 3115 callosa
1569 3070 1774 3110 interstitzum
1799 3069 1880 3116 infer
1903 3079 2042 3115 corneam
2066 3074 2106 3106 (9-
2130 3073 2345 3115 crystallinum
2380 3087 2437 3121 op-

1431 3116 1572 3158 pletum,
1595 3115 1682 3149 modo
1704 3111 1898 3161 crystallznus
1915 3117 2010 3153 plane
2033 3126 2103 3150 cum
2125 3126 2232 3151 cornea
2255 3129 2438 3161 connexus,

1435 3159 1522 3195 modo
1545 3157 1726 3202 albuginem
1749 3156 1910 3188 znduratus
1932 3160 2080 3197 apparuit
2100 3182 2113 3199 ,
2147 3159 2324 3202 praesertim
2360 3174 2435 3197 vero

1436 3203 1492 3250 ubi
1496 3202 1638 3279 ἐπίσειε
1662 3199 1735 3235 esset
1758 3209 1830 3232 cum
1854 3199 1970 3243 Optici
1994 3203 2083 3236 nervi
2105 3205 2331 3240 extenuatione
2354 3217 2435 3242 con-

1438 3257 1493 3290 Jun
1530 3257 1564 3279 θ’
1653 3284 1660 3291 .
1801 3285 1807 3291 .

1497 3299 1544 3323 11-
1595 3288 1695 3335 Cujus
1747 3285 1855 3318 ultimi
1899 3290 2020 3333 generis
2072 3289 2137 3323 illae
2187 3289 2437 3331 Observationes

1438 3333 1508 3367 sunt
1531 3355 1543 3372 ‚
1587 3331 1704 3373 quibus
1748 3327 1815 3362 haec
1859 3330 1986 3375 praehxa
2031 3330 2101 3365 sunt
2147 3343 2329 3374 argumenta
2352 3334 2437 3381 (f)

1440 3376 1570 3410 coecitas
1624 3372 1661 3406 ab
1717 3378 1934 3407 extenuatmne
1986 3384 2149 3409 nervorum
2207 3379 2380 3419 opticorum
2423 3404 2438 3421 ‚

1221 3421 1388 3455 Gracilior
1441 3423 1455 3461 (
1473 3421 1529 3461 g)
1574 3414 1764 3460 Amaurofis
1807 3426 1825 3448 a
1864 3414 2055 3460 subfidentia
2096 3420 2344 3455 vent-siculorum
2389 3433 2437 3456 ce.

2289 3462 2394 3505 rebri,

447 3571 462 3599 (
477 3570 487 3593 l
533 3569 592 3603 Viti..
604 3569 676 3598 Epist.
695 3572 768 3595 Anat.
785 3571 822 3594 18.
841 3577 864 3593 n.
881 3576 922 3598 40.
983 3570 998 3598 (
1013 3577 1036 3592 m
1053 3570 1066 3598 )
1082 3569 1156 3599 Epist,
1173 3578 1207 3595 ις.
1226 3577 1251 3593 n.
1267 3569 1289 3593 8.
1353 3570 1366 3597 (
1382 3577 1399 3596 n
1413 3568 1428 3597 )
1444 3569 1493 3598 Qu.
1510 3566 1550 3591 cit.
1571 3565 1638 3594 supra
1653 3566 1681 3591 ad
1699 3572 1723 3589 n.
1739 3573 1764 3594 7.
1827 3564 1836 3592 s
1853 3573 1866 3588 o
1882 3566 1893 3596 )
1911 3566 1971 3592 Sect.
1991 3564 2035 3590 bac
2052 3564 2110 3589 Obs.
2129 3572 2167 3594 17.

449 3602 456 3624 (
473 3607 490 3632 p
536 3605 614 3633 effert.
631 3599 698 3633 supra
713 3601 744 3625 ad
761 3608 786 3624 n.
802 3609 826 3628 7·
885 3601 893 3627 (
917 3608 932 3629 q
948 3599 963 3628 )
978 3602 1025 3624 loc.
1044 3601 1087 3624 cit.
1105 3601 1172 3631 supra
1187 3600 1218 3624 ad
1233 3607 1256 3625 n.
1274 3603 1299 3622 6.
1360 3601 1374 3628 <
1419 3606 1426 3629 J
1443 3606 1463 3622 c.
1480 3598 1521 3622 cit.
1538 3596 1603 3627 supra
1618 3596 1648 3620 ad
1665 3605 1688 3620 n,
1706 3604 1730 3624 7.
1794 3594 1855 3624 (s)
1876 3604 1900 3620 n.
1917 3597 1941 3619 8.

447 3630 463 3659 (
479 3637 490 3653 r
535 3630 586 3663 Vid-
606 3631 675 3664 Epist.
697 3638 731 3659 5²·
750 3638 773 3654 n.
792 3639 828 3659 30-
847 3630 870 3655 ἃ
886 3630 960 3659 Epist.
978 3634 1014 3659 63.
1031 3638 1056 3654 n.
1072 3635 1096 3655 6.
1160 3631 1174 3660 (
1188 3639 1204 3654 u
1221 3629 1230 3660 )
1246 3629 1305 3659 Eph.
1325 3631 1358 3653 N.
1376 3631 1406 3654 C.
1423 3632 1480 3655 Dec.
1499 3636 1520 3657 3.
1537 3631 1567 3650 A.
1584 3635 1606 3654 7.
1623 3626 1680 3651 ΟΜ,
1701 3633 1751 3655 157·
1814 3630 1818 3652 (
1840 3634 1854 3650 x
1870 3626 1878 3655 )
1896 3626 1968 3654 Epist.
1987 3633 2024 3656 52.
2043 3633 2067 3649 n.
2086 3632 2124 3655 30-
2143 3632 2181 3654 3¹·

447 3659 487 3721 ἓν
507 3669 514 3687 )
532 3661 579 3694 V¹d
607 3660 678 3688 Epist.
697 3663 769 3686 Anat.
788 3669 824 3691 ¹7·
843 3669 867 3685 n.
885 3669 923 3690 30-
943 3660 966 3684 ἃ
982 3660 1044 3689 seqq.
1107 3661 1113 3690 (
1132 3670 1151 3691 z
1167 3662 1180 3689 )
1197 3660 1257 3686 lbid.
1277 3668 1301 3684 n.
1319 3667 1355 3688 32-
1418 3661 1431 3689 (
1448 3668 1461 3683 a
1481 3659 1488 3689 )
1506 3657 1560 3682 Vid.
1578 3657 1642 3690 Epiri
1674 3659 1742 3681 Anat.
1765 3658 1798 3680 18.
1818 3665 1839 3680 n.
1861 3664 1898 3685 19.
1915 3656 1938 3681 δι
1954 3656 2001 3685 seq.
2018 3659 2039 3680 a:
2056 3663 2080 3679 n.
2098 3658 2136 3687 38.
2175 3656 2177 3659 '

451 3722 458 3754 ί
475 3690 490 3750 ἕ
505 3690 519 3751 3
535 3689 597 3743 gfff!
613 3692 858 3750 31.28.(²}.N3{.)b†0.
876 3692 922 3715 διε.
983 3691 998 3721 (
1015 3698 1027 3715 c
1046 3695 1057 3719 >
1073 3692 1147 3721 Epist.
1166 3698 1204 3722 5².
1223 3699 1248 3715 n.
1269 3698 1307 3719 30.
1324 3692 1344 3716 ὅ(
1363 3690 1434 3720 Epist.
1451 3693 1487 3719 63-
1507 3697 1529 3714 n.
1546 3697 1568 3713 2.
1587 3689 1608 3714 &
1627 3690 1687 3716 seqq*
1750 3688 1764 3719 ζ
1781 3687 1796 3710 d
1812 3686 1824 3715 )
1841 3688 1901 3712 Seth
1919 3686 1961 3711 hac
1980 3688 2015 3713 18.
2032 3685 2091 3710 Obs.
2110 3693 2146 3715 ²5·
2207 3686 2221 3715 (
2236 3694 2248 3710 e
2263 3687 2276 3715 )
2292 3686 2352 3712 Obs.
2371 3696 2404 3718 19.

590 3739 594 3743 .
628 3737 633 3743 .
758 3728 766 3757 'l
834 3738 838 3744 .
857 3731 876 3751 5,
2360 3730 2363 3733 <
