2498 4075
344 167 402 217 16

275 238 308 271 in
332 240 461 275 cerebro
476 265 485 280 ,
507 239 676 286 quomodo
698 250 737 274 ex
758 240 917 275 cadaveris
939 240 1136 282 inspeetione
1171 242 1294 284 conjici

273 283 391 324 polilt,
415 296 479 318 non
504 287 594 328 plane
619 283 829 326 assequimur,
854 284 909 317 etfi
930 296 968 318 ex
991 286 1031 316 iis
1054 296 1124 327 quae
1157 284 1195 318 ele
1226 287 1295 318 cito

271 327 450 371 intercepta
474 328 622 361 cerebelli
646 329 730 360 vitio
756 328 985 370 respiratione,
1008 326 1207 371 profusisque
1231 328 1295 361 alvi

274 374 478 404 recrementis
502 371 594 414 supra
618 372 809 414 attigimus,
832 384 871 404 ex
905 369 1036 413 aliisque
1071 369 1228 414 ejusmodi
1263 371 1299 405 id

271 417 373 454 quaeri
399 414 481 456 posse
498 439 511 456 ‚
534 414 747 459 suspicemur.
773 415 932 449 Harderus
956 413 1025 447 sane
1047 427 1085 448 ex
1117 413 1199 447 facie
1218 438 1231 454 ,
1264 417 1296 448 &

271 458 367 492 labiis
392 457 636 500 livescentibus,
654 458 796 502 striffque
813 456 993 500 sanguineis
1017 455 1184 497 secundum
1217 457 1295 498 dorsi

272 502 423 544 spinam,
446 501 593 546 hujusque
617 503 717 537 latera
739 498 953 543 multifariam
977 500 1136 544 dispeifis,
1159 499 1293 534 suffoca-

902 163 1152 218 ·‘Liber‘L
1189 162 1274 218 De
1310 162 1515 217 Morbis
1547 162 1757 231 Capitis

1343 242 1469 274 tionem
1493 239 1659 278 acceffiffe,
1684 241 1818 284 collegit
1841 240 1874 274 in
1899 240 2101 283 apopleffico
2124 249 2252 282 repente
2275 252 2365 275 rnor-

1338 294 1422 323 ‘tuo‚
1445 286 1479 316 in
1502 296 1567 327 quo
1591 286 1624 316 &
1641 283 1770 325 sanguis
1788 284 1952 327 grumosus
1974 285 2055 318 circa
2078 283 2258 319 cerebellum
2293 287 2367 328 qui-

1347 327 1420 361 dem
1442 327 1557 360 haerens
1580 336 1764 369 compertus
1787 327 1850 361 est:
1875 338 1969 369 quam
1991 326 2246 361 observationem
2269 327 2365 362 habes

1350 372 1448 404 etiam
1470 371 1504 403 iu
1529 369 1739 411 Sepulchreto
1763 373 1840 411 (c).
1867 370 1925 404 Sed
1949 380 1985 405 tu
2009 382 2067 413 pro
2096 378 2149 403 tua
2181 371 2264 405 mihi
2299 371 2366 414 spe-

1351 415 1435 447 t‘tata
1459 412 1776 455 sagacitate‚minus
1800 414 1946 456 ambigua
1958 417 2140 457 perquires:
2165 425 2248 448 meas
2260 424 2367 448 autem

1346 457 1521 499 apoplexiae
1544 456 1721 499 sanguineae
1747 458 1996 491 Observationes
2019 459 2052 491 in
2066 458 2215 500 proxima
2238 457 2368 498 Episto-

1344 501 1372 532 13
1382 524 1395 541 ,
1405 499 1531 543 quaudo
1545 498 1612 533 haec
1621 499 1687 542 jam
1701 498 1776 533 satis
1788 502 1882 545 longa
1890 500 1932 535 est
1947 524 1960 542 ,
1972 501 2169 546 expeetabis,
2182 505 2214 534 &
2225 501 2342 536 valebis
2356 525 2366 534 .

406 664 920 732 EPISTOLA
959 663 2066 760 ANATOMICO-MEDICA
2106 670 2227 731 ΙΙΙ.

666 784 968 836 Absolvitur
1002 781 1173 837 sermo
1208 788 1273 861 de
1305 783 1611 853 Sanguinea·
1637 786 1941 851 Apoplexia
1960 829 1972 840 .

265 905 269 908 ’
402 902 565 943 Poplexiae
589 911 657 943 quae
681 910 697 930 a
722 898 871 940 sanguine
893 896 958 937 est,
983 897 1254 939 Observationes,
1277 913 1295 935 a

269 904 388 1012 A
422 945 567 978 Valsalva
592 942 717 977 habitas
739 965 751 982 ,
775 941 935 983 superiore
968 941 1111 980 Epistola
1145 945 1294 986 exposui-

420 999 510 1022 musr
536 987 593 1020 hac
617 985 754 1022 nostras,
779 994 814 1019 ut
826 984 931 1017 sumus
958 983 1018 1016 tibi
1031 986 1196 1028 polliciti,
1218 987 1289 1021 sub-

269 1034 416 1078 jiciemus
430 1057 437 1065 .
988 1072 994 1078 ⁸

312 1090 339 1111 2.
364 1076 553 1111 MULIER
577 1075 699 1108 Veneta
724 1082 823 1105 annos
845 1079 918 1104 nata
941 1074 1173 1115 quinquaginta
1196 1074 1290 1116 quin-

265 1134 347 1165 que,
375 1118 494 1153 florido
518 1117 612 1151 faciei
635 1117 742 1149 colore
761 1139 772 1156 ,
790 1114 902 1148 statura
936 1116 1043 1157 potius
1075 1115 1189 1158 majori
1213 1142 1222 1154 ‚
1258 1119 1290 1149 &

266 1165 405 1207 pleniori
430 1163 538 1204 potius
561 1161 709 1202 corporis
732 1157 846 1192 habitu
872 1157 1027 1201 praedita,
1057 1160 1138 1192 olim
1173 1169 1285 1201 prsete-

266 1220 315 1240 rea
338 1220 355 1241 a
380 1215 471 1248 partu
495 1204 656 1247 quodam;
681 1213 755 1236 narn
779 1202 919 1244 plurium
943 1213 1007 1236 erat
1022 1202 1192 1236 liberorum
1217 1212 1286 1235 ma-

267 1261 343 1291 ter;
365 1250 527 1283 ventriosa
551 1246 635 1280 facia
661 1245 760 1286 adeo,
783 1254 819 1279 ut
857 1244 1011 1278 abdomen
1049 1245 1185 1278 obstaret
1220 1257 1286 1288 quo

264 1296 370 1327 minus
391 1293 540 1335 pleraque
554 1289 722 1323 domestica
745 1289 852 1321 munia
870 1298 1017 1331 prompte
1031 1297 1122 1331 atque
1137 1289 1285 1331 expedite

263 1338 391 1377 obiret,
422 1334 569 1375 gravibus
592 1334 668 1365 Coli
694 1332 835 1365 intestini
846 1331 1012 1365 doloribus
1034 1341 1099 1365 erat
1121 1333 1282 1366 obnoxia.

269 1375 536 1417 Quorum-causa
561 1388 632 1409 cum
656 1375 763 1409 diluto
786 1376 864 1407 vino
887 1376 936 1408 uti
960 1376 988 1408 se
1010 1374 1094 1417 posse
1119 1384 1245 1418 negaret
1269 1388 1280 1414 3

263 1425 418 1457 meracius
440 1446 453 1463 ,
488 1432 544 1453 1166
570 1431 685 1462 parce,
719 1417 867 1451 bibebat.
896 1418 1068 1460 Torpida,
1092 1422 1122 1452 &
1157 1418 1195 1452 ad
1231 1418 1280 1451 so-

263 1479 376 1502 mnum
407 1463 561 1509 propensa
587 1461 647 1503 jam
671 1473 737 1494 erat
758 1485 771 1501 ,
805 1473 877 1495 611111
901 1461 982 1495 illud
1005 1474 1130 1506 quoque
1153 1461 1213 1495 five
1238 1462 1280 1495 ob

262 1509 345 1544 hanc
369 1509 494 1543 causam
514 1532 525 1548 ,
545 1505 607 1540 five
631 1505 717 1550 quod
739 1514 835 1547 caput
858 1504 1002 1545 doleret,
1025 1505 1195 1538 novissimis
1228 1517 1278 1538 ac-

261 1554 345 1588 661111
369 1553 479 1587 diebus
495 1576 507 1591 2
529 1560 565 1584 ut
589 1549 734 1591 strepitus
758 1547 884 1581 moleste
908 1549 1016 1581 audire
1042 1548 1070 1581 se
1091 1573 1103 1589 ‚
1137 1549 1278 1582 ostende-

260 1608 328 1631 ret.
354 1597 504 1638 Denique
527 1595 610 1626 circa
633 1593 736 1625 noffls
759 1590 873 1625 horam
895 1593 1025 1625 tertiam
1046 1604 1120 1626 cum
1142 1594 1222 1625 male
1248 1593 1276 1624 se

259 1640 389 1677 habere.
421 1639 559 1673 diceret,
585 1648 619 1669 ac
643 1636 839 1669 nominatim
862 1635 899 1667 de
921 1634 1032 1668 dolore
1043 1637 1219 1679 temporis,
1244 1639 1277 1668 δε

259 1685 346 1718 oculi
371 1683 494 1716 dexteri
519 1679 964 1724 quereretur,-auxiliumque
985 1679 1148 1721 posceret,
1171 1678 1276 1713 sedens

261 1727 429 1771 apoplexia
460 1733 604 1766 correpta
637 1721 680 1755 est
712 1722 752 1754 sic
775 1731 812 1754 ut
844 1721 1026 1768 concideret
1060 1724 1093 1755 in
1124 1722 1282 1756 sinistrum

260 1772 367 1812 latus,
395 1780 504 1803 manus
528 1776 634 1801 autem
658 1765 793 1799 dexterae
816 1776 880 1798 non
903 1765 960 1797 11111
985 1764 1053 1806 post
1076 1765 1188 1799 horam
1212 1777 1282 1798 mo-

262 1825 332 1849 tum
357 1815 519 1847 amitteret
544 1835 550 1842 .
584 1811 711 1843 Vinum
734 1810 854 1841 interea
881 1833 889 1846 ‚
921 1808 1009 1850 quod
1032 1818 1136 1842 tamen
1171 1822 1208 1842 eo
1232 1808 1282 1841 die

259 1857 346 1893 haud
372 1857 510 1900 amplius
532 1862 693 1897 potaverat
717 1863 812 1895 quam
835 1851 973 1891 soleret,
996 1854 1123 1895 vomuit
1137 1876 1149 1892 2
1170 1853 1283 1886 debili-

263 1902 321 1935 bus
345 1896 631 1944 utique‚&ferme
654 1894 1082 1938 impotentibusconatibus.
1103 1896 1188 1928 *Non
1213 1896 1283 1937 plus

264 1945 379 1979 auxilii
392 1951 569 1987 ,quantuni
582 1940 762 1982 intelligere
786 1939 901 1985 potui,
917 1938 1047 1972 allatum
1058 1939 1224 1981 est‚quam
1249 1948 1287 1971 ut

261 1993 294 2022 111
319 1989 404 2022 166(ὶο
430 1994 621 2030 poneretur:
648 1985 680 2015 in
705 1995 770 2025 quo
793 1981 1030 2027 politasterte-re
1049 1984 1171 2025 coepit,
1193 1993 1285 2015 cum-

260 2043 319 2076 que
345 2032 384 2065 ad
406 2030 526 2064 sextam
549 2029 660 2062 horam
673 2027 777 2059 noffis
798 2034 880 2058 certe
902 2025 1027 2058 vixisset
1050 2050 1062 2066 ,
1085 2036 1176 2058 mane
1199 2037 1282 2057 mor-

265 2086 320 2110 tua
346 2101 354 2115 ‚
387 2076 420 2108 &
443 2071 564 2116 frigida
588 2072 716 2103 inventa
740 2068 782 2102 est
807 2090 817 2106 ‚
851 2077 886 2100 ut
910 2066 1104 2110 conjicerent
1127 2091 1139 2108 ,
1172 2067 1284 2101 obiisse

261 2121 346 2154 circa
379 2117 491 2152 horam
522 2125 673 2153 nonam,·
705 2121 769 2145 erat
793 2121 898 2144 autem
933 2109 1054 2154 frigida
1085 2111 1250 2153 tempestas
1272 2134 1284 2151 ‚

266 2165 387 2206 quippe
412 2172 481 2194 ante
501 2158 643 2192 medium
664 2155 870 2189 Februarium
892 2155 934 2187 A.
955 2156 1046 2197 1708.
1134 2155 1285 2188 CADA-

264 2208 361 2240 VER
392 2205 482 2239 secui
526 2214 599 2235 cum
641 2200 749 2232 Praecl.
785 2198 981 2231 Anatomico
1009 2200 1066 2243 Jor
1104 2200 1284 2231 Dominico

269 2250 473 2287 santorum,
506 2246 612 2279 doffis
636 2243 706 2275 aliis
742 2242 871 2275 Amicis
904 2241 1129 2284 praesentibus.
1218 2241 1287 2275 Ab„

263 2294 380 2327 domen
404 2289 594 2332 turgidum,
630 2289 661 2319 &
684 2285 877 2326 pinguedine
901 2286 1011 2325 potius
1035 2284 1196 2318 abundans
1215 2308 1224 2323 ,
1249 2295 1286 2318 ut

270 2345 437 2371 omentum
458 2343 604 2377 quoque.
630 2329 737 2360 Colon
759 2327 992 2370 propemodum
1015 2326 1194 2361 universum
1210 2340 1288 2370 qua-

263 2380 287 2414 si
311 2377 472 2412 consimile
495 2375 623 2410 canini3
645 2370 722 2404 adeo
741 2382 874 2412 paucas,
907 2370 1051 2413 rarasque
1079 2371 1207 2403 cellulas
1230 2371 1287 2403 ha-

270 2423 364 2455 ‘nebat
388 2421 393 2454 l
426 2422 505 2463 quin
530 2416 568 2450 ad
591 2425 722 2456 magnos
746 2414 865 2446 traetus
898 2413 1002 2446 multo
1038 2424 1135 2455 quam
1159 2425 1287 2454 aequum

266 2466 329 2505 fit,
353 2463 512 2507 angustius
533 2459 736 2493 cernebatur.
758 2458 939 2498 Antequam
963 2465 1068 2490 autern
1091 2458 1124 2488 in
1149 2457 1285 2490 Roeffum

268 2510 392 2548 abiret,
415 2503 625 2548 amplioribus
644 2526 656 2541 ‚
687 2511 784 2543 quam
809 2498 885 2531 solet
904 2522 913 2536 ,
938 2500 1026 2541 gyris
1049 2523 1057 2537 ‚
1094 2499 1285 2534 umbilicum

268 2552 370 2586 versus
402 2551 431 2584 se
453 2546 682 2589 contorquebat
707 2568 713 2574 .
751 2544 861 2576 Foetor
892 2552 957 2575 crat
992 2542 1124 2583 quidam
1145 2566 1157 2582 ,
1192 2553 1227 2577 ut
1250 2545 1284 2575 111

268 2596 442 2632 aanoraenis
466 2590 694 2633 incipientibus
717 2585 939 2619 intestinorum
962 2596 967 2616 2
1003 2588 1035 2618 &
1068 2587 1194 2619 Tenuia
1216 2589 1289 2629 qui-

268 2625 348 2674 deni.)
383 2638 489 2670 colore
522 2643 608 2667 erant
640 2631 693 2665 hic
739 2630 807 2661 illic
856 2630 1029 2672 sanguineo
1070 2627 1249 2663 saturatiori
1276 2644 1287 2663 .-

270 2687 300 2717 ὃε
326 2693 398 2715 cum
431 2677 593 2719 tempestas
628 2674 700 2709 esset
726 2684 822 2715 quam
856 2672 925 2706 dixi
946 2696 959 2712 2
989 2672 1158 2706 secaremus
1182 2684 1285 2706 autem

270 2725 428 2759 fsjoesima
454 2721 522 2765 post
544 2730 681 2754 mortem
714 2715 813 2753 hora3
847 2717 933 2748 calor
967 2718 1138 2749 etiamtum
1169 2718 1284 2758 aliquis

270 2756 417 2804 sufferstes
441 2776 506 2799 erat
528 2767 563 2797 in
587 2772 710 2796 ventre.
737 2761 835 2792 Porro
859 2763 890 2793 &
914 2760 976 2792 lien
1008 2759 1195 2801 quibusdam
1220 2759 1284 2793 fuit

271 2797 369 2846 veluti
393 2810 572 2852 sanguineis
603 2805 740 2849 guttulis
765 2802 926 2845 superficie
959 2811 1048 2835 tenus
1082 2803 1248 2837 distinetus
1270 2827 1283 2843 ,

270 2866 382 2890 caetera
406 2852 512 2886 sanus:
539 2853 572 2884 in
596 2851 719 2891 hepatis
741 2856 847 2880 autem
880 2845 1010 2879 vesicula
1030 2869 1042 2885 ‚
1073 2847 1285 2879 contractiore

271 2909 365 2941 quam
389 2908 443 2940 par
466 2894 563 2934 esset,
583 2893 660 2925 bilis
685 2890 771 2933 quali
803 2899 933 2922 cruenta
957 2915 962 2920 .
999 2890 1057 2922 Sed
1091 2887 1189 2934 hepar
1222 2901 1287 2922 non

274 2944 359 2978 secus
383 2952 417 2973 ac
440 2938 462 2972 fi
485 2938 565 2970 olim
588 2948 626 2969 ex
648 2934 901 2979 inflammatione
924 2931 1109 2974 laborasset,
1143 2933 1286 2977 pluribus

272 2998 366 3029 quam
389 2982 572 3021 consuevit,
605 2979 737 3012 nexibus
755 3000 764 3015 ‚
801 2977 900 3018 iisque
933 2976 1134 3011 abnormibus
1156 2999 1164 3013 ‚
1199 2976 1287 3019 septo

275 3026 465 3062 Transverso
492 3023 735 3060 anneetebatur,
759 3019 893 3052 lividum
919 3018 972 3051 hic
997 3020 1064 3052 illic
1088 3033 1121 3053 ea
1138 3022 1170 3053 in
1184 3018 1287 3059 facie,

274 3075 307 3104 in
332 3072 427 3104 altera
452 3078 555 3101 autem
578 3066 642 3100 sere
665 3065 802 3106 ubique,
826 3064 924 3095 livore
949 3073 1053 3095 tamen
1076 3075 1188 3106 parum
1213 3076 1287 3106 pro-

273 3113 396 3152 sundo5
419 3120 531 3145 ecetera
555 3110 717 3143 albidum.
744 3107 887 3149 Spleni'ca
912 3108 1023 3139 arteria
1047 3108 1086 3141 ad
1119 3108 1200 3140 latus
1232 3106 1287 3140 ha-

272 3159 368 3191 bebat
386 3154 468 3199 quali
481 3154 705 3189 diverticulum
718 3149 1014 3194 hemilpliaericum
1041 3150 1136 3194 idque
1156 3150 1285 3188 osseum,

278 3204 307 3234 ὃς
344 3209 514 3237 (01161610,
548 3207 584 3230 ut
608 3196 794 3231 videbatur,
830 3195 977 3234 languine
1000 3196 1127 3235 p1em1m
1149 3219 1156 3226 ‚
1247 3198 1286 3228 In

274 3243 452 3286 pericardio
475 3241 656 3274 subcruenta
681 3250 757 3281 aqua
779 3246 843 3269 erat
868 3236 1019 3269 mediocri
1044 3240 1137 3281 copia
1152 3238 1204 3270 :in
1216 3249 1286 3271 cor-

274 3287 333 3327 de,
357 3291 388 3320 &
413 3284 488 3318 vafis
512 3286 633 3326 magnis
655 3283 748 3317 nullae
774 3281 990 3313 concretiones
1013 3281 1195 3324 polyposae,
1219 3281 1288 3314 san-

278 3333 348 3364 etus
373 3339 519 3368 tantum,
542 3328 627 3369 isque
650 3337 713 3358 non
740 3336 831 3366 aequo
863 3324 994 3356 mollior
1015 3348 1023 3362 ,
1058 3335 1110 3358 aut
1144 3325 1253 3357 durior
1279 3348 1286 3356 .

274 3368 407 3407 Asteriae
430 3373 543 3404 Aortae
566 3369 696 3402 valvulae
720 3368 759 3401 ad
782 3370 883 3400 imum
917 3367 1072 3402 ambitum
1104 3368 1255 3410 przedurae
1277 3390 1287 3405 ‚

276 3419 308 3448 ὅ(
332 3415 530 3448 olsificationi
557 3414 732 3455 proximae.
768 3412 935 3443 Pulmones
967 3410 1004 3443 ad
1035 3412 1156 3445 tac‘lum
1187 3410 1252 3444 sani
1275 3434 1288 3451 ,

280 3459 377 3500 paulo
399 3468 504 3490 tamen
529 3455 646 3490 alicubi
661 3454 918 3488 rubicundiores.
988 3453 1170 3497 Priusquam
1180 3457 1288 3497 Caput

281 3500 514 3541 incideremus,
533 3500 672 3543 amplam
684 3499 768 3532 circa
777 3509 811 3530 os
835 3498 991 3532 maculam
1007 3498 1289 3533 animadvertimus

334 3739 379 3769 (ε)
396 3734 442 3763 Vid
467 3738 490 3764 in
508 3737 589 3762 Addit.
605 3738 632 3761 ad
651 3740 770 3767 Sepulchr.
788 3741 806 3763 l.
826 3745 844 3763 1.
862 3742 885 3764 S.
901 3747 923 3762 2.
941 3740 998 3765 01)ίῖ
1018 3750 1039 3770 5.
1057 3748 1111 3766 cum
1127 3741 1209 3767 Schol.

343 3770 394 3800 (b)
411 3770 471 3795 Vide
486 3771 518 3795 du
535 3769 622 3793 Hamel
638 3770 670 3792 R.
689 3771 726 3794 Se.
744 3769 820 3794 Acad.
838 3770 896 3795 Hist.
914 3773 930 3794 l.
948 3779 968 3800 3.
988 3771 1009 3795 S.
1031 3780 1050 3801 ς.
1069 3779 1090 3795 c.
1109 3780 1129 3796 2.
1146 3780 1172 3796 n.
1190 3780 1213 3797 ι.

1345 901 1525 944 ejusmodi,
1550 908 1585 932 ut
1609 898 1851 943 dubitaremus,
1875 913 1911 936 an
1937 903 1975 936 ab
1998 902 2117 945 rejeffm
2146 902 2223 934 vino
2256 900 2329 935 esset
2351 926 2366 943 ,

1345 956 1383 977 an
1416 953 1531 987 praeter
1565 942 1628 976 hoc
1663 941 1787 985 sanguis
1822 957 1948 988 quoque
1982 945 2122 980 exiisset.
2157 947 2207 979 Os
2229 944 2366 987 ipsum;

1343 987 1377 1021 id
1399 988 1486 1030 quod
1510 987 1624 1029 primis
1644 995 1727 1019 certe
1752 990 1927 1030 apoplexiae
1950 990 2039 1024 horis
2062 1000 2126 1022 non
2159 987 2264 1021 suerat
2296 989 2368 1021 ani-

1341 1029 1557 1067 madversunr,
1567 1040 1631 1063 erat
1643 1030 1676 1062 in
1686 1029 1848 1065 dexteram
1861 1042 1980 1075 partem
1992 1033 2160 1066 distortum
2174 1044 2184 1069 3
2196 1042 2293 1074 neque
2305 1031 2337 1065 id
2348 1043 2367 1064 a

1341 1072 1566 1112 convulsione3
1602 1085 1675 1106 nam
1695 1084 1905 1118 praeterquam
1934 1077 2020 1120 quod
2042 1086 2127 1109 artus
2148 1099 2160 1115 ,
2192 1078 2224 1107 &
2243 1075 2366 1109 collum

1341 1117 1461 1151 flexilia
1483 1126 1570 1149 erant
1594 1117 1751 1153 maxime3
1775 1130 1811 1151 os
1835 1130 1929 1152 manu
1952 1123 1984 1153 in
2007 1119 2093 1153 suam
2116 1118 2217 1153 sedem
2240 1116 2365 1156 reduxi,

1340 1159 1482 1202 partibus
1506 1158 1600 1192 facile
1620 1181 1629 1196 ,
1662 1163 1694 1192 &
1718 1158 1780 1192 sine
1803 1163 1868 1195 ulla
1901 1165 1933 1195 vi
1970 1162 2171 1205 sequentibus
2194 1184 2204 1200 ‚
2241 1164 2273 1194 ἅτ
2296 1173 2365 1204 quo

1337 1203 1541 1255 reduperam,
1566 1204 1822 1246 permanentibus
1842 1218 1852 1243 3
1884 1214 1920 1238 ut
1944 1205 2038 1238 faciei
2060 1217 2187 1249 quoque
2211 1203 2365 1238 resolutio

1338 1259 1353 1280 a
1376 1245 1505 1280 sinistris
1530 1247 1690 1279 videretur
1714 1246 1877 1281 acceffiffe-
1901 1249 2145 1290 Cranio,quod
2168 1261 2259 1292 aequo
2281 1248 2366 1281 cras-

1335 1290 1395 1324 sius
1429 1289 1661 1333 judicavimus,
1684 1288 1812 1323 exsecto
1828 1316 1835 1328 ,
1857 1291 1972 1335 statim⁷
1990 1291 2181 1325 translucere
2203 1303 2256 1334 per
2268 1291 2365 1324 Cras-

1335 1332 1448 1366 siorem
1474 1332 1804 1376 meningemvidimus
1829 1333 2105 1375 sanguinem‚sub
2126 1334 2184 1367 hac
2207 1333 2366 1368 effusum..

1336 1379 1369 1410 Is
1391 1399 1400 1414 ‚
1432 1386 1467 1410 ut
1492 1377 1624 1411 secando
1646 1388 1723 1411 mox
1752 1377 1964 1420 perspeximus
1982 1402 1994 1418 ,
2026 1378 2210 1412 universum
2241 1377 2363 1411 cerebri

1335 1419 1595 1462 hemisphaerium
1617 1419 1784 1455 dexterum
1806 1421 1995 1463 contegebat
2015 1433 2025 1459 5
2061 1432 2133 1454 nam
2165 1425 2197 1455 &
2221 1420 2277 1456 sub
2299 1420 2364 1455 hu-

1331 1464 1382 1506 jus
1414 1463 1478 1499 basi
1512 1475 1608 1503 erat3
1643 1464 1761 1508 ubique
1783 1475 1951 1498 concretus
1982 1465 2016 1497 in
2048 1474 2233 1508 perpetuam
2266 1465 2364 1498 lami-

1329 1519 1422 1540 nam.
1448 1509 1521 1546 Qua
1546 1508 1666 1541 sublata
1687 1533 1699 1548 ‚
1735 1519 1798 1540 non
1822 1508 1919 1541 modo
1942 1507 2121 1549 sanguifera
2144 1509 2232 1546 vasa,
2265 1517 2302 1542 ut
2323 1506 2363 1541 fi-

1329 1550 1442 1592 nistri,
1474 1554 1519 1584 ita
1545 1555 1577 1585 &
1599 1551 1721 1585 dexteri
1744 1550 1960 1593 hemisphaerii
1993 1551 2174 1594 turgidiora
2198 1551 2304 1595 paffim
2327 1552 2364 1585 in

1329 1596 1474 1637 meninge
1514 1596 1621 1629 Tenui
1646 1595 1812 1636 conspefta
1835 1595 1908 1628 sunt
1928 1619 1940 1635 ,
1973 1593 2025 1627 sed
2048 1597 2145 1628 etiam
2177 1595 2243 1630 duo
2261 1617 2270 1632 ‚
2305 1603 2364 1628 aut

1327 1639 1390 1670 tria
1422 1639 1456 1671 in
1491 1639 1550 1672 hac
1582 1651 1643 1680 qua
1679 1647 1843 1673 externum
1875 1638 1956 1671 latus
1989 1637 2205 1681 hemisphaerii
2237 1637 2363 1672 dexteri

1333 1681 1568 1721 convestiebat>
1592 1693 1656 1714 non
1682 1681 1811 1723 parvula
1836 1680 2019 1721 foramina,
2053 1693 2105 1725 pei·
2139 1694 2208 1724 quae
2232 1682 2362 1723 sanguis

1334 1724 1372 1757 de
1396 1736 1463 1766 quo
1497 1725 1620 1758 6116111111
1646 1723 1690 1757 cst
1714 1747 1723 1760 ‚
1756 1725 1840 1756 inter
1863 1734 2033 1767 utramque
2064 1727 2245 1769 meningem
2278 1727 2363 1759 exie-

1335 1778 1402 1800 rat.
1437 1769 1608 1803 Ducebant
1632 1769 1718 1800 enim
1741 1779 1774 1799 ea
1799 1767 1954 1801 foramina
1978 1770 2010 1801 in
2038 1769 2177 1811 amplum
2203 1768 2365 1811 quoddam

1334 1822 1449 1844 cavum
1472 1812 1504 1844 in
1531 1812 1695 1846 medullari
1719 1809 1856 1857 ejusdem
1879 1811 2098 1855 hemisphaerii
2122 1812 2292 1846 substantia
2318 1812 2363 1844 se-

1337 1855 1476 1888 cundum
1500 1855 1740 1898 longitudinem
1762 1854 1963 1889 efformatum
1985 1879 1997 1896 ,
2029 1856 2115 1889 inter
2147 1857 2230 1889 latus
2266 1854 2362 1897 hujus

1338 1908 1506 1931 externum
1524 1923 1536 1939 ,
1570 1902 1600 1932 δε
1625 1899 1804 1932 Lateralem
1824 1900 2035 1933 ventriculum
2066 1899 2108 1932 fic
2132 1909 2167 1934 ut
2190 1898 2362 1932 latitudine

1338 1941 1526 1975 transversos
1548 1942 1668 1985 digitos
1694 1943 1792 1981 duos,
1815 1943 2019 1986 longitudine
2042 1942 2095 1977 sex
2117 1967 2126 1981 ‚
2155 1952 2207 1976 aut
2231 1955 2267 1975 eo
2295 1953 2363 1988 ain-

1339 1986 1422 2028 plius
1445 1996 1583 2028 aequaret
1604 2010 1612 2018 .
1649 1987 1685 2020 Id
1708 1997 1824 2019 cavum
1847 1986 2056 2029 inaequalibus
2071 2009 2080 2024 ‚
2104 1990 2136 2021 δε
2161 1985 2246 2030 quasi
2271 1986 2365 2018 erosis

1336 2028 1509 2070 parietibus
1544 2029 1803 2073 comprehensum
1824 2053 1833 2068 ,
1867 2032 1899 2062 δε
1933 2030 2082 2073 sanguine
2115 2029 2265 2072 grumolo
2297 2030 2365 2071 ple-

1336 2084 1412 2105 num
1432 2095 1444 2112 ,
1477 2084 1550 2106 611111
1573 2085 1612 2106 60
1633 2074 1818 2106 ventriculo
1841 2070 2015 2115 posteriora
2038 2073 2144 2108 versus
2180 2072 2364 2107 communi-

1336 2116 1427 2148 cabat
1441 2140 1450 2154 ,
1482 2118 1676 2159 in-eumque
1698 2116 1889 2148 mediocrem
1914 2115 2073 2159 sanguinis
2095 2118 2225 2160 copiam
2248 2113 2367 2149 effude-

1336 2168 1409 2198 rat,
1430 2157 1523 2201 cuj'us
1547 2170 1642 2202 parva
1667 2161 1801 2205 poi-tid,
1826 2168 1917 2201 rupta
1940 2159 2115 2201 posteriore
2138 2161 2218 2202 septi
2241 2159 2363 2192 Lucidi

1337 2211 1447 2245 parte,
1466 2203 1501 2234 in
1523 2204 1738 2236 ventriculum
1769 2201 1927 2235 sinistrum
1949 2203 2133 2236 tranfierat:
2158 2204 2283 2247 sanguis
2305 2212 2365 2237 au-

1337 2256 1402 2279 tem
1436 2246 1472 2278 in
1496 2254 1634 2288 utroque
1669 2245 1850 2279 ventriculo
1872 2245 1902 2278 se
1926 2247 1959 2278 iu
1992 2248 2147 2280 laminam
2178 2245 2364 2280 conforma-

1339 2297 1426 2321 verat
1450 2312 1457 2319 .
1493 2288 1551 2321 Sed
1576 2292 1608 2321 &
1633 2289 1713 2321 alibi
1734 2300 1786 2321 vas
1809 2297 1940 2331 ruptum
1965 2291 2096 2333 aliquod
2119 2290 2210 2324 fuisse
2234 2288 2363 2322 videba-

1338 2341 1505 2377 tur-,cum
1530 2331 1585 2364 sub
1610 2331 1809 2364 Transverso
1824 2343 1962 2378 ‘quoque
1984 2335 2083 2366 Durae
2106 2334 2262 2376 meningis
2286 2344 2363 2375 pro-

1341 2375 1442 2414 661111,
1465 2374 1523 2408 sub
1545 2386 1640 2416 quem
1662 2387 1678 2408 a
1702 2385 1779 2408 cavo
1801 2386 1867 2417 ejus
1900 2377 2058 2418 meningis
2083 2378 2248 2410 cerebrum
2271 2387 2362 2408 com-

1340 2418 1494 2460 111εᾶ6016
1517 2418 1643 2450 nullum
1668 2417 1836 2451 secundum
1860 2428 2005 2451 naturam
2028 2417 2085 2452 esse
2108 2419 2230 2452 aditum
2250 2441 2262 2457 ‚
2295 2429 2361 2451 non

1339 2465 1490 2502 ignoras,
1514 2460 1680 2503 sanguinea
1702 2459 1776 2495 esset
1800 2461 1923 2494 lamella
1947 2461 2104 2495 mediocri
2125 2456 2255 2505 q'uidem
2278 2460 2361 2493 cras-

1336 2504 1494 2540 situdine,
1509 2502 1559 2536 sed
1582 2514 1689 2538 totum
1710 2514 1881 2547 contegens
1913 2505 2126 2539 cerebellum:
2162 2507 2240 2548 quin
2263 2505 2360 2537 etiarn

1338 2549 1372 2579 111
1397 2548 1500 2589 Spinae
1525 2547 1605 2581 tubo
1633 2546 1795 2590 quousque
1819 2547 1948 2589 desuper
1970 2549 2085 2582 licebat
2118 2548 2323 2590 introspicere
2346 2571 2357 2585 ‚

1340 2591 1467 2632 sanguis
1489 2592 1611 2624 circum
1623 2591 1784 2634 Spinalem
1806 2591 1975 2625 medullam
1998 2591 2080 2625 fuit.
2104 2594 2267 2625 Caeterum
2281 2603 2360 2634 qua-

1338 2634 1472 2666 rundam
1503 2636 1645 2676 partium
1675 2634 1793 2668 cerebri
1817 2644 1881 2667 erat
1904 2638 1996 2668 color
2019 2636 2130 2668 leviter
2165 2634 2324 2668 subflavus
2348 2647 2360 2666 :

1337 2676 1520 2710 Choroides
1545 2678 1653 2719 plexus
1677 2677 1801 2712 flaccidi
1824 2699 1834 2714 ‚
1866 2679 1898 2710 &
1922 2680 2020 2713 veluti
2053 2690 2230 2722 exangues:
2264 2679 2359 2711 Sinus

1339 2720 1506 2753 Craffioris
1531 2723 1687 2765 mcningis
1710 2722 1823 2754 vacui.

1393 2774 1423 2806 3.
1459 2764 1591 2805 Sanguis
1613 2777 1622 2803 3
1654 2774 1689 2798 ut
1713 2763 1787 2797 hinc
1821 2765 2013 2807 incipiamus
2043 2777 2053 2803 5
2078 2764 2252 2799 effunditur
2277 2776 2360 2798 non-

1341 2818 1500 2847 nunquam
1526 2808 1557 2839 in
1583 2809 1687 2850 Spinae
1710 2808 1822 2841 tubum
1838 2831 1846 2845 ‚
1880 2809 2014 2851 indeque
2037 2808 2073 2840 ad
2098 2810 2287 2845 cembellum
2310 2821 2361 2841 re-

1341 2849 1480 2882 dundat:
1502 2851 1577 2884 alias
1601 2864 1616 2883 a
1640 2853 1740 2884 cranii
1763 2862 1841 2883 cavo
1864 2852 1897 2884 in
1921 2854 2037 2885 tubum
2060 2853 2152 2886 illum
2176 2852 2359 2886 descendit:

1339 2892 1509 2934 aliquando
1541 2895 1639 2926 etiam
1670 2906 1708 2927 ex
1733 2893 1808 2927 vasis
1840 2895 1873 2926 in
1906 2906 2042 2938 utroque
2077 2898 2178 2939 ruptis
2213 2898 2299 2928 exire
2322 2898 2359 2929 in

1337 2945 1507 2979 utrumque
1528 2937 1648 2980 potest.
1683 2937 1869 2970 Praeclarum
1893 2940 1987 2979 primi
2011 2938 2096 2973 casus
2121 2940 2300 2981 exemplum
2321 2941 2358 2973 in

1338 2990 1479 3020 caupone
1510 2992 1526 3012 a
1559 2979 1755 3013 Eoerhaavi'o
1778 2983 1851 3021 (a)
1875 2981 1916 3014 est
1941 2982 2127 3016 adnotatum
2150 3010 2158 3023 ,
2192 2994 2357 3025 propterea

1337 3023 1549 3069 parapletftieo
1574 3025 1713 3066 primum
1736 3022 1823 3057 faeto
1844 3047 1855 3063 ,
1888 3036 1963 3061 mox
1988 3036 2092 3059 autem
2123 3026 2321 3069 apopleetico
2345 3051 2353 3057 .

1339 3065 1437 3107 Qod
1460 3069 1481 3098 11
1506 3078 1567 3099 11011
1593 3078 1708 3109 paucus
1731 3068 1763 3098 in
1788 3068 1998 3101 vertebrarum
2008 3082 2132 3103 caveam
2155 3067 2267 3103 effusus
2290 3068 2357 3102 san-

1337 3109 1491 3154 gtiisinde
1504 3121 1567 3142 non
1580 3109 1690 3144 effluat
1702 3123 1713 3148 5
1727 3109 1850 3143 lethalis
1861 3112 1991 3152 quiam]
2003 3112 2038 3145 fit
2050 3115 2178 3148 morbus
2200 3113 2242 3145 ob
2266 3124 2356 3145 com-

1340 3152 1454 3194 prcssos
1478 3154 1613 3195 Spinalis
1635 3151 1776 3186 medullae
1799 3164 1909 3187 nervos
1926 3155 2103 3198 plurimos,
2117 3159 2170 3200 qui
2190 3157 2280 3189 nervi
2302 3160 2356 3188 In-

1341 3195 1510 3235 tercosialis
1530 3198 1627 3229 ramis
1643 3196 1780 3240 praebent
1802 3198 1971 3239 originem,
1995 3203 2125 3243 &quod
2147 3200 2354 3241 consequitur

1336 3239 1384 3274 rob
1404 3240 1545 3280 partium
1562 3241 1750 3286 ‘interiorum
1782 3247 1899 3273 motum
1921 3241 2104 3286 ceffimtem‚
2130 3255 2162 3277 ut
2184 3243 2248 3286 jam
2269 3244 2354 3275 oiim

1341 3293 1463 3324 egregie
1494 3293 1668 3325 conjecerat
1703 3285 1730 3316 is
1763 3284 1816 3325 qui
1849 3285 1980 3319 alterum
2014 3285 2196 3330 hujusmodi
2230 3288 2352 3329 generis

1335 3325 1441 3358 casum
1465 3326 1644 3358 observarat
1662 3349 1671 3363 ‚
1696 3327 1960 3369 Verneyusffl),
1979 3332 2011 3363 ὃς
2035 3332 2178 3373 quamvis
2207 3330 2353 3373 pai-aple-

1336 3370 1388 3410 gia
1411 3380 1537 3410 quoque
1561 3370 1796 3412 conjungatur5
1822 3381 1905 3403 mens
1918 3382 2020 3405 tamen
2044 3374 2179 3414 mistae,
2202 3387 2257 3408 ncc
2281 3385 2354 3407 vera

1338 3411 1455 3444 accidit
1480 3413 1665 3453 apoplexm.
1694 3416 1732 3446 ln
1756 3412 1828 3447 casu
1852 3424 1954 3449 autem
1979 3429 1994 3448 a
2017 3429 2066 3449 me
2089 3420 2255 3460 proposito
2277 3417 2352 3454 cuih

1340 3467 1372 3502 ega
1395 3454 1607 3503 prfecerliffent
1630 3468 1699 3499 quae
1722 3455 1882 3489 cerebrum
1906 3459 1942 3492 ad
1966 3460 2164 3502 apoplexiam
2187 3462 2315 3505 disponi
2338 3460 2350 3501 ’1

1338 3498 1583 3542 significarent,
1615 3502 1647 3533 &
1681 3499 1754 3534 satis
1777 3501 1812 3533 iu
1843 3512 1881 3534 eo
1913 3504 2038 3546 proprii
2072 3504 2147 3538 vitii
2183 3514 2346 3549 repertum

2245 3548 2305 3585 fit3

1271 3740 1323 3773 (a)
1338 3740 1445 3768 Praelest.
1461 3742 1490 3767 ad
1506 3740 1584 3766 Instit.
1602 3740 1625 3771 §.
1643 3747 1695 3770 401.
