2498 4075
378 83 472 137 208

312 176 386 198 men
411 165 482 206 plus
506 161 650 196 minusve
675 159 856 204 frequenti,
878 159 1012 193 velutin
1025 158 1083 193 hac
1099 185 1108 200 ‚
1132 169 1228 203 quam
1243 167 1318 200 pro-

311 210 399 242 tinus
424 207 619 249 subjiciam,
642 204 793 238 historia.

361 262 409 292 15.
436 251 589 285 SENEX
612 249 842 290 nonagenarius
863 271 876 287 ,
905 246 961 289 qui
994 246 1036 279 ob
1066 244 1236 279 contusum
1271 242 1317 276 fe-

314 307 388 329 mur
413 295 451 327 ab
472 294 584 336 aliquo
608 291 673 334 jam
697 301 844 334 tempore
875 291 907 322 in
940 288 1003 322 hoc
1036 290 1171 324 cubabat
1205 286 1317 324 Noso-

313 339 448 377 comio,
475 335 654 374 febricula,
677 334 768 376 cujus
791 334 876 367 nulla
895 334 1036 366 exterior
1058 333 1146 366 causa
1170 355 1183 373 ,
1216 330 1317 363 nulla-

313 394 375 426 que
400 380 593 423 apparebant
616 378 769 411 notabilia
793 377 1029 418 symptomata,
1062 375 1225 409 novissime
1248 384 1317 405 cor-

314 433 426 466 reptus
442 445 450 460 ,
475 422 516 456 sic
541 422 617 455 satis
643 420 884 463 frequentibus,
908 422 939 451 δέ
964 420 1123 453 debilibus
1147 417 1285 460 pulsibus
1304 439 1317 456 ,

316 478 482 510 nunquam
508 476 613 499 tamen
639 462 956 502 intermittentibus,
980 462 1087 496 senfim
1124 465 1209 494 intra
1243 471 1320 503 pau-

313 522 369 543 cos
393 509 460 543 dies
483 509 604 542 defecit
628 508 683 542 sub
707 506 905 540 Novembris
930 506 1023 539 finem
1047 507 1087 539 A.
1117 514 1210 548 1741.

312 555 367 587 IN
392 553 639 587 THORACJS
662 560 798 591 utroque
820 561 899 582 cavo
922 550 1036 584 rubens
1061 560 1162 591 aqua,
1184 558 1248 580 non
1271 555 1320 578 ta-

313 608 384 630 men
408 597 531 630 multa.
562 595 615 630 Ad
641 595 805 636 plemam,
832 594 989 632 omnino,
1022 596 1053 626 ἅς
1087 591 1206 633 ubique
1240 590 1321 623 illae-

311 640 403 679 sam,
426 639 549 673 finister
574 639 687 680 pulmo
712 636 893 669 adhaerebat
919 636 1061 675 alicubi3
1098 635 1209 668 dexter
1241 644 1319 666 vero

310 683 410 716 ferme
434 682 606 724 nusquam.
633 681 700 713 Hic
727 690 832 713 tamen
858 681 891 712 in
917 680 996 713 lobo
1029 677 1186 712 inferiore
1219 678 1319 710 tumi-

309 727 368 760 dus
392 726 430 759 ab
455 726 709 759 inflammatione
734 732 824 763 erat,
849 734 882 755 ac
907 722 1020 757 durus.
1045 724 1115 755 Cor
1139 730 1208 754 tota
1246 731 1319 762 pro-

311 770 484 812 pemodum
508 769 668 801 anteriore
692 766 795 805 facie,
819 768 852 798 in
875 765 944 798 sene
968 766 1111 808 alioquin
1124 763 1321 797 macilentis-

310 812 413 852 fimo,
437 810 630 853 pinguedine
653 820 819 852 opertum.
846 810 932 843 Cum
957 807 1159 848 dissecando,
1183 807 1320 841 valvulas

310 868 382 899 quae
408 854 444 888 ad
468 856 642 888 ventriculi
667 854 789 886 dexteri
814 852 940 886 crificia
965 853 1059 893 sunt,
1083 862 1195 884 omnes
1228 852 1318 883 inve-

310 899 420 932 nissem
445 908 510 930 non
535 899 634 931 modo
658 907 722 930 non
747 895 888 939 rigidas,
914 905 968 930 aut
990 895 1147 929 crassiores
1183 894 1282 929 saetas
1305 917 1318 934 ,

307 944 374 975 imo
399 948 469 984 quae
494 940 531 974 ad
557 942 780 974 Pulmonarem
804 938 945 982 spectant
972 941 1140 980 arteriam,
1164 937 1236 971 visae
1270 937 1316 970 es-

307 986 372 1018 sent
396 998 435 1018 ex
458 986 604 1018 tenuiore
638 986 748 1027 potius
783 984 969 1017 membrana
989 1008 1001 1024 ,
1034 994 1130 1027 quam
1165 981 1284 1015 soleant
1307 994 1316 1018 ς

305 1029 361 1064 ubi
386 1029 422 1062 ad
448 1030 583 1062 alterum
607 1028 786 1062 thalamum
811 1036 939 1059 ventum
964 1027 1031 1068 est,
1064 1038 1160 1069 aequo
1191 1024 1316 1057 craffio-

304 1085 352 1107 res
375 1081 580 1106 occurrerunt
606 1072 775 1111 Mitrales,
800 1070 1009 1113 Semilunares
1033 1080 1138 1104 autem
1171 1077 1321 1112 praeterea

305 1115 394 1150 osseae
427 1128 544 1150 omnes
560 1114 597 1149 ad
622 1115 754 1149 eundem
783 1113 935 1155 modum,
959 1125 1055 1157 atque
1078 1113 1236 1146 inflexiles
1251 1112 1321 1148 ‚in-

304 1160 509 1203 trorsumque
533 1159 795 1201 protuberantes,
820 1167 854 1191 ut
879 1170 893 1190 a
919 1157 1093 1201 parietibus
1117 1156 1240 1188 arteriae
1263 1154 1314 1188 di-

301 1203 418 1237 starent
443 1203 495 1237 sua
520 1203 602 1235 facie
626 1203 802 1237 interiore,
827 1205 859 1235 δέ
882 1203 915 1233 in
941 1201 1048 1235 medio
1071 1200 1218 1233 limboin
1231 1197 1313 1231 cras-

302 1248 370 1281 sum
396 1246 623 1288 corpusculum
648 1245 878 1281 excrescerent,
912 1245 996 1287 quasi
1035 1244 1116 1278 illud
1148 1242 1234 1285 quod
1266 1241 1314 1274 ibi

305 1293 483 1324 traximum
507 1291 655 1325 omnium
679 1289 834 1334 delineavi
868 1289 901 1321 in
936 1288 1137 1322 Adversariis
1172 1288 1198 1319 I.
1233 1284 1318 1328 (s)

302 1346 366 1367 non
394 1334 497 1367 solum
524 1332 647 1367 facium
670 1333 742 1366 eslet
767 1332 910 1371 osseum,
933 1331 983 1365 sed
1015 1332 1101 1365 mole
1133 1332 1229 1363 etiam
1264 1340 1315 1362 au-

301 1378 402 1411 etius.
429 1378 548 1420 Magna
572 1386 676 1410 tamen
701 1376 814 1408 arteria
838 1387 854 1408 a
878 1376 974 1408 corde
996 1375 1036 1410 ad
1060 1373 1235 1416 eamusque
1247 1383 1318 1414 par-

304 1431 371 1454 tem
396 1432 456 1463 qua
493 1421 647 1454 vertebris
679 1418 820 1453 adhaeret
840 1440 849 1455 ‚
885 1428 953 1452 tum
986 1418 1156 1452 Carotides
1178 1441 1190 1457 ,
1225 1426 1317 1457 atque

302 1464 479 1499 Subclaviae
505 1464 599 1498 osseas
624 1464 802 1508 squamulas
824 1473 886 1495 nou
912 1461 1067 1496 habuere:
1090 1464 1159 1506 qu'ae
1184 1462 1216 1493 in
1242 1460 1316 1492 reli-

301 1521 367 1551 quo
391 1519 446 1549 per
470 1506 636 1541 thoracem
661 1509 773 1541 Aortae
801 1507 907 1540 tractu
932 1506 1108 1548 conspeetae
1133 1504 1226 1538 sunt.

301 1554 339 1585 ln
364 1554 485 1584 Ventre
510 1564 638 1595 quoque
662 1551 768 1584 eadem
794 1552 928 1589 arteria,
953 1552 985 1583 δε
1010 1550 1114 1583 Iliacae
1151 1549 1192 1582 iis
1224 1546 1315 1589 squa-

300 1596 399 1629 mulis
424 1606 486 1628 non
510 1596 656 1629 carebant
672 1621 679 1627 .
705 1595 816 1636 Pylori
841 1592 1006 1626 orificium
1032 1595 1069 1627 ab
1093 1604 1155 1626 una
1188 1600 1314 1624 tantum

300 1650 411 1682 parte,
436 1637 488 1671 sua
512 1650 606 1680 quam
630 1648 770 1678 vocant,
793 1637 917 1670 valvula
941 1637 1129 1672 instruetum
1158 1645 1252 1672 erat3
1275 1633 1313 1666 ab

301 1684 424 1726 reliqua
449 1691 518 1714 tota
537 1707 546 1721 ,
572 1694 668 1726 eaque
692 1680 832 1722 majori,
858 1680 941 1712 nihil
966 1679 1123 1722 ejusmodi
1147 1677 1276 1712 extabat
1300 1700 1313 1716 ‚

299 1739 355 1760 nec
380 1736 518 1768 unquam
544 1724 703 1762 extitisse,
728 1724 919 1767 apparebat.-
954 1724 1081 1766 insuper
1115 1722 1222 1766 ipsum
1256 1732 1311 1762 per

300 1771 328 1804 se
352 1768 514 1804 orificium
538 1770 643 1803 mulso
667 1769 803 1811 amplius
824 1767 865 1801 est
888 1767 1014 1808 visum,
1045 1778 1142 1810 quarn
1176 1765 1273 1799 soleat
1298 1788 1306 1794 .

429 1814 529 1847 Renis
553 1812 667 1846 sinistri
693 1812 861 1846 substantia
886 1811 1010 1844 duobus
1035 1813 1067 1843 in
1115 1811 1196 1843 locis
1242 1817 1308 1842 erat

299 1867 468 1897 excavata,
493 1859 526 1889 in
553 1858 652 1889 altero
675 1857 799 1899 magis,
823 1857 856 1887 in
880 1855 981 1887 altero
1007 1856 1113 1887 minus
1136 1866 1143 1885 ε
1177 1865 1220 1886 eae
1252 1863 1305 1885 ca-

299 1914 363 1934 veae
388 1903 555 1935 humorem
592 1900 677 1942 quasi
709 1910 845 1943 aqueum
888 1898 1097 1931 continebant
1121 1920 1131 1934 ,
1174 1895 1306 1941 desuper

297 1947 429 1990 propria
455 1946 536 1979 renis
562 1946 670 1978 tunica
694 1942 896 1977 conclusum.
922 1941 1033 1976 Vesica
1047 1939 1188 1975 urinaria
1204 1962 1213 1977 ,
1237 1942 1307 1971 sana

298 1989 521 2033 caeteroquin,
547 1987 741 2022 excrescebat
766 1998 798 2019 1n
823 1986 967 2026 herniam
990 2011 997 2022 .,
1021 1983 1200 2027 cujusmodi
1234 1983 1311 2014 alias

298 2037 312 2073 <
334 2041 348 2067 t
368 2034 383 2075 )
410 2032 589 2075 proposui,
613 2028 1181 2074 hemisphaericam,mediocrem,in
1194 2037 1309 2069 quam„

299 2078 415 2111 laxaris
441 2076 536 2118 ipsius
563 2076 708 2117 tunicis,
734 2075 860 2117 patebat
885 2084 940 2116 per
963 2072 1124 2107 orificium
1148 2080 1279 2113 parvum
1298 2093 1311 2109 ,

300 2121 391 2163 supra
419 2121 513 2153 finem
538 2120 668 2153 ureteris
694 2116 807 2152 sinistri
833 2127 999 2158 apertum.
1037 2116 1097 2149 Sed
1131 2126 1203 2147 vera
1241 2112 1311 2145 her-

299 2166 351 2197 nia
375 2165 471 2198 asttra
488 2187 498 2204 ,
522 2176 592 2206 quae
615 2163 695 2196 olim
719 2161 860 2195 intestini
887 2160 1020 2202 alicujus
1060 2169 1182 2199 partem
1204 2181 1215 2196 ‚
1256 2165 1312 2189 aut

299 2208 454 2252 majorem
479 2219 576 2251 quam
600 2218 705 2246 nunc,
730 2207 851 2239 omenti
888 2201 1079 2237 continuisse
1114 2201 1281 2235 videbatur
1299 2223 1313 2240 ,

301 2253 337 2286 ad
366 2253 506 2285 scrotum
533 2250 741 2285 occurrebat.
770 2251 849 2283 Erat
884 2247 1025 2281 sacculus
1058 2257 1125 2279 non
1159 2247 1206 2278 ita
1239 2254 1312 2286 par-

300 2309 377 2337 vus,
403 2297 441 2328 ab
467 2296 597 2329 dextero
621 2295 762 2334 annulo,
785 2303 819 2326 ut
843 2294 983 2335 vocant,
1008 2289 1191 2324 abdominis
1215 2285 1314 2336 ferme

303 2341 341 2373 ad
389 2339 568 2372 testiculum
614 2338 711 2380 usque
757 2337 917 2379 pertinens
964 2336 1049 2367 inter
1073 2345 1139 2365 eam
1165 2341 1312 2366 tunicam

302 2396 370 2428 quae
417 2394 490 2417 cum
535 2382 678 2416 musculo
700 2378 894 2413 Cremastere
939 2377 1094 2410 adimitur
1118 2398 1126 2411 ‚
1159 2378 1190 2407 &
1215 2385 1313 2407 mem-

302 2430 431 2462 branam
469 2449 477 2463 ,
525 2436 560 2459 ut
607 2424 775 2458 videbatur
809 2446 820 2462 ,
866 2421 997 2454 illaesam
1030 2444 1043 2461 ,
1097 2417 1319 2451 obducentem.

305 2472 500 2514 Spermatica
546 2467 612 2501 vasa
649 2491 659 2508 ,
705 2477 845 2510 quorum
893 2466 1021 2496 interno
1067 2462 1159 2495 lateri
1206 2459 1313 2500 saccu-

305 2518 354 2549 lus
380 2513 560 2556 adjacebat.
587 2511 639 2544 Ad
664 2510 750 2544 idem
775 2511 864 2542 enim
889 2509 971 2541 latus
993 2506 1068 2539 inde
1091 2505 1174 2539 unde
1207 2503 1278 2544 dixi
1301 2527 1311 2542 ‚

305 2571 358 2599 per
382 2559 544 2591 orificium
569 2555 667 2598 digiti
692 2564 793 2594 capax
832 2552 860 2585 se
907 2553 1119 2594 peritonaeum
1164 2547 1315 2582 demitte-

304 2604 382 2640 bat,
406 2602 578 2635 dilaratum
602 2598 715 2631 deinde
737 2599 771 2630 in
796 2596 977 2634 sacculum,
1000 2597 1027 2626 ἃ
1042 2592 1318 2626 craffiusfafrum.

307 2647 446 2680 Omenti
472 2654 579 2678 autem
605 2645 741 2681 exigua,
765 2638 931 2680 tenuisque
955 2638 1073 2670 lacinia
1097 2648 1151 2678 per
1176 2636 1211 2668 id
1233 2634 1323 2668 orifi-

306 2693 392 2724 cium
417 2691 450 2723 in
477 2687 635 2722 sacculum
659 2683 805 2728 delapsa,
830 2682 923 2726 hujus
948 2682 1062 2725 parieti
1087 2679 1254 2714 aretiffime
1266 2678 1321 2712 ad-

306 2745 379 2768 nata
403 2742 488 2767 erat.

355 2781 402 2811 16.
429 2779 480 2810 Ex
505 2776 564 2809 hac
589 2775 752 2814 seesione,
777 2770 866 2815 cujus
899 2771 967 2804 aliae
1005 2776 1110 2814 partes
1145 2767 1211 2798 alio
1245 2766 1324 2799 atti-

307 2831 417 2855 nentes
441 2831 456 2853 a
482 2820 575 2852 nobis
599 2819 632 2851 in
657 2819 730 2852 loco
754 2815 1039 2849 memorabuntur,
1066 2812 1141 2844 satis
1166 2810 1208 2844 est
1224 2836 1231 2850 ‚
1255 2808 1322 2842 fiid

309 2877 392 2898 nunc
417 2863 560 2896 attendas
586 2863 673 2904 quod
700 2861 816 2904 spe&at
842 2858 878 2892 ad
905 2858 1094 2900 pulmones.
1227 2854 1321 2892 Qo-

308 2920 378 2942 rum
425 2906 714 2941 inflammationis,
740 2904 801 2937 suis
849 2913 913 2934 non
959 2901 1082 2940 stipatae
1107 2896 1223 2939 fignis,
1247 2908 1320 2930 cum

310 2951 453 2993 exempla
483 2948 701 2991 protulerim3
728 2946 763 2980 ad
788 2958 822 2979 ea
846 2944 910 2988 jam
937 2944 1083 2983 transeo,
1105 2943 1139 2973 in
1152 2941 1322 2987 quibusil-

310 2998 374 3029 lam
400 2994 504 3026 videas
540 2992 668 3025 indiciis
706 2991 814 3024 saltem
838 2987 1046 3032 pleuritidis,
1069 2997 1138 3028 quae
1170 2988 1324 3028 nusquam

309 3048 377 3073 erat
390 3063 398 3078 ,
423 3045 638 3071 comitatam.

361 3094 406 3123 17.
434 3080 596 3114 SENEM
622 3087 860 3111 annosfnatum
895 3076 966 3118 plus
1002 3074 1163 3116 sexaginta
1190 3098 1198 3112 ‚
1233 3071 1325 3105 simul

313 3126 431 3165 febris,
456 3128 486 3158 &
514 3133 656 3166 pungens
679 3122 775 3156 dolor
807 3120 1003 3161 corripuerat
1051 3117 1088 3164 ad
1134 3116 1325 3150 anteriorem

313 3180 436 3215 partem
463 3169 568 3200 lateris
592 3166 737 3199 dexteri.
764 3164 912 3198 Cubabat
936 3164 969 3195 in
994 3161 1122 3195 dorsum
1145 3187 1153 3195 .
1196 3160 1324 3198 Lingua

314 3224 378 3248 erat
405 3211 512 3245 arida:
539 3211 644 3253 pulsus
677 3210 804 3252 magni,
841 3211 871 3241 ὃ(
907 3205 1087 3249 frequentes
1107 3230 1115 3238 .
1253 3200 1325 3234 Post

315 3259 382 3292 dies
406 3254 538 3297 aliquod
564 3254 722 3288 consuetae
746 3253 948 3289 curationis,
973 3251 1006 3282 in
1031 3245 1224 3281 Bononiensi
1249 3246 1325 3278 No-

316 3301 463 3335 socomio
488 3298 644 3331 §.Mariae
669 3297 706 3330 de
721 3298 827 3330 Morte
853 3293 1031 3331 institutae,
1054 3293 1099 3324 ita
1126 3304 1140 3323 a
1165 3290 1274 3329 febre,
1298 3290 1330 3320 &

317 3345 428 3377 dolore
454 3343 536 3375 liber
560 3340 622 3382 jam
648 3340 754 3375 faftus
779 3338 971 3376 videbatur,
994 3346 1030 3369 ut
1054 3335 1157 3369 senior
1182 3334 1236 3365 ille
1258 3332 1331 3365 Mc-

319 3388 407 3424 dicus
433 3387 608 3428 pleniorem
632 3385 753 3418 vietum
778 3380 985 3418 concesserit,
1009 3379 1078 3421 post
1101 3378 1244 3411 triduum
1277 3386 1331 3407 au-

320 3443 386 3465 tem
412 3430 447 3461 ad
475 3428 691 3471 abstergendas
718 3427 821 3460 morbi
848 3424 1002 3465 reliquias
1025 3434 1035 3461 3
1056 3422 1097 3455 fic
1132 3423 1217 3454 enim
1252 3418 1330 3451 sole-

320 3476 398 3512 ἱεῖς
423 3483 560 3516 purgans
584 3471 795 3515 pharmacum
820 3467 1060 3513 propinaverit.
1085 3467 1172 3500 Cum
1199 3464 1237 3498 ab
1271 3462 1330 3496 hu-

881 79 1038 132 Liber
1073 77 1140 131 11.
1173 53 1260 131 ne
1294 76 1503 130 Morbis
1536 73 1795 129 Thoracis

1366 155 1418 198 ffus
1440 155 1496 189 usu
1520 154 1660 188 multum
1683 153 1783 188 homo
1803 153 2008 193 comediffet3
2032 155 2127 188 noste
2150 154 2285 198 quadam
2296 164 2375 195 pro-

1368 200 1455 232 xima
1477 196 1598 237 febris,
1623 199 1655 230 &
1676 197 1770 231 dolor
1793 197 1881 230 illius
1904 197 2042 239 ejusdem
2067 199 2165 239 partis
2190 197 2371 232 redierunt.

1373 240 1484 275 Pulsus
1530 249 1618 274 erant
1664 240 1736 274 duri
1760 263 1770 278 ‚
1804 240 1985 283 frequentes
2001 265 2013 281 ,
2036 243 2164 283 magni,
2189 241 2307 275 vibrati
2333 236 2373 272 ad

1370 285 1456 318 diem
1481 285 1578 327 usque
1601 283 1773 321 ultimum,
1798 293 1893 327 atque
1917 284 1997 317 adeo
2020 283 2057 317 ad
2083 295 2195 326 paucas
2219 295 2288 317 ante
2301 283 2375 316 obi·

1370 339 1440 361 tum
1464 327 1585 365 horas5
1610 337 1682 359 nam
1704 338 1779 360 cum
1811 327 1980 370 respiratio
2012 326 2163 370 frequens
2194 328 2265 361 esset
2298 328 2373 369 qui-

1369 372 1460 408 dem,
1484 383 1539 404 nec
1566 379 1670 402 tamen
1696 370 1838 412 peffima,
1862 374 1894 404 &
1918 369 2028 413 sponte
2054 370 2083 404 se
2104 373 2136 404 in
2181 371 2266 405 Ιεέὶο
2309 381 2374 404 ere-

1369 413 1460 448 xisset
1483 414 1522 448 ad
1546 411 1717 447 sedendum
1735 436 1747 453 ,
1769 422 1805 447 ut
1827 415 1972 448 vifflirus
1995 413 2060 447 dies
2092 415 2131 447 ali
2159 419 2215 448 not
2252 413 2376 447 videre-

1372 468 1426 492 tur
1441 482 1450 497 ,
1475 469 1553 491 mox
1577 455 1761 490 acccedente
1784 456 1933 496 stermre,
1957 467 2103 491 mortuus
2126 470 2140 489 e
2178 480 2187 496 ,
2211 457 2295 491 circa
2307 469 2374 491 me-

1370 501 1461 535 dium
1483 501 1628 543 Aprilem
1652 501 1694 533 A.
1723 503 1815 542 1706.
1945 502 2237 541 CADAVERIS,
2260 501 2372 536 eodem

1370 545 1423 578 die
1446 544 1545 584 febri,
1568 543 1696 577 habitus
1719 543 1934 580 illaudabilis,
1959 547 1992 578 &
2015 545 2229 585 macilentus,
2252 545 2372 578 scabio-

1373 589 1402 622 sa
1425 588 1570 628 femora,
1593 584 1752 621 subsidens
1775 586 1949 620 abdomen.
2083 587 2237 621 Thorace
2269 589 2373 622 reclu-

1374 632 1430 672 so,
1453 631 1615 674 pulmonis
1637 631 1760 663 dexteri
1785 629 1926 673 superior
1948 630 2038 664 lobus
2059 641 2191 673 magnus
2213 655 2227 672 ,
2259 630 2372 666 durus-

1370 686 1431 718 que
1454 675 1484 708 se
1506 674 1647 708 obtulit.
1672 675 1780 716 Qem
1805 685 1878 707 cum
1914 672 2047 707 secar-em
2069 697 2079 712 ‚
2113 674 2285 709 substantia
2321 675 2373 708 fa-

1369 720 1460 753 &um
1482 717 1622 752 vidimus
1645 716 1801 760 hepaticae
1824 716 1960 750 similem
1979 740 1989 756 ,
2024 729 2080 760 pus
2113 729 2217 752 autem
2237 742 2248 759 ,
2287 728 2371 752 certe

1395 763 1459 795 uris
1483 772 1546 794 non
1583 759 1758 794 absimilem
1793 761 1958 794 materiam
1991 759 2082 795 simul
2113 773 2188 795 cum
2222 762 2372 804 spumoso

1371 774 1506 840 humore
1529 803 1678 838 effluere.
1703 806 1743 837 In
1779 803 1902 837 sinistro
1935 802 2077 838 thoracis
2111 817 2190 838 cavo
2222 817 2302 848 aqua
2334 817 2373 840 ex

1372 849 1456 884 flavo
1500 848 1634 888 viridis,
1658 846 1815 880 mediocri
1839 848 1950 889 copia.
1978 848 2092 881 Pulmo
2115 861 2176 891 qua
2200 849 2373 893 diaphrag-

1370 904 1422 926 ma
1445 891 1626 935 speetabat,
1650 893 1791 933 itemque
1815 890 1852 924 ad
1877 892 2016 933 superius
2039 892 2145 932 latus,
2181 892 2289 935 ibique
2323 905 2372 927 ar-

1369 937 1476 976 AEtius,
1501 936 1615 977 pleurae
1639 934 1837 973 adhaerebat,
1863 934 1943 968 flava
1967 933 2102 976 quadam
2117 961 2125 975 ‚
2149 939 2298 978 tenuique
2322 939 2372 970 in-

1371 980 1552 1013 tercedente
1574 977 1659 1022 quasi
1682 978 1917 1011 membranula.
1945 978 2055 1011 Pleura
2078 989 2181 1012 tamen
2215 980 2372 1023 nusquam

1371 1024 1405 1056 in
1429 1032 1504 1056 toto
1526 1022 1589 1056 hoc
1613 1021 1743 1056 thorace
1768 1022 1913 1064 apparuit
1937 1020 2027 1054 laesa.
2054 1023 2113 1056 Sed
2138 1023 2174 1057 ad
2187 1024 2372 1065 pulmonem

1372 1066 1529 1100 sinistrum
1553 1075 1588 1099 ut
1614 1065 1761 1104 redeam3
1784 1065 1876 1098 Iobus
1899 1063 1964 1106 eJ'us
1986 1064 2141 1106 inferior,
2176 1076 2242 1099 ater
2274 1068 2375 1110 poste..

1374 1111 1461 1148 rius,
1487 1111 1519 1142 Se
1542 1110 1658 1145 durus,
1683 1122 1720 1142 ex
1745 1109 1854 1142 eadem
1878 1108 1925 1141 ibi
1951 1107 2014 1141 fuit
2039 1109 2226 1147 substantia,
2251 1123 2320 1154 quae
2356 1125 2374 1146 a

1368 1153 1489 1186 dextris
1513 1152 1678 1195 conspeeta
1705 1151 1770 1192 est,
1793 1163 1848 1185 nec
1874 1163 1949 1194 pure
1981 1155 2081 1186 caruit
2100 1177 2113 1194 ,
2144 1153 2231 1197 quod
2265 1156 2374 1191 album

1369 1209 1406 1230 ex
1429 1209 1467 1229 eo
1489 1195 1624 1230 defluere
1649 1194 1810 1236 vidimus,
1835 1207 1907 1228 cum
1931 1196 2098 1237 pulmones
2121 1209 2136 1230 e
2160 1196 2288 1232 thorace
2319 1201 2375 1233 de-

1368 1240 1584 1274 traheremus.
1718 1242 1756 1272 In
1802 1239 1981 1281 pericardio
2026 1252 2104 1283 aqua
2139 1242 2239 1275 multa
2272 1244 2376 1285 qualis

1368 1285 1465 1326 paulo
1489 1293 1559 1316 ante
1581 1282 1736 1325 descripta
1761 1282 1822 1316 est.
1846 1281 1896 1315 Ad
1921 1280 2041 1324 singula
2065 1283 2171 1317 cordis
2183 1285 2375 1330 orificiapo-

1369 1327 1489 1370 lyposae
1512 1327 1754 1360 concretiones:
1777 1337 1912 1369 quarum
1937 1325 1994 1358 illa
2009 1328 2152 1360 ‘minima
2175 1340 2246 1371 quae
2269 1330 2306 1363 ad
2319 1342 2377 1364 au-

1369 1372 1502 1405 riculam
1525 1368 1698 1407 sinistram,
1735 1370 1872 1404 maxima
1905 1380 1975 1411 quae
2010 1382 2063 1412 per
2094 1372 2233 1405 Aortam
2266 1385 2376 1417 perge-

1368 1414 1442 1447 bat.
1467 1415 1575 1455 Qam
1600 1415 1752 1448 arteriam
1774 1411 1864 1446 valde
1888 1412 1984 1445 latam
2009 1414 2245 1453 animadverti,
2269 1428 2375 1459 aequa-

1368 1459 1442 1491 liter
1463 1467 1592 1499 tamen,
1617 1469 1672 1490 nec
1694 1456 1757 1490 fine
1782 1456 1914 1490 indiciis
1937 1455 2028 1499 supra
2052 1459 2190 1492 valvulas
2227 1461 2376 1504 inceptu-

1368 1513 1410 1535 rae
1433 1500 1670 1535 offisicationis.
1807 1501 1927 1532 Ventre
1950 1509 2079 1542 aperto,
2101 1503 2205 1543 gravis
2230 1503 2376 1540 illeodor

1368 1555 1536 1588 perceptus
1560 1544 1624 1585 est,
1646 1545 1703 1588 qui
1727 1555 1766 1577 ex
1789 1543 1946 1577 intestinis
1970 1543 2048 1576 solet
2072 1545 2302 1581 inflammatis.
2328 1550 2376 1584 Et

1366 1588 1435 1622 sane
1456 1589 1583 1622 Tenuia
1608 1587 1646 1622 ad
1670 1588 1784 1629 longos
1809 1587 1929 1621 “airus
1952 1587 2160 1620 circumcirca
2197 1590 2370 1625 rubebant.

1365 1633 1499 1675 Hepar3
1523 1631 1612 1675 cujus
1635 1631 1769 1663 vesicula
1795 1629 1970 1671 subjeetum
1995 1632 2148 1672 pylorum
2171 1655 2180 1669 ‚
2215 1636 2248 1666 &
2279 1637 2377 1668 Duo-

1365 1675 1481 1709 denum
1506 1674 1693 1708 intestinum
1718 1675 1856 1706 tinxerat
1880 1674 2056 1715 plurimum
2071 1697 2079 1712 ‚
2103 1676 2245 1709 timetura
2270 1687 2378 1713 tamen

1364 1719 1402 1752 ad
1426 1720 1560 1752 intimas
1583 1718 1708 1751 tunicas
1734 1727 1797 1749 non
1822 1717 2033 1759 pervadente;
2056 1718 2213 1756 limbum,
2239 1723 2271 1753 δε
2299 1734 2376 1764 pro».

1361 1763 1488 1796 ximum
1512 1764 1544 1794 in
1568 1773 1645 1795 cava
1668 1759 1749 1793 facie
1772 1761 1926 1801 exiguum
1949 1761 2085 1795 traditum
2110 1761 2247 1796 lividum
2281 1763 2378 1799 habe-

1361 1806 1435 1839 bat.
1464 1807 1575 1840 Lienis
1601 1814 1707 1838 autem
1731 1802 1928 1837 simafacies
1952 1802 2043 1838 valde
2065 1805 2265 1849 nigricabat.
2293 1810 2376 1843 Pan-

1360 1861 1444 1883 creas
1467 1849 1685 1883 duriusculum
1709 1846 1810 1882 fuit.¹

1410 1894 1457 1926 18.
1486 1894 1587 1927 Vides
1610 1894 1736 1935 igitur,
1764 1891 1948 1935 pleuritidis
1972 1891 2057 1936 signa
2082 1894 2116 1927 in
2149 1895 2376 1938 peripneumo-

1362 1938 1414 1970 nia
1440 1935 1531 1970 fuisse
1546 1961 1553 1968 .
1577 1938 1623 1970 Et
1646 1946 1731 1970 certe
1753 1947 1826 1970 cum
1850 1934 1931 1968 hanc
1955 1936 2122 1980 descripsit
2157 1939 2378 1981 Hippocrates

1363 1980 1449 2013 l'bro
1471 1980 1510 2014 de
1534 1982 1670 2014 Internis
1693 1978 1932 2013 Affectionibus
1956 1982 1970 2018 (
1992 1992 2012 2014 u
2034 1984 2068 2021 )‚
2092 1981 2258 2022 aliquando
2281 1986 2380 2018 etiam

1377 2035 1396 2056 n
1440 2023 1539 2057 latere
1583 2023 1729 2057 dolorem
1764 2021 1845 2063 esse,
1868 2023 1977 2056 dixit.
2002 2024 2110 2068 Qern
2134 2025 2243 2058 locum
2268 2027 2381 2060 Ballo-

1366 2068 1460 2104 nius,
1485 2075 1521 2099 ut
1546 2068 1580 2099 in
1605 2065 1911 2111 Sepulchretoqipso
1933 2071 1943 2106 (
1968 2078 1990 2100 x
2011 2072 2025 2108 )
2046 2068 2163 2101 videris
2179 2091 2190 2108 ,
2215 2080 2279 2102 non
2304 2082 2378 2103 mo-

1365 2110 1409 2143 do
1432 2109 1678 2148 animadvertit,
1704 2109 1756 2143 sed
1779 2109 1907 2151 insuper
1940 2110 2228 2147 Observationibus
2259 2113 2379 2146 confir-

1364 2155 1468 2187 mavit
1494 2153 1560 2187 suis
1583 2155 1720 2189 maxime
1745 2153 1778 2185 in
1803 2154 1844 2185 iis
1869 2152 1987 2195 quibus
2010 2160 2068 2186 aut
2090 2154 2204 2188 thorax
2239 2155 2376 2199 hydrope

1363 2198 1511 2237 laborat,
1533 2205 1590 2230 aut
1609 2197 1717 2239 pulmo
1741 2195 1937 2239 duriusculus
1953 2195 2044 2237 fimie
2057 2198 2157 2230 multa
2172 2198 2297 2240 stater.
2322 2201 2381 2233 Sa-

1366 2243 1489 2284 pienter
1511 2250 1622 2273 autem
1647 2240 1686 2273 ab
1708 2253 1745 2273 eo
1769 2239 1923 2282 scriptum
1949 2239 2063 2280 fuisse,
2087 2251 2151 2274 non
2175 2244 2209 2274 in
2233 2243 2274 2276 iis
2308 2252 2380 2276 tan-

1365 2295 1458 2324 turn,
1482 2283 1533 2316 sed
1560 2285 1592 2316 in
1618 2285 1658 2317 iis
1682 2284 1821 2317 maxime
1842 2306 1855 2323 ‚
1889 2283 1937 2315 vel
1974 2285 2129 2326 proximae
2164 2284 2275 2319 nostrae
2309 2286 2381 2321 d'uae

1366 2327 1617 2361 Observationes
1641 2326 1850 2363 indicabunt,
1876 2327 1984 2368 paucis
2011 2337 2081 2360 ante
2100 2327 2289 2370 superiorem
2303 2329 2383 2364 heb.-

1364 2371 1510 2405 domadis
1534 2370 1672 2407 habitae,
1698 2372 1732 2403 in
1758 2369 1933 2411 eodemque
1956 2369 2182 2404 Nosocomio.
2316 2381 2317 2384 ’

1410 2426 1457 2456 19.
1485 2415 1683 2453 LANIUS,
1706 2424 1804 2447 annos
1828 2422 1918 2446 natus
1942 2412 2235 2457 duodeoetoginta‚
2271 2428 2384 2458 proces

1365 2470 1417 2491 rus
1432 2480 1442 2495 ,
1465 2457 1574 2490 colore
1599 2469 1637 2490 ex
1659 2456 1750 2492 fusco
1774 2456 1921 2500 pallido,
1944 2457 1999 2499 qui
2024 2458 2102 2490 alias
2127 2459 2222 2500 sputo
2256 2460 2383 2502 sangui-

1366 2513 1428 2535 neo
1452 2501 1650 2533 laboraverat
1668 2524 1680 2541 ,
1704 2500 1768 2541 jam
1791 2509 1862 2532 ante
1898 2500 1964 2533 dies
1996 2510 2136 2543 quatuor
2168 2501 2263 2544 paulo
2296 2503 2383 2537 infra

1372 2544 1529 2578 sinistram
1552 2544 1731 2577 mamillam
1755 2545 1918 2576 internum
1941 2566 1954 2583 ,
1985 2554 2120 2587 eumque
2152 2556 2347 2587 pungentem
2373 2573 2384 2586 ,

1373 2589 1520 2623 dolorem
1546 2587 1659 2621 sentire
1681 2596 1824 2629 coeperat
1841 2610 1853 2628 ,
1873 2597 1948 2620 cum
1982 2587 2017 2620 in
2051 2584 2291 2623 Nosoeomitim
2327 2591 2383 2624 ad-

1373 2632 1484 2666 missus
1507 2631 1567 2664 est.
1704 2629 1814 2664 Pulsus
1838 2640 1925 2663 erant
1950 2641 2021 2663 non·
2046 2631 2145 2664 modo
2177 2634 2348 2675 inaequales
2369 2659 2385 2675 ,

1374 2675 1423 2710 sed
1449 2679 1482 2709 8<
1503 2675 1614 2708 crebro
1637 2675 1908 2713 intermittentes,
1931 2673 2109 2716 frequentes
2133 2686 2260 2717 autem,
2283 2680 2384 2721 &qui

1375 2731 1487 2763 parum
1510 2719 1625 2761 digitis
1649 2718 1891 2761 explorantium
1917 2715 2087 2751 resisterent
2102 2731 2111 2749 .-
2136 2719 2220 2753 tuslis
2243 2721 2349 2754 crebra
2372 2745 2386 2763 ‚

1373 2775 1473 2806 eoque
1498 2763 1576 2796 sono
1599 2764 1655 2805 qui
1681 2763 1811 2795 latratui
1837 2759 1911 2794 esset
1954 2762 2191 2803 propemodum
2236 2763 2349 2797 similis
2375 2779 2384 2799 :

1375 2807 1466 2849 sputa
1489 2805 1604 2843 crassa,
1630 2808 1663 2839 in
1687 2806 1790 2849 iisque
1813 2805 1891 2838 albae
1925 2806 2090 2846 particusae
2126 2805 2211 2848 quasi
2244 2809 2387 2850 polvpo.

1374 2850 1411 2884 sae
1432 2863 1441 2883 :
1466 2849 1608 2883 difficilis
1632 2850 1799 2893 respiratio
1824 2862 1834 2881 .·
1867 2848 2036 2883 decubitus
2061 2849 2229 2887 dumtaxat
2253 2853 2285 2884 in
2305 2845 2387 2885 'dor-

1376 2894 1466 2927 sum.
1495 2895 1629 2935 Sanguis
1652 2905 1685 2927 ea
1713 2894 1763 2927 die
1786 2904 1856 2935 quae
1880 2891 1983 2925 morbi
2009 2891 2156 2926 videlicet
2190 2904 2256 2928 erat
2290 2896 2392 2938 quin..

1376 2939 1451 2975 era,
1477 2937 1600 2972 emissus
1625 2938 1662 2971 ad
1687 2939 1796 2971 uncias
1842 2935 1938 2974 0810,
1964 2935 2021 2968 seri
2055 2948 2116 2970 non
2165 2937 2235 2978 plus
2272 2937 2388 2973 habuit

1379 2993 1476 3024 quam
1499 2993 1564 3015 uno
1588 2981 1747 3015 cochleari
1772 2979 1880 3020 excipi
1907 2978 2030 3020 posset:
2055 2979 2089 3013 id
2112 2991 2176 3014 erat
2201 2981 2387 3017 turbidum.-

1379 3026 1481 3059 crusta
1505 3034 1611 3059 autem
1636 3026 1717 3059 flava
1732 3047 1740 3062 ,
1765 3025 1797 3056 in
1822 3022 2004 3065 summaque
2028 3023 2193 3066 superficie
2216 3037 2286 3068 quae
2309 3038 2388 3059 con-

1379 3080 1453 3102 cava
1476 3079 1566 3110 erat,
1590 3070 1699 3102 lividis
1723 3067 1849 3111 punffis
1866 3065 2043 3112 ‘distintfth
2067 3065 2149 3101 duos
2183 3068 2307 3110 digitos
2341 3071 2388 3102 al-

1379 3122 1433 3151 ta,
1458 3112 1593 3158 scissioni
1618 3111 1777 3150 resistens;
1802 3120 1832 3142 at
1857 3110 2035 3151 subjeetum
2057 3109 2300 3146 crass'amentum
2324 3112 2391 3147 dif-

1379 3156 1478 3200 fluens
1502 3157 1533 3189 in
1558 3167 1608 3190 tot
1632 3154 1716 3199 quasi
1741 3152 1925 3196 grumulos.
1952 3156 1990 3186 In
2015 3154 2116 3196 sputis
2151 3155 2255 3198 postea
2292 3168 2389 3199 appa.

1379 3203 1444 3233 ruit
1468 3201 1713 3242 sanguis.Cum
1739 3196 1868 3230 morbus
1892 3195 1976 3229 nihil
2001 3199 2202 3238 remitteret3
2226 3211 2303 3233 vena
2328 3201 2390 3234 ite-

1383 3255 1455 3277 rum
1480 3244 1559 3277 sefla
1584 3242 1624 3276 est
1648 3242 1699 3276 die
1724 3242 1856 3284 septima
1873 3263 1881 3271 .
1909 3242 2004 3275 Tunc
2028 3241 2127 3276 crusta
2161 3245 2310 3285 apparuit
2345 3254 2392 3278 te-

1382 3290 1477 3326 uuis,
1502 3286 1605 3322 serum
1631 3296 1764 3326 autem,
1787 3284 1876 3326 quod
1902 3286 1984 3318 aurei
2022 3296 2088 3318 erat
2121 3286 2244 3320 coloris
2265 3311 2279 3328 ,
2313 3286 2391 3330 justa

1382 3329 1446 3364 fuit
1494 3333 1586 3374 copia
1608 3354 1619 3371 ‚
1668 3333 1700 3363 ὃς
1733 3327 1974 3363 crass‘amentum
2013 3330 2147 3363 naturali
2172 3328 2390 3365 firmitudine.

1384 3376 1488 3417 Sputo
1514 3377 1712 3413 imminute,
1736 3376 1768 3406 ὃ(
1792 3373 1915 3405 caeteris
1938 3374 2088 3406 omnibus
2122 3372 2360 3415 persistentibus
2380 3398 2393 3415 ,

1382 3429 1458 3452 cum
1482 3417 1584 3452 homo
1610 3418 1748 3460 amplius
1772 3416 1863 3462 loqui
1888 3427 1951 3448 non
1987 3415 2088 3459 posset
2107 3439 2119 3455 ,
2158 3417 2192 3449 in
2227 3416 2394 3452 dexterum

1383 3471 1489 3495 autem
1513 3463 1596 3497 latus
1619 3461 1647 3495 se
1669 3460 1888 3499 convertislet,
1911 3460 1945 3492 in
1969 3459 2032 3499 hoc
2055 3460 2173 3495 cubans
2194 3485 2202 3500 ‚
2235 3461 2359 3503 placide
2383 3484 2393 3499 ,

2233 3507 2264 3537 δε
2290 3505 2351 3539 sine

325 3621 2377 3643 „W

385 3713 453 3744 (s)
470 3711 532 3736 Tab.
550 3719 573 3740 4.
592 3711 642 3740 Fig.
659 3718 682 3740 3.
746 3710 760 3737 (
773 3715 783 3732 ι
801 3709 814 3738 )
830 3707 929 3736 Advers.
948 3714 968 3736 3.
987 3705 1103 3731 Animad.
1123 3709 1162 3737 3⁶·

1225 3704 1379 3734 (u)n.4.

1444 3701 1458 3730 ζ
1474 3710 1488 3726 x
1504 3702 1514 3733 )
1532 3700 1612 3726 Schol.
1629 3698 1657 3724 ad
1677 3699 1698 3731 §.
1717 3708 1739 3729 4-
1758 3699 1817 3724 Obs.
1834 3708 1873 3724 ιο.
1890 3700 1952 3726 sest.
1968 3700 2054 3729 hujus.
