2498 4075
454 100 517 165 48

380 176 445 216 esti·
467 188 551 213 certe
573 180 600 213 is
622 179 660 212 de
682 190 749 223 qno
771 178 962 224 retulimus,
985 185 1082 217 Senex
1103 180 1194 217 simul
1218 187 1383 228 peripneu-

380 222 491 255 monia
505 248 514 263 ‚
538 224 570 255 δε
592 222 702 256 fractis
725 236 741 256 a
764 224 910 267 soporosa
935 225 1100 260 affeffione
1123 226 1245 261 viribus
1267 230 1381 270 periit.

381 264 435 296 Sic
457 268 565 305 enim,
589 276 624 299 ut
647 267 776 308 copiose
798 269 874 302 alibi
898 272 912 308 <
930 280 954 312 p
978 273 989 308 )
1011 267 1195 311 ostendam,
1217 271 1383 313 tumidus,

381 308 416 339 ἃ
438 306 581 341 densatus
595 333 603 347 ‚
627 311 662 342 ἅτ
684 309 804 351 durus,
827 315 859 345 ὅτ
880 313 982 353 gravis
995 312 1108 354 pulmo
1131 316 1383 358 aperipneumo-

379 351 432 381 nia
457 350 498 384 est
522 361 591 392 quaa
616 350 695 384 solvi
717 365 781 386 non
805 355 922 396 poffit3
946 365 1139 399 quapropter
1164 360 1197 393 δε
1220 360 1253 392 in
1278 358 1383 391 novis-

378 390 451 425 fima
476 393 631 428 Valsalvae
663 395 793 430 historia
817 409 855 430 ex
886 397 1037 431 indurato
1061 399 1129 442 post
1151 399 1292 434 thoracis
1320 401 1382 435 do-

373 436 454 470 lores
478 437 610 471 invento
632 440 801 480 pulmone,
824 439 919 481 hujus
943 441 1231 479 inflammationem
1256 445 1382 478 intelle-

374 480 407 510 xi
432 482 445 518 (
467 491 486 521 q
507 484 539 520 ).
566 481 653 514 Solvi
679 492 783 516 autern
806 484 838 515 in
863 482 930 515 sene
952 484 1083 518 infirmo
1103 509 1115 525 ,
1137 489 1170 520 δε
1193 487 1381 530 semisopito

335 538 339 539 ν
369 532 432 554 non
457 525 590 564 potuit,
610 526 728 568 quippe
751 527 805 567 qni
831 525 981 559 mobilem
1002 527 1107 564 *adhuc
1130 554 1143 571 ‚
1180 529 1381 573 strepentem-

369 576 430 607 que
454 570 485 598 in
509 566 676 601 bronchiis
709 568 873 602 materiam
898 571 1102 611 expectorare
1134 584 1190 605 nec
1222 574 1343 607 valebat
1367 599 1381 617 ,

371 619 429 641 nec
452 610 640 644 conabatur,
668 613 781 653 Itaque
802 610 948 645 dolorem
973 615 1136 655 primum,
1160 619 1282 650 mox&
1303 617 1380 651 ster-

364 659 469 687 torem
492 651 609 685 desiisse
633 664 697 686 non
719 654 861 696 placebat
885 655 976 689 nobis
987 657 1257 701 conjicientibus,
1279 671 1378 704 quan-

366 703 438 727 tum
470 696 544 728 mali
581 695 638 729 sub
669 708 701 729 ea
734 699 851 740 quietis
884 698 984 741 specie
1016 700 1108 734 facile
1148 701 1342 737 delitesceret
1367 730 1374 737 .

362 737 462 774 Quod
486 748 524 771 eo
547 740 647 780 magis
671 741 798 773 anetum
820 740 862 774 est
879 764 891 780 ,
914 744 988 783 quia
1012 744 1112 778 multa
1135 754 1201 778 erat
1225 746 1258 778 in
1284 746 1374 781 effoe-

361 790 399 815 to
426 781 575 821 sanguine
599 784 728 815 materia
752 783 790 816 ad
801 785 1087 826 concremendam,
1109 788 1370 832 ubiquiesceret,

362 834 485 866 prona,
510 822 602 857 sicuti
626 825 788 867 polyposae
813 826 882 869 post
905 838 1042 862 mortem
1076 833 1295 866 concretiones
1318 843 1370 869 tot

362 876 523 908 tantaeque
553 866 731 902 docuerunt
751 892 758 899 .
894 870 966 903 Nec
998 881 1104 907 tamen
1128 887 1144 908 a
1167 878 1369 912 concretione

360 909 416 941 sub
440 910 549 942 Tenui
574 912 719 953 meninge
751 911 832 945 illud
857 914 1059 953 repetendum
1089 926 1156 952 erat
1178 919 1264 962 quasi
1297 932 1368 955 rnu-

358 951 496 990 cosum3
522 963 656 996 namque
678 957 710 987 in
737 954 869 996 speciem
891 967 957 990 erat
976 959 1138 1002 gelatina,
1164 973 1267 996 revera
1291 976 1368 1007 aqua

359 994 458 1028 fluida
477 1006 488 1028 .-
512 999 541 1029 &
567 996 726 1040 quidquid
750 999 867 1033 mucosi
893 1002 1091 1044 apparebat,
1125 1004 1162 1038 ad
1196 1005 1332 1040 divulsas
1354 1031 1367 1048 ,

353 1037 552 1072 disti-aetasve
576 1042 732 1083 meningis
779 1043 926 1077 articulas
951 1068 964 1085 ‚
996 1046 1147 1090 fibrasque
1173 1048 1332 1091 speetabat
1355 1074 1362 1081 .

354 1083 463 1123 Qam
487 1082 621 1124 speciem
646 1087 678 1117 &
702 1086 745 1117 mi
775 1087 806 1123 i,
831 1089 864 1120 δε
889 1087 960 1121 aliis
985 1090 1365 1134 imposuiss‘einterdum‚

354 1136 420 1157 non
444 1124 582 1161 dubito:
608 1139 791 1170 quanquam
817 1129 1027 1172 suspicionem
1062 1134 1190 1176 injicere
1211 1134 1363 1170 debuisset

353 1167 524 1213 Wepferus
536 1192 549 1209 ,
572 1172 627 1213 qui
650 1182 723 1204 cum
744 1172 917 1214 gelatinam
937 1174 1058 1209 ibidem
1081 1179 1287 1221 conspexisset
1299 1192 1362 1214 non

352 1211 446 1244 semel
472 1213 486 1249 (
508 1222 524 1242 r
543 1215 581 1252 )>
606 1213 798 1255 adnotavit,
820 1214 878 1249 hac
899 1218 1027 1252 cultello
1044 1220 1189 1263 sauciata
1213 1245 1223 1261 ‚
1250 1234 1362 1265 aquam

349 1251 530 1298 eastillaffe.
557 1256 636 1288 Non
660 1256 828 1291 adnotavit
851 1260 985 1302 quidem
1004 1287 1014 1302 ,
1036 1263 1119 1297 uncle
1143 1265 1196 1298 illa
1221 1265 1362 1300 existeret

348 1297 485 1338 species.
511 1297 571 1330 Sed
584 1310 679 1342 neque
694 1312 752 1342 ego
763 1312 837 1335 cum
849 1303 931 1336 unde
942 1306 1106 1346 existeret,
1130 1309 1361 1349 animadverti,-

349 1339 388 1372 de
412 1351 484 1373 vera
507 1341 601 1375 illius
621 1341 689 1376 sede
711 1345 858 1379 solicitus
882 1345 953 1380 fui.-
978 1350 1065 1390 quod
1080 1350 1196 1385 diserte
1221 1351 1273 1385 hic
1297 1353 1360 1386 tibi

346 1382 588 1426 significandum
613 1385 669 1419 esse
692 1409 705 1426 ,
740 1390 846 1423 censui
876 1412 884 1427 ‚
909 1400 944 1424 ut
967 1393 1221 1438 quandocunque
1252 1397 1285 1428 in
1307 1396 1358 1430 his

343 1426 502 1468 Epistolis
533 1440 646 1472 aquam
670 1428 725 1462 sub
757 1433 866 1467 Tenui
901 1437 1048 1478 meninge
1079 1436 1241 1473 offendisse
1273 1451 1323 1472 me
1347 1464 1357 1479 ,

342 1469 477 1506 :scribam
497 1493 506 1508 ‚
539 1482 594 1505 aut
617 1471 747 1506 eandem
783 1476 962 1520 meningem
986 1479 1020 1511 in
1052 1481 1092 1514 iis
1113 1482 1243 1524 quidem
1277 1484 1356 1518 locis

344 1513 542 1555 nominabo,
566 1517 599 1549 in
623 1517 743 1560 quibus
768 1529 876 1553 natura
901 1521 940 1553 ab
963 1532 997 1555 ea
1012 1533 1076 1556 non
1100 1524 1259 1567 disjunxit
1273 1528 1357 1560 Ara-

344 1556 542 1599 chnoidem,
566 1571 631 1592 uno
655 1561 828 1605 eodemque
852 1566 980 1597 nomine
1006 1591 1016 1606 ,
1048 1568 1201 1602 Veterum
1234 1581 1322 1602 more
1343 1594 1356 1611 ,

343 1609 511 1644 utramque
534 1603 797 1645 comprehensam
825 1607 988 1650 intelligas
1005 1633 1018 1650 ‚
1041 1613 1206 1645 &memor
1228 1622 1281 1646 tot
1305 1624 1357 1647 ne-

342 1654 439 1678 xuum
458 1643 643 1688 sibi-osorum
667 1657 722 1693 per
745 1660 823 1691 quos
848 1651 1030 1692 Ruyschius
1052 1656 1066 1693 (
1083 1655 1111 1697 s
1121 1659 1135 1695 >
1157 1654 1269 1691 docuit
1293 1668 1357 1691 am-

345 1688 400 1721 bas
424 1689 508 1721 inter
532 1689 559 1723 se
584 1692 730 1725 connasci
752 1717 762 1732 ‚
809 1693 900 1735 poffis
942 1707 1016 1729 cum
1063 1699 1240 1733 recentibus
1271 1701 1355 1733 Ana-

344 1732 478 1765 tomicis
502 1733 535 1766 in
558 1733 744 1770 laxatorum
754 1747 863 1770 eorum
888 1741 1215 1777 nexuuminterstitiis
1241 1756 1354 1787 aquam

343 1775 524 1819 congestam
548 1777 725 1811 existimare
747 1803 755 1810 .
790 1781 886 1823 Aqua
912 1791 1017 1817 autem
1039 1795 1073 1816 ea
1096 1787 1189 1828 copia
1215 1786 1280 1821 fuit
1303 1789 1353 1821 in-

345 1828 397 1853 tra
421 1821 567 1853 cranium
592 1820 748 1864 propofiti
773 1822 852 1856 senis
876 1834 945 1858 tum
969 1829 1044 1870 quia
1069 1828 1248 1864 illiusmodi
1285 1830 1352 1865 san-

341 1864 413 1906 guis
437 1864 521 1896 lente
543 1865 668 1898 meabat
696 1888 704 1903 ,
743 1875 813 1899 tum
835 1869 909 1909 quia
933 1870 966 1901 in
989 1882 1021 1903 ea
1046 1881 1139 1904 aetate
1162 1872 1232 1906 sero
1256 1875 1352 1908 abun-

341 1908 423 1948 dat,
447 1909 479 1940 δε
501 1917 620 1950 caput.
648 1918 683 1943 ut
706 1910 786 1943 vires
809 1910 1148 1957 ostenduntlanguidae
1163 1941 1171 1954 ,
1193 1916 1352 1952 infirmius

340 1950 405 1986 cst.
434 1950 535 1989 Quod
560 1953 660 1995 igitur
693 1953 727 1985 in
750 1965 787 1986 co
818 1954 937 1996 legitur
960 1956 1045 1991 libro
1069 1959 1124 2001 qui
1158 1960 1242 1992 inter
1264 1963 1352 2004 Hip-

338 1995 525 2039 pocraticos
549 1994 779 2030 circumfertur
797 2020 809 2037 ,
842 1998 1015 2041 inscriptus
1053 2003 1087 2034 de
1119 2000 1254 2036 hominis
1270 2004 1352 2042 stm-

340 2039 431 2072 ft'ura
456 2042 470 2078 <
494 2046 509 2072 t
529 2042 563 2079 ),
587 2050 658 2073 cum
681 2039 837 2074 cerebrum
852 2038 987 2083 frz'rridis
1009 2044 1187 2078 humoribus
1199 2046 1351 2089 repletum

332 2079 442 2126 fuerit
457 2104 468 2121 ,
491 2081 564 2115 hinc
581 2081 747 2124 pczffionem
770 2094 834 2125 quae
857 2067 1224 2129 lethargusappellatur,
1251 2089 1352 2124 homi-

340 2136 410 2159 nem
436 2135 605 2166 occupare,
627 2124 662 2158 id
678 2149 690 2165 ‚
713 2125 736 2158 fi
760 2126 856 2160 latius
879 2127 1047 2170 aliquanto
1070 2132 1208 2173 accipias
1223 2157 1232 2172 ,
1257 2132 1316 2166 hac
1338 2157 1349 2173 ‚

338 2167 542 2211 caterisque,
565 2178 601 2201 ut
624 2168 767 2203 diximus
788 2193 801 2210 ‚
835 2171 869 2203 in
892 2168 950 2203 hac
976 2172 1119 2214 Epistola
1144 2173 1350 2209 Disl'ee'tioni-

338 2214 396 2246 bus
419 2209 645 2245 confirmatum
669 2212 756 2246 vides
775 2239 783 2250 ,
819 2213 1000 2256 duabusque
1034 2224 1183 2258 pr'aeterea
1216 2220 1288 2252 aliis
1311 2219 1351 2253 ad

338 2254 504 2298 soporosas
525 2266 653 2297 quoque
678 2254 860 2290 affectiones
885 2258 1120 2299 pertinentibus
1143 2283 1152 2299 ‚
1178 2274 1249 2305 quae
1271 2263 1351 2296 Dis-

337 2299 494 2333 seftiones
518 2299 552 2329 in
577 2299 604 2330 I.
630 2301 643 2336 (
667 2309 687 2330 ιι
711 2303 753 2338 ),
786 2301 817 2332 Sc
843 2302 888 2332 11.
927 2304 938 2339 (
961 2305 1017 2341 x)
1049 2302 1088 2336 ad
1121 2313 1152 2336 te
1189 2304 1351 2347 Epistolas

339 2340 492 2384 conjcetae
516 2340 610 2380 sunt,
635 2343 665 2373 &
691 2340 818 2376 fortasse
843 2344 912 2375 aliis
937 2344 1034 2378 etiam
1055 2345 1204 2386 videbis,
1225 2358 1262 2381 ut
1284 2360 1351 2382 cer-

339 2396 371 2418 te
395 2396 428 2416 ea
451 2382 491 2417 ad
512 2394 610 2427 quam
635 2383 694 2416 tibi
719 2383 953 2418 describendam
979 2388 1102 2420 transeo
1122 2412 1134 2428 ‚
1166 2390 1293 2431 quando
1318 2394 1350 2424 in

342 2427 559 2471 ,superioribus
593 2428 729 2460 Litteris
761 2431 851 2469 (y)
883 2429 971 2471 quod
994 2428 1146 2464 habebam
1180 2432 1282 2467 dicere
1315 2435 1353 2467 de

342 2470 540 2514 corpusculis
563 2469 651 2503 duris
674 2471 706 2502 in
734 2472 854 2504 Pineali
878 2472 1026 2514 glandula
1041 2485 1104 2507 non
1127 2476 1172 2508 ita
1197 2488 1271 2510 raro
1293 2489 1352 2511 oc-

342 2514 545 2549 currentibus
561 2538 570 2552 ,
597 2513 722 2547 dietum
746 2514 807 2547 est.

388 2569 435 2601 ¹4·
462 2558 546 2591 VIR
569 2565 717 2597 exterus,
739 2556 844 2600 isque,
872 2568 906 2592 ut
929 2559 1129 2602 videbatur,
1152 2563 1350 2607 quinquage-

340 2602 447 2635 narius
470 2603 504 2634 in
529 2600 733 2633 Nosocomio
767 2603 921 2634 Patavino
942 2614 979 2635 ex
1012 2604 1200 2646 pulmonum
1224 2607 1349 2641 inflam-

341 2646 486 2679 matione
508 2654 582 2676 cum
606 2643 759 2686 sopor-oso
784 2655 836 2686 per
859 2655 994 2688 quatuor
1015 2646 1081 2680 dies
1101 2645 1238 2689 affeetu,
1261 2663 1348 2685 mor-

341 2699 415 2722 tuus
438 2697 503 2720 erat
537 2686 641 2720 mense
665 2688 792 2720 Martio
825 2688 866 2721 A.
907 2700 998 2732 1717.
1134 2692 1165 2725 A
1199 2694 1346 2728 CADA-

344 2732 474 2765 VERE
497 2738 699 2772 amputatum
723 2741 840 2773 caput,
864 2734 896 2764 &
920 2732 1062 2767 deti-aeta
1085 2735 1238 2778 genitalia
1262 2758 1272 2774 ‚
1305 2737 1344 2771 ad

344 2787 394 2808 me
420 2800 428 2814 ‚
452 2783 520 2808 turn
544 2773 629 2810 forte
652 2775 796 2819 quaedam
818 2773 856 2807 de
881 2785 1089 2820 utrorumque
1121 2777 1274 2814 strustura
1299 2792 1347 2814 re-

340 2817 530 2859 cognoscere
554 2818 754 2860 cupientem‚
780 2816 931 2853 afferenda
951 2842 964 2859 ,
997 2830 1031 2854 nt
1055 2821 1194 2855 solebant
1216 2845 1225 2860 ‚
1259 2835 1348 2857 cura-

344 2869 418 2895 runt
443 2861 515 2893 Viri
540 2860 710 2894 Clariffimi
737 2885 749 2901 ,
782 2864 837 2904 qui
862 2872 932 2897 tum
956 2863 1037 2897 mihi
1073 2866 1106 2898 in
1129 2866 1284 2909 plerisque
1309 2868 1353 2900 se-

344 2903 507 2937 &ionibus
532 2902 701 2945 adjutrices
726 2905 905 2947 praebebant
931 2918 1063 2948 manus,
1087 2910 1120 2942 in
1145 2909 1353 2945 Publicorum

345 2945 561 2980 Professorum
584 2957 751 2981 numerum
775 2949 879 2990 postea
903 2950 1095 2985 meritiffirne
1118 2952 1232 2986 adlecti
1253 2977 1265 2993 ,
1292 2955 1353 2999 Ju-

345 2990 407 3024 lius
432 2990 634 3031 Pontedera,
658 2995 687 3024 &
708 2993 764 3036 Jo.
792 2993 934 3035 Baptista
959 2995 1120 3037 Vulpius.
1146 2998 1197 3030 De
1221 2997 1353 3032 Thora-

342 3034 388 3067 cis
410 3032 581 3068 visceribus
610 3058 620 3074 ‚
652 3036 803 3078 quoniam
828 3035 1067 3071 manifestissima
1092 3040 1280 3081 pulmonum
1303 3043 1353 3075 in-

345 3077 525 3110 flammatio
548 3076 650 3111 fuerat
668 3101 678 3116 ‚
702 3090 757 3111 nec
781 3090 840 3121 ego
863 3088 939 3112 tunc
973 3093 1057 3114 eram
1081 3082 1227 3117 solicitus
1249 3108 1259 3122 ,
1295 3096 1350 3118 nec

343 3118 404 3162 ipsi
428 3119 575 3154 fuerunt.
709 3122 761 3155 Ex
784 3123 998 3165 genitalibus,
1020 3125 1288 3167 quemadmodum
1312 3140 1350 3162 ex

344 3164 386 3195 iis
410 3174 478 3205 quae
503 3165 675 3205 peculiaria
699 3163 856 3199 habebant
876 3188 885 3202 ‚
922 3168 998 3201 alibi
1023 3180 1039 3201 a
1064 3181 1124 3211 ¹<me
1155 3170 1313 3213 descripta
1336 3195 1348 3212 ,

345 3207 482 3249 aliasque
507 3206 717 3250 proferenda,
738 3208 909 3253 cognosces
936 3235 947 3252 ,
979 3212 1207 3255 proclive‘erat
1228 3214 1349 3248 intelli·

1406 282 1505 315 *quae
1527 269 1565 304 ad
1588 283 1655 305 rem
1678 271 1861 314 praesentem
1877 280 1930 304 att

1009 104 1166 159 Liber
1199 105 1237 160 l.
1271 107 1355 160 De
1392 107 1600 161 Morbis
1633 107 1842 175 Capitis

1432 194 1526 227 gere,
1548 184 1669 221 nullam
1690 187 1720 218 ei
1740 185 1813 220 vito
1835 192 1946 220 notam
1968 183 2101 219 Veneris
2133 185 2329 229 voluptatem
2355 185 2435 222 fuis-

1433 229 1461 262 se
1475 251 1485 258 .
1616 231 1654 264 In
1679 228 1817 262 Cerebro
1839 227 1965 263 autem‘·
1988 228 2044 263 etsi
2069 229 2156 262 aliud
2179 231 2308 272 agebam
2331 243 2343 270 ς
2365 230 2435 265 haec

1933 251 2020 305 §slent
2037 295 2050 312 ,
2073 271 2221 306 adnotavi
2242 298 2252 313 ‚
2283 274 2432 307 videlicet

1433 316 1467 347 in
1490 315 1676 350 ventriculis
1700 325 1837 357 aquam,
1856 317 1888 348 &
1911 314 1969 350 sub
1983 316 2090 349 Tenui
2114 315 2259 358 meninge
2282 318 2432 359 paffim&

1431 357 1591 398 multam,
1614 361 1646 392 &
1671 359 1806 392 flavam.-
1828 359 1862 390 iu
1886 358 1962 392 vasis
1984 367 2089 392 autem
2111 381 2122 397 ‚
2146 357 2293 401 sanguine
2315 359 2432 394 disten—

1432 403 1474 435 tis
1488 424 1497 439 ‚
1522 400 1693 444 polyposas
1716 400 1769 435 hic
1792 400 1863 434 illic
1886 404 2127 435 concretiones.

1478 455 1525 486 15.
1551 447 1589 478 In
1613 443 1706 487 hujus
1728 456 1858 488 quoque
1880 446 2011 486 cranio,
2034 454 2071 480 ut
2094 454 2164 478 ante
2186 445 2396 481 indicavimus
2418 470 2428 486 ,

1432 488 1522 523 fuisse
1546 499 1683 530 aquam,
1705 489 1792 521 vides
1807 511 1814 519 .
1842 487 1900 521 Sed
1923 498 1988 521 erat
2011 487 2078 522 haec
2093 488 2170 522 flava
2184 513 2191 526 ,
2216 489 2298 522 utin
2320 501 2430 524 coma-

1431 533 1499 566 tosa
1521 532 1619 564 etiam
1642 530 1767 573 puella,
1788 531 1823 563 in
1846 531 1966 564 sartote
1987 543 2082 574 quem
2103 532 2278 573 profundus
2303 532 2429 568 somnus

1431 574 1564 609 subinde
1587 573 1796 617 prehendebat
1810 596 1823 614 ,
1846 577 1878 607 &
1901 575 1934 607 in
1958 585 2056 616 puero
2066 573 2266 618 lethargico,
2289 587 2428 618 quorum

1430 618 1584 652 see‘tiones
1607 616 1701 651 habes
1723 619 1757 650 in
1781 615 1990 659 Sepulchreto
2012 620 2026 656 (
2048 631 2072 662 z
2093 623 2107 659 >
2126 645 2133 652 .
2156 620 2207 652 Eo
2230 628 2333 651 tamen
2357 621 2427 654 noli

1426 663 1531 696 statim
1554 660 1715 694 decurrere
1733 684 1746 701 ‚
1778 670 1814 694 ut
1836 660 1918 694 illud
1947 662 2104 702 improbes
2125 661 2211 705 quod
2233 673 2271 695 ex
2304 664 2428 697 Car-olo

1428 705 1536 739 Pisone
1559 703 1679 744 ibidem
1701 708 1714 743 (
1737 715 1755 736 a
1777 707 1791 743 )
1816 702 1976 746 profertur
2000 726 2013 743 ,
2036 703 2136 739 serum
2159 706 2318 748 sanguinis
2334 706 2427 748 sopo-

1426 748 1526 791 rosum
1548 745 1625 786 esse,
1643 747 1672 790 fi
1694 754 1882 780 excremento
1904 745 2021 780 cerebri
2043 748 2184 789 mucoso,
2207 748 2259 782 vel
2269 748 2342 782 aliis
2366 749 2425 782 hu-

1424 791 1561 825 moribus
1583 794 1597 829 (
1616 798 1728 832 praeter
1749 787 1842 822 bilem
1859 789 1877 831 )
1900 789 2133 831 commisceatur
2157 815 2165 823 .
2199 792 2287 825 Nam
2309 793 2343 824 in
2366 793 2424 825 illa

1423 835 1525 879 puella
1549 833 1736 876 epilepticus
1759 830 1894 876 insultus
1908 853 1917 868 ‚
1939 833 1972 865 in
1996 843 2034 865 eo
2057 844 2156 876 puero
2176 835 2286 876 ingens
2306 836 2422 882 capitis

1421 878 1516 911 dolor
1538 877 1929 920 praecelle1·ant,1arto1·em
1952 883 2056 910 autem
2079 888 2143 910 non
2166 875 2219 911 hic
2242 878 2355 919 modo,
2371 879 2423 913 led

1420 921 1549 956 subinde
1573 920 1692 962 vigiliae
1707 945 1715 959 ,
1739 917 1868 951 subinde
1891 918 2018 952 somnus
2049 920 2127 952 male
2151 919 2308 955 habebant
2333 932 2341 954 τ
2366 934 2422 955 nec

1419 962 1546 998 fortasse
1568 962 1692 1006 aliquid
1714 960 1884 1004 ejusmodi,
1895 960 1916 994 si
1930 963 2002 1037 qtuis
2013 961 2200 1005 diligentius
2212 964 2414 1007 quaesivisset,

1419 1010 1451 1040 in
1465 1010 1536 1040 vito
1545 1006 1666 1047 deerat,
1675 1003 1764 1047 cujus
1775 1004 1873 1038 modo
1898 1004 1943 1038 hil
1960 1007 2061 1039 oriam
2074 1007 2245 1049 proposui.
2270 1009 2342 1040 Nec
2365 1020 2415 1043 me

1417 1062 1520 1084 tamen
1544 1049 1630 1092 fugit
1653 1049 1742 1092 quod
1765 1050 1797 1080 in
1821 1047 1907 1081 idem
1929 1060 2054 1092 quoque
2068 1050 2229 1095 Volumen
2250 1054 2264 1089 <
2288 1050 2307 1083 b
2327 1054 2344 1091 >
2367 1063 2420 1084 re-

1416 1095 1517 1128 latum
1540 1094 1583 1127 est
1603 1117 1615 1134 ,
1649 1104 1665 1124 a
1689 1090 1855 1124 Francisco
1880 1092 1992 1133 Sylvio
2016 1093 2049 1125 in
2074 1093 2141 1135 ipsa
2165 1094 2230 1126 bile
2249 1117 2262 1134 ‚
2295 1095 2418 1137 quippe

1414 1148 1476 1170 non
1499 1138 1583 1171 secus
1606 1147 1641 1168 ac
1664 1136 1777 1177 opium
1797 1157 1808 1172 ‚
1832 1135 1969 1175 impense
1993 1146 2096 1169 amara
2117 1160 2127 1177 ,
2159 1136 2418 1172 vehementiorem

1412 1180 1549 1223 narcofin
1571 1178 1705 1222 politam
1728 1176 1808 1218 csse,
1829 1180 1860 1209 ἃ
1883 1187 1997 1219 praeter
2018 1190 2152 1222 aquam,
2174 1180 2235 1212 alia
2258 1181 2292 1213 in
2316 1190 2416 1213 veter-

1411 1223 1560 1258 nosorum
1582 1221 1742 1265 capitibus
1764 1242 1775 1259 ,
1808 1223 1981 1263 praesertim
2003 1233 2076 1254 vero
2114 1223 2262 1265 sanguine
2284 1222 2417 1257 distenta

1413 1267 1480 1300 vasa
1505 1277 1570 1300 non
1592 1277 1662 1298 raro
1685 1264 1841 1297 inveniri:
1866 1264 1935 1295 imo
1957 1266 1991 1297 in
2011 1264 2202 1306 quibusdam
2224 1269 2239 1306 (
2260 1279 2276 1300 c
2297 1271 2311 1307 )
2331 1278 2416 1301 cere-

1412 1310 1502 1344 brum
1529 1309 1602 1343 satis
1625 1306 1793 1341 exsuccum
1807 1331 1818 1347 ‚
1841 1317 1878 1341 ac
1900 1305 2052 1350 hydrope,
2074 1315 2129 1340 aut
2139 1308 2272 1343 colluvie
2288 1310 2415 1353 serosa,

1412 1352 1524 1395 quibus
1546 1351 1712 1394 lethargici
1730 1351 1911 1394 plerumque
1935 1349 2135 1400 afficiunturz
2153 1352 2280 1394 prorsus
2301 1354 2415 1387 immu-

1411 1406 1447 1429 ne
1470 1395 1672 1438 deprehendi.
1696 1394 1849 1436 Qorum
1871 1403 1930 1433 ego
1952 1393 2200 1427 nilrilinhcior:
2223 1397 2302 1437 quin
2325 1398 2414 1431 ultro

1408 1438 1513 1480 addo,
1538 1436 1688 1473 audivisse
1711 1449 1761 1470 me
1777 1460 1790 1477 ,
1814 1437 2028 1472 somnolentos
2051 1449 2065 1469 a
2091 1436 2251 1480 deglutito
2262 1439 2341 1482 opio
2360 1452 2414 1475 ca-

1408 1493 1461 1516 nes
1492 1482 1640 1516 arteriosa
1665 1482 1773 1514 omnia
1808 1479 1927 1512 cerebri
1960 1480 2027 1512 vasa
2063 1479 2228 1515 ostendisse
2263 1485 2414 1526 sanguine

1406 1526 1611 1560 vehementer
1633 1524 1782 1566 turgida.
1810 1521 1867 1555 Sed
1891 1522 1973 1557 illud
1996 1523 2070 1565 ajo,
2093 1524 2173 1557 utile
2196 1525 2330 1567 quidem
2353 1528 2410 1561 effe

1408 1569 1508 1611 scire,
1531 1568 1696 1611 soporosas
1720 1565 1900 1600 affe-&iones
1937 1567 1971 1598 in
1995 1567 2064 1599 aliis
2088 1567 2179 1601 aliter
2201 1568 2267 1601 lieri
2292 1570 2331 1603 ab
2352 1571 2412 1605 alia

1410 1613 1521 1652 causa3
1545 1613 1626 1645 illud
1649 1623 1722 1643 vero
1745 1611 1876 1648 utilius,
1900 1607 1984 1642 nosse
2007 1609 2088 1653 quid
2108 1610 2291 1654 plerumque
2313 1626 2352 1648 ex
2375 1625 2409 1647 a..

1410 1658 1527 1689 liorum
1549 1666 1675 1699 quoque
1697 1652 1884 1688 confessione
1917 1652 1984 1694 post
2007 1652 2187 1687 affeffiones
2210 1656 2282 1690 illas
2313 1658 2412 1693 soleat

1445 1712 1478 1732 VC
1504 1712 1563 1732 11'1.

1408 1712 1499 1775 m16rl
1526 1744 1624 1776 Nunc
1649 1751 1753 1775 tamen
1776 1740 1931 1782 quoniam
1957 1738 1993 1771 de
2017 1739 2084 1773 sero
2102 1763 2114 1780 ,
2136 1740 2223 1783 quod
2248 1752 2283 1776 ut
2306 1745 2411 1787 pluri-

1406 1797 1494 1820 mum
1518 1788 1692 1828 reperitur,
1716 1784 1790 1819 satis
1812 1781 1936 1828 diffisum
1960 1783 2025 1822 est5
2048 1782 2087 1816 de
2111 1785 2255 1831 vasorum
2266 1799 2410 1833 «quoque

1405 1829 1594 1863 distentione
1616 1832 1628 1868 (
1651 1839 1747 1871 quam
1771 1830 1800 1859 &
1827 1828 1890 1872 ipse
1924 1828 1957 1858 in
1980 1839 2018 1859 eo
2043 1827 2195 1870 soporoso
2229 1831 2342 1865 asteQu·
2365 1834 2411 1865 cs.

1407 1873 1458 1914 se,
1480 1874 1585 1906 censui
1613 1896 1624 1912 ,
1656 1873 1690 1904 in
1713 1883 1779 1914 quo
1802 1881 1914 1912 magna
1937 1881 2010 1904 curu
2032 1871 2182 1917 utilitate
2206 1874 2409 1917 Occipitales

1406 1928 1498 1950 venas
1521 1916 1620 1949 incidi
1643 1913 1710 1958 juffi
1734 1917 1746 1953 <
1770 1914 1790 1946 d
1810 1915 1845 1959 >9
1869 1917 1901 1947 ὃς
1924 1925 1988 1947 non
2011 1926 2082 1961 raro
2108 1937 2120 1954 ,
2145 1915 2249 1949 iateor
2270 1941 2282 1957 ,
2315 1918 2407 1953 simul

1403 1972 1477 1993 cum
1502 1971 1580 2003 aqua
1603 1961 1764 1992 inventam
1787 1958 1866 1994 elle,
1889 1958 1976 1990 velut
2000 1959 2085 2001 Acta
2106 1969 2233 2002 quoque
2256 1962 2410 1997 Caesareae

1404 2003 1586 2036 Academiae
1609 2006 1622 2041 (
1645 2013 1660 2034 e
1681 2005 1695 2041 )
1714 2024 1727 2041 ,
1760 2004 1791 2035 δε
1816 1999 1927 2034 nostrae
1952 2002 2020 2033 alize
2046 2002 2300 2037 Observationes
2324 2005 2410 2050 (f)

1401 2046 1591 2080 confirmant
1613 2050 1627 2086 )
1649 2044 1687 2079 de
1708 2046 1788 2084 illa,
1810 2045 1938 2086 inquam
1954 2069 1963 2084 ,
1986 2044 2112 2086 aliquid
2135 2044 2305 2094 dicamus)
2329 2061 2411 2092 pra:-

1402 2089 1512 2122 sertim
1535 2099 1606 2122 curn
1630 2090 1664 2120 in
1687 2090 1758 2121 viro
1780 2087 1817 2120 de
1840 2098 1904 2129 quo
1927 2088 2115 2130 loquimur,
2138 2099 2202 2122 non
2228 2092 2371 2126 desuerit
2396 2117 2410 2123 -

1400 2134 1490 2167 Huic
1514 2141 1637 2175 quanto
1659 2131 1730 2173 plus
1753 2130 1914 2172 sanguinis
1936 2132 2036 2177 inerat
2057 2154 2071 2171 ,
2104 2134 2136 2164 &
2160 2143 2283 2175 quanto
2303 2138 2410 2170 minus

1401 2188 1456 2220 per
1479 2177 1695 2209 inflammatos
1719 2175 1886 2217 pulmones
1909 2176 2016 2217 trajici
2041 2183 2191 2222 poterat,
2214 2185 2308 2211 tanto
2331 2180 2402 2222 plus

1402 2218 1591 2252 crediderim
1612 2220 1646 2251 in
1671 2220 1758 2252 venis
1780 2229 1851 2260 quae
1875 2217 1959 2250 intra
1982 2218 2126 2264 cranium
2149 2221 2240 2257 lunt,
2266 2222 2402 2256 restitas.

1403 2262 1451 2295 se.
1477 2263 1539 2295 Hae
1563 2263 1649 2294 enim
1671 2271 1755 2293 venae
1779 2271 1852 2293 cum
1875 2261 2161 2302 ci1·cum1e6torum
2191 2263 2410 2300 musculorum

1402 2315 1510 2340 carent
1534 2303 1718 2347 adjumento
1739 2326 1748 2340 ,
1771 2313 1842 2336 tum
1866 2303 2051 2345 sanguinem
2081 2304 2120 2349 ab
2143 2306 2184 2339 iis
2207 2311 2334 2342 arteriis
2358 2321 2410 2343 ac-

1403 2351 1550 2392 cipiunt,
1578 2359 1649 2390 quae
1672 2357 1708 2380 ut
1723 2345 1921 2379 tenuioribus
1946 2349 2064 2383 tunicis
2077 2350 2173 2389 sunt,
2196 2351 2242 2383 ita
2266 2363 2330 2385 non
2342 2365 2411 2387 ma-

1403 2403 1538 2433 onopere
1561 2391 1654 2424 illum
1677 2390 1867 2432 compellere
1886 2412 1899 2429 ,
1933 2400 1988 2421 nec
2012 2401 2029 2421 a
2066 2398 2157 2432 tergo
2180 2393 2268 2427 valde
2294 2407 2409 2438 urgere

1402 2421 1549 2479 ²possunt.
1577 2435 1712 2475 Qanto
1737 2442 1842 2466 autem
1865 2433 1968 2474 magis
1991 2432 2111 2467 testitat
2142 2433 2291 2477 sanguis,
2315 2447 2408 2473 tanto

1402 2479 1473 2521 plus
1496 2476 1553 2510 seri
1566 2500 1576 2516 ,
1601 2477 1624 2510 fi
1647 2476 1731 2511 nihil
1754 2474 1947 2518 prohibeat,
1971 2475 2011 2508 ab
2032 2488 2070 2509 eo
2092 2476 2229 2519 secedit,
2252 2489 2409 2527 tantoque

1401 2523 1502 2562 magis
1525 2521 1563 2554 ab
1587 2529 1724 2564 utroque
1756 2521 1913 2562 premitur
1935 2519 2098 2560 cerebrum
2120 2532 2129 2553 ς
2163 2532 2261 2563 porro
2282 2535 2407 2567 quanto

1403 2559 1508 2607 ma‘jor
1530 2563 1598 2597 haec
1621 2564 1734 2607 preffio
1756 2562 1818 2601 est,
1843 2571 1935 2595 tanto
1958 2565 2087 2605 gravior
2110 2562 2151 2597 est
2167 2564 2282 2607 sopor3
2307 2579 2343 2602 ut
2366 2570 2409 2602 1⁴1,

1399 2609 1429 2641 la
1453 2608 1499 2641 vel
1522 2604 1624 2649 magis
1649 2608 1760 2646 aubia,
1783 2607 1816 2638 in
1828 2606 2029 2648 apoplexiam
2051 2605 2106 2640 hic
2128 2606 2292 2650 degeneret
2307 2636 2314 2644 .
2340 2614 2408 2646 Ita-

1397 2663 1458 2695 que
1482 2653 1648 2684 Sennertus
1669 2653 1682 2689 <
1702 2661 1724 2691 g
1740 2650 1758 2690 )
1781 2648 1804 2681 s1
1828 2648 1906 2682 adeo
1928 2660 2014 2682 carus
2038 2651 2231 2693 ingravescat
2254 2676 2267 2693 ,
2299 2664 2336 2689 ut
2358 2668 2408 2689 re-

1398 2696 1533 2738 spiratio
1554 2705 1681 2738 quoque
1704 2690 1852 2732 laedatur,
1875 2700 1943 2725 tum
1965 2693 2159 2743 apoplexiam
2172 2696 2214 2740 ⁴in
2233 2700 2408 2741 propinquo

1400 2738 1476 2782 esse,
1500 2747 1609 2771 monet
1627 2761 1634 2768 .
1658 2737 1750 2773 Quin
1773 2735 1987 2781 Boerhaavius
2011 2739 2025 2776 (
2047 2736 2067 2770 h
2088 2740 2103 2776 )
2124 2736 2239 2772 diserte
2259 2763 2268 2778 ,
2294 2744 2408 2777 Carum

1399 2778 1456 2827 effe
1479 2780 1672 2824 apoplexiam
1695 2779 1794 2813 levem
1815 2801 1826 2817 ‚
1861 2780 1994 2819 scribit,
2017 2779 2207 2823 Lethargum
2230 2792 2337 2819 autem
2363 2786 2407 2819 le.

1404 2827 1525 2858 *piorem
1547 2824 1713 2865 apoplexiae
1730 2821 1883 2864 speciem.
1909 2824 1992 2865 Qae
2015 2834 2255 2870 commemoro,
2279 2838 2316 2860 ne
2341 2830 2408 2862 mi..

1405 2869 1481 2901 reris
1506 2891 1519 2908 ,
1551 2867 1573 2899 fi
1595 2878 1671 2909 quas
1694 2867 1778 2898 inter
1800 2866 1972 2908 apoplexiae
1994 2867 2098 2900 causas
2130 2868 2252 2909 posui,
2283 2871 2407 2906 easdem

1405 2922 1486 2946 nunc
1518 2909 1576 2944 esse
1609 2909 1778 2953 agnoscam
1814 2908 2040 2951 soporosorum
2071 2908 2242 2950 affectuum
2275 2915 2402 2948 causas.

1403 2957 1472 2988 Cur
1496 2963 1600 2987 autem
1623 2953 1740 2987 eaedem
1771 2953 1804 2985 in
1827 2953 2025 2994 quorundam
2057 2955 2219 2996 capitibus
2243 2979 2255 2996 ‚
2286 2960 2341 2999 qui
2366 2970 2405 2992 ex

1402 2997 1455 3031 his
1476 2996 1640 3031 affectibus
1665 2997 1782 3039 periere
1802 3019 1816 3037 ‚
1847 2995 1979 3038 majores
2002 2999 2163 3031 interdurn
2196 2998 2252 3034 esse
2276 3000 2404 3035 videan-

1402 3051 1478 3081 tur,
1500 3052 1593 3085 quam
1615 3042 1649 3073 in
1672 3041 1806 3072 aliorum
1829 3051 1907 3081 quos
1930 3042 2091 3073 interemit
2115 3044 2303 3085 apoplexia,
2327 3045 2403 3079 satis

1402 3096 1439 3118 ex
1462 3086 1504 3117 iis
1527 3096 1597 3128 quae
1621 3086 1655 3116 in
1677 3084 1737 3116 IV.
1762 3083 1905 3124 Epistola
1929 3086 1941 3122 (
1963 3085 2009 3124 i)
2042 3084 2184 3119 indicata
2209 3085 2279 3120 sunt
2302 3111 2315 3128 ,
2348 3100 2403 3131 per

1402 3138 1433 3161 te
1455 3127 1631 3171 conjicie53
1655 3137 1738 3169 ego,
1762 3135 1797 3159 ut
1821 3127 1923 3159 initio
1944 3126 2046 3169 dixi,
2076 3129 2153 3162 nolo
2178 3131 2211 3162 in
2236 3129 2295 3163 hac
2318 3144 2402 3174 quo-

1399 3183 1461 3216 que
1484 3171 1639 3214 prolixius
1662 3169 1852 3211 conjecturis
1876 3170 2040 3215 indulgere
2064 3196 2072 3203 .
2112 3171 2152 3206 Id
2173 3176 2334 3216 optimam
2366 3178 2401 3210 in

1398 3226 1519 3259 partem
1543 3214 1701 3257 accipies:
1726 3216 1757 3246 ὅ(
1780 3213 1919 3247 valebis.

2144 3431 2334 3484 EPI-

352 3530 2396 3557 *mmm—„W

402 3589 417 3618 (
430 3595 448 3619 p
463 3588 478 3617 )
491 3589 563 3618 Epist.
581 3599 617 3614 ιο.
636 3593 657 3616 8<
674 3600 710 3617 21.
771 3595 785 3624 ζ
801 3603 817 3625 q
832 3595 843 3626 )
858 3597 949 3625 Supra,
965 3604 990 3621 n.
1009 3605 1047 3622 ιι.

405 3618 551 3648 (t)n.³.
614 3622 766 3651 (u3n.2.
830 3626 996 3656 (x)n.20.
1056 3629 1131 3660 (y)

403 3649 419 3677 (
434 3656 449 3672 a
464 3655 474 3676 2
490 3650 548 3673 See’t.
566 3651 618 3674 ead.
636 3653 691 3676 Obs.
711 3656 731 3677 8.
749 3654 773 3678 in
790 3656 868 3679 schol.

403 3680 417 3707 ζ
435 3688 445 3702 e
461 3680 475 3709 )
493 3681 591 3703 Volum.
610 3683 629 3704 l.
648 3682 703 3706 Obs
728 3692 776 3713 ¹52·
796 3688 817 3710 3:
836 3688 878 3710 IV.
897 3686 954 3711 Obs.
972 3696 1009 3716 39·

404 3709 419 3739 ζ
435 3710 449 3732 h
465 3710 479 3740 )
495 3710 584 3738 Aptior.
603 3711 631 3736 de
647 3714 752 3742 cognosc.
770 3715 860 3740 morbis
878 3717 899 3746 §.
917 3725 984 3747 1⁰⁴5·
1003 3718 1025 3742 ἃ

1149 3636 1173 3652 Π.
1192 3635 1225 3652 12.

1041 3726 1109 3750 ¹⁰49·
1172 3721 1212 3749 (ι
1230 3720 1243 3748 )
1261 3728 1283 3744 n.
1304 3728 1342 3750 31.

1108 3601 1123 3629 (
1139 3606 1150 3622 r
1164 3597 1179 3627 )
1195 3598 1317 3628 Sepulchr.
1336 3600 1353 3623 1.
1374 3608 1394 3625 ι.
1412 3601 1434 3624 S.
1451 3607 1474 3623 2.
1491 3599 1550 3624 Obs.
1565 3607 1606 3627 47.
1625 3600 1647 3624 8<
1664 3603 1686 3626 S.
1705 3608 1738 3630 ις.
1756 3599 1854 3634 Obsl'3.
1922 3631 1926 3634 .

1288 3631 1302 3659 (
1318 3638 1336 3658 z
1352 3630 1365 3659 )
1383 3631 1440 3655 Sess.
1459 3631 1501 3654 hae
1518 3638 1541 3659 3.
1558 3630 1614 3654 Obs.
1634 3638 1670 3655 ιι.
1690 3630 1712 3654 8(
1727 3639 1766 3660 43.
1783 3631 1805 3653 δ(
1821 3639 1846 3654 ιη
1864 3629 1948 3654 Addit.
1967 3630 2026 3655 Obs.
2046 3638 2067 3655 1.

931 3658 945 3686 (
961 3657 974 3680 h
990 3657 1003 3686 )
1022 3658 1081 3684 lbid.
1099 3660 1123 3684 in
1142 3659 1221 3683 Schol.
1238 3659 1266 3683 ad
1285 3660 1343 3684 Obs.
1363 3668 1399 3690 13.

1071 3693 1077 3718 (
1094 3690 1111 3719 f
1125 3691 1139 3719 )
1156 3689 1227 3724 Epist.
1249 3694 1288 3714 io.
1305 3696 1328 3714 n.
1348 3699 1383 3720 17.

1917 3600 1966 3630 (s)
1982 3599 2090 3628 Respons.
2104 3601 2133 3625 ad
2150 3600 2224 3630 Epist.
2243 3602 2365 3626 Problem.
2376 3610 2401 3632 9.

1461 3662 1474 3689 (
1490 3669 1501 3684 e
1516 3661 1530 3689 )
1547 3661 1603 3684 Obs⁴
1624 3669 1660 3690 30.
1725 3664 1732 3691 s
1748 3662 1764 3685 d
1779 3661 1791 3690 )
1808 3660 1904 3686 Advers.
1921 3664 1943 3685 6.
1964 3662 2045 3686 Anim.
2063 3662 2101 3690 83.

1447 3692 1461 3721 (
1473 3699 1492 3721 g
1508 3688 1521 3720 )
1537 3691 1630 3716 Medic.
1650 3692 1725 3717 Pne't.
1743 3692 1762 3716 l.
1783 3699 1801 3716 1.
1820 3693 1847 3716 P.
1864 3699 1887 3714 2.
1904 3699 1926 3716 c.
1944 3699 1982 3721 3²·
