2498 4075
453 134 548 174 202

430 212 479 245 54.
504 198 649 236 Historia
674 196 740 248 liaec
767 196 841 229 satis
862 217 871 233 ,
902 191 991 236 quod
1014 189 1052 224 ad
1087 189 1287 233 propositum
1319 190 1388 232 spe-

385 247 479 285 fiat,
502 243 613 277 similis
637 251 775 285 prioris,
799 237 822 272 fi
846 238 883 272 ad
906 235 1045 269 similem
1065 232 1198 270 modum
1220 243 1290 267 tum
1302 232 1389 276 quod

386 289 425 323 ,ad
449 288 706 322 observationem
728 308 736 321 ‚
772 293 842 316 tum
866 279 953 324 quod
976 277 1013 311 ad
1036 277 1286 319 explicationem
1319 287 1390 319 per-

388 334 470 365 tinet
494 355 506 372 ,
530 342 545 362 a
568 337 599 362 te
622 328 819 370 intelligitur
841 337 851 363 3
885 334 949 357 non
975 320 1017 355 est
1051 331 1107 354 cur
1140 321 1228 363 plura
1261 320 1392 353 addam.

384 378 391 379 ’
518 374 639 407 Verum
665 372 743 405 scire
766 368 894 403 fortasse
916 366 1007 408 cupis
1028 387 1036 401 ‚
1068 374 1105 396 an
1129 375 1269 406 pungens
1300 363 1394 396 dolor

390 428 468 451 tunc
495 416 605 449 saltem
628 424 719 451 vexet
754 423 828 446 cum
851 412 968 453 pleurae
1001 408 1220 441 inflammatio
1253 407 1394 447 perfeffita

389 462 449 495 est.
479 463 571 497 Duos
596 456 781 502 hujusmodi
806 453 975 497 subjiciam
987 450 1092 489 casus,
1117 461 1155 483 ex
1176 461 1316 493 quorum
1327 451 1394 490 pri-

387 517 441 539 mo
465 501 581 537 vexasse
598 529 605 540 ,
631 502 816 541 intellige55
840 509 878 530 ex
901 496 1003 528 altero
1027 503 1131 529 autem
1151 504 1217 526 non
1240 492 1358 527 vexasse
1382 516 1390 521 .

434 558 484 591 55.
510 548 635 580 VIRO
658 546 708 577 illi
730 568 741 583 ,
765 541 855 585 cujus
879 539 1031 573 diuturna
1053 560 1065 577 ,
1098 540 1129 569 &
1154 537 1241 569 varia
1277 537 1357 570 mala
1384 558 1392 573 ‚

387 592 426 626 ad
459 599 602 624 ventrem
637 587 701 621 fere
737 586 908 619 attinentia
932 606 944 622 ,
974 583 1190 624 vitiatumque
1223 581 1389 613 inventum

386 635 473 679 jecur
496 633 569 667 satis
592 629 736 672 descripsi
763 627 907 671 Epistola
932 625 1128 659 Anatomica
1162 624 1228 655 III.
1265 626 1278 662 (
1301 634 1320 665 q
1341 628 1354 664 )
1378 646 1390 662 ‚

388 678 507 712 accessit
531 676 669 718 denique
692 674 788 707 dolor
811 681 951 714 pungens
975 666 1028 701 in'
1047 667 1124 699 laeva
1148 665 1293 699 thoracis
1317 678 1390 708 par..

387 733 439 760 te,
465 724 496 753 ὃς
520 719 692 752 difficultas
715 718 748 749 in
773 714 854 748 hanc
877 711 1016 747 cubandi
1037 733 1049 749 ,
1072 720 1145 742 cum
1172 708 1266 742 facile
1290 708 1390 751 posset

386 768 421 798 in
447 765 603 802 alteram,
627 761 712 795 tussis
736 769 863 801 quoque
888 781 896 795 ‚
931 758 962 788 &
987 755 1073 796 sputi
1095 776 1107 792 ‚
1130 753 1164 784 in
1189 754 1354 794 principio
1377 776 1389 793 ,

388 810 605 849 aliquantum.
632 807 735 847 Sputo
759 799 938 843 suppressO,
958 799 1044 832 circa
1066 795 1229 830 decimum
1241 796 1279 828 ab
1303 797 1392 830 illius

387 851 510 884 doloris
544 849 644 881 initio
670 846 755 879 diem
786 843 909 877 exceffit
934 853 949 874 e
982 842 1067 876 vita.
1204 840 1392 874 PULMO-

387 894 464 928 NIS
488 891 602 925 sinistri
629 901 699 933 pars
724 889 866 931 superior
890 894 961 919 tota
984 885 1018 916 in
1041 893 1202 916 tumorem
1233 882 1394 916 obdurue-

387 947 434 970 rat
454 960 464 974 ‚
488 936 651 979 proximas
674 932 815 975 undique
852 938 956 973 partes
979 928 1246 969 comprimentem
1266 949 1276 964 ,
1312 937 1394 959 non-

385 980 548 1023 nullisque
572 981 605 1012 in
629 978 709 1010 locis
734 986 788 1019 per
812 975 920 1008 tenuia
953 970 1115 1004 filamenta
1140 969 1168 1002 se
1199 970 1315 1012 pleurae
1340 980 1394 1002 an-

388 1025 586 1058 metentem.-
610 1034 680 1065 quae
706 1022 735 1055 δε
760 1018 826 1061 ipsa
849 1017 1046 1053 inflammata
1070 1022 1136 1046 erat
1159 1038 1166 1046 .
1191 1016 1314 1048 Dexter
1338 1024 1394 1046 au-

389 1077 455 1100 tem
479 1067 590 1111 pulmo
612 1090 624 1105 ,
657 1063 762 1097 valide
786 1061 931 1104 alioquin
964 1070 1037 1092 cum
1060 1058 1168 1099 pleura
1191 1068 1289 1090 nexus
1312 1079 1324 1096 ,
1357 1065 1393 1089 ut

385 1114 441 1144 vix
465 1109 565 1153 posset
577 1109 638 1142 fine
663 1107 854 1142 laceratione
869 1104 1003 1146 separari
1018 1124 1026 1138 ‚
1049 1102 1199 1134 inventus
1224 1099 1265 1133 est
1280 1099 1388 1133 sanus.

385 1156 423 1187 In
447 1154 629 1196 pericardio
653 1150 824 1184 mediocris
847 1159 933 1190 aquae
955 1146 1070 1187 copia.
1097 1147 1134 1177 In
1157 1144 1264 1177 cordis
1288 1142 1392 1176 thala-

384 1199 445 1231 mis
469 1197 632 1239 polyposae
668 1193 886 1227 concretiones
907 1213 916 1228 ‚
952 1191 985 1226 in
1009 1187 1134 1221 sinistro
1163 1188 1279 1229 exigua
1307 1209 1319 1227 ,
1352 1184 1391 1219 ad

383 1243 532 1274 arteriam
558 1241 710 1280 Magnam
735 1236 903 1279 porresta,
928 1234 962 1265 in
985 1232 1117 1265 dextero
1142 1228 1243 1270 major
1258 1256 1267 1271 ‚
1291 1231 1390 1274 perti-

384 1295 458 1321 nens
485 1284 523 1320 acl
548 1293 659 1315 venam
682 1282 826 1319 Cavam,
850 1281 882 1311 &
906 1277 943 1309 ad
967 1276 1116 1308 arteriam
1140 1274 1365 1307 Pulmonarem
1380 1297 1387 1304 .

429 1330 478 1370 56.
504 1328 590 1361 VIR
615 1334 768 1361 annorum
793 1323 924 1357 circiter
948 1318 1209 1363 quinquaginta,
1232 1319 1289 1361 qui
1305 1318 1389 1351 mul.

382 1382 434 1406 tos
467 1373 530 1414 jam
553 1380 650 1403 annos
683 1368 767 1409 lepra
792 1366 908 1400 dextro
942 1365 976 1396 in
1007 1362 1126 1396 femore
1160 1361 1354 1394 laboraverat
1379 1384 1391 1400 ,

385 1416 503 1458 angina
527 1411 736 1457 prehenditur
759 1436 766 1444 .
799 1411 880 1443 Haec
904 1418 979 1440 cum
1003 1407 1041 1440 ad
1064 1405 1200 1438 biduum
1225 1404 1391 1447 perduras-

383 1460 429 1494 set
452 1482 461 1498 ,
497 1458 589 1493 defiit
613 1459 646 1489 in
669 1455 813 1491 dolorem
837 1450 995 1495 quendam
1019 1448 1100 1483 dorsi
1130 1460 1138 1481 .·
1171 1449 1223 1482 cui
1249 1449 1393 1490 postmo-

383 1504 461 1537 dum
486 1501 606 1537 accessit
630 1499 710 1533 sicca
734 1496 841 1534 tuliis,
865 1496 975 1537 ingens
999 1493 1089 1532 sitis,
1116 1492 1327 1525 decubitusin
1352 1491 1392 1524 si-

384 1548 519 1582 nistrum
543 1547 624 1579 latus
647 1567 657 1583 ‚
689 1552 762 1575 cum
786 1541 820 1573 in
853 1539 1021 1573 dexterum
1044 1536 1122 1569 ferri
1157 1547 1221 1568 non
1255 1534 1357 1579 posset
1382 1557 1391 1572 ‚

383 1593 463 1624 item
486 1589 581 1624 dolor
605 1586 736 1630 quidam
761 1594 920 1627 gravans,
943 1582 1001 1625 qui
1025 1592 1114 1614 zonae
1138 1579 1235 1613 instar
1258 1580 1290 1612 in
1324 1580 1392 1611 imo

384 1634 529 1669 thoracis
553 1630 810 1675 percipiebatur.
836 1627 907 1660 Etsi
933 1625 1031 1658 febris
1054 1624 1179 1657 ultimis
1211 1621 1321 1656 diebus
1345 1623 1393 1654 vi-

383 1678 517 1713 debatur
540 1676 631 1713 mitis
647 1696 656 1712 ‚
682 1684 720 1706 ne
747 1682 784 1704 ue
807 1679 922 1712 praeter
957 1680 991 1700 ea
1012 1679 1081 1711 qua:
1105 1666 1246 1700 diximus
1265 1689 1277 1705 ,
1307 1663 1393 1706 signa

383 1723 448 1757 ulla
473 1720 603 1755 fuissent
626 1728 698 1761 quae
723 1712 1164 1751 tioracisinflammationem
1187 1710 1391 1746 indicarent3

384 1777 491 1801 tamen
517 1774 599 1807 aeger
623 1769 769 1795 mortuns
793 1758 836 1791 est
860 1767 946 1789 nono
971 1766 1009 1789 ex
1030 1765 1095 1797 quo
1120 1752 1307 1789 decumbere
1326 1763 1393 1784 coe-

384 1820 498 1856 perat,
521 1808 593 1845 die.
734 1801 982 1838 THORACIS
1006 1797 1164 1832 sinistrum
1186 1807 1301 1829 cavum
1325 1796 1393 1837 ple-

384 1867 461 1889 num
485 1853 543 1887 seri
568 1846 734 1894 purulenti
758 1854 921 1887 repertum
944 1841 986 1875 est
1009 1854 1017 1874 :
1052 1852 1119 1883 quo
1142 1852 1180 1874 ex
1215 1839 1284 1872 sero
1306 1850 1395 1880 quae-

384 1899 457 1933 dam
483 1902 683 1930 concreverat
706 1889 793 1932 quasi
817 1887 1025 1924 membrana,
1049 1895 1120 1927 quae
1143 1884 1262 1926 pleurae
1287 1881 1395 1915 adhae-

385 1955 454 1976 rens
470 1966 481 1982 ,
506 1938 600 1980 hujus
613 1933 857 1975 corruptionem
882 1929 1117 1964 mentiebatur.
1145 1927 1253 1959 Pleura
1266 1934 1393 1961 tamen,

385 1987 439 2021 illi
464 1983 625 2025 subjefta,
649 1978 847 2012 inflammata
871 1982 959 2011 erat3
984 1982 1039 2005 nec
1052 1969 1201 2004 dissimile
1224 1968 1394 2012 quidpiam

385 2031 581 2075 pulmones,
603 2023 749 2069 quamvis
774 2018 945 2057 levissime,
968 2014 1039 2058 paffi
1064 2013 1190 2047 fuerant
1214 2037 1222 2045 .
1257 2013 1396 2054 Exiguae

386 2084 491 2110 autern
516 2068 677 2114 polyposae
701 2064 922 2101 concretiones
956 2061 991 2097 in
1022 2058 1145 2106 magnis
1169 2057 1208 2090 ad
1240 2066 1297 2093 cor
1320 2053 1397 2091 vasis

387 2118 529 2155 latebant
544 2141 551 2146 .
1290 2143 1297 2150 ι
1368 2142 1375 2149 ·

431 2173 481 2206 57.
509 2162 705 2200 Fungentem
737 2154 771 2186 in
807 2151 866 2185 hac
887 2174 899 2191 ,
930 2157 968 2182 ut
1001 2148 1035 2181 in
1071 2145 1231 2192 superiore
1263 2142 1398 2178 historia

387 2204 560 2240 memorari
585 2200 731 2233 dolorem
757 2221 768 2237 ,
802 2206 868 2228 non
891 2193 979 2225 vides
1002 2204 1012 2230 5
1043 2190 1168 2236 tametsi
1194 2189 1339 2231 pleuram
1362 2187 1397 2219 in

388 2251 447 2284 hac
470 2257 599 2292 quoque
624 2242 856 2276 inflammatam
882 2237 978 2278 legis:
1010 2237 1100 2275 imo,
1124 2236 1147 2265 11
1171 2243 1245 2278 cum
1269 2231 1398 2273 pulmo-

388 2294 483 2327 nibus
507 2288 676 2323 conferas,
701 2282 859 2327 ejusmodi
883 2280 1139 2314 inflammatione
1164 2276 1309 2311 affectam
1329 2296 1338 2310 ‚
1362 2280 1399 2305 ut

389 2337 434 2374 ob
459 2336 540 2370 hanc
565 2329 761 2375 potissimum
775 2327 875 2360 homo
897 2321 1052 2356 interiisse
1068 2321 1171 2355 videri
1196 2317 1306 2364 possit.
1333 2318 1401 2349 Ra-

391 2393 423 2414 ra
449 2388 556 2414 autem
581 2381 712 2418 propter
747 2371 809 2404 hoc
833 2367 939 2410 ipsum
969 2365 1067 2408 usque
1092 2364 1168 2397 adeo
1204 2360 1401 2405 Observatio

392 2424 459 2458 haec
486 2423 550 2460 est,
572 2428 608 2453 ut
632 2419 715 2449 inter
739 2423 848 2446 omnes
873 2410 933 2442 slve
957 2419 1039 2441 meas
1059 2431 1072 2447 ,
1095 2406 1154 2441 sive
1176 2415 1253 2447 quas
1275 2403 1402 2436 Valsal-

391 2481 427 2501 va
452 2467 584 2508 scriptas
607 2459 738 2502 reliquit
767 2479 777 2496 ,
816 2456 843 2487 ei
868 2451 1003 2486 similem
1026 2462 1091 2485 non
1121 2447 1324 2481 meminerim
1348 2444 1402 2478 of-

393 2508 545 2546 fendisse.
573 2504 631 2539 Sed
655 2506 686 2536 ὅ(
710 2500 862 2535 Nannius
885 2500 898 2536 (
922 2508 937 2528 r
960 2499 973 2534 )
997 2506 1071 2527 cum
1107 2492 1265 2535 plurimos
1289 2488 1403 2522 thora-

393 2557 440 2589 cis
465 2549 721 2587 inflammatione
753 2542 894 2576 sublatos
919 2536 1079 2571 incidisset
1102 2558 1112 2574 ,
1145 2537 1402 2578 praecipuamque

394 2597 553 2633 laefionem
584 2595 617 2625 in
648 2597 837 2623 caeterorum
871 2582 1079 2628 pulmonibus
1116 2575 1367 2621 deprehendisset
1392 2588 1403 2614 ς

394 2644 451 2675 vix
486 2649 613 2674 unum,
646 2642 699 2667 aut
731 2631 869 2665 alterum
904 2626 1055 2672 invenire⁴
1080 2624 1190 2666 potuit
1215 2643 1224 2659 ,
1267 2631 1404 2663 quorum

394 2687 502 2730 pleura
525 2682 694 2716 dumtaxat
717 2672 973 2708 inflammatione
1008 2668 1120 2702 arrecta
1144 2664 1247 2714 essetg
1277 2675 1329 2696 cos
1353 2676 1406 2697 au-

395 2741 461 2763 tem
485 2725 617 2760 morbus
642 2724 726 2754 intra
749 2716 884 2751 biduum
923 2714 984 2747 fine
1009 2712 1105 2754 sputo
1137 2709 1298 2751 sanguinis
1323 2709 1404 2739 inte-

395 2779 526 2808 remerat
549 2794 556 2801 .
591 2767 701 2804 Quam
724 2761 768 2794 ob
800 2762 845 2793 rei
880 2759 1044 2791 raritatem
1067 2779 1079 2795 ,
1111 2756 1142 2786 &
1165 2753 1280 2785 mortis
1310 2751 1349 2783 ab
1371 2762 1406 2785 ea

396 2824 525 2851 tanturn
545 2810 637 2846 causa
660 2802 877 2846 intelligendae
903 2800 1128 2834 difficultatem
1151 2819 1159 2834 ,
1186 2798 1218 2828 δέ
1242 2804 1318 2828 tunc
1343 2793 1400 2826 du-

397 2859 522 2895 bitavi,
549 2859 582 2888 &
607 2851 711 2886 adhuc
735 2848 875 2886 dubito,
899 2856 937 2879 an
961 2845 1070 2890 potius
1095 2840 1193 2874 febris
1215 2838 1332 2880 peffimi
1348 2848 1401 2879 ge.=

398 2903 480 2938 neris
504 2909 577 2933 cum
599 2908 633 2929 ea
656 2892 912 2926 inflammatione
937 2886 1132 2930 conjunsta,
1156 2882 1303 2916 homines
1326 2892 1404 2912 con⁸²

398 2942 544 2984 feciss‘et,
567 2937 741 2983 praesertim
765 2946 838 2968 cum
863 2931 1022 2976 quandam
1060 2929 1164 2962 solum
1189 2926 1303 2968 pleurae
1336 2935 1405 2971 par-

398 3001 464 3024 tem
488 2988 522 3020 in
546 2986 587 3017 iis
611 2982 640 3016 se
663 2980 781 3013 diceret
805 2977 957 3010 Nannius
979 2974 1214 3007 inflammatam
1239 2968 1403 3011 reperisse.

398 3036 491 3068 Nam
516 3029 538 3063 si
572 3027 713 3071 pleuram
737 3030 842 3055 totam
875 3019 912 3052 ab
934 3018 1043 3052 axillis
1078 3015 1175 3059 usque
1212 3012 1251 3047 ad
1283 3011 1406 3053 septum

401 3071 620 3113 Tranversum
641 3067 878 3102 inflammatam
888 3058 1095 3104 conspexisset
1109 3082 1120 3099 ,
1144 3057 1271 3100 qualem
1286 3066 1384 3089 unum
1396 3078 1404 3091 ,

402 3129 457 3155 aut
480 3118 616 3152 alterum
637 3111 743 3145 casum
758 3133 769 3150 ,
794 3105 879 3143 haud
903 3106 1009 3148 plures
1023 3129 1033 3144 ,
1057 3115 1095 3136 ex
1117 3098 1408 3136 Diemerbroeckio

402 3168 436 3199 in
461 3158 706 3204 Sepulchretum
731 3151 812 3197 (s)
836 3149 946 3184 referri
972 3148 1059 3182 vides
1083 3146 1282 3193 3aliquanto
1305 3143 1410 3175 minus

402 3204 590 3243 dubitassem
609 3213 622 3242 ;
655 3207 838 3242 quanquam
861 3196 895 3228 in
930 3194 1034 3235 priore
1059 3191 1153 3232 hujus
1176 3190 1248 3220 casu
1271 3187 1412 3230 erat-in-

403 3253 494 3295 super
526 3249 642 3291 pleurae
666 3241 854 3284 suppuratio
874 3262 886 3278 ,
919 3248 958 3270 ex
981 3234 1108 3278 ejusque
1143 3228 1278 3277 abscessu
1302 3229 1412 3275 esiufio

405 3295 495 3340 puris
518 3293 552 3326 in
576 3290 767 3324 thoracem5
790 3284 823 3316 in
847 3282 950 3314 altero
975 3288 1079 3314 autem
1111 3288 1144 3309 ea
1167 3277 1257 3309 causa
1282 3275 1412 3319 praeces-

731 3327 797 3361 sola
823 3324 927 3368 potest
958 3326 1059 3357 citam
1096 3330 1235 3354 mortem
1265 3317 1377 3366 ‘asten-e
1403 3340 1411 3354 ‚

405 3391 539 3418 maenus
570 3374 721 3409 videlicet
755 3370 883 3413 frigida:
917 3365 1074 3399 cerevifiae
1105 3362 1229 3397 haustus
1263 3370 1297 3392 1ss
1330 3372 1413 3394 exae-

407 3412 546 3461 stusnte.
571 3417 672 3462 Qod
697 3415 720 3455 si
745 3417 862 3458 pariter
894 3409 1057 3451 descriptae
1082 3422 1091 3447 5
1126 3418 1190 3451 non
1215 3403 1310 3436 verbo
1332 3427 1343 3443 ,
1376 3413 1412 3436 ut

409 3470 531 3506 ibidem
553 3467 567 3504 (
590 3472 604 3497 t
626 3467 639 3503 )
660 3487 670 3503 ‚
703 3459 857 3495 indicatae
900 3454 1030 3497 usquam
1067 3452 1245 3494 legerentur
1289 3447 1412 3482 cuneta:

406 3340 486 3374 serat
509 3360 521 3377 ‚
554 3345 625 3376 quae
648 3330 715 3364 vel.

972 112 1131 168 Liber
1164 105 1231 166 IL
1265 108 1350 166 De
1386 106 1593 164 Morbis
1627 106 1889 164 Thoracis

1438 186 1688 222 Observationes
1712 184 1847 220 Willifii
1859 209 1871 227 ,
1895 187 1928 219 &
1950 184 2078 219 Riverii
2100 195 2111 225 3
2147 193 2230 229 quot
2251 185 2378 221 tandem
2403 188 2449 223 es·-

1439 231 1529 271 sent,
1553 233 1585 263 &
1607 231 1715 273 quales
1729 253 1741 270 ,
1762 228 1955 271 cognoscere
1971 251 1984 268 ,
2007 231 2040 261 &
2063 228 2240 263 existimare
2264 231 2444 273 possemus.

1446 277 1485 308 In
1508 273 1623 308 nostris
1647 284 1733 307 certe
1756 272 1938 315 regionibus
1960 283 2056 314 quam
2080 272 2267 307 rariffimum
2292 272 2366 308 esset
2389 283 2401 315 ',
2425 275 2447 308 si
2470 275 2473 278 ⁴

1444 318 1518 361 quis
1541 318 1573 349 in
1597 318 1742 360 iisrquos
1766 318 1889 349 interna
1913 314 2038 349 sustulit
2062 315 2284 349 inflammatio
2306 316 2448 352 thoracis

1445 360 1550 397 morbi
1568 358 1673 403 sedem
1697 361 1729 393 in
1747 360 1860 401 pleura
1883 358 2054 400 confistere,
2077 367 2132 394 aut
2154 358 2236 394 hanc
2252 359 2355 405 solam
2377 373 2445 395 cor-

1444 412 1571 446 ruptam
1594 407 1635 437 &
1654 401 1868 446 putrefaffam
1891 402 2051 437 inveniret
2065 428 2074 436 .

1489 447 1539 488 58.
1567 445 1626 480 Sed
1648 450 1682 480 &
1705 456 1837 489 perrarae
1863 445 1944 487 apud
1968 455 2025 479 nos
2057 445 2118 480 fint
2141 446 2326 489 pleuritides
2349 469 2359 485 ‚
2393 458 2449 481 ne..

1443 490 1520 524 cesse
1553 489 1629 531 est,
1662 490 1768 536 quales
1798 497 1865 521 tam
1896 489 2014 522 crebrae
2055 489 2267 524 occurrebant
2300 491 2448 525 Diemer-
2491 516 2494 517 γ

1443 533 1598 568 broeckio
1612 559 1621 574 ,
1645 543 1682 568 ut
1707 536 1734 567 se
1756 534 1790 566 in
1813 531 1914 567 multa
1933 532 2171 573 pleuriticorum
2187 532 2322 575 secflc'one
2333 557 2347 574 ,
2372 535 2448 568 scri·

1441 578 1530 628 beret
1545 581 1563 626 ¹(
1587 588 1607 610 u
1630 580 1668 616 ),
1691 587 1848 626 nimquam
1866 574 2069 617 pleni-iridem
2092 576 2187 620 illaesa
2198 576 2308 618 pleura
2321 576 2448 621 fabiam

1440 619 1686 670 znve722ffe;.sed
1708 632 1740 653 ιη
1763 617 1876 662 quibus
1901 618 2012 660 pulmo
2030 619 2151 662 pleurae
2172 619 2284 663 affixus
2314 620 2449 656 adhaere-

1440 664 1496 697 bat
1517 686 1527 701 ,
1561 674 1595 697 ιη
1617 666 1659 697 eis
1689 663 1897 708 pulmon-em,
1930 671 1989 703 qua
2009 670 2101 703 parte
2119 662 2235 705 pleum
2268 662 2448 698 adnet‘t‘eba-

1441 716 1515 747 tur,
1531 706 1628 750 fimul
1651 708 1749 740 etiam
1771 704 1913 749 affebium
1934 704 2042 748 mdiffe
2063 719 2070 738 :
2097 707 2130 739 in
2153 704 2231 740 aliis
2253 715 2351 746 vero,
2372 708 2445 748 qui-

1444 750 1503 799 ⁶¹¹?
1532 750 1639 792 pulmo
1671 749 1749 799 liber
1788 761 1805 781 a
1833 748 1944 789 pleura
1974 756 2041 782 erat
2061 774 2070 789 ,
2107 760 2176 783 eum
2199 748 2280 782 nihil
2300 747 2447 793 affbtium

1437 791 1554 837 fusffe:
1651 800 1751 828 terttae
1775 799 1903 831 autem,
1926 790 1979 824 vel
2002 799 2117 832 quarm
2143 790 2321 827 dumtaxat
2347 796 2361 832 (
2383 804 2448 826 non

1445 836 1691 880 pleuriticorum
1717 858 1726 873 ,
1758 844 1793 871 ut
1817 834 1948 877 quidam
1982 834 2239 876 intellexerunt>
2272 835 2323 871 sed
2345 836 2449 871 homi-

1443 891 1518 913 num
1537 880 1625 922 parti
1647 880 1846 921 contingere,
1868 887 1906 912 ut
1930 877 2041 920 pulmo
2065 879 2180 921 pleurae
2205 879 2316 912 affixus
2342 878 2450 914 adhae-

1442 932 1530 956 reat.
1558 925 1641 965 Lege
1666 924 1752 955 enim
1775 933 1882 957 omnes
1906 930 1984 963 quas
2008 921 2157 956 hactenus
2190 923 2413 965 proposuimus
2435 948 2450 966 ‚

1444 966 1664 1010 undetriginta
1688 965 1844 999 Valsalvae
1868 963 2119 1003 Observationes
2141 979 2149 998 :
2174 967 2242 1009 lege
2265 968 2364 1000 etiarn
2386 978 2449 1001 no-

1444 1010 1541 1050 iiras,
1562 1022 1639 1053 quas
1661 1010 1750 1042 brevi
1776 1009 1815 1042 ad
1837 1017 1869 1041 te
1893 1009 2079 1047 mittemu5‚
2103 1009 2328 1051 duodeviginti
2354 1036 2362 1046 .
2398 1013 2449 1045 Ut

1443 1054 1539 1087 nobis
1562 1053 1711 1087 cadavera
1735 1051 1949 1086 offerebantur
1972 1063 2085 1085 eorum
2106 1063 2191 1096 quos
2215 1054 2348 1087 internae
2370 1054 2450 1088 tho-

1444 1099 1524 1131 racis
1557 1097 1833 1131 inflammationes
1867 1095 2088 1137 sustulerant,
2123 1096 2305 1140 promiscue
2329 1098 2451 1132 incidi-

1443 1152 1534 1187 mus.
1560 1141 1652 1181 Qid
1676 1152 1736 1182 ego
1758 1138 2021 1182 deprehenderim
2036 1162 2043 1175 ‚
2066 1139 2194 1174 videbis
2217 1144 2230 1180 (
2254 1151 2276 1174 x
2296 1144 2309 1181 )
2331 1166 2338 1172 .
2366 1143 2452 1176 Val-

1443 1185 1524 1217 salva
1547 1193 1630 1217 certe
1654 1186 1688 1217 in
1710 1185 1896 1229 quinque&
1919 1183 2058 1225 viginti3
2083 1193 2152 1217 tum
2174 1185 2208 1217 in
2232 1183 2353 1219 duabus
2372 1198 2451 1229 prae-

1444 1238 1526 1275 terea
1550 1236 1619 1270 quae
1651 1239 1728 1263 mox
1760 1226 1966 1267 subjicientur
1987 1229 2041 1268 (y
2065 1230 2078 1267 >
2100 1251 2112 1267 ,
2145 1239 2309 1271 nunquam
2335 1221 2466 1266 nleurae⁷

1444 1272 1603 1306 laehonem
1633 1271 1731 1304 ullam
1755 1270 1948 1303 memoravit
1971 1281 1980 1307 3
2016 1272 2085 1303 imo
2117 1271 2151 1304 in
2184 1259 2350 1306 nonnullis
2372 1296 2380 1310 ,
2397 1264 2452 1307 ‘in

1440 1316 1558 1359 quibus
1581 1314 1734 1356 potuisses
1760 1314 1852 1348 aliter
1875 1312 2048 1354 suspicari,
2070 1312 2332 1350 diserteillaesam
2358 1317 2449 1359 pleu-

1442 1370 1510 1394 ram
1534 1357 1626 1392 fuisse
1652 1383 1661 1396 ‚
1692 1357 1859 1391 admonuit
1884 1380 1891 1387 .
1928 1357 1998 1389 Vix
2021 1357 2055 1389 in
2079 1368 2217 1401 quatuor
2235 1382 2243 1397 ‚
2269 1358 2307 1392 de
2331 1361 2451 1402 quibus

1443 1415 1459 1436 a
1483 1401 1575 1436 nobis
1600 1401 1759 1444 postremo
1783 1400 1939 1443 scriptum
1964 1399 2006 1433 est
2031 1426 2039 1439 ‚
2073 1402 2189 1443 pleurae
2214 1400 2455 1438 inflammatio-

1443 1457 1517 1480 nem
1542 1444 1752 1488 deprehendit
1776 1470 1783 1477 .
1819 1443 1878 1478 Sed
1901 1444 1935 1477 in
1958 1443 2084 1477 duobus
2107 1448 2121 1484 <
2144 1458 2168 1489 z
2189 1450 2203 1487 >
2226 1446 2327 1482 levem
2351 1447 2455 1489 adeo,

1444 1488 1468 1522 fi
1488 1500 1563 1522 cum
1587 1491 1699 1522 annexi
1737 1488 1899 1530 pulmonis
1923 1485 2186 1523 inflammatione
2219 1490 2418 1525 conferretur
2443 1517 2455 1532 ,

1445 1532 1548 1580 ut'ab
1572 1532 1633 1566 hoc
1657 1534 1689 1565 in
1714 1532 1802 1566 illam
1825 1538 1839 1570 '3
1864 1541 1927 1563 non
1952 1530 1991 1564 ab
2014 1532 2070 1566 illa
2095 1532 2238 1566 inhunc
2261 1535 2455 1577 progressam

1445 1577 1502 1626 esse
1521 1599 1528 1612 ,
1551 1576 1746 1610 existimares
1770 1600 1777 1607 .
1815 1577 1852 1607 In
1878 1574 1976 1607 tertio
2008 1577 2022 1614 (
2044 1586 2062 1608 a
2084 1579 2097 1617 )
2129 1586 2194 1609 erat
2217 1571 2350 1620 quidem
2371 1603 2384 1619 ,
2417 1589 2455 1614 ut

1446 1629 1542 1653 etiam
1564 1622 1598 1653 in
1622 1630 1736 1661 quarto
1760 1622 1773 1658 ζ
1795 1618 1814 1651 b
1836 1622 1871 1660 )‚
1897 1628 1960 1650 non
1984 1618 2029 1650 ita
2052 1618 2129 1652 levis
2149 1643 2156 1650 .
2182 1621 2241 1653 Sed
2267 1623 2299 1654 in
2323 1623 2383 1656 illo
2407 1631 2457 1656 ta-

1446 1674 1517 1712 men
1541 1663 1720 1704 gravissima
1755 1672 1820 1694 erat
1853 1662 1887 1695 in
1913 1662 2064 1704 pulmone
2088 1685 2102 1701 ,
2132 1665 2278 1705 quamvis
2313 1667 2457 1700 nonnul-

1446 1708 1485 1739 lis
1509 1717 1541 1738 in
1567 1706 1647 1739 locis
1670 1714 1798 1739 tantum
1822 1728 1833 1744 ,
1857 1707 1890 1738 &
1914 1715 1968 1747 per
1993 1705 2099 1738 tenuia
2122 1705 2282 1742 filamenta
2306 1709 2344 1743 ad
2369 1710 2458 1753 pleu-

1447 1761 1513 1783 ram
1538 1750 1673 1792 alligato
1698 1761 1706 1784 ε
1741 1750 1774 1781 in
1798 1746 1860 1781 hoc
1881 1758 1959 1780 vero
1981 1772 1991 1786 ,
2026 1760 2092 1791 quo
2116 1749 2155 1783 de
2189 1752 2314 1791 agimus
2338 1777 2351 1794 ‚
2383 1755 2458 1788 nul-

1445 1795 1475 1826 la
1499 1803 1694 1827 memoratur
1717 1793 1833 1834 pleurae
1858 1814 1870 1830 ,
1904 1792 2157 1835 pulmonumque
2180 1789 2341 1830 connexio
2364 1809 2374 1837 5
2397 1798 2458 1841 qui

1445 1847 1553 1874 tamen
1586 1837 1671 1871 haud
1694 1836 1823 1880 prorsus
1855 1834 2131 1869 inflammationis
2156 1847 2300 1880 expertes
2332 1849 2420 1873 erant
2447 1867 2454 1873 .

1447 1881 1548 1920 Quod
1582 1881 1604 1914 fi
1638 1891 1759 1924 quaeras
1783 1902 1792 1917 ‚
1827 1878 1909 1911 unde
1942 1879 2045 1920 igitur
2079 1889 2245 1916 mortuum
2276 1883 2459 1919 censeam?

1447 1935 1548 1966 neque
1574 1924 1717 1971 pleuram
1742 1949 1750 1962 ‚
1786 1933 1887 1967 neque
1912 1923 2078 1963 pulmones
2101 1924 2252 1959 accusabo
2274 1937 2287 1967 ;
2321 1927 2371 1961 sed
2399 1939 2463 1969 pu.

1448 1968 1610 2001 rulentum
1645 1970 1746 2003 serum
1770 1977 1837 2009 quo
1873 1965 1969 2001 altera
1994 1964 2136 1999 thoracis
2169 1978 2265 2001 cavea
2298 1971 2461 2013 impleba-

1447 2020 1501 2060 tur
1525 2032 1534 2048 ‚
1568 2022 1700 2054 eamque
1731 2012 1830 2043 etiam
1856 2017 1980 2051 partem
2003 2032 2015 2049 ‚
2049 2021 2259 2055 quaecumque
2294 2014 2352 2046 illa
2390 2014 2461 2048 fue-

1449 2063 1493 2089 rit
1515 2076 1529 2094 ,
1552 2053 1633 2087 unde
1658 2065 1716 2096 pus
1740 2052 1847 2096 ipsum
1870 2053 2021 2085 extiterat
2047 2078 2055 2087 .
2092 2054 2179 2087 Cum
2202 2057 2287 2089 enim
2321 2058 2462 2101 Hippo-

1448 2105 1549 2146 crates
1571 2099 1585 2135 <
1607 2108 1623 2129 c
1645 2100 1659 2136 )
1682 2096 1793 2131 doceat
1813 2109 1820 2127 ε
1856 2095 2028 2137 quicunqne
2063 2094 2101 2129 ab
2136 2098 2247 2140 angina
2286 2099 2462 2136 liberantur

1448 2139 1634 2181 (Videlicet
1660 2138 1767 2181 subito
1790 2162 1802 2179 ,
1834 2147 1871 2173 ut
1903 2138 2015 2172 Celsus
2046 2142 2060 2178 (
2093 2139 2113 2170 d
2138 2139 2155 2180 )
2205 2141 2348 2177 reddidit
2426 2144 2462 2178 id

1447 2183 1538 2227 quod
1562 2183 1638 2218 huic
1662 2194 1748 2226 aegro
1772 2180 1902 2218 videtur
1926 2181 2072 2216 accidisse
2095 2185 2108 2221 )
2142 2182 2192 2216 his
2214 2187 2253 2219 aci
2282 2168 2462 2228 pulmssnem

1450 2229 1536 2276 verti
1547 2251 1559 2267 ,
1581 2229 1622 2261 ὠ*
1648 2227 1680 2260 in
1697 2227 1818 2275 septem
1843 2223 1949 2259 diebus
1968 2227 2071 2268 perire
2100 2237 2106 2257 :
2134 2225 2163 2269 fi
2187 2238 2261 2263 vero
2295 2228 2350 2263 hos
2382 2229 2462 2272 effu-

1446 2277 1553 2319 germ?
1573 2293 1584 2310 ‚
1610 2270 1783 2318 suppuran-
1807 2293 1820 2310 ,
1855 2269 1953 2311 idque
1986 2267 2091 2311 aliqua
2120 2278 2213 2311 parte
2235 2295 2248 2313 ,
2281 2281 2319 2307 ut
2352 2271 2463 2311 Celsus

1451 2316 1620 2362 loquitur5
1647 2323 1785 2361 egohqui
1810 2314 1843 2344 in
1869 2324 1980 2359 :egrog
2005 2311 2075 2355 post
2099 2313 2187 2348 diem
2212 2315 2389 2359 septimum
2412 2309 2464 2354 su-

1453 2355 1605 2400 perstite2
1627 2367 1684 2397 pus
1708 2365 1873 2390 inventum
1897 2355 2010 2393 ruisse,
2036 2356 2132 2390 video
2153 2380 2166 2397 ,
2207 2368 2330 2401 partem
2355 2371 2464 2396 autem

1455 2399 1537 2450 unde
1561 2399 1716 2450 effluxit,
1738 2410 1802 2431 non
1827 2398 1922 2432 video
1943 2411 1954 2436 3
1986 2410 2169 2441 quanquam
2194 2403 2377 2442 pulmonem
2440 2405 2464 2439 fi

1456 2443 1588 2479 historia
1612 2443 1725 2475 sineret
1741 2464 1750 2479 ‚
1777 2442 1911 2475 libenter
1933 2442 2115 2484 culparem,·
2140 2444 2275 2479 liberum
2300 2429 2465 2482 tibifgcio

1454 2488 1692 2529 Hippocratem
1714 2484 1754 2519 fic
1779 2486 1980 2528 interpretari
2001 2509 2013 2525 ,
2047 2495 2082 2520 ut
2106 2497 2180 2521 cum
2204 2490 2390 2531 pulmonem
2412 2492 2466 2526 di-

1455 2532 1529 2570 xit,
1555 2530 1718 2572 proximas
1743 2530 1842 2562 etiam
1864 2530 2012 2574 pulmoni
2037 2539 2165 2571 partes,
2189 2542 2225 2565 ut
2250 2543 2317 2568 erat
2343 2534 2465 2569 studio-

1457 2573 1584 2607 fiffimus
1608 2573 1800 2612 brevitatis,
1824 2572 1973 2606 indicasse
1997 2571 2117 2606 censeas
2133 2598 2140 2605 .
2166 2575 2279 2609 Dolor
2290 2587 2398 2612 autem
2425 2570 2467 2611 is-

1456 2618 1484 2651 le
1505 2616 1590 2649 dorsi
1615 2619 1670 2659 qui
1692 2617 1819 2659 anginae
1842 2617 1989 2658 protinus
2013 2615 2177 2658 successit,
2202 2620 2282 2654 item
2306 2621 2360 2654 ille
2385 2622 2466 2657 alter

1456 2661 1689 2708 graffium-qui
1714 2671 1803 2692 zonae
1825 2658 1921 2693 instar
1953 2660 1986 2692 in
2011 2660 2079 2692 imo
2116 2660 2246 2697 thorace
2270 2666 2466 2707 percipieba-

1457 2715 1537 2742 tur3
1563 2705 1618 2736 nih
1644 2704 1729 2737 hunc
1754 2701 1839 2737 forte
1863 2702 1975 2735 referre
1998 2704 2090 2736 malis
2117 2704 2154 2737 ad
2188 2707 2396 2748 purulentum
2420 2709 2467 2743 se-

1459 2760 1529 2781 rum
1553 2759 1619 2796 quo
1653 2746 1774 2789 septum
1801 2746 2030 2782 Transversum
2063 2758 2279 2789 gravaretur5
2312 2752 2468 2796 suspicio-

1453 2804 1525 2841 nem
1547 2790 1609 2823 tibi
1635 2789 1763 2824 fortasse
1787 2791 1952 2833 aliquam,
1975 2790 1997 2823 si
2022 2802 2086 2823 non
2110 2791 2326 2835 conjesturam
2344 2819 2358 2837 ,
2391 2796 2468 2840 sup-

1453 2834 1644 2880 ped1tabunt
1659 2857 1668 2866 .
1694 2835 1768 2876 Qa
1795 2845 1855 2876 ego
1878 2834 2008 2867 interim
2032 2836 2067 2867 in
2091 2834 2201 2870 medio
2226 2838 2361 2879 relifflt,
2384 2841 2467 2876 illud

1456 2877 1657 2924 admonebo,
1682 2888 1718 2911 ut
1743 2880 1777 2910 in
1799 2876 2015 2920 descriptione
2038 2878 2203 2922 proposita
2229 2884 2290 2923 (c)
2313 2882 2403 2918 illam
2420 2893 2467 2918 at.

1456 2922 1566 2970 tendas
1589 2919 1700 2956 salsam
1712 2921 1927 2955 membranam
1942 2943 1951 2958 ,
1975 2933 2047 2964 quae
2072 2924 2191 2964 pleurae
2203 2924 2362 2962 adhaerens
2406 2927 2467 2962 hu-

1457 2977 1506 3010 Jus
1529 2966 1774 3006 corruptionem
1799 2965 2013 2998 mentiebatur
2035 2990 2043 2998 .
2068 2967 2145 3000 Huc
2169 2969 2253 3000 enirn
2280 2950 2383 3003 altera’
2399 2972 2468 3014 spe-

1458 3010 1525 3043 &at
1550 3008 1710 3042 Valsalvae
1724 3007 1948 3045 Observatio,
1972 3008 2008 3043 ad
2033 3009 2117 3043 hunc
2128 3011 2261 3044 modum
2286 3014 2315 3047 se
2327 3013 2467 3048 habens.

1505 3064 1554 3095 59.
1581 3052 1774 3086 MULIER
1813 3061 1961 3094 quartum
1984 3063 2105 3086 annum
2135 3065 2228 3096 agens
2253 3059 2285 3089 &
2320 3044 2469 3100 sexagess-

1460 3107 1551 3147 mum
1575 3094 1688 3128 dolore
1713 3095 1890 3137 corripitur
1916 3098 1947 3127 in
1972 3095 2098 3130 dextera
2122 3098 2266 3132 thoracis
2293 3110 2403 3144 parte,
2432 3110 2469 3135 ut

1460 3139 1631 3174 d1shculter
1653 3137 1765 3171 cubare
1788 3140 1820 3171 in
1832 3138 1912 3173 hanc
1938 3139 2050 3185 possit,
2075 3151 2131 3175 nec
2154 3140 2217 3174 fine
2231 3141 2342 3177 dolore
2367 3144 2469 3188 ipsam

1460 3193 1588 3226 tangere
1615 3208 1622 3215 .
1659 3183 1813 3224 Frequens
1835 3182 1877 3215 est
1899 3184 2067 3224 respiratio
2090 3208 2103 3225 ,
2133 3186 2239 3219 inanis
2266 3188 2351 3222 tuffis
2373 3212 2386 3228 ,
2417 3199 2469 3222 ce-

1463 3229 1530 3275 ler,
1554 3225 1722 3275 frequens,
1746 3237 1859 3268 parvus
1884 3251 1894 3266 ‚
1927 3226 2042 3260 debilis
2065 3227 2172 3271 pulsus
2196 3256 2203 3263 .
2241 3232 2306 3265 Die
2332 3232 2470 3274 septimo

1463 3272 1559 3308 sudor
1582 3281 1666 3319 circa
1702 3280 1800 3311 caput
1823 3270 1975 3307 oboritur
2001 3296 2007 3303 .
2043 3271 2277 3307 Deficientibus
2311 3275 2434 3310 viribus

1464 3326 1552 3348 nono
1587 3322 1716 3363 circiter
1749 3313 1874 3347 decedit
1902 3340 1910 3348 ,
2043 3316 2277 3351 THORACE
2325 3328 2436 3361 aperto
2456 3302 2471 3320 ²

1465 3359 1577 3400 pulmo
1599 3368 1634 3390 in
1657 3367 1733 3405 cavo
1755 3358 1885 3392 dextero
1909 3358 2096 3391 occurrebat
2119 3358 2212 3392 valde
2237 3362 2410 3403 turgidus,
2434 3345 2471 3399 us

1466 3402 1529 3435 hoc
1562 3409 1689 3446 totum.
1714 3402 1864 3445 impleret
1889 3422 1898 3437 ,
1941 3402 2056 3434 leviter
2100 3401 2262 3436 adhaerens
2294 3400 2336 3440 ad
2381 3408 2473 3447 pleu-

1464 3456 1529 3479 ram
1553 3455 1614 3487 ope
1636 3443 1801 3485 cujusdam
1825 3444 1912 3488 quasi
1936 3444 2122 3479 membranae
2146 3471 2156 3488 ,
2190 3448 2274 3480 inter
2296 3449 2415 3490 illum,
2437 3455 2473 3485 ὃς

2341 3493 2429 3535 plen-

408 3563 2481 3618 w

565 3681 627 3726 ⁰2·⁹.'
641 3702 661 3732 ς.
680 3670 703 3726 ᾗ
719 3700 740 3722 z<
758 3707 780 3726 4-
844 3698 858 3726 t
874 3705 890 3719 u
907 3695 920 3723 >
939 3696 1002 3718 md.

616 3737 638 3757 6.
701 3731 737 3761 (c
754 3731 766 3758 )
782 3730 805 3753 S.
824 3737 843 3758 5v
863 3726 925 3756 Aph.
944 3732 979 3752 ιο,

1021 3694 1043 3723 §.
1062 3702 1100 3718 10.
1164 3695 1204 3716 (x
1220 3690 1233 3717 )
1253 3688 1323 3717 Epist.
1342 3696 1379 3711 21.

1042 3725 1056 3753 (
1071 3724 1114 3752 d]
1133 3725 1166 3747 De
1186 3721 1276 3745 Medic.
1296 3719 1311 3742 l.
1330 3726 1350 3742 ι.
1369 3726 1380 3742 c
1405 3728 1426 3748 7,

718 3678 729 3692 r
744 3669 759 3698 )
775 3666 832 3693 Vid.
851 3668 994 3690 Comment.
1011 3663 1039 3687 de
1055 3663 1147 3687 Bonon.
1167 3662 1207 3684 Sc.
1228 3657 1301 3681 Acad.
1316 3659 1390 3680 Tom.
1411 3663 1422 3680 1
1443 3655 1515 3717 cinteg
1531 3654 1649 3709 Medicas}
1668 3689 1678 3708 ᾗ

1469 3695 1484 3717 ys
1532 3694 1555 3709 n·
1574 3694 1610 3714 5‘11
1687 3694 1704 3709 ι.

1707 3655 1720 3684 <
1740 3654 1776 3683 s)
1793 3655 1855 3679 Seu.
1871 3654 1915 3679 hac
1931 3663 1953 3683 4.
1971 3654 2028 3680 oss.
2045 3663 2085 3685 14.
2104 3656 2126 3687 §.
2143 3658 2166 3681 8.
2186 3657 2207 3681 ἃ
2226 3665 2247 3685 ⁹.

1771 3685 2022 3716 (z)n.51.8t53.
2083 3687 2247 3719 (a)n.53.

1489 3718 1652 3745 (e)n.55.
