2498 4075
329 176 352 209 si
376 177 410 209 iri
434 175 555 210 caeteris
577 185 701 218 quoque
724 173 847 219 aliquid
871 172 1026 216 ejusmodi
1048 170 1226 206 vidissemus
1249 175 1334 212 (n).

330 220 454 253 Verum
476 219 555 263 quid
578 229 673 258 raro,
695 218 773 262 quid
795 219 873 260 saepe
892 240 904 256 ,
938 215 1015 258 quid
1038 215 1158 258 semper
1183 216 1335 248 inveneri-

334 274 406 296 mus
431 287 442 304 ,
475 273 548 296 cum
573 261 612 295 ad
642 260 759 295 harum
781 262 1005 296 diss'ectionum
1038 259 1229 302 postremam
1256 258 1336 301 (o)

328 316 459 339 ventum
482 307 542 338 erit
562 328 574 344 ,
608 305 776 347 cognosces
797 329 803 336 .
840 306 960 337 Interea
983 313 1055 345 quae
1088 302 1124 335 de
1147 302 1339 345 pervulgatis

353 349 516 383 uibusdam
533 350 672 382 internis
695 348 806 381 maniae
824 371 833 386 ‚
855 349 887 379 δε
911 344 1100 387 plireriitidis
1123 345 1270 379 remediis
1301 344 1339 378 ad

328 360 522 434 superiorem
547 389 714 425 historiam
738 391 856 433 attigi,
878 390 912 421 in
935 390 1121 421 memoriam
1146 389 1229 423 mihi
1254 387 1340 422 rede-

330 443 444 477 gerunt
467 434 554 478 quod
577 434 640 468 tibi
671 435 708 468 de
731 442 862 467 externo
883 433 1024 473 quodam
1047 432 1188 465 adversus
1216 441 1340 466 utrum-

330 490 393 520 que
427 479 574 512 morbum
608 479 730 512 auxilio
765 475 978 518 superioribus
1014 476 1148 508 Litteris
1170 478 1260 517 (p)
1291 485 1340 507 me

330 522 402 557 sum
425 522 592 565 pollicitus
615 521 672 555 csse
696 520 888 561 scripturum
905 542 912 549 .
938 518 1022 551 Noli
1044 519 1207 561 expestare
1227 527 1262 551 ut
1286 517 1340 550 hic

332 576 509 599 memorem
542 565 630 608 quod
655 563 808 597 Valsalvae
840 562 961 595 amicus
993 562 1125 605 quidam
1158 560 1305 594 Medicus
1329 585 1339 600 ,

333 620 383 643 me
407 608 555 643 audiente
577 631 590 649 ,
622 605 855 650 confirmabat,
878 606 905 638 se
928 615 1042 638 notum
1077 605 1205 647 utrique
1229 615 1338 637 eorum

331 653 512 686 maniacum
536 662 599 683 non
623 659 712 683 antea
744 651 902 691 persanare
924 646 1056 690 potuisse
1076 670 1089 687 ,
1125 659 1220 690 quam
1243 657 1340 691 caput

331 696 431 729 toties
456 693 628 728 radendum
651 692 807 732 curasset,
829 693 956 734 quoties
978 691 1088 733 capilli
1112 693 1150 723 ad
1172 690 1270 733 digiti
1295 692 1340 723 al-

332 739 508 773 titudinem
532 737 704 770 crescerent
722 762 730 776 ,
753 735 841 778 quod
865 734 940 767 duni
965 737 1104 776 primum
1119 732 1233 775 fieret,
1257 734 1341 767 mul-

331 792 369 816 to
391 783 461 824 plus
485 779 626 814 sordium
649 780 716 812 cuti
740 778 972 811 adhaerentium
987 800 1000 816 ,
1022 780 1054 809 δε
1079 778 1160 810 male
1183 778 1341 812 olentium

333 823 586 859 animadversum
608 820 686 862 esse,
708 830 804 864 quam
817 821 889 863 quis
912 819 1045 862 putasset
1063 832 1072 852 .·
1096 831 1196 867 neque
1209 831 1244 855 ut
1268 833 1342 864 pro-

330 868 429 903 feram
453 868 653 911 peregrinum
675 864 807 906 aliquod
831 863 1004 897 remedium
1026 865 1216 899 extrinsecus
1250 864 1342 898 adhi-

335 911 443 944 bitum
467 911 503 944 ad
516 910 662 942 somnum
684 916 867 952 opportune
879 906 1138 947 conciliandum5
1161 919 1342 952 quanquam

332 956 553 988 Ramazzinus
577 951 678 985 noster
699 950 783 984 milii
808 951 979 984 testabatur
998 974 1010 990 ,
1029 953 1143 993 opium
1164 963 1291 996 quoque
1314 954 1342 985 i.

333 997 426 1041 psum
454 999 487 1030 in
510 998 586 1030 vino
609 994 818 1035 dissolutum,
844 1005 910 1037 quo
932 995 965 1025 in
980 996 1194 1036 pertinacibus
1217 996 1342 1038 Vigiliis

335 1050 389 1075 aut
413 1051 556 1084 tempora
579 1038 763 1079 madefieri,
785 1047 838 1071 aut
861 1038 1027 1080 penicillos
1051 1040 1084 1071 in
1109 1050 1194 1072 nares
1217 1040 1342 1072 immit-

336 1085 449 1119 tendos
474 1085 595 1126 intingi
619 1081 746 1125 jusserat
768 1102 777 1118 ‚
810 1083 864 1113 vix
898 1081 1000 1113 levem
1033 1081 1178 1123 soporem
1208 1081 1309 1116 fecisse
1334 1107 1341 1114 .

335 1129 479 1163 Parabile
502 1138 570 1161 erat
594 1126 774 1164 auxilium,
796 1127 827 1157 &
853 1125 1013 1157 Samouici
1037 1124 1172 1159 versibus
1195 1126 1343 1168 dignum,

337 1184 404 1215 quo
429 1171 573 1206 adversus
597 1167 812 1213 phrenitidem
831 1191 844 1207 ,
880 1169 911 1200 ὃ(
935 1169 1073 1202 maniam
1104 1172 1152 1203 uti
1176 1170 1346 1204 consueve-

343 1226 392 1249 rat
416 1216 591 1254 Medicus,
614 1224 730 1256 quem,
754 1211 777 1244 fi
800 1211 884 1244 nihil
910 1211 996 1244 aliud
1011 1239 1019 1254 ,
1043 1214 1138 1257 longa
1153 1224 1344 1252 certeaetas,

336 1269 430 1302 atque
455 1258 644 1292 exercitatio
668 1254 888 1289 commendare
922 1254 1111 1291 videbantur
1137 1283 1144 1290 .
1177 1261 1209 1292 Is
1242 1260 1345 1300 igitur

332 1304 454 1337 caseum
479 1300 695 1336 secundarium
717 1307 873 1331 recentem
905 1309 978 1332 curn
1011 1302 1083 1335 oleo
1105 1304 1261 1337 violarum
1284 1305 1345 1336 mi-

334 1347 458 1387 scebat,
482 1345 613 1387 rasoque
636 1344 747 1376 vertici
773 1341 957 1387 imponebat
982 1369 993 1385 ,
1025 1355 1073 1378 ter
1105 1346 1252 1390 quotidie
1275 1358 1344 1380 mu-

336 1391 490 1424 tandum.
516 1389 673 1432 Qaeres,
696 1397 775 1420 num
798 1385 948 1418 utiliter?
971 1390 1090 1423 Dicam
1122 1390 1209 1433 quod
1241 1389 1308 1424 vidi
1333 1415 1339 1422 ,

335 1433 497 1469 Robustus
519 1435 594 1472 vir,
619 1431 767 1463 serrarius
791 1428 877 1462 faber
888 1453 900 1470 ,
924 1440 940 1461 a
964 1442 1061 1474 puero
1082 1431 1162 1476 ,ex
1195 1444 1312 1467 terrore
1333 1458 1345 1475 ,

337 1487 409 1512 tum
432 1475 576 1517 incubo,
600 1484 671 1508 tum
692 1473 844 1515 vertigini
868 1473 1028 1510 obnoxius
1049 1501 1062 1518 ‚
1096 1477 1240 1521 hyberno
1264 1488 1347 1512 tem-

338 1532 415 1564 pore
441 1521 558 1554 cecidit
593 1527 720 1560 repente
741 1540 751 1555 ,
784 1519 816 1549 δέ
851 1515 985 1552 confufis
1011 1522 1113 1555 verbis
1145 1520 1182 1554 de
1218 1523 1346 1555 interno

338 1562 480 1598 thoracis
505 1563 591 1597 malo
614 1560 737 1604 questus
763 1559 824 1593 est·
852 1562 1023 1599 Continuo
1046 1567 1079 1598 in
1104 1565 1347 1600 Nosocomium

336 1610 471 1649 illatus,
495 1609 541 1641 nil
567 1606 663 1639 ferme
687 1604 961 1652 interrogantibus
983 1607 1212 1651 respondebat:
1238 1608 1348 1643 clausis

340 1653 468 1692 oculis,
491 1651 597 1684 lodice
621 1657 716 1691 caput
739 1647 927 1689 operiebat,
953 1654 1086 1685 amentis
1103 1651 1203 1685 instar
1224 1666 1231 1685 :
1265 1653 1347 1686 cale-

339 1695 395 1729 bat
420 1696 536 1735 simul>
559 1693 780 1734 tsefflEbathe
806 1703 812 1721 -”
845 1701 944 1733 Deque
967 1696 1100 1729 ebrietas
1119 1720 1131 1737 ,
1163 1706 1261 1739 neque
1283 1696 1347 1733 ulla

340 1740 403 1773 alia
426 1738 620 1782 ejuscemodi
644 1734 734 1782 causa
757 1733 878 1767 suberat
899 1755 911 1774 ,
948 1741 979 1772 &
1011 1739 1110 1772 febris
1134 1739 1258 1772 aberat.
1286 1743 1347 1772 ΡΟ-

339 1783 448 1818 stridie
471 1783 509 1818 de
533 1783 616 1815 lecto
640 1778 781 1822 prosilire
792 1802 806 1828 ⁹.
823 1776 981 1823 clamare,
1004 1784 1120 1817 minari
1141 1806 1153 1823 ,
1187 1783 1279 1817 ferire
1302 1791 1350 1815 et-

339 1829 429 1868 iami
449 1836 485 1862 Ut
509 1824 690 1861 manifestus
723 1832 835 1854 masslae
861 1845 874 1862 s
907 1827 1043 1860 vinculis
1075 1828 1214 1860 coerceri
1238 1826 1351 1862 debue-

338 1874 405 1906 rit.
431 1873 661 1905 Continenter,
686 1869 718 1899 δέ
742 1864 960 1915 vehementius
993 1871 1167 1903 clamabat:
1192 1870 1348 1914 simulque

339 1926 447 1950 totum
473 1925 588 1957 corpus
613 1909 805 1958 convulsiws
838 1913 980 1946 motibus
1014 1914 1194 1955 agitabatur
1218 1940 1225 1947 .
1259 1916 1349 1948 Turn

339 1959 512 1996 Med-icus,
536 1968 612 1990 vena
637 1963 727 1997 Juxta
750 1954 852 1986 talum
875 1954 972 1990 incisa
994 1981 1008 1998 ,
1039 1960 1223 1999 sanguinem
1247 1957 1284 1990 ad
1308 1958 1350 1989 li-

340 2004 431 2038 bram
454 2001 605 2039 detrahi,
632 2003 664 2032 &
687 1997 720 2048 id
744 1996 831 2047 quod
856 1998 949 2041 dixi,
974 2000 1044 2034 raso
1066 2002 1181 2034 vertici
1203 2002 1348 2043 imponi,

344 2047 448 2092 jussit.
477 2045 570 2087 Qid
596 2038 738 2087 quaer1s?
763 2044 814 2074 Sic
839 2044 922 2076 intra
947 2043 1039 2078 horas
1061 2043 1230 2078 duodecim
1242 2045 1352 2078 omni-

343 2104 388 2126 no
412 2092 501 2125 sanus
524 2088 626 2122 fastus
650 2085 714 2125 est,
737 2085 956 2135 constantique
978 2087 1098 2131 jugiter
1121 2097 1226 2121 mente
1249 2112 1257 2126 ,
1284 2087 1352 2129 post

345 2136 473 2178 aliquot
499 2134 565 2166 dies
590 2131 724 2165 domum
748 2128 844 2162 rediit
861 2154 873 2170 ‚
907 2131 1018 2164 casune
1041 2154 1054 2171 ,
1086 2143 1125 2164 an
1149 2131 1192 2164 ob
1226 2130 1354 2165 missum

345 2180 530 2223 sanguinem
549 2200 559 2215 ‚
595 2187 631 2208 an
656 2174 942 2222 exteriuanuoque
968 2175 1115 2208 adhibito
1139 2176 1264 2208 auxilio
1286 2176 1358 2216 opis

346 2222 469 2265 aliquid
492 2220 673 2255 conferente
696 2218 707 2248 ἒ
742 2218 812 2257 Qi
835 2217 1061 2251 insanientium
1084 2228 1180 2260 caput
1203 2219 1284 2251 laete
1306 2217 1360 2251 fo-

347 2276 446 2307 vent,
471 2276 535 2299 non
558 2261 689 2297 difficile
713 2260 906 2303 postremum
931 2261 991 2294 hoc
1027 2261 1157 2295 credent
1177 2288 1184 2295 .
1218 2263 1276 2294 Tu
1298 2261 1358 2293 sive

345 2309 431 2345 nihil
456 2310 490 2341 in
513 2309 561 2341 Re
587 2304 716 2338 Medica
752 2303 978 2345 negligendum
1009 2304 1110 2338 censes
1132 2328 1145 2345 ,
1178 2303 1238 2338 live
1260 2306 1293 2336 in
1317 2305 1357 2337 iis

348 2365 420 2398 quae
444 2350 483 2385 ad
507 2360 539 2384 te
563 2346 695 2395 scripsi,
719 2346 802 2379 nihil
824 2347 995 2380 obscurum
1019 2348 1159 2390 relinqui
1182 2349 1273 2389 cupis
1296 2359 1306 2385 3
1340 2358 1357 2380 a

348 2409 399 2432 me
421 2395 484 2429 tibi
510 2393 584 2427 satis
610 2391 664 2424 esle
699 2389 819 2422 factum
848 2413 860 2429 ,
891 2390 1050 2434 intelliges
1071 2414 1078 2421 .
1117 2390 1176 2423 Sed
1199 2388 1322 2425 nihiine
1346 2414 1354 2427 ‚

349 2440 499 2483 inquies,
524 2437 561 2469 de
586 2444 645 2468 tuo
665 2433 681 2466 ,ἓ
704 2434 776 2466 Sine
800 2444 872 2471 me,
895 2432 1023 2476 quet-so,
1046 2432 1200 2472 duarum,
1223 2431 1260 2465 de
1284 2433 1357 2475 qui-

349 2486 408 2519 bus
432 2481 528 2525 paulo
552 2488 622 2512 ante
645 2475 822 2510 indicatum
846 2476 887 2509 est
912 2501 920 2513 ‚
956 2477 1127 2510 mulierum
1158 2474 1356 2509 dissessiones

352 2526 511 2571 proferre.
539 2525 630 2556 Turn
653 2541 664 2559 ‚
702 2529 737 2552 ut
760 2519 822 2552 tibi
858 2518 1009 2562 obsequar
1029 2544 1041 2560 ,
1073 2520 1208 2561 ineptire
1231 2517 1358 2553 fortasse

351 2580 507 2614 pergam3
531 2565 580 2600 sed
602 2564 663 2597 five
687 2564 766 2597 levia
787 2586 800 2604 ,
832 2561 892 2596 sive
916 2564 1025 2606 gravia
1043 2586 1056 2604 ,
1089 2572 1191 2596 tamen
1215 2574 1277 2596 non
1301 2562 1359 2597 nisi

350 2623 435 2649 certa
453 2637 461 2652 ‚
488 2618 666 2654 proponere
686 2631 692 2641 .

398 2659 427 2691 8.
453 2653 714 2691 MULIEREM
737 2650 891 2692 stultam,
914 2663 1011 2685 annos
1034 2661 1142 2685 natam
1165 2650 1203 2685 ad
1226 2650 1362 2693 quadra-

354 2703 469 2746 ginta,
494 2699 608 2741 angina
640 2695 822 2730 sustulerat.
957 2697 1188 2729 CADAVER
1219 2695 1252 2727 in
1286 2695 1361 2736 Gy-

353 2745 507 2780 mnasium
540 2742 667 2774 illatum
701 2738 743 2772 est
788 2749 858 2772 ante
901 2739 1042 2774 medium
1078 2738 1286 2772 Februarium
1316 2739 1358 2771 A.

358 2800 449 2832 1719.
474 2796 548 2819 cum
573 2784 698 2827 publice
721 2782 905 2830 Anatomen
928 2784 1076 2817 docerem
1097 2808 1104 2814 .
1137 2783 1222 2815 Cum
1256 2780 1292 2814 ad
1326 2792 1360 2813 ea

354 2844 425 2875 quae
448 2831 580 2869 vellem,
605 2828 737 2861 minime
760 2826 832 2860 esset
856 2826 1008 2860 idoneum
1032 2834 1198 2870 propterea
1210 2826 1284 2868 quia
1297 2834 1360 2856 non

355 2878 403 2909 ita
425 2874 537 2907 multis
559 2884 575 2904 a
598 2879 701 2904 morte
725 2870 812 2903 horis
844 2870 1027 2903 abdominis
1059 2869 1194 2902 musculi
1227 2867 1291 2910 jam
1314 2867 1363 2899 vi-

358 2919 491 2957 rebant,
515 2926 616 2957 neque
638 2912 810 2950 intestina,
832 2924 901 2956 quae
925 2913 1058 2946 distenta
1081 2921 1169 2945 erant
1189 2935 1201 2952 ,
1236 2911 1363 2957 inflam-

359 2963 499 2996 matione
521 2960 654 2991 omnino
678 2955 851 2995 carebant,·
872 2957 927 2989 vix
952 2967 1044 2990 utero
1067 2954 1210 2998 inspeeto
1227 2978 1240 2995 ,
1273 2964 1362 2995 cujus

358 3005 494 3049 parvitas
518 3000 643 3034 indicio
665 2999 730 3034 fuit
752 3021 763 3038 ‚
799 3010 962 3041 nunquam
986 3000 1151 3033 mulierem
1182 2997 1329 3040 peperisse
1351 3022 1360 3035 ‚

359 3044 730 3085 idemconfirmantibus
764 3044 910 3080 mammis
931 3067 939 3081 ‚
973 3055 1044 3086 quae
1067 3065 1075 3080 ,
1107 3041 1163 3075 etsi
1185 3042 1278 3074 laistei
1303 3040 1360 3074 seri

359 3090 483 3135 aliquid
504 3088 684 3128 habebant,
706 3096 812 3120 tamen
835 3086 909 3128 ipsae
933 3098 1059 3129 quoque
1082 3096 1240 3128 perparvae
1251 3094 1360 3122 erant,

361 3135 445 3171 nihil
467 3135 501 3166 in
525 3134 564 3165 iis
587 3130 737 3175 angustiis
760 3131 937 3172 temporis,
969 3130 1025 3162 nili
1048 3129 1221 3164 Cerebrum
1237 3151 1250 3168 ,
1272 3125 1365 3161 disse-

360 3177 497 3214 candum
521 3175 654 3218 suscepi.
681 3174 781 3211 Quod
804 3183 868 3207 non
893 3172 977 3206 secus
999 3185 1031 3206 ac
1054 3172 1153 3217 paulo
1177 3171 1291 3204 antein
1305 3172 1367 3203 La-

362 3226 442 3262 nio,
466 3219 647 3262 praedurum
672 3220 837 3251 inventum
861 3216 920 3249 est.

405 3279 435 3307 9.
460 3263 664 3300 FOEMINA
690 3262 806 3302 altera,
830 3271 927 3303 quam
941 3270 1025 3305 anno
1037 3259 1195 3302 superiore
1219 3255 1367 3301 peperisse

366 3308 552 3346 constabat,
573 3317 673 3348 neque
698 3317 736 3337 eo
761 3306 916 3338 saniorem
939 3303 995 3336 esse
1020 3303 1156 3340 fastam,
1188 3313 1242 3345 per
1265 3303 1331 3334 vias
1354 3324 1366 3341 ,

369 3362 405 3386 ut
430 3360 543 3390 antea,
570 3348 628 3381 nisi
650 3350 722 3392 quis
749 3348 933 3392 prohiberet
953 3370 966 3387 ,
995 3346 1163 3380 discurrere
1186 3345 1334 3387 pergebat
1356 3367 1368 3383 ,

366 3395 507 3430 nemini,
531 3391 619 3436 quod
644 3392 718 3425 scire
750 3392 909 3434 potuerim
930 3414 942 3430 ,
974 3401 1086 3423 nocens
1108 3415 1114 3422 .
1149 3389 1233 3421 Ante
1257 3398 1369 3421 novem

368 3439 467 3472 serme
491 3448 587 3470 annos
610 3436 745 3470 insanire
767 3444 905 3477 coeperat
928 3434 970 3467 ob
990 3433 1130 3467 occisum
1153 3430 1255 3474 pridie
1277 3440 1372 3475 quam

370 3482 524 3520 nuberet,
547 3491 641 3522 quem
665 3479 808 3514 amabat,
831 3479 936 3511 virum
957 3501 964 3509 .
1000 3476 1146 3510 Tandem
1179 3487 1195 3508 a
1231 3474 1371 3509 thoracis

370 3524 624 3559 inflammatione
652 3522 800 3555 confecta
839 3520 881 3554 est
908 3544 917 3559 ‚
962 3522 1089 3554 ineunte
1122 3519 1292 3553 Decembri
1326 3518 1368 3549 A.

374 3579 467 3612 1725.
597 3567 759 3599 CAPUT
783 3564 947 3598 dumtaxat
982 3561 1111 3596 dissecui
1133 3587 1140 3594 .
1175 3561 1239 3595 Sub
1263 3562 1369 3595 Tenui

431 3703 446 3732 ζ
462 3711 477 3727 κ
492 3702 506 3732 )
523 3701 576 3727 vid.
595 3701 666 3732 Epist.
683 3705 719 3727 61.
736 3711 758 3727 n.
775 3705 800 3729 6.

860 3703 1024 3733 (o)n.13·
1089 3705 1257 3734 (p)n.i3.

957 94 1114 149 Liber
1149 95 1188 148 1.
1221 96 1307 148 De
1342 94 1550 147 Morbis
1585 91 1793 159 Capitis

1388 171 1534 215 meninge
1558 182 1637 214 aqua
1670 179 1737 203 erat
1771 180 1835 203 non
1869 167 1930 201 fine
1955 168 2048 201 aereis
2071 164 2125 198 hic
2157 164 2227 198 illic
2261 164 2390 198 bullis:

1388 226 1464 258 quas
1496 218 1529 248 ὃς
1555 213 1672 247 alicubi
1704 214 1737 246 in
1761 212 1952 256 quibusdam
1986 208 2120 244 vasculis
2150 208 2393 242 confertissimas

1389 258 1479 295 vidi,
1502 266 1538 291 ut
1563 257 1630 291 haec
1654 257 1829 298 replerent.
1861 254 1963 289 Nulla
1987 264 2062 286 vero
2085 253 2208 294 aquain
2231 254 2393 285 ventricu-

1390 302 1430 334 lis
1454 300 1674 334 Lateralibus:
1697 301 1731 333 in
1754 300 1869 342 quibus
1890 297 1957 331 vasa
1980 319 1989 334 ,
2004 300 2045 330 ἃ
2069 296 2180 330 Plexus
2203 297 2357 330 rubebant
2383 325 2392 334 ‚

1391 344 1458 379 Bafi
1486 345 1619 377 Pinealis
1642 342 1800 386 glandulae
1835 343 1972 375 anterius
1996 339 2172 374 adhaerebat
2204 353 2302 385 pauca
2324 353 2395 376 ma-

1391 390 1469 422 teria
1493 399 1531 421 ex
1556 387 1627 427 albo
1651 386 1809 425 subflava,
1833 397 1903 428 quae
1927 385 2065 428 aggeries
2088 383 2280 420 calculorum
2305 387 2394 420 vide-

1391 433 1483 466 batur
1509 444 1518 469 ς
1544 430 1595 464 sed
1618 430 1705 463 tactu
1734 429 1897 471 explorata
1918 453 1930 469 ,
1965 439 2064 471 neque
2087 425 2241 461 calculosa
2265 431 2396 463 inventa

1390 477 1432 509 est
1454 498 1464 513 ,
1498 477 1530 508 &
1552 474 1607 507 vix
1640 472 1776 507 subdura
1799 497 1806 503 .
1844 473 2020 506 Cerebrum
2051 470 2209 506 assulatim
2238 471 2394 511 secando,

1393 518 1596 553 medullarem
1618 514 1819 550 substantiam
1830 526 1895 548 non
1917 515 1995 549 adeo
2006 513 2171 548 candidam
2194 516 2395 549 animadver—

1392 564 1441 601 ti3
1464 560 1608 596 subfusca
1630 559 1716 592 enim
1737 567 1831 599 erat,
1853 557 1951 601 idque
1973 558 2027 592 hic
2051 556 2177 592 fortasse
2199 558 2242 591 ob
2264 559 2396 601 sangui-

1389 606 1455 639 fera
1476 604 1599 638 vascula
1623 603 1795 645 pleniora3
1827 612 1902 636 nam
1932 614 1998 646 quo
2035 602 2164 646 longius
2198 614 2213 634 a
2245 603 2396 636 corticali

1390 647 1560 683 substantia
1583 645 1803 680 descendebam
1825 668 1836 685 ‚
1870 656 1909 678 eo
1931 647 2037 679 minus
2071 646 2189 681 fuscam
2224 645 2396 680 medullam

1389 692 1641 735 conspiciebam.
1668 688 1754 722 Illud
1777 688 1982 736 certiffirnum
2004 689 2087 723 hanc
2110 690 2392 725 eandemsubstan-

1391 739 1471 770 tiam
1493 736 1527 768 in
1550 743 1624 767 toto
1644 732 1789 769 cerebro,
1813 732 1846 780 in
1868 732 1993 775 ejusque
2018 735 2205 776 particulis,
2229 746 2299 778 quae
2311 735 2396 768 intra

1390 778 1582 813 ventriculos
1606 776 1806 822 speftannir,
1830 775 1960 822 lusolita
1984 775 2075 811 fuisse
2097 777 2239 817 duritie,
2265 777 2396 811 nervos-

1391 835 1450 867 que
1473 821 1558 865 ipsos
1580 822 1665 853 intra
1687 828 1832 852 cranium
1854 821 2030 861 firmiores,
2055 821 2221 865 minusque
2242 821 2395 856 humidos

1394 869 1478 900 inter
1500 864 1666 899 secandum
1676 859 1848 906 apparuisse
1862 885 1869 893 .
1895 864 1979 897 Cum
2003 872 2108 898 autern
2122 866 2157 898 in
2179 867 2309 899 cerebro
2321 877 2396 899 cor-

1393 910 1499 944 ticalis
1521 919 1645 952 quoque
1669 905 1840 940 substantia
1863 904 1936 939 satis
1959 906 2050 941 firma
2075 907 2176 948 effet;
2199 911 2233 942 in
2258 909 2398 943 cerebel-

1393 955 1426 987 lo
1448 952 1512 987 fuit
1538 950 1740 990 mollislima,
1761 950 2094 996 quamvis-pedunculi
2112 975 2125 992 ‚
2157 957 2189 986 8<
2215 952 2266 987 his
2288 953 2397 985 vicina

1393 996 1536 1031 cerebelli
1559 996 1691 1028 interior
1712 992 1850 1027 medulla
1872 993 1966 1039 essent
1988 995 2100 1037 utique
2125 995 2284 1029 firmiores
2302 1020 2309 1028 .

1441 1051 1488 1074 10.
1514 1040 1612 1073 Nunc
1635 1036 1714 1080 quid
1748 1048 1807 1079 ego
1831 1036 1865 1068 in
1897 1036 2052 1079 ejusmodi
2076 1038 2220 1073 foeminis
2239 1062 2253 1080 ,
2283 1038 2398 1073 virisve

1393 1083 1455 1117 sine
1478 1083 1564 1117 febre
1587 1080 1798 1116 delirantibus
1823 1090 1887 1112 non
1911 1081 2027 1113 inutile
2050 1080 2108 1115 sim
2118 1092 2288 1125 expertus,
2313 1082 2400 1118 fidi·-

1393 1139 1463 1161 cam
1483 1141 1492 1164 ;
1518 1128 1623 1160 aetum
1646 1136 1736 1168 agere
1758 1123 1890 1157 videbor
1911 1148 1919 1156 .
1954 1126 2042 1158 Nam
2074 1126 2161 1169 quod
2183 1129 2266 1161 inter
2296 1131 2400 1172 prima

1396 1172 1499 1206 morbi
1523 1171 1639 1210 initia,
1662 1167 1835 1212 praesertim
1858 1169 2172 1215 curn-Melancholia
2195 1171 2266 1207 esset
2290 1172 2400 1217 hypo-

1395 1215 1588 1249 chondriaca
1608 1237 1620 1255 ,
1651 1221 1704 1247 aut
1728 1211 1818 1244 locus
1841 1235 1851 1250 ‚
1885 1210 2084 1253 obieetumve
2113 1225 2237 1251 certum
2271 1217 2399 1252 ineunti

1394 1259 1511 1293 morbo
1542 1256 1737 1291 occasionem
1760 1253 1912 1297 praeberet
1931 1276 1945 1294 ,
1978 1256 2023 1288 nil
2045 1258 2158 1294 melius
2188 1261 2366 1296 invenerim
2387 1285 2402 1303 ‚

1394 1314 1490 1347 quam
1515 1311 1551 1336 ut
1574 1301 1730 1336 continuo
1752 1296 1991 1340 ingrederentur
2011 1299 2146 1343 longum
2167 1304 2233 1337 iter
2255 1330 2265 1345 ‚
2296 1307 2401 1339 comi-

1395 1346 1538 1382 tantibus
1559 1345 1687 1379 Amicis
1709 1343 1831 1386 gratis,
1854 1351 1947 1384 atque
1970 1341 2178 1385 prudentibus
2201 1362 2209 1380 2
2235 1358 2288 1383 aut
2313 1347 2403 1392 quod

1397 1403 1472 1426 cum
1494 1391 1625 1423 minime
1648 1387 1681 1421 id
1704 1388 1837 1423 liceret,
1860 1384 2040 1420 saccharum
2063 1411 2074 1427 ‚
2097 1391 2134 1423 u't
2156 1401 2274 1424 vocant
2301 1418 2310 1433 ‚
2348 1393 2403 1425 Sa-

1397 1436 1485 1469 turni
1509 1431 1698 1478 quibusdam
1721 1438 1812 1464 caute
1835 1428 1946 1462 datum
1961 1432 2111 1466 nonnihil
2136 1435 2208 1476 opis
2222 1433 2330 1469 afferre
2353 1436 2404 1468 'vi-

1396 1481 1499 1514 derim
1519 1503 1528 1518 ‚
1558 1476 1706 1509 balneum
1729 1474 1801 1506 aliis
1821 1496 1834 1513 ,
1867 1483 1932 1505 non
1957 1477 2062 1515 paucis
2086 1485 2191 1513 autem
2213 1478 2310 1522 longe
2331 1479 2404 1522 plus

1397 1534 1493 1568 quam
1515 1521 1634 1555 auxilia
1657 1519 1765 1552 omnia
1785 1515 1921 1566 ,ipsam
1944 1520 2098 1560 temporis
2121 1519 2368 1557 diuturnitatem
2391 1536 2408 1561 ;

1398 1568 1491 1607 haec,
1514 1566 1666 1607 inquam,
1689 1565 1721 1594 δε
1745 1560 1861 1594 similia
1884 1570 1958 1594 cum
1971 1561 2108 1604 dixero,
2131 1564 2313 1609 nihilquod
2336 1576 2405 1599 non

1398 1611 1477 1652 saepe
1500 1609 1636 1651 legeris,
1659 1606 1791 1639 dixero.
1925 1605 2052 1639 Praestat
2075 1619 2172 1650 quam
2196 1610 2405 1650 paucioribus

1397 1655 1500 1687 verbis
1525 1651 1635 1695 poffim
1657 1651 1691 1682 in
1716 1659 1747 1680 re
1769 1647 1887 1697 longa,
1910 1650 1943 1680 ἃς
1966 1650 2074 1690 varia,
2097 1652 2258 1695 perspicue
2271 1664 2375 1688 tamen
2394 1676 2405 1692 ,

1399 1702 1430 1731 δε
1454 1697 1626 1738 diligenter
1641 1718 1650 1734 ‚
1674 1691 1864 1734 peculiarem
1886 1690 2056 1725 describere
2083 1693 2299 1730 successionem
2320 1708 2406 1731 mor-

1399 1742 1516 1776 borum
1541 1763 1550 1777 ,
1583 1747 1719 1781 quorum
1743 1733 1918 1777 postremus
1942 1738 2045 1769 mania
2067 1735 2137 1770 fuit>
2153 1761 2167 1778 ,
2198 1751 2295 1783 eaque
2316 1741 2405 1774 brevi

1402 1793 1583 1827 percurata.
1608 1783 1696 1827 Cum
1719 1779 1762 1811 A.
1790 1788 1882 1820 1711-
1897 1777 2064 1813 Ludovico
2076 1780 2280 1824 Albertino‚
2303 1785 2406 1817 Foro-

1402 1825 1540 1863 livienfis
1562 1824 1710 1858 Ecclesiae
1731 1821 1977 1856 Archidiacono
1998 1824 2198 1859 meritiffimo
2218 1850 2231 1868 ,
2263 1829 2295 1860 in
2320 1826 2407 1861 diffi-

1398 1872 1523 1906 cillimo
1545 1869 1638 1909 casu,
1662 1867 1813 1910 propitiis
1835 1867 1963 1909 Superis
1985 1890 1994 1905 ,
2030 1867 2206 1903 feliciffime
2230 1869 2371 1904 mederer
2394 1895 2407 1912 ,

1398 1925 1463 1949 erat
1486 1916 1515 1947 ei
1539 1914 1623 1945 inter
1644 1921 1775 1944 caeteros
1798 1909 1901 1944 servus
1925 1922 1941 1943 a
1966 1910 2096 1953 pedibus
2121 1914 2242 1956 viginti
2265 1925 2327 1948 tres
2352 1926 2407 1948 ari-

1402 1970 1461 1992 nos
1485 1966 1601 1996 natus,
1623 1954 1780 1998 gracilis,
1802 1965 1867 1987 non
1890 1954 1978 1987 bono
2000 1955 2108 1989 colore
2134 1978 2143 1994 ‚
2166 1969 2262 2000 quern
2286 1958 2409 1991 labori-

1402 2003 1462 2035 bus
1485 1999 1594 2034 fessum
1617 2000 1814 2040 corripuerat
1838 1996 1959 2038 febris,
1981 1999 2110 2033 ineunte
2134 2001 2333 2044 Septembri,
2359 2001 2407 2035 as.

1403 2045 1510 2084 sidua,
1534 2046 1565 2076 &
1590 2053 1683 2085 quae,
1708 2041 1783 2074 licet
1807 2039 1846 2073 ad
1868 2040 2031 2084 duplicem
2054 2044 2242 2078 Tertianam
2266 2043 2410 2079 accedere

1405 2089 1592 2124 videretur3
1616 2085 1780 2118 abnormis
1803 2093 1911 2117 tamen
1933 2094 2024 2126 erat,
2046 2088 2079 2119 &
2102 2088 2212 2128 varia,
2235 2099 2290 2122 nec
2303 2089 2410 2123 minus

1408 2128 1608 2165 variantibus
1630 2128 1744 2171 stipata
1767 2128 1983 2161 incommodis
2005 2152 2013 2160 .
2046 2130 2135 2163 Nam
2158 2129 2258 2166 modo
2277 2131 2412 2165 iumbo-

1410 2187 1501 2217 rum,
1525 2171 1628 2210 dorsi,
1648 2173 1766 2215 capitis
1788 2171 1905 2212 dolor,
1928 2171 2077 2215 calorque
2096 2197 2110 2214 ,
2133 2173 2232 2208 modo
2255 2176 2374 2219 vigiliae
2396 2198 2410 2215 ,

1411 2220 1485 2252 alias
1509 2215 1688 2256 hebetudo,
1711 2216 1811 2248 vixut
1834 2217 2046 2261 interroganti
2060 2216 2286 2260 responderet,
2306 2220 2413 2251 inter-

1410 2263 1488 2296 dum
1508 2261 1625 2295 caloris
1649 2259 1767 2292 interni
1792 2257 1917 2299 sensus,
1938 2262 1968 2291 ὅ(
1983 2260 2122 2293 anxietas
2146 2261 2411 2304 inexplicabilis,

1407 2314 1635 2347 nonnunquam
1647 2301 1737 2341 sitis,
1759 2301 2003 2344 vaniloquium,
2028 2303 2143 2345 pedum
2156 2304 2260 2348 frigus
2283 2307 2414 2348 ingrue-

1407 2350 1506 2387 bant3
1530 2346 1581 2380 sed
1605 2346 1680 2378 alias
1704 2345 1786 2384 alia,
1810 2344 1964 2387 nulloque
1987 2345 2100 2378 ordine
2123 2371 2130 2378 .
2164 2349 2250 2383 Illud
2275 2349 2413 2390 plerum-

1406 2404 1468 2436 que
1490 2389 1665 2433 perstabat,
1689 2388 1827 2431 parvitas
1842 2410 1855 2427 ,
1877 2388 2127 2423 &imbecillitas
2144 2392 2311 2432 pulsuum.
2337 2394 2415 2425 San-

1407 2437 1501 2478 guis,
1523 2435 1608 2466 intra
1630 2432 1705 2465 octo
1727 2431 1849 2474 primos
1874 2430 1940 2464 dies
1964 2421 2011 2465 bis
2035 2431 2072 2464 de
2095 2432 2229 2467 brachio
2252 2435 2376 2469 emissus
2401 2457 2414 2475 ,

1409 2479 1475 2512 sero
1510 2476 1573 2510 fuit
1606 2486 1717 2509 croceo
1739 2500 1749 2515 ,
1772 2483 1861 2517 parte
1885 2475 2005 2517 reliqua
2029 2474 2108 2509 dura
2141 2487 2214 2511 cum
2237 2480 2378 2521 primum
2402 2502 2415 2518 ‚

1408 2532 1479 2556 tum
1502 2521 1603 2563 magis
1627 2517 1730 2563 postea
1751 2541 1762 2558 ,
1796 2527 1933 2559 tuncque
1966 2517 2093 2560 insuper
2125 2521 2228 2554 crusta
2261 2521 2417 2556 insidebat

1412 2577 1477 2599 non
1501 2565 1631 2604 tenuis,
1656 2572 1753 2604 eaque
1775 2559 1910 2604 lividula
1934 2586 1941 2595 .
1977 2563 2088 2596 Urinae
2111 2562 2213 2598 crassae
2238 2566 2377 2607 primum
2402 2589 2416 2607 ,

1413 2613 1444 2643 ὃς
1469 2607 1546 2642 rufae
1561 2630 1570 2645 ,
1595 2605 1708 2640 deinde
1726 2615 1833 2651 tenues
1856 2626 1865 2641 ,
1899 2606 1930 2637 δι
1954 2606 2096 2647 quamvis
2131 2609 2224 2650 copia
2249 2608 2416 2651 responde-

1413 2654 1489 2686 bant
1513 2653 1606 2694 potui
1629 2674 1638 2689 ‚
1673 2660 1707 2682 ac
1729 2650 1807 2691 saepe
1838 2648 1936 2681 etiam
1960 2648 2145 2691 superabant
2167 2675 2179 2692 ,
2216 2654 2249 2688 &e
2280 2652 2416 2695 denique

1412 2696 1591 2730 innatantia
1615 2692 1759 2738 quaedam
1782 2690 2009 2730 ostendebant3
2033 2704 2194 2738 nunquam
2219 2705 2323 2729 tamen
2349 2695 2417 2729 haec

1414 2739 1452 2773 ad
1484 2741 1587 2772 imum
1609 2736 1822 2772 demittebant
1842 2759 1850 2766 .
1883 2735 1983 2769 Alvus
2007 2735 2099 2770 semel
2132 2738 2271 2772 reddidit
2291 2739 2417 2782 liquida

1412 2783 1533 2821 multa,
1560 2783 1636 2815 alias
1660 2780 1723 2813 fere
1756 2779 1862 2822 qualia
1886 2780 1950 2812 sani
1974 2778 2075 2813 solent
2095 2804 2107 2822 ,
2140 2782 2189 2816 sed
2214 2783 2293 2816 flava
2317 2783 2418 2816 inter-

1412 2826 1509 2866 dum,
1533 2825 1625 2859 semel
1649 2822 1774 2858 duobus
1808 2833 1882 2855 cum
1904 2822 2067 2858 vermibus
2089 2848 2096 2856 .
2132 2825 2236 2860 Sudor
2258 2826 2308 2860 bis
2340 2836 2418 2861 toto

1413 2881 1548 2912 corpore
1573 2867 1743 2912 prorupit,
1768 2865 1880 2907 saepius
1903 2877 1969 2899 non
1991 2865 2048 2900 nisi
2073 2879 2112 2901 ex
2124 2867 2251 2909 fronte,
2276 2868 2418 2913 hincque

1415 2912 1579 2946 interdum
1601 2909 1743 2954 frigidus
1764 2934 1771 2939 .
1808 2910 1940 2951 Sanguis
1963 2921 1978 2943 e
2001 2910 2126 2945 naribus
2159 2911 2252 2945 semel
2278 2913 2377 2947 fluxit
2402 2935 2413 2951 ‚

1404 2967 1481 2989 ·non
1505 2956 1645 2990 multus.
1672 2954 1763 2990 Quin
1786 2953 1882 2985 etiam
1904 2952 1998 2998 dolor
2021 2955 2104 2987 circa
2129 2967 2236 2990 aurem
2257 2980 2269 2996 ,
2293 2959 2325 2989 δέ
2350 2967 2419 2990 ma-

1414 3010 1514 3033 nuum
1537 2999 1657 3042 digitos
1681 2997 1834 3034 obortus,
1857 2997 1942 3029 viius
1966 2997 2138 3039 aliquando
2151 2998 2192 3033 est
2216 3008 2336 3033 naturae
2360 3011 2419 3034 co-

1414 3052 1528 3076 natum
1549 3042 1689 3076 indicare
1712 3038 1834 3082 aliquid
1868 3038 1906 3072 ad
1929 3051 1976 3072 eas
1999 3050 2101 3082 partes
2124 3041 2325 3085 deponendi.
2360 3046 2419 3076 Per

1416 3085 1483 3120 haec
1506 3097 1637 3120 ventum
1668 3093 1733 3117 erat
1759 3081 1797 3115 ad
1828 3091 1979 3125 quartum
2001 3083 2160 3120 decimum
2193 3085 2277 3119 diem
2304 3112 2314 3127 ‚
2346 3096 2419 3119 cum

1418 3139 1526 3163 motus
1550 3135 1762 3172 apparuerunt
1784 3125 2038 3162 convulsivitum
2062 3140 2120 3169 eo,
2144 3138 2212 3164 tum
2223 3128 2334 3163 diebus
2358 3131 2419 3163 ali—

1417 3182 1497 3216 quot
1522 3172 1697 3215 proximis.
1724 3168 1903 3211 Iisdemque
1926 3178 2031 3205 tamen
2043 3171 2154 3206 diebus
2177 3184 2259 3214 aeger
2270 3174 2419 3214 alacrior,

1418 3220 1449 3249 &
1473 3217 1604 3250 meliore
1628 3214 1781 3256 aspectus
1806 3224 1878 3246 nam
1901 3212 1981 3247 facie
2005 3216 2101 3257 paulo
2125 3224 2196 3249 ante
2218 3214 2322 3250 fuerat
2344 3217 2420 3251 sub-

1418 3260 1562 3297 tumida‚
1586 3269 1678 3303 atque
1701 3256 1877 3290 sublivida.
1903 3257 2007 3301 lisque
2030 3258 2241 3293 desinentibus
2252 3260 2419 3299 motibus,

1420 3305 1504 3337 cutis
1526 3303 1622 3346 paulo
1645 3300 1712 3344 post
1735 3300 1941 3333 humerorum
1965 3324 1974 3340 ,
2008 3305 2040 3335 &
2063 3303 2202 3345 pectoris
2227 3304 2340 3337 leviter
2363 3315 2421 3337 ru-

1421 3347 1497 3384 bra,
1522 3351 1555 3379 a'c
1582 3345 1742 3386 subaspera
1762 3342 1844 3377 fadia
1867 3343 1931 3377 est:
1955 3354 2050 3388 atque
2072 3346 2331 3389 utintelligeres‚
2354 3356 2421 3380 non

1422 3391 1573 3423 inutilem
1595 3387 1728 3432 quidem
1750 3386 1834 3421 hunc
1857 3385 1914 3420 esse
1936 3398 2056 3422 naturae
2077 3398 2231 3424 conatum
2253 3413 2262 3429 ‚
2299 3389 2350 3423 sed
2373 3399 2422 3423 ta-

1423 3444 1494 3466 men
1516 3444 1580 3465 non
1603 3433 1678 3466 satis
1700 3431 1812 3478 utilem
1833 3442 1843 3469 5
1866 3428 1930 3473 jam
1953 3443 2050 3475 neque
2073 3433 2193 3475 vigiliae
2216 3457 2228 3474 ,
2260 3444 2360 3476 noque
2383 3432 2422 3466 fi-

1422 3481 1488 3516 tis,
1511 3487 1608 3518 neque
1631 3475 1717 3509 aliud
1737 3472 1927 3517 ejuscemodi
1951 3476 2192 3510 incommodum
2214 3477 2350 3519 amplius
2375 3487 2423 3509 re-

1421 3519 1540 3553 stabat:
1565 3521 1641 3561 quin
1666 3520 1762 3555 etiam
1785 3517 1889 3559 pulsus
1913 3517 1951 3550 ad
1973 3529 2090 3553 naturae
2101 3530 2247 3552 normam
2268 3518 2357 3551 valde
2372 3531 2423 3552 ac-

1420 3562 1549 3597 cedebat
1563 3588 1572 3593 „
1598 3565 1719 3597 Verum
1742 3572 1840 3604 neque
1864 3560 2041 3598 stomachus
2063 3562 2213 3605 vigebat,
2236 3565 2268 3595 Sc
2290 3561 2384 3595 facile
2407 3574 2423 3601 e

2296 3616 2380 3638 Harl-
