<?xml version="1.0" encoding="UTF-8"?>
<!DOCTYPE html PUBLIC "-//W3C//DTD XHTML 1.0 Transitional//EN"
    "http://www.w3.org/TR/xhtml1/DTD/xhtml1-transitional.dtd">
<html xmlns="http://www.w3.org/1999/xhtml" xml:lang="en" lang="en">
 <head>
  <title>
</title>
<meta http-equiv="Content-Type" content="text/html;charset=utf-8" />
  <meta name='ocr-system' content='tesseract 3.04.00' />
  <meta name='ocr-capabilities' content='ocr_page ocr_carea ocr_par ocr_line ocrx_word'/>
</head>
<body>
  <div class='ocr_page' id='page_1' title='image "./desedibusetcausi00morg_0500.png"; bbox 0 0 2498 4075; ppageno 0'>
   <div class='ocr_carea' id='block_1_1' title="bbox 421 170 512 211">
    <p class='ocr_par' dir='ltr' id='par_1_1' title="bbox 421 170 512 211">
     <span class='ocr_line' id='line_1_1' title="bbox 421 170 512 211; baseline 0.022 -2"><span class='ocrx_word' id='word_1_1' title='bbox 421 170 512 211; x_wconf 78' lang='lat'>102</span> 
     </span>
    </p>
   </div>
   <div class='ocr_carea' id='block_1_2' title="bbox 342 228 1383 3618">
    <p class='ocr_par' dir='ltr' id='par_1_2' title="bbox 342 228 1383 3618">
     <span class='ocr_line' id='line_1_2' title="bbox 344 228 1350 275; baseline -0.005 -7"><span class='ocrx_word' id='word_1_2' title='bbox 344 228 465 269; x_wconf 77' lang='lat' dir='ltr'>bilioso</span> <span class='ocrx_word' id='word_1_3' title='bbox 488 257 497 273; x_wconf 94' lang='lat'>‚</span> <span class='ocrx_word' id='word_1_4' title='bbox 521 242 558 268; x_wconf 91' lang='lat' dir='ltr'>ut</span> <span class='ocrx_word' id='word_1_5' title='bbox 580 235 719 270; x_wconf 59' lang='lat' dir='ltr'>vocant,</span> <span class='ocrx_word' id='word_1_6' title='bbox 740 238 1014 275; x_wconf 76' lang='lat' dir='ltr'>temperamento,</span> <span class='ocrx_word' id='word_1_7' title='bbox 1049 231 1157 274; x_wconf 77' lang='lat' dir='ltr'>amplo</span> <span class='ocrx_word' id='word_1_8' title='bbox 1179 241 1314 274; x_wconf 89' lang='lat' dir='ltr'>corpore</span> <span class='ocrx_word' id='word_1_9' title='bbox 1336 253 1350 270; x_wconf 93' lang='lat'>‚</span> 
     </span>
     <span class='ocr_line' id='line_1_3' title="bbox 345 274 1350 322; baseline -0.005 -10"><span class='ocrx_word' id='word_1_10' title='bbox 345 288 442 322; x_wconf 78' lang='lat' dir='ltr'>atque</span> <span class='ocrx_word' id='word_1_11' title='bbox 465 277 620 314; x_wconf 84' lang='lat' dir='ltr'>robusto,</span> <span class='ocrx_word' id='word_1_12' title='bbox 644 282 745 318; x_wconf 81' lang='lat' dir='ltr'>eoque</span> <span class='ocrx_word' id='word_1_13' title='bbox 769 277 869 317; x_wconf 90' lang='lat' dir='ltr'>magis</span> <span class='ocrx_word' id='word_1_14' title='bbox 889 297 898 312; x_wconf 93' lang='lat'>,</span> <span class='ocrx_word' id='word_1_15' title='bbox 931 275 964 306; x_wconf 89' lang='lat' dir='ltr'>in</span> <span class='ocrx_word' id='word_1_16' title='bbox 988 276 1079 307; x_wconf 90' lang='lat' dir='ltr'>omni</span> <span class='ocrx_word' id='word_1_17' title='bbox 1103 274 1231 308; x_wconf 89' lang='lat' dir='ltr'>vivendi</span> <span class='ocrx_word' id='word_1_18' title='bbox 1254 285 1350 316; x_wconf 84' lang='lat' dir='ltr'>gene-</span> 
     </span>
     <span class='ocr_line' id='line_1_4' title="bbox 344 317 1348 365; baseline -0.006 -10"><span class='ocrx_word' id='word_1_19' title='bbox 344 332 378 356; x_wconf 72' lang='lat' dir='ltr'>re</span> <span class='ocrx_word' id='word_1_20' title='bbox 395 347 403 361; x_wconf 89' lang='lat'>,</span> <span class='ocrx_word' id='word_1_21' title='bbox 426 322 677 365; x_wconf 81' lang='lat' dir='ltr'>praeceptionum</span> <span class='ocrx_word' id='word_1_22' title='bbox 701 321 895 353; x_wconf 79' lang='lat' dir='ltr'>medicatum</span> <span class='ocrx_word' id='word_1_23' title='bbox 919 317 1042 351; x_wconf 86' lang='lat' dir='ltr'>securus</span> <span class='ocrx_word' id='word_1_24' title='bbox 1063 343 1072 358; x_wconf 90' lang='lat'>,</span> <span class='ocrx_word' id='word_1_25' title='bbox 1105 318 1269 361; x_wconf 89' lang='lat' dir='ltr'>postquam</span> <span class='ocrx_word' id='word_1_26' title='bbox 1294 328 1348 350; x_wconf 88' lang='lat' dir='ltr'>an-</span> 
     </span>
     <span class='ocr_line' id='line_1_5' title="bbox 346 361 1348 405; baseline -0.007 -6"><span class='ocrx_word' id='word_1_27' title='bbox 346 376 423 400; x_wconf 86' lang='lat' dir='ltr'>num</span> <span class='ocrx_word' id='word_1_28' title='bbox 444 364 567 398; x_wconf 84' lang='lat' dir='ltr'>exceffit</span> <span class='ocrx_word' id='word_1_29' title='bbox 591 361 867 405; x_wconf 84' lang='lat' dir='ltr'>quadragesimum</span> <span class='ocrx_word' id='word_1_30' title='bbox 884 382 893 397; x_wconf 86' lang='lat'>‚</span> <span class='ocrx_word' id='word_1_31' title='bbox 917 362 1038 403; x_wconf 81' lang='lat' dir='ltr'>longo,</span> <span class='ocrx_word' id='word_1_32' title='bbox 1062 364 1094 394; x_wconf 75' lang='grc' dir='ltr'>δε</span> <span class='ocrx_word' id='word_1_33' title='bbox 1117 362 1209 394; x_wconf 90' lang='lat' dir='ltr'>vario</span> <span class='ocrx_word' id='word_1_34' title='bbox 1233 361 1348 393; x_wconf 88' lang='lat' dir='ltr'>morbo</span> 
     </span>
     <span class='ocr_line' id='line_1_6' title="bbox 344 404 1347 449; baseline -0.006 -8"><span class='ocrx_word' id='word_1_35' title='bbox 344 418 531 449; x_wconf 86' lang='lat' dir='ltr'>correptus,</span> <span class='ocrx_word' id='word_1_36' title='bbox 553 407 586 439; x_wconf 87' lang='lat' dir='ltr'>in</span> <span class='ocrx_word' id='word_1_37' title='bbox 609 417 712 446; x_wconf 89' lang='lat' dir='ltr'>eoque</span> <span class='ocrx_word' id='word_1_38' title='bbox 735 404 996 446; x_wconf 76' lang='lat' dir='ltr'>refrigerantibus</span> <span class='ocrx_word' id='word_1_39' title='bbox 1020 405 1209 446; x_wconf 89' lang='lat' dir='ltr'>potionibus</span> <span class='ocrx_word' id='word_1_40' title='bbox 1230 412 1347 445; x_wconf 84' lang='lat' dir='ltr'>praeter</span> 
     </span>
     <span class='ocr_line' id='line_1_7' title="bbox 345 446 1348 490; baseline -0.006 -6"><span class='ocrx_word' id='word_1_41' title='bbox 345 452 478 484; x_wconf 87' lang='lat' dir='ltr'>modum</span> <span class='ocrx_word' id='word_1_42' title='bbox 503 450 594 489; x_wconf 81' lang='lat' dir='ltr'>usus,</span> <span class='ocrx_word' id='word_1_43' title='bbox 619 460 637 482; x_wconf 89' lang='lat' dir='ltr'>e</span> <span class='ocrx_word' id='word_1_44' title='bbox 660 449 777 481; x_wconf 90' lang='lat' dir='ltr'>morbo</span> <span class='ocrx_word' id='word_1_45' title='bbox 798 446 928 490; x_wconf 89' lang='lat' dir='ltr'>quidem</span> <span class='ocrx_word' id='word_1_46' title='bbox 939 447 1058 489; x_wconf 22' lang='lat' dir='ltr'>evafitffl,</span> <span class='ocrx_word' id='word_1_47' title='bbox 1082 447 1131 481; x_wconf 88' lang='lat' dir='ltr'>sed</span> <span class='ocrx_word' id='word_1_48' title='bbox 1157 455 1266 481; x_wconf 86' lang='lat' dir='ltr'>ventre</span> <span class='ocrx_word' id='word_1_49' title='bbox 1288 447 1348 478; x_wconf 89' lang='lat' dir='ltr'>ali-</span> 
     </span>
     <span class='ocr_line' id='line_1_8' title="bbox 343 489 1350 536; baseline -0.004 -9"><span class='ocrx_word' id='word_1_50' title='bbox 343 503 468 536; x_wconf 88' lang='lat' dir='ltr'>quanto</span> <span class='ocrx_word' id='word_1_51' title='bbox 498 492 674 527; x_wconf 88' lang='lat' dir='ltr'>tumidiore</span> <span class='ocrx_word' id='word_1_52' title='bbox 695 514 702 524; x_wconf 90' lang='lat'>.</span> <span class='ocrx_word' id='word_1_53' title='bbox 735 490 805 528; x_wconf 84' lang='lat' dir='ltr'>Qui</span> <span class='ocrx_word' id='word_1_54' title='bbox 829 502 901 524; x_wconf 91' lang='lat' dir='ltr'>cum</span> <span class='ocrx_word' id='word_1_55' title='bbox 937 490 1151 524; x_wconf 86' lang='lat' dir='ltr'>remediorum</span> <span class='ocrx_word' id='word_1_56' title='bbox 1173 501 1234 531; x_wconf 86' lang='lat' dir='ltr'>ope</span> <span class='ocrx_word' id='word_1_57' title='bbox 1256 489 1350 523; x_wconf 88' lang='lat' dir='ltr'>detu-</span> 
     </span>
     <span class='ocr_line' id='line_1_9' title="bbox 342 532 1348 577; baseline -0.006 -6"><span class='ocrx_word' id='word_1_58' title='bbox 342 536 469 571; x_wconf 83' lang='lat' dir='ltr'>muiffet</span> <span class='ocrx_word' id='word_1_59' title='bbox 489 557 499 574; x_wconf 88' lang='lat'>‚</span> <span class='ocrx_word' id='word_1_60' title='bbox 532 534 615 569; x_wconf 87' lang='lat' dir='ltr'>nihil</span> <span class='ocrx_word' id='word_1_61' title='bbox 640 545 831 577; x_wconf 81' lang='lat' dir='ltr'>magnopere</span> <span class='ocrx_word' id='word_1_62' title='bbox 854 533 967 568; x_wconf 83' lang='lat' dir='ltr'>habuit</span> <span class='ocrx_word' id='word_1_63' title='bbox 997 532 1314 568; x_wconf 86' lang='lat' dir='ltr'>animadvertendum</span> <span class='ocrx_word' id='word_1_64' title='bbox 1339 554 1348 569; x_wconf 91' lang='lat'>,</span> 
     </span>
     <span class='ocr_line' id='line_1_10' title="bbox 344 576 1349 622; baseline -0.005 -9"><span class='ocrx_word' id='word_1_65' title='bbox 344 581 447 613; x_wconf 89' lang='lat' dir='ltr'>donec</span> <span class='ocrx_word' id='word_1_66' title='bbox 470 580 532 612; x_wconf 89' lang='lat' dir='ltr'>alvi</span> <span class='ocrx_word' id='word_1_67' title='bbox 555 577 688 622; x_wconf 87' lang='lat' dir='ltr'>quidam</span> <span class='ocrx_word' id='word_1_68' title='bbox 703 576 808 612; x_wconf 84' lang='lat' dir='ltr'>fluxus</span> <span class='ocrx_word' id='word_1_69' title='bbox 829 588 988 611; x_wconf 88' lang='lat' dir='ltr'>recurrere</span> <span class='ocrx_word' id='word_1_70' title='bbox 1003 589 1058 620; x_wconf 92' lang='lat' dir='ltr'>per</span> <span class='ocrx_word' id='word_1_71' title='bbox 1078 577 1244 610; x_wconf 83' lang='lat' dir='ltr'>intervalla</span> <span class='ocrx_word' id='word_1_72' title='bbox 1257 599 1269 616; x_wconf 90' lang='lat'>,</span> <span class='ocrx_word' id='word_1_73' title='bbox 1292 586 1349 609; x_wconf 89' lang='lat' dir='ltr'>nec</span> 
     </span>
     <span class='ocr_line' id='line_1_11' title="bbox 346 618 1345 664; baseline -0.005 -7"><span class='ocrx_word' id='word_1_74' title='bbox 346 622 413 657; x_wconf 80' lang='lat' dir='ltr'>fine</span> <span class='ocrx_word' id='word_1_75' title='bbox 447 624 605 656; x_wconf 88' lang='lat' dir='ltr'>violentia</span> <span class='ocrx_word' id='word_1_76' title='bbox 630 620 802 664; x_wconf 86' lang='lat' dir='ltr'>aliquando</span> <span class='ocrx_word' id='word_1_77' title='bbox 822 643 831 658; x_wconf 93' lang='lat'><em>‚</em></span> <span class='ocrx_word' id='word_1_78' title='bbox 861 630 1029 663; x_wconf 77' lang='lat' dir='ltr'>coeperunt</span> <span class='ocrx_word' id='word_1_79' title='bbox 1052 644 1060 652; x_wconf 89' lang='lat'>.</span> <span class='ocrx_word' id='word_1_80' title='bbox 1094 620 1149 653; x_wconf 88' lang='lat' dir='ltr'>Ab</span> <span class='ocrx_word' id='word_1_81' title='bbox 1171 618 1221 653; x_wconf 89' lang='lat' dir='ltr'>his</span> <span class='ocrx_word' id='word_1_82' title='bbox 1244 619 1311 652; x_wconf 85' lang='lat' dir='ltr'>fitis</span> <span class='ocrx_word' id='word_1_83' title='bbox 1334 643 1345 659; x_wconf 87' lang='lat'>,</span> 
     </span>
     <span class='ocr_line' id='line_1_12' title="bbox 345 661 1347 709; baseline -0.006 -9"><span class='ocrx_word' id='word_1_84' title='bbox 345 678 420 709; x_wconf 87' lang='lat' dir='ltr'>quae</span> <span class='ocrx_word' id='word_1_85' title='bbox 444 666 589 709; x_wconf 89' lang='lat' dir='ltr'>alioquin</span> <span class='ocrx_word' id='word_1_86' title='bbox 611 665 669 708; x_wconf 87' lang='lat' dir='ltr'>ipsi</span> <span class='ocrx_word' id='word_1_87' title='bbox 693 661 781 707; x_wconf 85' lang='lat' dir='ltr'>quasi</span> <span class='ocrx_word' id='word_1_88' title='bbox 806 665 914 698; x_wconf 88' lang='lat' dir='ltr'>innata</span> <span class='ocrx_word' id='word_1_89' title='bbox 937 672 1025 701; x_wconf 87' lang='lat' dir='ltr'>erat,</span> <span class='ocrx_word' id='word_1_90' title='bbox 1049 664 1224 704; x_wconf 79' lang='lat' dir='ltr'>augebatur</span> <span class='ocrx_word' id='word_1_91' title='bbox 1243 685 1252 701; x_wconf 89' lang='lat'>,</span> <span class='ocrx_word' id='word_1_92' title='bbox 1279 663 1347 695; x_wconf 84' lang='lat' dir='ltr'>uri-</span> 
     </span>
     <span class='ocr_line' id='line_1_13' title="bbox 344 706 1347 750; baseline -0.005 -7"><span class='ocrx_word' id='word_1_93' title='bbox 344 721 395 744; x_wconf 82' lang='lat' dir='ltr'>nae</span> <span class='ocrx_word' id='word_1_94' title='bbox 418 718 527 743; x_wconf 88' lang='lat' dir='ltr'>autem</span> <span class='ocrx_word' id='word_1_95' title='bbox 546 731 556 747; x_wconf 90' lang='lat'>,</span> <span class='ocrx_word' id='word_1_96' title='bbox 590 720 661 750; x_wconf 82' lang='lat' dir='ltr'>quae</span> <span class='ocrx_word' id='word_1_97' title='bbox 686 719 801 750; x_wconf 88' lang='lat' dir='ltr'>magna</span> <span class='ocrx_word' id='word_1_98' title='bbox 832 709 926 749; x_wconf 90' lang='lat' dir='ltr'>copia</span> <span class='ocrx_word' id='word_1_99' title='bbox 950 706 1037 740; x_wconf 88' lang='lat' dir='ltr'>reddi</span> <span class='ocrx_word' id='word_1_100' title='bbox 1072 706 1214 739; x_wconf 86' lang='lat' dir='ltr'>solebant</span> <span class='ocrx_word' id='word_1_101' title='bbox 1235 727 1245 743; x_wconf 92' lang='lat'>‚</span> <span class='ocrx_word' id='word_1_102' title='bbox 1269 714 1347 738; x_wconf 87' lang='lat' dir='ltr'>tunc</span> 
     </span>
     <span class='ocr_line' id='line_1_14' title="bbox 344 748 1347 787; baseline -0.006 -1"><span class='ocrx_word' id='word_1_103' title='bbox 344 752 578 786; x_wconf 78' lang='lat' dir='ltr'>saturatiffimae</span> <span class='ocrx_word' id='word_1_104' title='bbox 604 752 716 787; x_wconf 64' lang='lat' dir='ltr'>factae,</span> <span class='ocrx_word' id='word_1_105' title='bbox 740 751 990 784; x_wconf 88' lang='lat' dir='ltr'>minuebantur.</span> <span class='ocrx_word' id='word_1_106' title='bbox 1014 750 1112 783; x_wconf 89' lang='lat' dir='ltr'>Vires</span> <span class='ocrx_word' id='word_1_107' title='bbox 1135 760 1240 783; x_wconf 87' lang='lat' dir='ltr'>tamen</span> <span class='ocrx_word' id='word_1_108' title='bbox 1264 748 1347 781; x_wconf 85' lang='lat' dir='ltr'>nihil</span> 
     </span>
     <span class='ocr_line' id='line_1_15' title="bbox 342 792 1348 837; baseline -0.005 -7"><span class='ocrx_word' id='word_1_109' title='bbox 342 796 530 830; x_wconf 82' lang='lat' dir='ltr'>detrimenti</span> <span class='ocrx_word' id='word_1_110' title='bbox 563 795 733 837; x_wconf 81' lang='lat' dir='ltr'>capiebant</span> <span class='ocrx_word' id='word_1_111' title='bbox 755 793 858 827; x_wconf 91' lang='lat' dir='ltr'>donec</span> <span class='ocrx_word' id='word_1_112' title='bbox 880 793 965 826; x_wconf 89' lang='lat' dir='ltr'>circa</span> <span class='ocrx_word' id='word_1_113' title='bbox 990 802 1165 826; x_wconf 85' lang='lat' dir='ltr'>extremam</span> <span class='ocrx_word' id='word_1_114' title='bbox 1197 792 1348 834; x_wconf 87' lang='lat' dir='ltr'>hyemem</span> 
     </span>
     <span class='ocr_line' id='line_1_16' title="bbox 343 835 1350 880; baseline -0.005 -7"><span class='ocrx_word' id='word_1_115' title='bbox 343 841 419 874; x_wconf 79' lang='lat' dir='ltr'>anni</span> <span class='ocrx_word' id='word_1_116' title='bbox 448 849 537 880; x_wconf 89' lang='lat'><em>1722.</em></span> <span class='ocrx_word' id='word_1_117' title='bbox 563 839 621 880; x_wconf 90' lang='lat' dir='ltr'>qui</span> <span class='ocrx_word' id='word_1_118' title='bbox 655 846 722 870; x_wconf 90' lang='lat' dir='ltr'>erat</span> <span class='ocrx_word' id='word_1_119' title='bbox 746 839 851 871; x_wconf 84' lang='lat' dir='ltr'>aetatis</span> <span class='ocrx_word' id='word_1_120' title='bbox 883 836 953 878; x_wconf 78' lang='lat' dir='ltr'>ejus.</span> <span class='ocrx_word' id='word_1_121' title='bbox 972 835 1232 880; x_wconf 84' lang='lat' dir='ltr'>quadragesimus</span> <span class='ocrx_word' id='word_1_122' title='bbox 1256 836 1350 878; x_wconf 84' lang='lat' dir='ltr'>septi-</span> 
     </span>
     <span class='ocr_line' id='line_1_17' title="bbox 347 879 1350 923; baseline -0.006 -6"><span class='ocrx_word' id='word_1_123' title='bbox 347 894 440 923; x_wconf 85' lang='lat' dir='ltr'>mus,</span> <span class='ocrx_word' id='word_1_124' title='bbox 462 880 650 918; x_wconf 84' lang='lat' dir='ltr'>diarrhoea,</span> <span class='ocrx_word' id='word_1_125' title='bbox 673 892 736 923; x_wconf 93' lang='lat' dir='ltr'>qua</span> <span class='ocrx_word' id='word_1_126' title='bbox 759 889 850 913; x_wconf 86' lang='lat' dir='ltr'>antea</span> <span class='ocrx_word' id='word_1_127' title='bbox 864 881 964 914; x_wconf 92' lang='lat' dir='ltr'>multa</span> <span class='ocrx_word' id='word_1_128' title='bbox 989 880 1092 919; x_wconf 82' lang='lat' dir='ltr'>flava,</span> <span class='ocrx_word' id='word_1_129' title='bbox 1115 879 1255 913; x_wconf 81' lang='lat' dir='ltr'>&amp;fluida</span> <span class='ocrx_word' id='word_1_130' title='bbox 1278 891 1350 921; x_wconf 96' lang='lat' dir='ltr'>ege-</span> 
     </span>
     <span class='ocr_line' id='line_1_18' title="bbox 342 922 1348 965; baseline -0.005 -6"><span class='ocrx_word' id='word_1_131' title='bbox 342 937 413 961; x_wconf 78' lang='lat' dir='ltr'>rere</span> <span class='ocrx_word' id='word_1_132' title='bbox 436 926 536 965; x_wconf 65' lang='lat' dir='ltr'>octo,</span> <span class='ocrx_word' id='word_1_133' title='bbox 561 934 615 957; x_wconf 89' lang='lat' dir='ltr'>aut</span> <span class='ocrx_word' id='word_1_134' title='bbox 638 923 749 958; x_wconf 87' lang='lat' dir='ltr'>decem</span> <span class='ocrx_word' id='word_1_135' title='bbox 773 923 883 958; x_wconf 86' lang='lat' dir='ltr'>diebus</span> <span class='ocrx_word' id='word_1_136' title='bbox 894 922 1122 959; x_wconf 86' lang='lat' dir='ltr'>consueverat,</span> <span class='ocrx_word' id='word_1_137' title='bbox 1146 922 1281 955; x_wconf 89' lang='lat' dir='ltr'>mensem</span> <span class='ocrx_word' id='word_1_138' title='bbox 1295 934 1348 964; x_wconf 89' lang='lat' dir='ltr'>pe-</span> 
     </span>
     <span class='ocr_line' id='line_1_19' title="bbox 343 960 1348 1009; baseline -0.004 -6"><span class='ocrx_word' id='word_1_139' title='bbox 343 980 385 1004; x_wconf 79' lang='lat' dir='ltr'>ne</span> <span class='ocrx_word' id='word_1_140' title='bbox 408 978 516 1003; x_wconf 90' lang='lat' dir='ltr'>totum</span> <span class='ocrx_word' id='word_1_141' title='bbox 538 967 699 1008; x_wconf 85' lang='lat' dir='ltr'>detinuit,</span> <span class='ocrx_word' id='word_1_142' title='bbox 725 968 903 1009; x_wconf 83' lang='lat' dir='ltr'>prodeunte</span> <span class='ocrx_word' id='word_1_143' title='bbox 927 968 1092 1000; x_wconf 88' lang='lat' dir='ltr'>variorum</span> <span class='ocrx_word' id='word_1_144' title='bbox 1115 960 1262 1000; x_wconf 72' lang='lat' dir='ltr'>colorum</span> <span class='ocrx_word' id='word_1_145' title='bbox 1280 977 1348 999; x_wconf 88' lang='lat' dir='ltr'>ma-</span> 
     </span>
     <span class='ocr_line' id='line_1_20' title="bbox 346 1009 1350 1056; baseline -0.003 -11"><span class='ocrx_word' id='word_1_146' title='bbox 346 1014 429 1046; x_wconf 84' lang='lat' dir='ltr'>teria</span> <span class='ocrx_word' id='word_1_147' title='bbox 453 1038 462 1054; x_wconf 94' lang='lat'>,</span> <span class='ocrx_word' id='word_1_148' title='bbox 495 1012 682 1056; x_wconf 89' lang='lat' dir='ltr'>plerumque</span> <span class='ocrx_word' id='word_1_149' title='bbox 705 1020 813 1043; x_wconf 91' lang='lat' dir='ltr'>autem</span> <span class='ocrx_word' id='word_1_150' title='bbox 846 1009 943 1045; x_wconf 89' lang='lat' dir='ltr'>cruda</span> <span class='ocrx_word' id='word_1_151' title='bbox 964 1033 974 1048; x_wconf 91' lang='lat'>,</span> <span class='ocrx_word' id='word_1_152' title='bbox 1006 1012 1036 1043; x_wconf 92' lang='lat'><strong>&amp;</strong></span> <span class='ocrx_word' id='word_1_153' title='bbox 1061 1010 1180 1047; x_wconf 86' lang='lat' dir='ltr'>serosa,</span> <span class='ocrx_word' id='word_1_154' title='bbox 1205 1021 1260 1043; x_wconf 87' lang='lat' dir='ltr'>nec</span> <span class='ocrx_word' id='word_1_155' title='bbox 1285 1010 1350 1042; x_wconf 86' lang='lat' dir='ltr'>fine</span> 
     </span>
     <span class='ocr_line' id='line_1_21' title="bbox 345 1052 1350 1097; baseline -0.005 -7"><span class='ocrx_word' id='word_1_156' title='bbox 345 1057 458 1097; x_wconf 74' lang='lat' dir='ltr'>spuma</span> <span class='ocrx_word' id='word_1_157' title='bbox 482 1081 490 1088; x_wconf 88' lang='lat'>.</span> <span class='ocrx_word' id='word_1_158' title='bbox 516 1056 599 1095; x_wconf 78' lang='lat' dir='ltr'>Quae</span> <span class='ocrx_word' id='word_1_159' title='bbox 622 1053 786 1088; x_wconf 86' lang='lat' dir='ltr'>diarrhoea</span> <span class='ocrx_word' id='word_1_160' title='bbox 808 1065 882 1088; x_wconf 84' lang='lat' dir='ltr'>cum</span> <span class='ocrx_word' id='word_1_161' title='bbox 908 1064 989 1096; x_wconf 80' lang='lat' dir='ltr'>aptae</span> <span class='ocrx_word' id='word_1_162' title='bbox 1012 1055 1190 1088; x_wconf 86' lang='lat' dir='ltr'>curationis</span> <span class='ocrx_word' id='word_1_163' title='bbox 1212 1064 1271 1095; x_wconf 89' lang='lat' dir='ltr'>ope</span> <span class='ocrx_word' id='word_1_164' title='bbox 1294 1052 1350 1085; x_wconf 90' lang='lat' dir='ltr'>de-</span> 
     </span>
     <span class='ocr_line' id='line_1_22' title="bbox 346 1097 1347 1140; baseline -0.006 -7"><span class='ocrx_word' id='word_1_165' title='bbox 346 1100 469 1138; x_wconf 77' lang='lat' dir='ltr'>{iisset3</span> <span class='ocrx_word' id='word_1_166' title='bbox 493 1111 588 1137; x_wconf 88' lang='lat' dir='ltr'>mox,</span> <span class='ocrx_word' id='word_1_167' title='bbox 616 1098 757 1140; x_wconf 70' lang='lat' dir='ltr'>neglecta</span> <span class='ocrx_word' id='word_1_168' title='bbox 781 1097 911 1131; x_wconf 90' lang='lat' dir='ltr'>vivendi</span> <span class='ocrx_word' id='word_1_169' title='bbox 924 1108 1060 1135; x_wconf 85' lang='lat' dir='ltr'>norma,</span> <span class='ocrx_word' id='word_1_170' title='bbox 1084 1097 1133 1130; x_wconf 93' lang='lat' dir='ltr'>vel</span> <span class='ocrx_word' id='word_1_171' title='bbox 1157 1097 1288 1139; x_wconf 89' lang='lat' dir='ltr'>gravior</span> <span class='ocrx_word' id='word_1_172' title='bbox 1299 1107 1347 1128; x_wconf 93' lang='lat' dir='ltr'>re-</span> 
     </span>
     <span class='ocr_line' id='line_1_23' title="bbox 345 1138 1348 1184; baseline -0.003 -10"><span class='ocrx_word' id='word_1_173' title='bbox 345 1143 434 1176; x_wconf 88' lang='lat' dir='ltr'>versa</span> <span class='ocrx_word' id='word_1_174' title='bbox 458 1142 521 1177; x_wconf 89' lang='lat' dir='ltr'>est.</span> <span class='ocrx_word' id='word_1_175' title='bbox 545 1144 788 1184; x_wconf 86' lang='lat' dir='ltr'>Conquieverat</span> <span class='ocrx_word' id='word_1_176' title='bbox 813 1143 955 1181; x_wconf 89' lang='lat' dir='ltr'>iterum,</span> <span class='ocrx_word' id='word_1_177' title='bbox 979 1152 1054 1174; x_wconf 90' lang='lat' dir='ltr'>cum</span> <span class='ocrx_word' id='word_1_178' title='bbox 1079 1150 1200 1174; x_wconf 86' lang='lat' dir='ltr'>tremor</span> <span class='ocrx_word' id='word_1_179' title='bbox 1222 1138 1285 1181; x_wconf 79' lang='lat' dir='ltr'>jam</span> <span class='ocrx_word' id='word_1_180' title='bbox 1308 1139 1348 1172; x_wconf 91' lang='lat' dir='ltr'>ab</span> 
     </span>
     <span class='ocr_line' id='line_1_24' title="bbox 346 1183 1346 1228; baseline -0.004 -9"><span class='ocrx_word' id='word_1_181' title='bbox 346 1187 479 1220; x_wconf 87' lang='lat' dir='ltr'>ineunte</span> <span class='ocrx_word' id='word_1_182' title='bbox 503 1185 601 1228; x_wconf 87' lang='lat' dir='ltr'>usque</span> <span class='ocrx_word' id='word_1_183' title='bbox 624 1193 718 1218; x_wconf 84' lang='lat' dir='ltr'>aetate</span> <span class='ocrx_word' id='word_1_184' title='bbox 740 1184 911 1218; x_wconf 85' lang='lat' dir='ltr'>leviffimus</span> <span class='ocrx_word' id='word_1_185' title='bbox 936 1206 946 1222; x_wconf 89' lang='lat'>,</span> <span class='ocrx_word' id='word_1_186' title='bbox 978 1183 1092 1217; x_wconf 86' lang='lat' dir='ltr'>deinde</span> <span class='ocrx_word' id='word_1_187' title='bbox 1117 1183 1186 1224; x_wconf 87' lang='lat' dir='ltr'>post</span> <span class='ocrx_word' id='word_1_188' title='bbox 1209 1183 1346 1225; x_wconf 86' lang='lat' dir='ltr'>primam</span> 
     </span>
     <span class='ocr_line' id='line_1_25' title="bbox 346 1224 1353 1271; baseline -0.005 -8"><span class='ocrx_word' id='word_1_189' title='bbox 346 1230 438 1263; x_wconf 87' lang='lat' dir='ltr'>illam</span> <span class='ocrx_word' id='word_1_190' title='bbox 462 1229 711 1271; x_wconf 82' lang='lat' dir='ltr'>aegrotationern</span> <span class='ocrx_word' id='word_1_191' title='bbox 734 1236 808 1261; x_wconf 88' lang='lat' dir='ltr'>toto</span> <span class='ocrx_word' id='word_1_192' title='bbox 832 1239 966 1270; x_wconf 87' lang='lat' dir='ltr'>corpore</span> <span class='ocrx_word' id='word_1_193' title='bbox 991 1225 1187 1261; x_wconf 85' lang='lat' dir='ltr'>manifestior</span> <span class='ocrx_word' id='word_1_194' title='bbox 1206 1248 1218 1265; x_wconf 90' lang='lat'>‚</span> <span class='ocrx_word' id='word_1_195' title='bbox 1243 1224 1353 1259; x_wconf 84' lang='lat' dir='ltr'>subin-</span> 
     </span>
     <span class='ocr_line' id='line_1_26' title="bbox 348 1267 1352 1313; baseline -0.006 -6"><span class='ocrx_word' id='word_1_196' title='bbox 348 1275 388 1307; x_wconf 89' lang='lat' dir='ltr'>de</span> <span class='ocrx_word' id='word_1_197' title='bbox 410 1283 517 1306; x_wconf 86' lang='lat' dir='ltr'>autem</span> <span class='ocrx_word' id='word_1_198' title='bbox 543 1272 582 1305; x_wconf 82' lang='lat' dir='ltr'>ab</span> <span class='ocrx_word' id='word_1_199' title='bbox 605 1272 668 1304; x_wconf 87' lang='lat' dir='ltr'>alvi</span> <span class='ocrx_word' id='word_1_200' title='bbox 692 1270 836 1303; x_wconf 79' lang='lat' dir='ltr'>fluxibus</span> <span class='ocrx_word' id='word_1_201' title='bbox 859 1271 990 1313; x_wconf 89' lang='lat' dir='ltr'>gravior</span> <span class='ocrx_word' id='word_1_202' title='bbox 1014 1269 1117 1303; x_wconf 67' lang='lat' dir='ltr'>fastus</span> <span class='ocrx_word' id='word_1_203' title='bbox 1139 1295 1148 1308; x_wconf 91' lang='lat'><em>‚</em></span> <span class='ocrx_word' id='word_1_204' title='bbox 1170 1269 1270 1302; x_wconf 88' lang='lat' dir='ltr'>socias</span> <span class='ocrx_word' id='word_1_205' title='bbox 1293 1267 1352 1301; x_wconf 85' lang='lat' dir='ltr'>fibi</span> 
     </span>
     <span class='ocr_line' id='line_1_27' title="bbox 344 1311 1355 1360; baseline -0.007 -9"><span class='ocrx_word' id='word_1_206' title='bbox 344 1327 445 1351; x_wconf 87' lang='lat' dir='ltr'>novas</span> <span class='ocrx_word' id='word_1_207' title='bbox 468 1316 620 1359; x_wconf 84' lang='lat' dir='ltr'>quasdam</span> <span class='ocrx_word' id='word_1_208' title='bbox 643 1311 965 1360; x_wconf 39' lang='lat' dir='ltr'>capitis-affectiones</span> <span class='ocrx_word' id='word_1_209' title='bbox 990 1313 1141 1347; x_wconf 84' lang='lat' dir='ltr'>adscivit.</span> <span class='ocrx_word' id='word_1_210' title='bbox 1166 1312 1254 1347; x_wconf 90' lang='lat' dir='ltr'>Cum</span> <span class='ocrx_word' id='word_1_211' title='bbox 1280 1323 1355 1354; x_wconf 90' lang='lat' dir='ltr'>pro-</span> 
     </span>
     <span class='ocr_line' id='line_1_28' title="bbox 347 1355 1355 1404; baseline -0.005 -11"><span class='ocrx_word' id='word_1_212' title='bbox 347 1370 420 1404; x_wconf 86' lang='lat' dir='ltr'>pter</span> <span class='ocrx_word' id='word_1_213' title='bbox 443 1361 538 1394; x_wconf 88' lang='lat' dir='ltr'>illum</span> <span class='ocrx_word' id='word_1_214' title='bbox 561 1369 735 1393; x_wconf 83' lang='lat' dir='ltr'>tremorem</span> <span class='ocrx_word' id='word_1_215' title='bbox 757 1368 825 1399; x_wconf 88' lang='lat' dir='ltr'>Jam</span> <span class='ocrx_word' id='word_1_216' title='bbox 849 1358 931 1392; x_wconf 89' lang='lat' dir='ltr'>olim</span> <span class='ocrx_word' id='word_1_217' title='bbox 957 1357 1078 1391; x_wconf 82' lang='lat' dir='ltr'>Medici</span> <span class='ocrx_word' id='word_1_218' title='bbox 1098 1381 1108 1395; x_wconf 83' lang='lat'><em>‚</em></span> <span class='ocrx_word' id='word_1_219' title='bbox 1139 1356 1257 1399; x_wconf 85' lang='lat' dir='ltr'>quibus</span> <span class='ocrx_word' id='word_1_220' title='bbox 1279 1355 1355 1388; x_wconf 86' lang='lat' dir='ltr'>dili-</span> 
     </span>
     <span class='ocr_line' id='line_1_29' title="bbox 348 1398 1355 1446; baseline -0.007 -9"><span class='ocrx_word' id='word_1_221' title='bbox 348 1406 478 1446; x_wconf 77' lang='lat' dir='ltr'>gentius</span> <span class='ocrx_word' id='word_1_222' title='bbox 510 1403 686 1446; x_wconf 89' lang='lat' dir='ltr'>parendum</span> <span class='ocrx_word' id='word_1_223' title='bbox 710 1399 814 1434; x_wconf 82' lang='lat' dir='ltr'>fuerat</span> <span class='ocrx_word' id='word_1_224' title='bbox 834 1423 844 1438; x_wconf 86' lang='lat'>,</span> <span class='ocrx_word' id='word_1_225' title='bbox 876 1400 1031 1444; x_wconf 71' lang='lat' dir='ltr'>generosis</span> <span class='ocrx_word' id='word_1_226' title='bbox 1055 1401 1136 1434; x_wconf 90' lang='lat' dir='ltr'>vinis</span> <span class='ocrx_word' id='word_1_227' title='bbox 1166 1398 1355 1432; x_wconf 85' lang='lat' dir='ltr'>interdixis-</span> 
     </span>
     <span class='ocr_line' id='line_1_30' title="bbox 349 1443 1357 1487; baseline -0.006 -6"><span class='ocrx_word' id='word_1_228' title='bbox 349 1447 442 1487; x_wconf 74' lang='lat' dir='ltr'>sent,</span> <span class='ocrx_word' id='word_1_229' title='bbox 465 1447 509 1480; x_wconf 89' lang='lat' dir='ltr'>ob</span> <span class='ocrx_word' id='word_1_230' title='bbox 533 1448 587 1480; x_wconf 90' lang='lat' dir='ltr'>has</span> <span class='ocrx_word' id='word_1_231' title='bbox 611 1455 717 1479; x_wconf 88' lang='lat' dir='ltr'>autem</span> <span class='ocrx_word' id='word_1_232' title='bbox 744 1455 843 1477; x_wconf 88' lang='lat' dir='ltr'>novas</span> <span class='ocrx_word' id='word_1_233' title='bbox 868 1443 1052 1478; x_wconf 72' lang='lat' dir='ltr'>affeetiones</span> <span class='ocrx_word' id='word_1_234' title='bbox 1077 1450 1206 1486; x_wconf 88' lang='lat' dir='ltr'>parcam</span> <span class='ocrx_word' id='word_1_235' title='bbox 1230 1443 1357 1484; x_wconf 84' lang='lat' dir='ltr'>sangui-</span> 
     </span>
     <span class='ocr_line' id='line_1_31' title="bbox 350 1485 1357 1531; baseline -0.007 -6"><span class='ocrx_word' id='word_1_236' title='bbox 350 1493 402 1526; x_wconf 84' lang='lat' dir='ltr'>nis</span> <span class='ocrx_word' id='word_1_237' title='bbox 427 1490 606 1524; x_wconf 86' lang='lat' dir='ltr'>miffionem</span> <span class='ocrx_word' id='word_1_238' title='bbox 630 1487 837 1531; x_wconf 68' lang='lat' dir='ltr'>permisissent</span> <span class='ocrx_word' id='word_1_239' title='bbox 857 1498 869 1527; x_wconf 88' lang='lat'><em>;</em></span> <span class='ocrx_word' id='word_1_240' title='bbox 899 1490 931 1521; x_wconf 87' lang='lat' dir='ltr'>in</span> <span class='ocrx_word' id='word_1_241' title='bbox 959 1489 1081 1521; x_wconf 86' lang='lat' dir='ltr'>summo</span> <span class='ocrx_word' id='word_1_242' title='bbox 1105 1485 1200 1529; x_wconf 84' lang='lat' dir='ltr'>hujus</span> <span class='ocrx_word' id='word_1_243' title='bbox 1221 1497 1357 1519; x_wconf 90' lang='lat' dir='ltr'>concre-</span> 
     </span>
     <span class='ocr_line' id='line_1_32' title="bbox 351 1529 1356 1573; baseline -0.007 -5"><span class='ocrx_word' id='word_1_244' title='bbox 351 1544 466 1569; x_wconf 86' lang='lat' dir='ltr'>mento</span> <span class='ocrx_word' id='word_1_245' title='bbox 490 1534 647 1572; x_wconf 84' lang='lat' dir='ltr'>crustam,</span> <span class='ocrx_word' id='word_1_246' title='bbox 670 1535 701 1565; x_wconf 90' lang='lat'><strong>&amp;</strong></span> <span class='ocrx_word' id='word_1_247' title='bbox 724 1531 804 1565; x_wconf 85' lang='lat' dir='ltr'>hanc</span> <span class='ocrx_word' id='word_1_248' title='bbox 828 1541 866 1564; x_wconf 84' lang='lat' dir='ltr'>ex</span> <span class='ocrx_word' id='word_1_249' title='bbox 888 1531 1024 1565; x_wconf 87' lang='lat' dir='ltr'>dimidia</span> <span class='ocrx_word' id='word_1_250' title='bbox 1048 1539 1138 1573; x_wconf 87' lang='lat' dir='ltr'>parte</span> <span class='ocrx_word' id='word_1_251' title='bbox 1160 1530 1268 1563; x_wconf 89' lang='lat' dir='ltr'>colore</span> <span class='ocrx_word' id='word_1_252' title='bbox 1280 1529 1356 1562; x_wconf 91' lang='lat' dir='ltr'>viri-</span> 
     </span>
     <span class='ocr_line' id='line_1_33' title="bbox 352 1572 1358 1620; baseline -0.007 -8"><span class='ocrx_word' id='word_1_253' title='bbox 352 1579 388 1612; x_wconf 88' lang='lat' dir='ltr'>di</span> <span class='ocrx_word' id='word_1_254' title='bbox 411 1577 663 1620; x_wconf 84' lang='lat' dir='ltr'>conspexerunt.</span> <span class='ocrx_word' id='word_1_255' title='bbox 689 1577 868 1608; x_wconf 87' lang='lat' dir='ltr'>Curatione</span> <span class='ocrx_word' id='word_1_256' title='bbox 892 1585 1000 1609; x_wconf 84' lang='lat' dir='ltr'>tamen</span> <span class='ocrx_word' id='word_1_257' title='bbox 1024 1584 1206 1616; x_wconf 86' lang='lat' dir='ltr'>opportuna</span> <span class='ocrx_word' id='word_1_258' title='bbox 1231 1572 1358 1606; x_wconf 87' lang='lat' dir='ltr'>adhibi-</span> 
     </span>
     <span class='ocr_line' id='line_1_34' title="bbox 351 1617 1357 1663; baseline -0.006 -8"><span class='ocrx_word' id='word_1_259' title='bbox 351 1632 408 1661; x_wconf 88' lang='lat' dir='ltr'>ta,</span> <span class='ocrx_word' id='word_1_260' title='bbox 430 1620 496 1663; x_wconf 82' lang='lat' dir='ltr'>jam</span> <span class='ocrx_word' id='word_1_261' title='bbox 521 1623 603 1654; x_wconf 83' lang='lat' dir='ltr'>vires</span> <span class='ocrx_word' id='word_1_262' title='bbox 619 1642 628 1656; x_wconf 93' lang='lat'><em>‚</em></span> <span class='ocrx_word' id='word_1_263' title='bbox 651 1620 767 1657; x_wconf 89' lang='lat' dir='ltr'>color,</span> <span class='ocrx_word' id='word_1_264' title='bbox 789 1618 854 1651; x_wconf 91' lang='lat' dir='ltr'>cibi</span> <span class='ocrx_word' id='word_1_265' title='bbox 878 1619 1061 1662; x_wconf 79' lang='lat' dir='ltr'>appetitus,</span> <span class='ocrx_word' id='word_1_266' title='bbox 1085 1618 1250 1650; x_wconf 80' lang='lat' dir='ltr'>urinarum</span> <span class='ocrx_word' id='word_1_267' title='bbox 1262 1617 1357 1658; x_wconf 83' lang='lat' dir='ltr'>copia</span> 
     </span>
     <span class='ocr_line' id='line_1_35' title="bbox 352 1659 1356 1703; baseline -0.006 -5"><span class='ocrx_word' id='word_1_268' title='bbox 352 1667 395 1699; x_wconf 83' lang='lat' dir='ltr'>{ic</span> <span class='ocrx_word' id='word_1_269' title='bbox 431 1664 505 1698; x_wconf 76' lang='lat' dir='ltr'>laris</span> <span class='ocrx_word' id='word_1_270' title='bbox 527 1664 649 1697; x_wconf 81' lang='lat' dir='ltr'>restitui</span> <span class='ocrx_word' id='word_1_271' title='bbox 686 1661 879 1695; x_wconf 87' lang='lat' dir='ltr'>videbantur</span> <span class='ocrx_word' id='word_1_272' title='bbox 898 1685 911 1701; x_wconf 88' lang='lat'>,</span> <span class='ocrx_word' id='word_1_273' title='bbox 942 1673 1015 1695; x_wconf 86' lang='lat' dir='ltr'>cum</span> <span class='ocrx_word' id='word_1_274' title='bbox 1040 1659 1212 1703; x_wconf 80' lang='lat' dir='ltr'>pertaedere</span> <span class='ocrx_word' id='word_1_275' title='bbox 1235 1670 1356 1702; x_wconf 81' lang='lat' dir='ltr'>aegrum</span> 
     </span>
     <span class='ocr_line' id='line_1_36' title="bbox 352 1703 1359 1751; baseline -0.008 -9"><span class='ocrx_word' id='word_1_276' title='bbox 352 1710 478 1751; x_wconf 69' lang='lat' dir='ltr'>erepit,</span> <span class='ocrx_word' id='word_1_277' title='bbox 502 1718 603 1750; x_wconf 88' lang='lat' dir='ltr'>neque</span> <span class='ocrx_word' id='word_1_278' title='bbox 627 1705 709 1740; x_wconf 86' lang='lat' dir='ltr'>ultra</span> <span class='ocrx_word' id='word_1_279' title='bbox 734 1705 818 1738; x_wconf 87' lang='lat' dir='ltr'>diem</span> <span class='ocrx_word' id='word_1_280' title='bbox 843 1705 1045 1747; x_wconf 84' lang='lat' dir='ltr'>trigesimum</span> <span class='ocrx_word' id='word_1_281' title='bbox 1070 1705 1116 1737; x_wconf 89' lang='lat' dir='ltr'>uti</span> <span class='ocrx_word' id='word_1_282' title='bbox 1141 1714 1205 1736; x_wconf 90' lang='lat' dir='ltr'>non</span> <span class='ocrx_word' id='word_1_283' title='bbox 1229 1703 1359 1735; x_wconf 88' lang='lat' dir='ltr'>inutili-</span> 
     </span>
     <span class='ocr_line' id='line_1_37' title="bbox 352 1747 1361 1786; baseline -0.007 0"><span class='ocrx_word' id='word_1_284' title='bbox 352 1753 414 1786; x_wconf 88' lang='lat' dir='ltr'>bus</span> <span class='ocrx_word' id='word_1_285' title='bbox 438 1751 585 1786; x_wconf 87' lang='lat' dir='ltr'>remediis</span> <span class='ocrx_word' id='word_1_286' title='bbox 607 1749 713 1782; x_wconf 89' lang='lat' dir='ltr'>vol&#39;uit</span> <span class='ocrx_word' id='word_1_287' title='bbox 735 1772 742 1780; x_wconf 91' lang='lat'>.</span> <span class='ocrx_word' id='word_1_288' title='bbox 769 1747 822 1781; x_wconf 87' lang='lat' dir='ltr'>Ad</span> <span class='ocrx_word' id='word_1_289' title='bbox 844 1748 961 1782; x_wconf 90' lang='lat' dir='ltr'>horum</span> <span class='ocrx_word' id='word_1_290' title='bbox 983 1747 1183 1781; x_wconf 80' lang='lat' dir='ltr'>omiffionem</span> <span class='ocrx_word' id='word_1_291' title='bbox 1208 1757 1284 1780; x_wconf 66' lang='lat' dir='ltr'>mox</span> <span class='ocrx_word' id='word_1_292' title='bbox 1308 1757 1361 1779; x_wconf 90' lang='lat' dir='ltr'>ac-</span> 
     </span>
     <span class='ocr_line' id='line_1_38' title="bbox 354 1789 1360 1834; baseline -0.008 -4"><span class='ocrx_word' id='word_1_293' title='bbox 354 1793 512 1830; x_wconf 82' lang='lat' dir='ltr'>cesserunt</span> <span class='ocrx_word' id='word_1_294' title='bbox 537 1794 672 1827; x_wconf 90' lang='lat' dir='ltr'>violenti</span> <span class='ocrx_word' id='word_1_295' title='bbox 698 1793 845 1834; x_wconf 86' lang='lat' dir='ltr'>corporis</span> <span class='ocrx_word' id='word_1_296' title='bbox 868 1816 876 1831; x_wconf 91' lang='lat'><em>‚</em></span> <span class='ocrx_word' id='word_1_297' title='bbox 911 1791 941 1826; x_wconf 83' lang='lat'>&amp;</span> <span class='ocrx_word' id='word_1_298' title='bbox 966 1792 1064 1825; x_wconf 89' lang='lat' dir='ltr'>animi</span> <span class='ocrx_word' id='word_1_299' title='bbox 1081 1799 1206 1824; x_wconf 87' lang='lat' dir='ltr'>motus.</span> <span class='ocrx_word' id='word_1_300' title='bbox 1231 1789 1324 1826; x_wconf 85' lang='lat' dir='ltr'>Quos</span> <span class='ocrx_word' id='word_1_301' title='bbox 1350 1813 1360 1829; x_wconf 96' lang='lat'>‚</span> 
     </span>
     <span class='ocr_line' id='line_1_39' title="bbox 356 1833 1362 1882; baseline -0.008 -9"><span class='ocrx_word' id='word_1_302' title='bbox 356 1843 445 1875; x_wconf 83' lang='lat' dir='ltr'>intra</span> <span class='ocrx_word' id='word_1_303' title='bbox 471 1837 658 1882; x_wconf 87' lang='lat' dir='ltr'>quindecim</span> <span class='ocrx_word' id='word_1_304' title='bbox 682 1837 722 1868; x_wconf 89' lang='lat' dir='ltr'>ab</span> <span class='ocrx_word' id='word_1_305' title='bbox 745 1835 912 1878; x_wconf 75' lang='lat' dir='ltr'>omissione</span> <span class='ocrx_word' id='word_1_306' title='bbox 935 1835 1152 1869; x_wconf 83' lang='lat' dir='ltr'>remediorum</span> <span class='ocrx_word' id='word_1_307' title='bbox 1176 1833 1243 1866; x_wconf 88' lang='lat' dir='ltr'>dies</span> <span class='ocrx_word' id='word_1_308' title='bbox 1261 1858 1271 1875; x_wconf 89' lang='lat'>‚</span> <span class='ocrx_word' id='word_1_309' title='bbox 1297 1833 1362 1865; x_wconf 90' lang='lat' dir='ltr'>ini-</span> 
     </span>
     <span class='ocr_line' id='line_1_40' title="bbox 355 1875 1362 1925; baseline -0.009 -8"><span class='ocrx_word' id='word_1_310' title='bbox 355 1887 442 1917; x_wconf 84' lang='lat' dir='ltr'>tium</span> <span class='ocrx_word' id='word_1_311' title='bbox 466 1891 593 1925; x_wconf 86' lang='lat' dir='ltr'>repente</span> <span class='ocrx_word' id='word_1_312' title='bbox 616 1881 741 1922; x_wconf 84' lang='lat' dir='ltr'>excepit</span> <span class='ocrx_word' id='word_1_313' title='bbox 765 1877 880 1912; x_wconf 89' lang='lat' dir='ltr'>funesti</span> <span class='ocrx_word' id='word_1_314' title='bbox 904 1878 1029 1912; x_wconf 89' lang='lat' dir='ltr'>morbi.</span> <span class='ocrx_word' id='word_1_315' title='bbox 1055 1878 1253 1915; x_wconf 84' lang='lat' dir='ltr'>Abdomen,</span> <span class='ocrx_word' id='word_1_316' title='bbox 1275 1875 1362 1919; x_wconf 89' lang='lat' dir='ltr'>quod</span> 
     </span>
     <span class='ocr_line' id='line_1_41' title="bbox 356 1918 1365 1970; baseline -0.011 -8"><span class='ocrx_word' id='word_1_317' title='bbox 356 1927 440 1970; x_wconf 77' lang='lat' dir='ltr'>faepe</span> <span class='ocrx_word' id='word_1_318' title='bbox 463 1936 554 1960; x_wconf 88' lang='lat' dir='ltr'>antea</span> <span class='ocrx_word' id='word_1_319' title='bbox 578 1937 593 1957; x_wconf 91' lang='lat' dir='ltr'>a</span> <span class='ocrx_word' id='word_1_320' title='bbox 618 1923 729 1957; x_wconf 88' lang='lat' dir='ltr'>multis</span> <span class='ocrx_word' id='word_1_321' title='bbox 751 1918 883 1955; x_wconf 79' lang='lat' dir='ltr'>flatibus</span> <span class='ocrx_word' id='word_1_322' title='bbox 907 1921 1080 1956; x_wconf 84' lang='lat' dir='ltr'>tumescere</span> <span class='ocrx_word' id='word_1_323' title='bbox 1105 1943 1113 1958; x_wconf 85' lang='lat'>‚</span> <span class='ocrx_word' id='word_1_324' title='bbox 1139 1919 1189 1953; x_wconf 92' lang='lat' dir='ltr'>sed</span> <span class='ocrx_word' id='word_1_325' title='bbox 1212 1930 1288 1953; x_wconf 88' lang='lat' dir='ltr'>mox</span> <span class='ocrx_word' id='word_1_326' title='bbox 1309 1919 1365 1952; x_wconf 91' lang='lat' dir='ltr'>de—</span> 
     </span>
     <span class='ocr_line' id='line_1_42' title="bbox 355 1964 1366 2006; baseline -0.012 0"><span class='ocrx_word' id='word_1_327' title='bbox 355 1969 536 2005; x_wconf 86' lang='lat' dir='ltr'>tumescere</span> <span class='ocrx_word' id='word_1_328' title='bbox 558 1966 793 2005; x_wconf 75' lang='lat' dir='ltr'>consueverat,</span> <span class='ocrx_word' id='word_1_329' title='bbox 813 1965 932 1999; x_wconf 83' lang='lat' dir='ltr'>affiduo</span> <span class='ocrx_word' id='word_1_330' title='bbox 954 1964 1231 2006; x_wconf 82' lang='lat' dir='ltr'>molestiffimoque</span> <span class='ocrx_word' id='word_1_331' title='bbox 1255 1972 1366 1995; x_wconf 86' lang='lat' dir='ltr'>tumo-</span> 
     </span>
     <span class='ocr_line' id='line_1_43' title="bbox 357 2004 1366 2054; baseline -0.014 -4"><span class='ocrx_word' id='word_1_332' title='bbox 357 2026 395 2050; x_wconf 80' lang='lat' dir='ltr'>re</span> <span class='ocrx_word' id='word_1_333' title='bbox 419 2015 504 2048; x_wconf 81' lang='lat' dir='ltr'>tendi</span> <span class='ocrx_word' id='word_1_334' title='bbox 530 2013 631 2054; x_wconf 86' lang='lat' dir='ltr'>coepit</span> <span class='ocrx_word' id='word_1_335' title='bbox 648 2033 658 2049; x_wconf 87' lang='lat'>,</span> <span class='ocrx_word' id='word_1_336' title='bbox 683 2012 714 2043; x_wconf 86' lang='lat'>&amp;</span> <span class='ocrx_word' id='word_1_337' title='bbox 739 2019 835 2042; x_wconf 85' lang='lat' dir='ltr'>manu</span> <span class='ocrx_word' id='word_1_338' title='bbox 859 2007 1037 2051; x_wconf 77' lang='lat' dir='ltr'>percussum</span> <span class='ocrx_word' id='word_1_339' title='bbox 1062 2034 1070 2048; x_wconf 97' lang='lat'>,</span> <span class='ocrx_word' id='word_1_340' title='bbox 1094 2007 1245 2050; x_wconf 86' lang='lat' dir='ltr'>tympani</span> <span class='ocrx_word' id='word_1_341' title='bbox 1268 2004 1366 2038; x_wconf 86' lang='lat' dir='ltr'>instar</span> 
     </span>
     <span class='ocr_line' id='line_1_44' title="bbox 356 2047 1368 2094; baseline -0.012 -2"><span class='ocrx_word' id='word_1_342' title='bbox 356 2058 528 2092; x_wconf 84' lang='lat' dir='ltr'>resonare:</span> <span class='ocrx_word' id='word_1_343' title='bbox 552 2065 674 2089; x_wconf 88' lang='lat' dir='ltr'>tumere</span> <span class='ocrx_word' id='word_1_344' title='bbox 697 2053 796 2087; x_wconf 85' lang='lat' dir='ltr'>etiam</span> <span class='ocrx_word' id='word_1_345' title='bbox 820 2052 970 2086; x_wconf 91' lang='lat' dir='ltr'>nonnihil</span> <span class='ocrx_word' id='word_1_346' title='bbox 995 2051 1087 2094; x_wconf 84' lang='lat' dir='ltr'>pedes</span> <span class='ocrx_word' id='word_1_347' title='bbox 1108 2064 1116 2083; x_wconf 76' lang='lat' dir='ltr'><strong><em>z</em></strong></span> <span class='ocrx_word' id='word_1_348' title='bbox 1150 2050 1252 2084; x_wconf 83' lang='lat' dir='ltr'>urinae</span> <span class='ocrx_word' id='word_1_349' title='bbox 1273 2047 1368 2082; x_wconf 85' lang='lat' dir='ltr'>flam-</span> 
     </span>
     <span class='ocr_line' id='line_1_45' title="bbox 358 2093 1369 2142; baseline -0.013 -5"><span class='ocrx_word' id='word_1_350' title='bbox 358 2114 435 2137; x_wconf 87' lang='lat' dir='ltr'>meo</span> <span class='ocrx_word' id='word_1_351' title='bbox 459 2101 568 2135; x_wconf 90' lang='lat' dir='ltr'>colore</span> <span class='ocrx_word' id='word_1_352' title='bbox 592 2098 682 2138; x_wconf 87' lang='lat' dir='ltr'>fieri,</span> <span class='ocrx_word' id='word_1_353' title='bbox 708 2097 913 2140; x_wconf 86' lang='lat' dir='ltr'>multumque</span> <span class='ocrx_word' id='word_1_354' title='bbox 935 2095 1112 2142; x_wconf 73' lang='lat' dir='ltr'>imminui3</span> <span class='ocrx_word' id='word_1_355' title='bbox 1138 2093 1206 2127; x_wconf 81' lang='lat' dir='ltr'>sitis</span> <span class='ocrx_word' id='word_1_356' title='bbox 1229 2103 1344 2138; x_wconf 78' lang='lat' dir='ltr'>urgere</span> <span class='ocrx_word' id='word_1_357' title='bbox 1359 2114 1369 2123; x_wconf 91' lang='lat'>.</span> 
     </span>
     <span class='ocr_line' id='line_1_46' title="bbox 361 2136 1368 2180; baseline -0.01 -1"><span class='ocrx_word' id='word_1_358' title='bbox 361 2150 450 2180; x_wconf 88' lang='lat' dir='ltr'>Cum</span> <span class='ocrx_word' id='word_1_359' title='bbox 475 2143 542 2179; x_wconf 81' lang='lat' dir='ltr'>haec</span> <span class='ocrx_word' id='word_1_360' title='bbox 570 2139 786 2175; x_wconf 85' lang='lat' dir='ltr'>animadversa</span> <span class='ocrx_word' id='word_1_361' title='bbox 812 2139 907 2173; x_wconf 87' lang='lat' dir='ltr'>essent</span> <span class='ocrx_word' id='word_1_362' title='bbox 931 2148 1074 2173; x_wconf 84' lang='lat' dir='ltr'>extremo</span> <span class='ocrx_word' id='word_1_363' title='bbox 1099 2148 1163 2180; x_wconf 70' lang='lat' dir='ltr'>jam</span> <span class='ocrx_word' id='word_1_364' title='bbox 1191 2136 1282 2177; x_wconf 60' lang='lat' dir='ltr'>Maro</span> <span class='ocrx_word' id='word_1_365' title='bbox 1303 2158 1313 2173; x_wconf 90' lang='lat'>‚</span> <span class='ocrx_word' id='word_1_366' title='bbox 1337 2137 1368 2169; x_wconf 90' lang='lat'>&amp;</span> 
     </span>
     <span class='ocr_line' id='line_1_47' title="bbox 360 2178 1370 2228; baseline -0.013 -3"><span class='ocrx_word' id='word_1_367' title='bbox 360 2189 577 2225; x_wconf 82' lang='lat' dir='ltr'>Michelottus</span> <span class='ocrx_word' id='word_1_368' title='bbox 593 2212 602 2226; x_wconf 92' lang='lat'>,</span> <span class='ocrx_word' id='word_1_369' title='bbox 625 2185 683 2228; x_wconf 91' lang='lat' dir='ltr'>qui</span> <span class='ocrx_word' id='word_1_370' title='bbox 708 2183 855 2217; x_wconf 89' lang='lat' dir='ltr'>adversus</span> <span class='ocrx_word' id='word_1_371' title='bbox 877 2182 962 2217; x_wconf 88' lang='lat' dir='ltr'>hunc</span> <span class='ocrx_word' id='word_1_372' title='bbox 985 2178 1370 2224; x_wconf 84' lang='lat' dir='ltr'>tympanitemincaffum</span> 
     </span>
     <span class='ocr_line' id='line_1_48' title="bbox 361 2223 1369 2278; baseline -0.012 -10"><span class='ocrx_word' id='word_1_373' title='bbox 361 2245 506 2278; x_wconf 84' lang='lat' dir='ltr'>pugnare</span> <span class='ocrx_word' id='word_1_374' title='bbox 531 2238 674 2272; x_wconf 85' lang='lat' dir='ltr'>coeperat</span> <span class='ocrx_word' id='word_1_375' title='bbox 698 2252 706 2265; x_wconf 83' lang='lat'>,</span> <span class='ocrx_word' id='word_1_376' title='bbox 739 2236 812 2261; x_wconf 88' lang='lat' dir='ltr'>ante</span> <span class='ocrx_word' id='word_1_377' title='bbox 835 2226 977 2260; x_wconf 89' lang='lat' dir='ltr'>medinm</span> <span class='ocrx_word' id='word_1_378' title='bbox 998 2225 1134 2269; x_wconf 74' lang='lat' dir='ltr'>junium</span> <span class='ocrx_word' id='word_1_379' title='bbox 1168 2226 1201 2271; x_wconf 78' lang='lat' dir='ltr'>in</span> <span class='ocrx_word' id='word_1_380' title='bbox 1225 2223 1369 2256; x_wconf 88' lang='lat' dir='ltr'>Galliam</span> 
     </span>
     <span class='ocr_line' id='line_1_49' title="bbox 363 2265 1371 2314; baseline -0.011 -3"><span class='ocrx_word' id='word_1_381' title='bbox 363 2290 439 2311; x_wconf 89' lang='lat' dir='ltr'>curn</span> <span class='ocrx_word' id='word_1_382' title='bbox 463 2276 556 2310; x_wconf 89' lang='lat' dir='ltr'>Viris</span> <span class='ocrx_word' id='word_1_383' title='bbox 590 2270 803 2314; x_wconf 85' lang='lat' dir='ltr'>Ampliffimis</span> <span class='ocrx_word' id='word_1_384' title='bbox 826 2270 962 2304; x_wconf 85' lang='lat' dir='ltr'>Venetis</span> <span class='ocrx_word' id='word_1_385' title='bbox 987 2270 1117 2310; x_wconf 83' lang='lat' dir='ltr'>Legatis</span> <span class='ocrx_word' id='word_1_386' title='bbox 1152 2266 1225 2300; x_wconf 88' lang='lat' dir='ltr'>esset</span> <span class='ocrx_word' id='word_1_387' title='bbox 1263 2265 1371 2308; x_wconf 91' lang='lat' dir='ltr'>profe-</span> 
     </span>
     <span class='ocr_line' id='line_1_50' title="bbox 361 2310 1372 2358; baseline -0.012 -3"><span class='ocrx_word' id='word_1_388' title='bbox 361 2322 471 2355; x_wconf 68' lang='lat' dir='ltr'>&amp;urus</span> <span class='ocrx_word' id='word_1_389' title='bbox 486 2342 495 2358; x_wconf 90' lang='lat'>,</span> <span class='ocrx_word' id='word_1_390' title='bbox 520 2316 599 2352; x_wconf 80' lang='lat' dir='ltr'>mihi</span> <span class='ocrx_word' id='word_1_391' title='bbox 623 2326 764 2358; x_wconf 86' lang='lat' dir='ltr'>aegrum,</span> <span class='ocrx_word' id='word_1_392' title='bbox 786 2313 898 2348; x_wconf 90' lang='lat' dir='ltr'>eodem</span> <span class='ocrx_word' id='word_1_393' title='bbox 921 2323 1068 2354; x_wconf 90' lang='lat' dir='ltr'>tempore</span> <span class='ocrx_word' id='word_1_394' title='bbox 1081 2312 1249 2345; x_wconf 88' lang='lat' dir='ltr'>Patavium</span> <span class='ocrx_word' id='word_1_395' title='bbox 1273 2310 1372 2343; x_wconf 81' lang='lat' dir='ltr'>trans-</span> 
     </span>
     <span class='ocr_line' id='line_1_51' title="bbox 366 2352 1372 2403; baseline -0.01 -6"><span class='ocrx_word' id='word_1_396' title='bbox 366 2375 498 2399; x_wconf 86' lang='lat' dir='ltr'>euntem</span> <span class='ocrx_word' id='word_1_397' title='bbox 522 2386 534 2403; x_wconf 84' lang='lat'>,</span> <span class='ocrx_word' id='word_1_398' title='bbox 564 2361 782 2400; x_wconf 76' lang='lat' dir='ltr'>maximopere</span> <span class='ocrx_word' id='word_1_399' title='bbox 804 2355 1054 2399; x_wconf 75' lang='lat' dir='ltr'>commendasset</span> <span class='ocrx_word' id='word_1_400' title='bbox 1072 2378 1084 2395; x_wconf 87' lang='lat'>,</span> <span class='ocrx_word' id='word_1_401' title='bbox 1116 2365 1152 2388; x_wconf 91' lang='lat' dir='ltr'>ut</span> <span class='ocrx_word' id='word_1_402' title='bbox 1178 2352 1233 2386; x_wconf 79' lang='lat' dir='ltr'>nisi</span> <span class='ocrx_word' id='word_1_403' title='bbox 1259 2353 1372 2387; x_wconf 83' lang='lat' dir='ltr'>affidue</span> 
     </span>
     <span class='ocr_line' id='line_1_52' title="bbox 366 2397 1374 2450; baseline -0.014 -8"><span class='ocrx_word' id='word_1_404' title='bbox 366 2420 442 2442; x_wconf 81' lang='lat' dir='ltr'>cum</span> <span class='ocrx_word' id='word_1_405' title='bbox 466 2407 533 2450; x_wconf 77' lang='lat' dir='ltr'>ejus</span> <span class='ocrx_word' id='word_1_406' title='bbox 556 2404 691 2437; x_wconf 86' lang='lat' dir='ltr'>Medico</span> <span class='ocrx_word' id='word_1_407' title='bbox 713 2401 849 2434; x_wconf 85' lang='lat' dir='ltr'>invisere</span> <span class='ocrx_word' id='word_1_408' title='bbox 873 2399 1015 2443; x_wconf 81' lang='lat' dir='ltr'>possem,</span> <span class='ocrx_word' id='word_1_409' title='bbox 1039 2408 1070 2431; x_wconf 87' lang='lat' dir='ltr'>at</span> <span class='ocrx_word' id='word_1_410' title='bbox 1095 2398 1205 2446; x_wconf 74' lang='lat' dir='ltr'>saepius</span> <span class='ocrx_word' id='word_1_411' title='bbox 1230 2397 1341 2442; x_wconf 79' lang='lat' dir='ltr'>saltem</span> <span class='ocrx_word' id='word_1_412' title='bbox 1365 2419 1374 2436; x_wconf 89' lang='lat'>,</span> 
     </span>
     <span class='ocr_line' id='line_1_53' title="bbox 367 2441 1374 2492; baseline -0.014 -6"><span class='ocrx_word' id='word_1_413' title='bbox 367 2464 444 2486; x_wconf 88' lang='lat' dir='ltr'>cum</span> <span class='ocrx_word' id='word_1_414' title='bbox 468 2461 523 2492; x_wconf 90' lang='lat' dir='ltr'>per</span> <span class='ocrx_word' id='word_1_415' title='bbox 547 2450 623 2482; x_wconf 88' lang='lat' dir='ltr'>alias</span> <span class='ocrx_word' id='word_1_416' title='bbox 647 2446 760 2478; x_wconf 86' lang='lat' dir='ltr'>liceret</span> <span class='ocrx_word' id='word_1_417' title='bbox 782 2445 1009 2486; x_wconf 85' lang='lat' dir='ltr'>occupationes</span> <span class='ocrx_word' id='word_1_418' title='bbox 1028 2465 1040 2482; x_wconf 86' lang='lat'>,</span> <span class='ocrx_word' id='word_1_419' title='bbox 1073 2441 1207 2474; x_wconf 81' lang='lat' dir='ltr'>consilio</span> <span class='ocrx_word' id='word_1_420' title='bbox 1229 2450 1374 2480; x_wconf 75' lang='lat' dir='ltr'>juvarem</span> 
     </span>
     <span class='ocr_line' id='line_1_54' title="bbox 368 2482 1375 2535; baseline -0.014 -5"><span class='ocrx_word' id='word_1_421' title='bbox 368 2504 465 2532; x_wconf 70' lang='lat' dir='ltr'>meos</span> <span class='ocrx_word' id='word_1_422' title='bbox 490 2504 549 2535; x_wconf 88' lang='lat' dir='ltr'>ego</span> <span class='ocrx_word' id='word_1_423' title='bbox 567 2515 576 2530; x_wconf 89' lang='lat'>,</span> <span class='ocrx_word' id='word_1_424' title='bbox 597 2489 732 2524; x_wconf 87' lang='lat' dir='ltr'>necdum</span> <span class='ocrx_word' id='word_1_425' title='bbox 755 2499 843 2530; x_wconf 78' lang='lat' dir='ltr'>:egro</span> <span class='ocrx_word' id='word_1_426' title='bbox 866 2486 936 2519; x_wconf 91' lang='lat' dir='ltr'>viso</span> <span class='ocrx_word' id='word_1_427' title='bbox 955 2508 965 2525; x_wconf 87' lang='lat'>‚</span> <span class='ocrx_word' id='word_1_428' title='bbox 999 2496 1038 2518; x_wconf 84' lang='lat' dir='ltr'>ex</span> <span class='ocrx_word' id='word_1_429' title='bbox 1062 2493 1184 2518; x_wconf 87' lang='lat' dir='ltr'>attenta</span> <span class='ocrx_word' id='word_1_430' title='bbox 1207 2482 1375 2516; x_wconf 82' lang='lat' dir='ltr'>dumtaxat</span> 
     </span>
     <span class='ocr_line' id='line_1_55' title="bbox 369 2525 1376 2579; baseline -0.015 -6"><span class='ocrx_word' id='word_1_431' title='bbox 369 2549 483 2572; x_wconf 84' lang='lat' dir='ltr'>eorum</span> <span class='ocrx_word' id='word_1_432' title='bbox 506 2547 577 2579; x_wconf 88' lang='lat' dir='ltr'>quae</span> <span class='ocrx_word' id='word_1_433' title='bbox 601 2533 787 2567; x_wconf 83' lang='lat' dir='ltr'>summatim</span> <span class='ocrx_word' id='word_1_434' title='bbox 813 2542 896 2564; x_wconf 90' lang='lat' dir='ltr'>nunc</span> <span class='ocrx_word' id='word_1_435' title='bbox 917 2529 955 2563; x_wconf 85' lang='lat' dir='ltr'>ad</span> <span class='ocrx_word' id='word_1_436' title='bbox 979 2538 1008 2562; x_wconf 89' lang='lat' dir='ltr'>te</span> <span class='ocrx_word' id='word_1_437' title='bbox 1029 2525 1213 2571; x_wconf 70' lang='lat' dir='ltr'>perscripsi,</span> <span class='ocrx_word' id='word_1_438' title='bbox 1236 2527 1376 2559; x_wconf 70' lang='lat' dir='ltr'>lectione</span> 
     </span>
     <span class='ocr_line' id='line_1_56' title="bbox 372 2570 1375 2617; baseline -0.016 -1"><span class='ocrx_word' id='word_1_439' title='bbox 372 2583 515 2617; x_wconf 71' lang='lat' dir='ltr'>aliorum</span> <span class='ocrx_word' id='word_1_440' title='bbox 538 2577 696 2611; x_wconf 82' lang='lat' dir='ltr'>viscerum</span> <span class='ocrx_word' id='word_1_441' title='bbox 721 2575 825 2609; x_wconf 87' lang='lat' dir='ltr'>labem</span> <span class='ocrx_word' id='word_1_442' title='bbox 849 2597 858 2614; x_wconf 92' lang='lat'>‚</span> <span class='ocrx_word' id='word_1_443' title='bbox 882 2573 1019 2606; x_wconf 89' lang='lat' dir='ltr'>aliorum</span> <span class='ocrx_word' id='word_1_444' title='bbox 1044 2570 1272 2605; x_wconf 85' lang='lat' dir='ltr'>infirmitatem</span> <span class='ocrx_word' id='word_1_445' title='bbox 1296 2580 1375 2602; x_wconf 82' lang='lat' dir='ltr'>con-</span> 
     </span>
     <span class='ocr_line' id='line_1_57' title="bbox 375 2612 1377 2665; baseline -0.015 -6"><span class='ocrx_word' id='word_1_446' title='bbox 375 2625 509 2665; x_wconf 74' lang='lat' dir='ltr'>‘iciens,</span> <span class='ocrx_word' id='word_1_447' title='bbox 530 2621 568 2656; x_wconf 84' lang='lat' dir='ltr'>de</span> <span class='ocrx_word' id='word_1_448' title='bbox 591 2631 678 2663; x_wconf 82' lang='lat' dir='ltr'>aegro</span> <span class='ocrx_word' id='word_1_449' title='bbox 702 2618 842 2652; x_wconf 89' lang='lat' dir='ltr'>sanando</span> <span class='ocrx_word' id='word_1_450' title='bbox 865 2616 1047 2660; x_wconf 85' lang='lat' dir='ltr'>desperavi:</span> <span class='ocrx_word' id='word_1_451' title='bbox 1071 2626 1173 2656; x_wconf 87' lang='lat' dir='ltr'>neque</span> <span class='ocrx_word' id='word_1_452' title='bbox 1196 2613 1228 2646; x_wconf 93' lang='lat' dir='ltr'>id</span> <span class='ocrx_word' id='word_1_453' title='bbox 1253 2612 1377 2646; x_wconf 82' lang='lat' dir='ltr'>Affini-</span> 
     </span>
     <span class='ocr_line' id='line_1_58' title="bbox 369 2639 1378 2707; baseline -0.015 -3"><span class='ocrx_word' id='word_1_454' title='bbox 369 2639 433 2705; x_wconf 68' lang='lat' dir='ltr'>iaus</span> <span class='ocrx_word' id='word_1_455' title='bbox 457 2667 572 2701; x_wconf 88' lang='lat' dir='ltr'>reticui</span> <span class='ocrx_word' id='word_1_456' title='bbox 597 2665 696 2707; x_wconf 86' lang='lat' dir='ltr'>probe</span> <span class='ocrx_word' id='word_1_457' title='bbox 719 2662 856 2696; x_wconf 87' lang='lat' dir='ltr'>consciis</span> <span class='ocrx_word' id='word_1_458' title='bbox 879 2684 889 2700; x_wconf 88' lang='lat'>,</span> <span class='ocrx_word' id='word_1_459' title='bbox 925 2669 1000 2693; x_wconf 92' lang='lat' dir='ltr'>toto</span> <span class='ocrx_word' id='word_1_460' title='bbox 1023 2659 1081 2692; x_wconf 92' lang='lat' dir='ltr'>illo</span> <span class='ocrx_word' id='word_1_461' title='bbox 1106 2657 1270 2699; x_wconf 87' lang='lat' dir='ltr'>septennio</span> <span class='ocrx_word' id='word_1_462' title='bbox 1296 2667 1378 2690; x_wconf 90' lang='lat' dir='ltr'>nun-</span> 
     </span>
     <span class='ocr_line' id='line_1_59' title="bbox 370 2697 1378 2757; baseline -0.016 -10"><span class='ocrx_word' id='word_1_463' title='bbox 370 2724 472 2757; x_wconf 84' lang='lat' dir='ltr'>quam</span> <span class='ocrx_word' id='word_1_464' title='bbox 496 2707 728 2753; x_wconf 83' lang='lat' dir='ltr'>propemodum</span> <span class='ocrx_word' id='word_1_465' title='bbox 754 2706 870 2738; x_wconf 81' lang='lat' dir='ltr'>morbo</span> <span class='ocrx_word' id='word_1_466' title='bbox 894 2704 1004 2746; x_wconf 86' lang='lat' dir='ltr'>aliquo</span> <span class='ocrx_word' id='word_1_467' title='bbox 1031 2697 1149 2735; x_wconf 87' lang='lat' dir='ltr'>vacasse</span> <span class='ocrx_word' id='word_1_468' title='bbox 1177 2722 1188 2738; x_wconf 83' lang='lat'>,</span> <span class='ocrx_word' id='word_1_469' title='bbox 1222 2702 1253 2732; x_wconf 86' lang='lat'>&amp;</span> <span class='ocrx_word' id='word_1_470' title='bbox 1278 2701 1378 2733; x_wconf 80' lang='lat' dir='ltr'>inter·</span> 
     </span>
     <span class='ocr_line' id='line_1_60' title="bbox 374 2742 1378 2799; baseline -0.013 -9"><span class='ocrx_word' id='word_1_471' title='bbox 374 2756 506 2799; x_wconf 72' lang='lat' dir='ltr'>roganti</span> <span class='ocrx_word' id='word_1_472' title='bbox 531 2750 614 2786; x_wconf 87' lang='lat' dir='ltr'>mihi</span> <span class='ocrx_word' id='word_1_473' title='bbox 645 2749 727 2783; x_wconf 89' lang='lat' dir='ltr'>illud</span> <span class='ocrx_word' id='word_1_474' title='bbox 751 2747 1021 2783; x_wconf 86' lang='lat' dir='ltr'>confirmantibus</span> <span class='ocrx_word' id='word_1_475' title='bbox 1050 2743 1138 2787; x_wconf 91' lang='lat' dir='ltr'>quod</span> <span class='ocrx_word' id='word_1_476' title='bbox 1162 2744 1203 2792; x_wconf 42' lang='lat' dir='ltr'>in·</span> <span class='ocrx_word' id='word_1_477' title='bbox 1227 2743 1312 2789; x_wconf 75' lang='lat' dir='ltr'>calce</span> <span class='ocrx_word' id='word_1_478' title='bbox 1336 2742 1378 2777; x_wconf 90' lang='lat' dir='ltr'>est</span> 
     </span>
     <span class='ocr_line' id='line_1_61' title="bbox 376 2784 1378 2835; baseline -0.016 -1"><span class='ocrx_word' id='word_1_479' title='bbox 376 2801 539 2834; x_wconf 89' lang='lat' dir='ltr'>librorum</span> <span class='ocrx_word' id='word_1_480' title='bbox 562 2796 600 2829; x_wconf 91' lang='lat' dir='ltr'>de</span> <span class='ocrx_word' id='word_1_481' title='bbox 624 2794 752 2828; x_wconf 83' lang='lat' dir='ltr'>Morbis</span> <span class='ocrx_word' id='word_1_482' title='bbox 767 2818 776 2832; x_wconf 92' lang='lat'>,</span> <span class='ocrx_word' id='word_1_483' title='bbox 798 2801 836 2825; x_wconf 89' lang='lat' dir='ltr'>ex</span> <span class='ocrx_word' id='word_1_484' title='bbox 858 2791 919 2824; x_wconf 85' lang='lat' dir='ltr'>alio</span> <span class='ocrx_word' id='word_1_485' title='bbox 930 2788 1033 2823; x_wconf 85' lang='lat' dir='ltr'>morbo</span> <span class='ocrx_word' id='word_1_486' title='bbox 1056 2796 1164 2829; x_wconf 79' lang='lat' dir='ltr'>corpus</span> <span class='ocrx_word' id='word_1_487' title='bbox 1177 2784 1378 2835; x_wconf 67' lang='lat' dir='ltr'>ltqutfczc‘i‘um</span> 
     </span>
     <span class='ocr_line' id='line_1_62' title="bbox 378 2830 1379 2914; baseline -0.016 -36"><span class='ocrx_word' id='word_1_488' title='bbox 378 2843 419 2878; x_wconf 81' lang='lat' dir='ltr'>ad</span> <span class='ocrx_word' id='word_1_489' title='bbox 441 2842 521 2875; x_wconf 85' lang='lat' dir='ltr'>hunc</span> <span class='ocrx_word' id='word_1_490' title='bbox 544 2833 713 2914; x_wconf 48' lang='lat' dir='ltr'>deveniffe.</span> <span class='ocrx_word' id='word_1_491' title='bbox 738 2837 845 2878; x_wconf 80' lang='lat' dir='ltr'>Igitur</span> <span class='ocrx_word' id='word_1_492' title='bbox 869 2845 940 2878; x_wconf 84' lang='lat' dir='ltr'>quae</span> <span class='ocrx_word' id='word_1_493' title='bbox 964 2833 1012 2866; x_wconf 90' lang='lat' dir='ltr'>ibi</span> <span class='ocrx_word' id='word_1_494' title='bbox 1036 2830 1379 2879; x_wconf 36' lang='lat' dir='ltr'>continuo—subjiciun-</span> 
     </span>
     <span class='ocr_line' id='line_1_63' title="bbox 377 2871 1379 2924; baseline -0.017 -4"><span class='ocrx_word' id='word_1_495' title='bbox 377 2896 433 2921; x_wconf 87' lang='lat' dir='ltr'>tur</span> <span class='ocrx_word' id='word_1_496' title='bbox 447 2909 456 2924; x_wconf 91' lang='lat'>,</span> <span class='ocrx_word' id='word_1_497' title='bbox 479 2882 594 2918; x_wconf 86' lang='lat' dir='ltr'>diserte</span> <span class='ocrx_word' id='word_1_498' title='bbox 617 2883 641 2914; x_wconf 92' lang='lat' dir='ltr'>ii</span> <span class='ocrx_word' id='word_1_499' title='bbox 661 2879 732 2914; x_wconf 88' lang='lat' dir='ltr'>dem</span> <span class='ocrx_word' id='word_1_500' title='bbox 756 2878 925 2912; x_wconf 83' lang='lat' dir='ltr'>enunciavi</span> <span class='ocrx_word' id='word_1_501' title='bbox 939 2889 948 2908; x_wconf 93' lang='grc'>.·</span> <span class='ocrx_word' id='word_1_502' title='bbox 963 2876 992 2919; x_wconf 84' lang='lat' dir='ltr'><em>fi</em></span> <span class='ocrx_word' id='word_1_503' title='bbox 1014 2875 1136 2923; x_wconf 65' lang='lat' dir='ltr'>quidem</span> <span class='ocrx_word' id='word_1_504' title='bbox 1160 2880 1257 2915; x_wconf 68' lang='lat' dir='ltr'>egetur</span> <span class='ocrx_word' id='word_1_505' title='bbox 1272 2871 1379 2921; x_wconf 38' lang='lat' dir='ltr'>subet-0</span> 
     </span>
     <span class='ocr_line' id='line_1_64' title="bbox 376 2915 1379 2969; baseline -0.015 -7"><span class='ocrx_word' id='word_1_506' title='bbox 376 2927 580 2969; x_wconf 65' lang='lat' dir='ltr'>occupaverit</span> <span class='ocrx_word' id='word_1_507' title='bbox 602 2924 654 2958; x_wconf 88' lang='lat' dir='ltr'>hic</span> <span class='ocrx_word' id='word_1_508' title='bbox 677 2920 802 2958; x_wconf 81' lang='lat' dir='ltr'>morbus</span> <span class='ocrx_word' id='word_1_509' title='bbox 824 2921 976 2955; x_wconf 75' lang='lat' dir='ltr'>hominem</span> <span class='ocrx_word' id='word_1_510' title='bbox 996 2943 1005 2957; x_wconf 90' lang='lat'><em>‚</em></span> <span class='ocrx_word' id='word_1_511' title='bbox 1036 2924 1169 2966; x_wconf 56' lang='lat' dir='ltr'>morztujr</span> <span class='ocrx_word' id='word_1_512' title='bbox 1190 2925 1295 2958; x_wconf 82' lang='lat' dir='ltr'>nempe</span> <span class='ocrx_word' id='word_1_513' title='bbox 1317 2915 1379 2948; x_wconf 65' lang='lat' dir='ltr'>alto</span> 
     </span>
     <span class='ocr_line' id='line_1_65' title="bbox 383 2957 1382 3010; baseline -0.015 -4"><span class='ocrx_word' id='word_1_514' title='bbox 383 2968 488 3007; x_wconf 75' lang='lat' dir='ltr'>morbo</span> <span class='ocrx_word' id='word_1_515' title='bbox 510 2967 674 3010; x_wconf 75' lang='lat' dir='ltr'>diutzfflme</span> <span class='ocrx_word' id='word_1_516' title='bbox 697 2968 760 3006; x_wconf 81' lang='lat' dir='ltr'>jam</span> <span class='ocrx_word' id='word_1_517' title='bbox 771 2963 948 3007; x_wconf 68' lang='lat' dir='ltr'>affligente.</span> <span class='ocrx_word' id='word_1_518' title='bbox 972 2964 1089 3003; x_wconf 83' lang='lat' dir='ltr'>Neque</span> <span class='ocrx_word' id='word_1_519' title='bbox 1114 2961 1174 2993; x_wconf 81' lang='lat' dir='ltr'>alia</span> <span class='ocrx_word' id='word_1_520' title='bbox 1190 2957 1382 3009; x_wconf 41' lang='lat' dir='ltr'>mihi-post-</span> 
     </span>
     <span class='ocr_line' id='line_1_66' title="bbox 379 3002 1383 3058; baseline -0.016 -8"><span class='ocrx_word' id='word_1_521' title='bbox 379 3026 480 3058; x_wconf 83' lang='lat' dir='ltr'>quam</span> <span class='ocrx_word' id='word_1_522' title='bbox 504 3021 626 3054; x_wconf 83' lang='lat' dir='ltr'>aegrum</span> <span class='ocrx_word' id='word_1_523' title='bbox 650 3010 740 3049; x_wconf 82' lang='lat' dir='ltr'>vidi,</span> <span class='ocrx_word' id='word_1_524' title='bbox 762 3008 915 3041; x_wconf 85' lang='lat' dir='ltr'>sententia</span> <span class='ocrx_word' id='word_1_525' title='bbox 941 3005 1004 3040; x_wconf 89' lang='lat' dir='ltr'>fuit</span> <span class='ocrx_word' id='word_1_526' title='bbox 1028 3019 1036 3037; x_wconf 73' lang='grc' dir='ltr'>ι</span> <span class='ocrx_word' id='word_1_527' title='bbox 1060 3005 1093 3036; x_wconf 93' lang='lat' dir='ltr'>in</span> <span class='ocrx_word' id='word_1_528' title='bbox 1117 3014 1213 3044; x_wconf 81' lang='lat' dir='ltr'>quarn</span> <span class='ocrx_word' id='word_1_529' title='bbox 1237 3002 1383 3043; x_wconf 79' lang='lat' dir='ltr'>deinceps</span> 
     </span>
     <span class='ocr_line' id='line_1_67' title="bbox 378 3047 1380 3093; baseline -0.016 0"><span class='ocrx_word' id='word_1_530' title='bbox 378 3067 538 3093; x_wconf 85' lang='lat' dir='ltr'>venerunt</span> <span class='ocrx_word' id='word_1_531' title='bbox 563 3054 600 3088; x_wconf 92' lang='lat' dir='ltr'>ad</span> <span class='ocrx_word' id='word_1_532' title='bbox 626 3064 726 3088; x_wconf 91' lang='lat' dir='ltr'>unum</span> <span class='ocrx_word' id='word_1_533' title='bbox 750 3062 859 3084; x_wconf 88' lang='lat' dir='ltr'>omnes</span> <span class='ocrx_word' id='word_1_534' title='bbox 881 3057 1045 3092; x_wconf 82' lang='lat' dir='ltr'>quotquot</span> <span class='ocrx_word' id='word_1_535' title='bbox 1069 3060 1102 3081; x_wconf 85' lang='lat' dir='ltr'>ea</span> <span class='ocrx_word' id='word_1_536' title='bbox 1124 3047 1309 3086; x_wconf 86' lang='lat' dir='ltr'>tempestate</span> <span class='ocrx_word' id='word_1_537' title='bbox 1322 3047 1380 3078; x_wconf 90' lang='lat' dir='ltr'>Pa-</span> 
     </span>
     <span class='ocr_line' id='line_1_68' title="bbox 377 3088 1377 3142; baseline -0.016 -6"><span class='ocrx_word' id='word_1_538' title='bbox 377 3103 461 3137; x_wconf 83' lang='lat' dir='ltr'>tavii</span> <span class='ocrx_word' id='word_1_539' title='bbox 486 3103 587 3142; x_wconf 85' lang='lat' dir='ltr'>magis</span> <span class='ocrx_word' id='word_1_540' title='bbox 612 3092 773 3131; x_wconf 81' lang='lat' dir='ltr'>florebant</span> <span class='ocrx_word' id='word_1_541' title='bbox 787 3094 927 3128; x_wconf 87' lang='lat' dir='ltr'>Medici.</span> <span class='ocrx_word' id='word_1_542' title='bbox 952 3094 1041 3125; x_wconf 87' lang='lat' dir='ltr'>Nam</span> <span class='ocrx_word' id='word_1_543' title='bbox 1053 3090 1106 3124; x_wconf 81' lang='lat' dir='ltr'>etsi</span> <span class='ocrx_word' id='word_1_544' title='bbox 1120 3088 1252 3123; x_wconf 86' lang='lat' dir='ltr'>flatibus</span> <span class='ocrx_word' id='word_1_545' title='bbox 1265 3088 1354 3130; x_wconf 90' lang='lat' dir='ltr'>supra</span> <span class='ocrx_word' id='word_1_546' title='bbox 1367 3111 1377 3127; x_wconf 93' lang='lat'>,</span> 
     </span>
     <span class='ocr_line' id='line_1_69' title="bbox 378 3133 1378 3187; baseline -0.014 -7"><span class='ocrx_word' id='word_1_547' title='bbox 378 3144 530 3187; x_wconf 78' lang='lat' dir='ltr'>infraque</span> <span class='ocrx_word' id='word_1_548' title='bbox 553 3142 716 3177; x_wconf 82' lang='lat' dir='ltr'>interdurn</span> <span class='ocrx_word' id='word_1_549' title='bbox 740 3136 974 3180; x_wconf 86' lang='lat' dir='ltr'>prodeuntibus</span> <span class='ocrx_word' id='word_1_550' title='bbox 995 3161 1003 3175; x_wconf 87' lang='lat'>‚</span> <span class='ocrx_word' id='word_1_551' title='bbox 1028 3134 1185 3169; x_wconf 86' lang='lat' dir='ltr'>abdomen</span> <span class='ocrx_word' id='word_1_552' title='bbox 1209 3133 1343 3180; x_wconf 87' lang='lat' dir='ltr'>amplius</span> <span class='ocrx_word' id='word_1_553' title='bbox 1365 3156 1378 3173; x_wconf 86' lang='lat'>,</span> 
     </span>
     <span class='ocr_line' id='line_1_70' title="bbox 379 3176 1381 3228; baseline -0.015 -4"><span class='ocrx_word' id='word_1_554' title='bbox 379 3189 404 3224; x_wconf 82' lang='lat' dir='ltr'>fi</span> <span class='ocrx_word' id='word_1_555' title='bbox 430 3200 525 3223; x_wconf 87' lang='lat' dir='ltr'>manu</span> <span class='ocrx_word' id='word_1_556' title='bbox 550 3195 750 3228; x_wconf 84' lang='lat' dir='ltr'>percuteres,</span> <span class='ocrx_word' id='word_1_557' title='bbox 772 3192 835 3214; x_wconf 90' lang='lat' dir='ltr'>non</span> <span class='ocrx_word' id='word_1_558' title='bbox 860 3179 1025 3213; x_wconf 87' lang='lat' dir='ltr'>resonabat</span> <span class='ocrx_word' id='word_1_559' title='bbox 1048 3192 1057 3216; x_wconf 74' lang='grc' dir='ltr'>ς</span> <span class='ocrx_word' id='word_1_560' title='bbox 1081 3187 1186 3211; x_wconf 88' lang='lat' dir='ltr'>tamen</span> <span class='ocrx_word' id='word_1_561' title='bbox 1211 3176 1306 3218; x_wconf 71' lang='lat' dir='ltr'>hujus</span> <span class='ocrx_word' id='word_1_562' title='bbox 1328 3184 1381 3209; x_wconf 89' lang='lat' dir='ltr'>tu-</span> 
     </span>
     <span class='ocr_line' id='line_1_71' title="bbox 382 3217 1380 3270; baseline -0.016 -4"><span class='ocrx_word' id='word_1_563' title='bbox 382 3244 476 3270; x_wconf 85' lang='lat' dir='ltr'>mor,</span> <span class='ocrx_word' id='word_1_564' title='bbox 500 3235 531 3264; x_wconf 88' lang='lat'>&amp;</span> <span class='ocrx_word' id='word_1_565' title='bbox 554 3239 668 3263; x_wconf 83' lang='lat' dir='ltr'>caetera</span> <span class='ocrx_word' id='word_1_566' title='bbox 692 3238 762 3270; x_wconf 87' lang='lat' dir='ltr'>quae</span> <span class='ocrx_word' id='word_1_567' title='bbox 786 3223 871 3258; x_wconf 68' lang='lat' dir='ltr'>dieta</span> <span class='ocrx_word' id='word_1_568' title='bbox 895 3222 965 3256; x_wconf 83' lang='lat' dir='ltr'>sunt</span> <span class='ocrx_word' id='word_1_569' title='bbox 985 3246 993 3260; x_wconf 86' lang='lat'>,</span> <span class='ocrx_word' id='word_1_570' title='bbox 1028 3233 1092 3255; x_wconf 89' lang='lat' dir='ltr'>non</span> <span class='ocrx_word' id='word_1_571' title='bbox 1119 3220 1216 3254; x_wconf 87' lang='lat' dir='ltr'>modo</span> <span class='ocrx_word' id='word_1_572' title='bbox 1239 3230 1304 3252; x_wconf 90' lang='lat' dir='ltr'>non</span> <span class='ocrx_word' id='word_1_573' title='bbox 1327 3217 1380 3251; x_wconf 86' lang='lat' dir='ltr'>de-</span> 
     </span>
     <span class='ocr_line' id='line_1_72' title="bbox 381 3261 1379 3312; baseline -0.016 -2"><span class='ocrx_word' id='word_1_574' title='bbox 381 3275 566 3310; x_wconf 87' lang='lat' dir='ltr'>crescebant</span> <span class='ocrx_word' id='word_1_575' title='bbox 587 3295 596 3309; x_wconf 85' lang='lat'>,</span> <span class='ocrx_word' id='word_1_576' title='bbox 631 3271 680 3305; x_wconf 88' lang='lat' dir='ltr'>sed</span> <span class='ocrx_word' id='word_1_577' title='bbox 704 3278 932 3312; x_wconf 86' lang='lat' dir='ltr'>quamcunque</span> <span class='ocrx_word' id='word_1_578' title='bbox 965 3267 1061 3299; x_wconf 85' lang='lat' dir='ltr'>iniret</span> <span class='ocrx_word' id='word_1_579' title='bbox 1086 3264 1201 3306; x_wconf 85' lang='lat' dir='ltr'>aliquis</span> <span class='ocrx_word' id='word_1_580' title='bbox 1232 3261 1379 3312; x_wconf 77' lang='lat' dir='ltr'>medendi</span> 
     </span>
     <span class='ocr_line' id='line_1_73' title="bbox 379 3309 1378 3359; baseline -0.016 -6"><span class='ocrx_word' id='word_1_581' title='bbox 379 3320 468 3354; x_wconf 81' lang='lat' dir='ltr'>viam</span> <span class='ocrx_word' id='word_1_582' title='bbox 483 3343 494 3359; x_wconf 89' lang='lat'>,</span> <span class='ocrx_word' id='word_1_583' title='bbox 517 3319 550 3350; x_wconf 89' lang='lat' dir='ltr'>in</span> <span class='ocrx_word' id='word_1_584' title='bbox 573 3317 639 3350; x_wconf 87' lang='lat' dir='ltr'>dies</span> <span class='ocrx_word' id='word_1_585' title='bbox 661 3313 859 3356; x_wconf 87' lang='lat' dir='ltr'>augebantur</span> <span class='ocrx_word' id='word_1_586' title='bbox 876 3333 888 3351; x_wconf 87' lang='lat'><em>‚</em></span> <span class='ocrx_word' id='word_1_587' title='bbox 920 3318 957 3342; x_wconf 77' lang='lat' dir='ltr'>ut</span> <span class='ocrx_word' id='word_1_588' title='bbox 980 3321 1042 3342; x_wconf 89' lang='lat' dir='ltr'>non</span> <span class='ocrx_word' id='word_1_589' title='bbox 1079 3309 1142 3349; x_wconf 78' lang='lat' dir='ltr'>jam</span> <span class='ocrx_word' id='word_1_590' title='bbox 1165 3315 1378 3356; x_wconf 81' lang='lat' dir='ltr'>tympanitem</span> 
     </span>
     <span class='ocr_line' id='line_1_74' title="bbox 381 3350 1379 3406; baseline -0.017 -9"><span class='ocrx_word' id='word_1_591' title='bbox 381 3373 466 3406; x_wconf 73' lang='lat' dir='ltr'>aeger</span> <span class='ocrx_word' id='word_1_592' title='bbox 490 3361 551 3395; x_wconf 90' lang='lat' dir='ltr'>huc</span> <span class='ocrx_word' id='word_1_593' title='bbox 576 3356 732 3393; x_wconf 75' lang='lat' dir='ltr'>attulisse,</span> <span class='ocrx_word' id='word_1_594' title='bbox 757 3356 808 3389; x_wconf 86' lang='lat' dir='ltr'>sed</span> <span class='ocrx_word' id='word_1_595' title='bbox 834 3354 1028 3397; x_wconf 75' lang='lat' dir='ltr'>praecipitem</span> <span class='ocrx_word' id='word_1_596' title='bbox 1042 3351 1170 3385; x_wconf 87' lang='lat' dir='ltr'>ascitem</span> <span class='ocrx_word' id='word_1_597' title='bbox 1194 3350 1379 3388; x_wconf 85' lang='lat' dir='ltr'>videretur,-</span> 
     </span>
     <span class='ocr_line' id='line_1_75' title="bbox 383 3392 1378 3440; baseline -0.016 0"><span class='ocrx_word' id='word_1_598' title='bbox 383 3410 439 3440; x_wconf 85' lang='lat' dir='ltr'>cui</span> <span class='ocrx_word' id='word_1_599' title='bbox 463 3414 539 3438; x_wconf 82' lang='lat' dir='ltr'>mox</span> <span class='ocrx_word' id='word_1_600' title='bbox 564 3402 728 3438; x_wconf 83' lang='lat' dir='ltr'>thoracis,</span> <span class='ocrx_word' id='word_1_601' title='bbox 750 3401 780 3432; x_wconf 86' lang='lat'><strong>&amp;</strong></span> <span class='ocrx_word' id='word_1_602' title='bbox 802 3398 939 3439; x_wconf 83' lang='lat' dir='ltr'>denique</span> <span class='ocrx_word' id='word_1_603' title='bbox 961 3396 1081 3429; x_wconf 88' lang='lat' dir='ltr'>cerebri</span> <span class='ocrx_word' id='word_1_604' title='bbox 1107 3392 1247 3436; x_wconf 86' lang='lat' dir='ltr'>hydrops</span> <span class='ocrx_word' id='word_1_605' title='bbox 1271 3393 1300 3425; x_wconf 89' lang='lat' dir='ltr'>se</span> <span class='ocrx_word' id='word_1_606' title='bbox 1323 3392 1378 3425; x_wconf 88' lang='lat' dir='ltr'>ad-</span> 
     </span>
     <span class='ocr_line' id='line_1_76' title="bbox 384 3434 1377 3492; baseline -0.016 -9"><span class='ocrx_word' id='word_1_607' title='bbox 384 3448 492 3492; x_wconf 80' lang='lat' dir='ltr'>junxit</span> <span class='ocrx_word' id='word_1_608' title='bbox 511 3470 519 3486; x_wconf 93' lang='lat'>‚</span> <span class='ocrx_word' id='word_1_609' title='bbox 540 3443 812 3489; x_wconf 85' lang='lat' dir='ltr'>quemadmodum</span> <span class='ocrx_word' id='word_1_610' title='bbox 837 3453 875 3474; x_wconf 83' lang='lat' dir='ltr'>ex</span> <span class='ocrx_word' id='word_1_611' title='bbox 897 3440 935 3472; x_wconf 90' lang='lat' dir='ltr'>iis</span> <span class='ocrx_word' id='word_1_612' title='bbox 959 3450 1031 3482; x_wconf 81' lang='lat' dir='ltr'>quae</span> <span class='ocrx_word' id='word_1_613' title='bbox 1056 3437 1253 3473; x_wconf 85' lang='lat' dir='ltr'>adscribam,</span> <span class='ocrx_word' id='word_1_614' title='bbox 1280 3434 1377 3477; x_wconf 81' lang='lat' dir='ltr'>signis</span> 
     </span>
     <span class='ocr_line' id='line_1_77' title="bbox 384 3479 1380 3533; baseline -0.018 -8"><span class='ocrx_word' id='word_1_615' title='bbox 384 3491 575 3533; x_wconf 85' lang='lat' dir='ltr'>cognosces.</span> <span class='ocrx_word' id='word_1_616' title='bbox 709 3486 875 3527; x_wconf 84' lang='lat' dir='ltr'>Principio</span> <span class='ocrx_word' id='word_1_617' title='bbox 896 3508 905 3523; x_wconf 93' lang='lat'>,</span> <span class='ocrx_word' id='word_1_618' title='bbox 937 3481 957 3515; x_wconf 79' lang='lat' dir='ltr'>si</span> <span class='ocrx_word' id='word_1_619' title='bbox 983 3481 1163 3516; x_wconf 86' lang='lat' dir='ltr'>abdominis</span> <span class='ocrx_word' id='word_1_620' title='bbox 1195 3481 1276 3512; x_wconf 89' lang='lat' dir='ltr'>latus</span> <span class='ocrx_word' id='word_1_621' title='bbox 1300 3479 1380 3512; x_wconf 87' lang='lat' dir='ltr'>fini-</span> 
     </span>
     <span class='ocr_line' id='line_1_78' title="bbox 384 3523 1381 3569; baseline -0.016 0"><span class='ocrx_word' id='word_1_622' title='bbox 384 3536 446 3569; x_wconf 79' lang='lat' dir='ltr'>istra</span> <span class='ocrx_word' id='word_1_623' title='bbox 469 3545 539 3568; x_wconf 87' lang='lat' dir='ltr'>com</span> <span class='ocrx_word' id='word_1_624' title='bbox 566 3533 699 3569; x_wconf 66' lang='lat' dir='ltr'>leetens,</span> <span class='ocrx_word' id='word_1_625' title='bbox 724 3531 805 3563; x_wconf 85' lang='lat' dir='ltr'>latus</span> <span class='ocrx_word' id='word_1_626' title='bbox 828 3527 964 3560; x_wconf 85' lang='lat' dir='ltr'>alterum</span> <span class='ocrx_word' id='word_1_627' title='bbox 985 3526 1129 3568; x_wconf 85' lang='lat' dir='ltr'>repetitis</span> <span class='ocrx_word' id='word_1_628' title='bbox 1147 3523 1285 3556; x_wconf 83' lang='lat' dir='ltr'>dexterae</span> <span class='ocrx_word' id='word_1_629' title='bbox 1311 3533 1381 3554; x_wconf 84' lang='lat' dir='ltr'>mo·</span> 
     </span>
     <span class='ocr_line' id='line_1_79' title="bbox 385 3565 1382 3618; baseline -0.013 -7"><span class='ocrx_word' id='word_1_630' title='bbox 385 3578 466 3612; x_wconf 84' lang='lat' dir='ltr'>dicis</span> <span class='ocrx_word' id='word_1_631' title='bbox 488 3576 544 3609; x_wconf 69' lang='lat' dir='ltr'>iffi</span> <span class='ocrx_word' id='word_1_632' title='bbox 571 3588 605 3609; x_wconf 93' lang='lat' dir='ltr'>us</span> <span class='ocrx_word' id='word_1_633' title='bbox 629 3574 830 3618; x_wconf 82' lang='lat' dir='ltr'>impelleres3</span> <span class='ocrx_word' id='word_1_634' title='bbox 856 3568 949 3602; x_wconf 85' lang='lat' dir='ltr'>allisae</span> <span class='ocrx_word' id='word_1_635' title='bbox 974 3569 1012 3603; x_wconf 88' lang='lat' dir='ltr'>ad</span> <span class='ocrx_word' id='word_1_636' title='bbox 1035 3568 1189 3602; x_wconf 83' lang='lat' dir='ltr'>sinistram</span> <span class='ocrx_word' id='word_1_637' title='bbox 1204 3576 1292 3608; x_wconf 81' lang='lat' dir='ltr'>aquae</span> <span class='ocrx_word' id='word_1_638' title='bbox 1316 3565 1382 3599; x_wconf 84' lang='lat' dir='ltr'>flu-</span> 
     </span>
    </p>
   </div>
   <div class='ocr_carea' id='block_1_3' title="bbox 925 149 1845 213">
    <p class='ocr_par' dir='ltr' id='par_1_3' title="bbox 925 149 1845 213">
     <span class='ocr_line' id='line_1_80' title="bbox 925 149 1845 213; baseline -0.004 -7"><span class='ocrx_word' id='word_1_639' title='bbox 925 208 930 213; x_wconf 60' lang='lat'>,</span> <span class='ocrx_word' id='word_1_640' title='bbox 972 151 1130 209; x_wconf 81' lang='lat' dir='ltr'>Liber</span> <span class='ocrx_word' id='word_1_641' title='bbox 1162 158 1243 205; x_wconf 93' lang='lat'>111.</span> <span class='ocrx_word' id='word_1_642' title='bbox 1277 152 1361 207; x_wconf 91' lang='lat' dir='ltr'>De</span> <span class='ocrx_word' id='word_1_643' title='bbox 1397 149 1604 203; x_wconf 88' lang='lat' dir='ltr'>Morbis</span> <span class='ocrx_word' id='word_1_644' title='bbox 1636 149 1845 203; x_wconf 86' lang='lat' dir='ltr'>Ventris</span> 
     </span>
    </p>
   </div>
   <div class='ocr_carea' id='block_1_4' title="bbox 1397 224 2432 3642">
    <p class='ocr_par' dir='ltr' id='par_1_4' title="bbox 1397 224 2432 3642">
     <span class='ocr_line' id='line_1_81' title="bbox 1402 224 2394 269; baseline -0.001 -9"><span class='ocrx_word' id='word_1_645' title='bbox 1402 228 1601 261; x_wconf 68' lang='lat' dir='ltr'>&amp;nationem</span> <span class='ocrx_word' id='word_1_646' title='bbox 1638 227 1833 269; x_wconf 82' lang='lat' dir='ltr'>percipiebas</span> <span class='ocrx_word' id='word_1_647' title='bbox 1854 250 1863 258; x_wconf 90' lang='lat'>.</span> <span class='ocrx_word' id='word_1_648' title='bbox 1896 224 1953 259; x_wconf 88' lang='lat' dir='ltr'>Sed</span> <span class='ocrx_word' id='word_1_649' title='bbox 1977 224 2063 260; x_wconf 88' lang='lat' dir='ltr'>haud</span> <span class='ocrx_word' id='word_1_650' title='bbox 2086 224 2196 259; x_wconf 87' lang='lat' dir='ltr'>multis</span> <span class='ocrx_word' id='word_1_651' title='bbox 2217 225 2394 269; x_wconf 70' lang='lat' dir='ltr'>interjectis</span> 
     </span>
     <span class='ocr_line' id='line_1_82' title="bbox 1401 268 2393 311; baseline -0.002 -7"><span class='ocrx_word' id='word_1_652' title='bbox 1401 271 1515 304; x_wconf 90' lang='lat' dir='ltr'>diebus</span> <span class='ocrx_word' id='word_1_653' title='bbox 1535 294 1544 311; x_wconf 89' lang='lat'>‚</span> <span class='ocrx_word' id='word_1_654' title='bbox 1575 280 1685 307; x_wconf 82' lang='lat' dir='ltr'>venter</span> <span class='ocrx_word' id='word_1_655' title='bbox 1708 281 1771 303; x_wconf 90' lang='lat' dir='ltr'>non</span> <span class='ocrx_word' id='word_1_656' title='bbox 1796 270 1895 302; x_wconf 86' lang='lat' dir='ltr'>modo</span> <span class='ocrx_word' id='word_1_657' title='bbox 1926 281 2006 311; x_wconf 87' lang='lat' dir='ltr'>aqua</span> <span class='ocrx_word' id='word_1_658' title='bbox 2030 270 2141 311; x_wconf 87' lang='lat' dir='ltr'>plenus</span> <span class='ocrx_word' id='word_1_659' title='bbox 2161 290 2172 307; x_wconf 84' lang='lat'>,</span> <span class='ocrx_word' id='word_1_660' title='bbox 2205 268 2255 302; x_wconf 90' lang='lat' dir='ltr'>sed</span> <span class='ocrx_word' id='word_1_661' title='bbox 2279 280 2393 311; x_wconf 67' lang='lat' dir='ltr'>praeter</span> 
     </span>
     <span class='ocr_line' id='line_1_83' title="bbox 1400 311 2394 353; baseline -0.001 -6"><span class='ocrx_word' id='word_1_662' title='bbox 1400 313 1534 347; x_wconf 82' lang='lat' dir='ltr'>modurn</span> <span class='ocrx_word' id='word_1_663' title='bbox 1556 311 1720 350; x_wconf 92' lang='lat' dir='ltr'>tumidus,</span> <span class='ocrx_word' id='word_1_664' title='bbox 1744 324 1778 345; x_wconf 93' lang='lat' dir='ltr'>ac</span> <span class='ocrx_word' id='word_1_665' title='bbox 1801 313 1953 345; x_wconf 86' lang='lat' dir='ltr'>distentus</span> <span class='ocrx_word' id='word_1_666' title='bbox 1974 335 1986 352; x_wconf 87' lang='lat'>‚</span> <span class='ocrx_word' id='word_1_667' title='bbox 2008 312 2189 353; x_wconf 88' lang='lat' dir='ltr'>impellenti</span> <span class='ocrx_word' id='word_1_668' title='bbox 2214 315 2320 348; x_wconf 90' lang='lat' dir='ltr'>manui</span> <span class='ocrx_word' id='word_1_669' title='bbox 2345 325 2394 347; x_wconf 89' lang='lat' dir='ltr'>re-</span> 
     </span>
     <span class='ocr_line' id='line_1_84' title="bbox 1398 355 2394 398; baseline 0 -8"><span class='ocrx_word' id='word_1_670' title='bbox 1398 356 1543 390; x_wconf 78' lang='lat' dir='ltr'>sistebat:</span> <span class='ocrx_word' id='word_1_671' title='bbox 1568 359 1599 389; x_wconf 76' lang='grc' dir='ltr'>δι</span> <span class='ocrx_word' id='word_1_672' title='bbox 1622 356 1712 389; x_wconf 83' lang='lat' dir='ltr'>simul</span> <span class='ocrx_word' id='word_1_673' title='bbox 1736 356 1892 389; x_wconf 80' lang='lat' dir='ltr'>oedemate</span> <span class='ocrx_word' id='word_1_674' title='bbox 1916 367 1978 388; x_wconf 90' lang='lat' dir='ltr'>non</span> <span class='ocrx_word' id='word_1_675' title='bbox 2004 357 2095 398; x_wconf 84' lang='lat' dir='ltr'>pedes</span> <span class='ocrx_word' id='word_1_676' title='bbox 2107 355 2230 394; x_wconf 88' lang='lat' dir='ltr'>solum,</span> <span class='ocrx_word' id='word_1_677' title='bbox 2253 367 2306 390; x_wconf 89' lang='lat' dir='ltr'>aut</span> <span class='ocrx_word' id='word_1_678' title='bbox 2318 368 2394 391; x_wconf 88' lang='lat' dir='ltr'>cru-</span> 
     </span>
     <span class='ocr_line' id='line_1_85' title="bbox 1398 396 2395 442; baseline -0.001 -8"><span class='ocrx_word' id='word_1_679' title='bbox 1398 411 1454 438; x_wconf 83' lang='lat' dir='ltr'>ra,</span> <span class='ocrx_word' id='word_1_680' title='bbox 1479 401 1528 434; x_wconf 86' lang='lat' dir='ltr'>sed</span> <span class='ocrx_word' id='word_1_681' title='bbox 1551 399 1675 433; x_wconf 89' lang='lat' dir='ltr'>femora</span> <span class='ocrx_word' id='word_1_682' title='bbox 1698 410 1827 442; x_wconf 88' lang='lat' dir='ltr'>quoque</span> <span class='ocrx_word' id='word_1_683' title='bbox 1851 397 1941 431; x_wconf 89' lang='lat' dir='ltr'>valde</span> <span class='ocrx_word' id='word_1_684' title='bbox 1979 398 2153 440; x_wconf 85' lang='lat' dir='ltr'>turgebant</span> <span class='ocrx_word' id='word_1_685' title='bbox 2174 421 2187 438; x_wconf 87' lang='lat'>,</span> <span class='ocrx_word' id='word_1_686' title='bbox 2220 396 2301 432; x_wconf 89' lang='lat' dir='ltr'>facie</span> <span class='ocrx_word' id='word_1_687' title='bbox 2318 424 2330 440; x_wconf 89' lang='lat'>,</span> <span class='ocrx_word' id='word_1_688' title='bbox 2363 402 2395 432; x_wconf 65' lang='grc' dir='ltr'>ὅ(</span> 
     </span>
     <span class='ocr_line' id='line_1_86' title="bbox 1397 441 2395 485; baseline -0.002 -8"><span class='ocrx_word' id='word_1_689' title='bbox 1397 444 1529 478; x_wconf 88' lang='lat' dir='ltr'>artubus</span> <span class='ocrx_word' id='word_1_690' title='bbox 1554 443 1767 485; x_wconf 84' lang='lat' dir='ltr'>superioribus</span> <span class='ocrx_word' id='word_1_691' title='bbox 1790 441 2054 475; x_wconf 87' lang='lat' dir='ltr'>macescentibus.</span> <span class='ocrx_word' id='word_1_692' title='bbox 2079 442 2168 485; x_wconf 87' lang='lat' dir='ltr'>Inter</span> <span class='ocrx_word' id='word_1_693' title='bbox 2192 442 2284 475; x_wconf 80' lang='lat' dir='ltr'>initia</span> <span class='ocrx_word' id='word_1_694' title='bbox 2308 441 2395 477; x_wconf 86' lang='lat' dir='ltr'>tuffis</span> 
     </span>
     <span class='ocr_line' id='line_1_87' title="bbox 1398 484 2396 529; baseline -0.002 -9"><span class='ocrx_word' id='word_1_695' title='bbox 1398 486 1567 529; x_wconf 68' lang='lat' dir='ltr'>quaedam,</span> <span class='ocrx_word' id='word_1_696' title='bbox 1591 486 1705 519; x_wconf 88' lang='lat' dir='ltr'>deinde</span> <span class='ocrx_word' id='word_1_697' title='bbox 1729 485 1816 519; x_wconf 89' lang='lat' dir='ltr'>nulla</span> <span class='ocrx_word' id='word_1_698' title='bbox 1837 499 1846 522; x_wconf 73' lang='grc' dir='ltr'>ς</span> <span class='ocrx_word' id='word_1_699' title='bbox 1879 484 1931 518; x_wconf 89' lang='lat' dir='ltr'>sed</span> <span class='ocrx_word' id='word_1_700' title='bbox 1955 495 2028 518; x_wconf 84' lang='lat' dir='ltr'>cum</span> <span class='ocrx_word' id='word_1_701' title='bbox 2053 495 2195 527; x_wconf 82' lang='lat' dir='ltr'>primurn</span> <span class='ocrx_word' id='word_1_702' title='bbox 2218 496 2301 527; x_wconf 85' lang='lat' dir='ltr'>aeger</span> <span class='ocrx_word' id='word_1_703' title='bbox 2326 485 2396 528; x_wconf 88' lang='lat' dir='ltr'>pos-</span> 
     </span>
     <span class='ocr_line' id='line_1_88' title="bbox 1401 528 2396 570; baseline -0.001 -7"><span class='ocrx_word' id='word_1_704' title='bbox 1401 530 1443 563; x_wconf 81' lang='lat' dir='ltr'>{et</span> <span class='ocrx_word' id='word_1_705' title='bbox 1466 531 1499 562; x_wconf 92' lang='lat' dir='ltr'>in</span> <span class='ocrx_word' id='word_1_706' title='bbox 1525 539 1633 562; x_wconf 90' lang='lat' dir='ltr'>utrum</span> <span class='ocrx_word' id='word_1_707' title='bbox 1656 529 1771 562; x_wconf 88' lang='lat' dir='ltr'>liberet</span> <span class='ocrx_word' id='word_1_708' title='bbox 1794 529 1876 562; x_wconf 89' lang='lat' dir='ltr'>latus</span> <span class='ocrx_word' id='word_1_709' title='bbox 1887 528 2001 562; x_wconf 87' lang='lat' dir='ltr'>cubare</span> <span class='ocrx_word' id='word_1_710' title='bbox 2016 551 2025 566; x_wconf 91' lang='lat'>,</span> <span class='ocrx_word' id='word_1_711' title='bbox 2049 539 2114 561; x_wconf 91' lang='lat' dir='ltr'>non</span> <span class='ocrx_word' id='word_1_712' title='bbox 2135 528 2244 570; x_wconf 90' lang='lat' dir='ltr'>potuit</span> <span class='ocrx_word' id='word_1_713' title='bbox 2270 528 2396 568; x_wconf 83' lang='lat' dir='ltr'>postea,</span> 
     </span>
     <span class='ocr_line' id='line_1_89' title="bbox 1400 572 2398 614; baseline 0 -9"><span class='ocrx_word' id='word_1_714' title='bbox 1400 573 1457 606; x_wconf 87' lang='lat' dir='ltr'>nifi</span> <span class='ocrx_word' id='word_1_715' title='bbox 1481 574 1514 605; x_wconf 91' lang='lat' dir='ltr'>in</span> <span class='ocrx_word' id='word_1_716' title='bbox 1536 573 1705 614; x_wconf 73' lang='lat' dir='ltr'>dexterum</span> <span class='ocrx_word' id='word_1_717' title='bbox 1728 585 1738 603; x_wconf 84' lang='lat'>.-</span> <span class='ocrx_word' id='word_1_718' title='bbox 1770 573 1801 604; x_wconf 89' lang='lat'>&amp;</span> <span class='ocrx_word' id='word_1_719' title='bbox 1824 573 1901 605; x_wconf 86' lang='lat' dir='ltr'>licet</span> <span class='ocrx_word' id='word_1_720' title='bbox 1933 581 2006 605; x_wconf 86' lang='lat' dir='ltr'>toto</span> <span class='ocrx_word' id='word_1_721' title='bbox 2029 572 2135 605; x_wconf 88' lang='lat' dir='ltr'>morbi</span> <span class='ocrx_word' id='word_1_722' title='bbox 2166 581 2310 612; x_wconf 88' lang='lat' dir='ltr'>tempore</span> <span class='ocrx_word' id='word_1_723' title='bbox 2341 572 2398 605; x_wconf 88' lang='lat' dir='ltr'>de-</span> 
     </span>
     <span class='ocr_line' id='line_1_90' title="bbox 1399 614 2400 658; baseline -0.006 -7"><span class='ocrx_word' id='word_1_724' title='bbox 1399 617 1549 651; x_wconf 88' lang='lat' dir='ltr'>cumbere</span> <span class='ocrx_word' id='word_1_725' title='bbox 1573 618 1715 658; x_wconf 89' lang='lat' dir='ltr'>potuerit</span> <span class='ocrx_word' id='word_1_726' title='bbox 1737 629 1745 651; x_wconf 81' lang='lat'>3</span> <span class='ocrx_word' id='word_1_727' title='bbox 1782 615 1831 648; x_wconf 88' lang='lat' dir='ltr'>bis</span> <span class='ocrx_word' id='word_1_728' title='bbox 1855 624 1959 647; x_wconf 87' lang='lat' dir='ltr'>tamen</span> <span class='ocrx_word' id='word_1_729' title='bbox 1985 625 2055 648; x_wconf 85' lang='lat' dir='ltr'>ante</span> <span class='ocrx_word' id='word_1_730' title='bbox 2078 614 2254 658; x_wconf 83' lang='lat' dir='ltr'>postremas</span> <span class='ocrx_word' id='word_1_731' title='bbox 2277 614 2400 648; x_wconf 87' lang='lat' dir='ltr'>hebdo.</span> 
     </span>
     <span class='ocr_line' id='line_1_91' title="bbox 1399 656 2400 693; baseline -0.002 -1"><span class='ocrx_word' id='word_1_732' title='bbox 1399 659 1506 693; x_wconf 87' lang='lat' dir='ltr'>madas</span> <span class='ocrx_word' id='word_1_733' title='bbox 1529 672 1544 692; x_wconf 92' lang='lat' dir='ltr'>e</span> <span class='ocrx_word' id='word_1_734' title='bbox 1567 659 1650 692; x_wconf 69' lang='grc' dir='ltr'>16ἃο</span> <span class='ocrx_word' id='word_1_735' title='bbox 1672 658 1799 693; x_wconf 81' lang='lat' dir='ltr'>exfilire</span> <span class='ocrx_word' id='word_1_736' title='bbox 1822 658 2071 691; x_wconf 88' lang='lat' dir='ltr'>abimminentis</span> <span class='ocrx_word' id='word_1_737' title='bbox 2094 656 2317 691; x_wconf 83' lang='lat' dir='ltr'>suffocationis</span> <span class='ocrx_word' id='word_1_738' title='bbox 2331 658 2400 690; x_wconf 86' lang='lat' dir='ltr'>sen-</span> 
     </span>
     <span class='ocr_line' id='line_1_92' title="bbox 1399 700 2398 745; baseline -0.001 -9"><span class='ocrx_word' id='word_1_739' title='bbox 1399 703 1434 736; x_wconf 88' lang='lat' dir='ltr'>su</span> <span class='ocrx_word' id='word_1_740' title='bbox 1457 704 1586 736; x_wconf 68' lang='lat' dir='ltr'>coaetus</span> <span class='ocrx_word' id='word_1_741' title='bbox 1609 702 1672 739; x_wconf 88' lang='lat' dir='ltr'>est,</span> <span class='ocrx_word' id='word_1_742' title='bbox 1697 704 1753 745; x_wconf 90' lang='lat' dir='ltr'>qui</span> <span class='ocrx_word' id='word_1_743' title='bbox 1778 701 1882 734; x_wconf 87' lang='lat' dir='ltr'>sensus</span> <span class='ocrx_word' id='word_1_744' title='bbox 1906 711 1941 734; x_wconf 90' lang='lat' dir='ltr'>ut</span> <span class='ocrx_word' id='word_1_745' title='bbox 1964 712 2092 742; x_wconf 87' lang='lat' dir='ltr'>repente</span> <span class='ocrx_word' id='word_1_746' title='bbox 2117 710 2265 739; x_wconf 84' lang='lat' dir='ltr'>venerat,</span> <span class='ocrx_word' id='word_1_747' title='bbox 2291 700 2332 734; x_wconf 84' lang='lat' dir='ltr'>sic</span> <span class='ocrx_word' id='word_1_748' title='bbox 2356 702 2398 735; x_wconf 91' lang='lat' dir='ltr'>il-</span> 
     </span>
     <span class='ocr_line' id='line_1_93' title="bbox 1400 744 2400 787; baseline -0.002 -8"><span class='ocrx_word' id='word_1_749' title='bbox 1400 746 1465 779; x_wconf 85' lang='lat' dir='ltr'>lico</span> <span class='ocrx_word' id='word_1_750' title='bbox 1488 746 1618 785; x_wconf 80' lang='lat' dir='ltr'>abibat.</span> <span class='ocrx_word' id='word_1_751' title='bbox 1642 746 1788 779; x_wconf 83' lang='lat' dir='ltr'>Tandem</span> <span class='ocrx_word' id='word_1_752' title='bbox 1802 746 1927 778; x_wconf 85' lang='lat' dir='ltr'>ultimis</span> <span class='ocrx_word' id='word_1_753' title='bbox 1951 744 2049 778; x_wconf 89' lang='lat' dir='ltr'>ferme</span> <span class='ocrx_word' id='word_1_754' title='bbox 2060 746 2169 779; x_wconf 90' lang='lat' dir='ltr'>decem</span> <span class='ocrx_word' id='word_1_755' title='bbox 2192 744 2303 778; x_wconf 88' lang='lat' dir='ltr'>diebus</span> <span class='ocrx_word' id='word_1_756' title='bbox 2315 755 2400 787; x_wconf 83' lang='lat' dir='ltr'>quo-</span> 
     </span>
     <span class='ocr_line' id='line_1_94' title="bbox 1399 787 2396 831; baseline -0.003 -8"><span class='ocrx_word' id='word_1_757' title='bbox 1399 790 1474 824; x_wconf 80' lang='lat' dir='ltr'>dam</span> <span class='ocrx_word' id='word_1_758' title='bbox 1494 788 1580 831; x_wconf 83' lang='lat' dir='ltr'>quasi</span> <span class='ocrx_word' id='word_1_759' title='bbox 1606 788 1718 830; x_wconf 90' lang='lat' dir='ltr'>sopore</span> <span class='ocrx_word' id='word_1_760' title='bbox 1742 788 1934 827; x_wconf 86' lang='lat' dir='ltr'>tenebatur,</span> <span class='ocrx_word' id='word_1_761' title='bbox 1958 790 1988 820; x_wconf 89' lang='lat'>&amp;</span> <span class='ocrx_word' id='word_1_762' title='bbox 2012 788 2090 831; x_wconf 81' lang='lat' dir='ltr'>saepe</span> <span class='ocrx_word' id='word_1_763' title='bbox 2116 787 2246 831; x_wconf 87' lang='lat' dir='ltr'>aliquo,</span> <span class='ocrx_word' id='word_1_764' title='bbox 2273 787 2324 822; x_wconf 85' lang='lat' dir='ltr'>sed</span> <span class='ocrx_word' id='word_1_765' title='bbox 2349 788 2396 820; x_wconf 92' lang='lat' dir='ltr'>le-</span> 
     </span>
     <span class='ocr_line' id='line_1_95' title="bbox 1402 830 2405 875; baseline -0.001 -10"><span class='ocrx_word' id='word_1_766' title='bbox 1402 832 1543 869; x_wconf 61' lang='lat' dir='ltr'>viffimm</span> <span class='ocrx_word' id='word_1_767' title='bbox 1569 831 1704 875; x_wconf 84' lang='lat' dir='ltr'>delirio.</span> <span class='ocrx_word' id='word_1_768' title='bbox 1727 833 1824 865; x_wconf 88' lang='lat' dir='ltr'>Tunc</span> <span class='ocrx_word' id='word_1_769' title='bbox 1847 832 1945 864; x_wconf 88' lang='lat' dir='ltr'>etiam</span> <span class='ocrx_word' id='word_1_770' title='bbox 1966 832 2073 865; x_wconf 88' lang='lat' dir='ltr'>cordis</span> <span class='ocrx_word' id='word_1_771' title='bbox 2097 832 2179 865; x_wconf 87' lang='lat' dir='ltr'>vires</span> <span class='ocrx_word' id='word_1_772' title='bbox 2203 856 2212 873; x_wconf 87' lang='lat'>‚</span> <span class='ocrx_word' id='word_1_773' title='bbox 2233 843 2304 874; x_wconf 84' lang='lat' dir='ltr'>quae</span> <span class='ocrx_word' id='word_1_774' title='bbox 2328 830 2405 865; x_wconf 87' lang='lat' dir='ltr'>fue-</span> 
     </span>
     <span class='ocr_line' id='line_1_96' title="bbox 1401 873 2400 918; baseline -0.003 -8"><span class='ocrx_word' id='word_1_775' title='bbox 1401 886 1472 910; x_wconf 85' lang='lat' dir='ltr'>rant</span> <span class='ocrx_word' id='word_1_776' title='bbox 1494 876 1549 909; x_wconf 89' lang='lat' dir='ltr'>diu</span> <span class='ocrx_word' id='word_1_777' title='bbox 1573 874 1861 918; x_wconf 39' lang='lat' dir='ltr'>validaessub-inde</span> <span class='ocrx_word' id='word_1_778' title='bbox 1884 873 2075 908; x_wconf 87' lang='lat' dir='ltr'>infirmiores</span> <span class='ocrx_word' id='word_1_779' title='bbox 2097 875 2216 909; x_wconf 87' lang='lat' dir='ltr'>fiebant</span> <span class='ocrx_word' id='word_1_780' title='bbox 2232 887 2242 906; x_wconf 92' lang='grc'>.-</span> <span class='ocrx_word' id='word_1_781' title='bbox 2265 882 2400 907; x_wconf 62' lang='lat' dir='ltr'>emero·-</span> 
     </span>
     <span class='ocr_line' id='line_1_97' title="bbox 1402 917 2402 961; baseline -0.004 -8"><span class='ocrx_word' id='word_1_782' title='bbox 1402 930 1475 953; x_wconf 87' lang='lat' dir='ltr'>rum</span> <span class='ocrx_word' id='word_1_783' title='bbox 1501 929 1605 953; x_wconf 87' lang='lat' dir='ltr'>autem</span> <span class='ocrx_word' id='word_1_784' title='bbox 1642 917 1856 953; x_wconf 84' lang='lat' dir='ltr'>musculorum</span> <span class='ocrx_word' id='word_1_785' title='bbox 1881 920 1963 950; x_wconf 82' lang='lat' dir='ltr'>vires</span> <span class='ocrx_word' id='word_1_786' title='bbox 1998 929 2096 960; x_wconf 89' lang='lat' dir='ltr'>prope</span> <span class='ocrx_word' id='word_1_787' title='bbox 2121 920 2219 961; x_wconf 84' lang='lat' dir='ltr'>usque</span> <span class='ocrx_word' id='word_1_788' title='bbox 2251 917 2290 952; x_wconf 89' lang='lat' dir='ltr'>ad</span> <span class='ocrx_word' id='word_1_789' title='bbox 2322 918 2402 951; x_wconf 83' lang='lat' dir='ltr'>ulri-</span> 
     </span>
     <span class='ocr_line' id='line_1_98' title="bbox 1404 961 2400 1003; baseline -0.002 -7"><span class='ocrx_word' id='word_1_790' title='bbox 1404 974 1493 997; x_wconf 88' lang='lat' dir='ltr'>mum</span> <span class='ocrx_word' id='word_1_791' title='bbox 1518 974 1581 996; x_wconf 91' lang='lat' dir='ltr'>non</span> <span class='ocrx_word' id='word_1_792' title='bbox 1605 961 1789 996; x_wconf 87' lang='lat' dir='ltr'>defecerunt</span> <span class='ocrx_word' id='word_1_793' title='bbox 1811 986 1818 993; x_wconf 93' lang='lat'>.</span> <span class='ocrx_word' id='word_1_794' title='bbox 1854 962 1885 993; x_wconf 89' lang='lat' dir='ltr'>Si</span> <span class='ocrx_word' id='word_1_795' title='bbox 1907 961 2010 994; x_wconf 76' lang='lat' dir='ltr'>sebres</span> <span class='ocrx_word' id='word_1_796' title='bbox 2032 962 2170 1003; x_wconf 81' lang='lat' dir='ltr'>excipias</span> <span class='ocrx_word' id='word_1_797' title='bbox 2193 961 2270 994; x_wconf 88' lang='lat' dir='ltr'>duas</span> <span class='ocrx_word' id='word_1_798' title='bbox 2295 987 2304 1001; x_wconf 84' lang='lat'>‚</span> <span class='ocrx_word' id='word_1_799' title='bbox 2328 972 2400 1003; x_wconf 81' lang='lat' dir='ltr'>quae</span> 
     </span>
     <span class='ocr_line' id='line_1_99' title="bbox 1405 1003 2399 1046; baseline -0.003 -6"><span class='ocrx_word' id='word_1_800' title='bbox 1405 1006 1517 1040; x_wconf 88' lang='lat' dir='ltr'>multis</span> <span class='ocrx_word' id='word_1_801' title='bbox 1548 1016 1619 1039; x_wconf 88' lang='lat' dir='ltr'>ante</span> <span class='ocrx_word' id='word_1_802' title='bbox 1644 1015 1780 1038; x_wconf 85' lang='lat' dir='ltr'>mortem</span> <span class='ocrx_word' id='word_1_803' title='bbox 1813 1003 1926 1038; x_wconf 89' lang='lat' dir='ltr'>diebus</span> <span class='ocrx_word' id='word_1_804' title='bbox 1951 1006 2138 1046; x_wconf 85' lang='lat' dir='ltr'>ingruerant</span> <span class='ocrx_word' id='word_1_805' title='bbox 2157 1027 2170 1043; x_wconf 90' lang='lat'>,</span> <span class='ocrx_word' id='word_1_806' title='bbox 2201 1006 2300 1037; x_wconf 83' lang='lat' dir='ltr'>altera</span> <span class='ocrx_word' id='word_1_807' title='bbox 2332 1015 2399 1037; x_wconf 86' lang='lat' dir='ltr'>nou</span> 
     </span>
     <span class='ocr_line' id='line_1_100' title="bbox 1401 1047 2400 1090; baseline -0.002 -8"><span class='ocrx_word' id='word_1_808' title='bbox 1401 1048 1466 1083; x_wconf 86' lang='lat' dir='ltr'>fine</span> <span class='ocrx_word' id='word_1_809' title='bbox 1488 1049 1594 1090; x_wconf 85' lang='lat' dir='ltr'>longis</span> <span class='ocrx_word' id='word_1_810' title='bbox 1617 1048 1828 1088; x_wconf 86' lang='lat' dir='ltr'>horroribus,</span> <span class='ocrx_word' id='word_1_811' title='bbox 1851 1052 1881 1081; x_wconf 75' lang='grc' dir='ltr'>δε</span> <span class='ocrx_word' id='word_1_812' title='bbox 1906 1048 2099 1080; x_wconf 87' lang='lat' dir='ltr'>tremoribus</span> <span class='ocrx_word' id='word_1_813' title='bbox 2118 1071 2128 1087; x_wconf 94' lang='lat'><em>‚</em></span> <span class='ocrx_word' id='word_1_814' title='bbox 2152 1049 2238 1081; x_wconf 84' lang='lat' dir='ltr'>intra</span> <span class='ocrx_word' id='word_1_815' title='bbox 2262 1047 2400 1081; x_wconf 89' lang='lat' dir='ltr'>biduum</span> 
     </span>
     <span class='ocr_line' id='line_1_101' title="bbox 1402 1089 2399 1129; baseline -0.002 -4"><span class='ocrx_word' id='word_1_816' title='bbox 1402 1101 1510 1125; x_wconf 86' lang='lat' dir='ltr'>tamen</span> <span class='ocrx_word' id='word_1_817' title='bbox 1534 1092 1649 1127; x_wconf 83' lang='lat' dir='ltr'>finita,</span> <span class='ocrx_word' id='word_1_818' title='bbox 1673 1092 1770 1124; x_wconf 85' lang='lat' dir='ltr'>altera</span> <span class='ocrx_word' id='word_1_819' title='bbox 1796 1101 1903 1125; x_wconf 89' lang='lat' dir='ltr'>autem</span> <span class='ocrx_word' id='word_1_820' title='bbox 1929 1094 1960 1124; x_wconf 87' lang='lat'>&amp;</span> <span class='ocrx_word' id='word_1_821' title='bbox 1984 1092 2108 1129; x_wconf 85' lang='lat' dir='ltr'>levior,</span> <span class='ocrx_word' id='word_1_822' title='bbox 2135 1094 2165 1124; x_wconf 76' lang='grc' dir='ltr'>δι</span> <span class='ocrx_word' id='word_1_823' title='bbox 2190 1092 2319 1124; x_wconf 88' lang='lat' dir='ltr'>brevior</span> <span class='ocrx_word' id='word_1_824' title='bbox 2340 1103 2349 1127; x_wconf 89' lang='lat'>;</span> <span class='ocrx_word' id='word_1_825' title='bbox 2376 1089 2399 1123; x_wconf 85' lang='lat' dir='ltr'>fi</span> 
     </span>
     <span class='ocr_line' id='line_1_102' title="bbox 1399 1133 2403 1180; baseline -0.003 -11"><span class='ocrx_word' id='word_1_826' title='bbox 1399 1135 1515 1169; x_wconf 87' lang='lat' dir='ltr'>harum</span> <span class='ocrx_word' id='word_1_827' title='bbox 1531 1160 1538 1174; x_wconf 92' lang='lat'>‚</span> <span class='ocrx_word' id='word_1_828' title='bbox 1562 1136 1716 1178; x_wconf 88' lang='lat' dir='ltr'>inquam,</span> <span class='ocrx_word' id='word_1_829' title='bbox 1738 1143 1864 1180; x_wconf 81' lang='lat' dir='ltr'>tempus</span> <span class='ocrx_word' id='word_1_830' title='bbox 1887 1135 2025 1176; x_wconf 82' lang='lat' dir='ltr'>excipias</span> <span class='ocrx_word' id='word_1_831' title='bbox 2045 1147 2054 1171; x_wconf 70' lang='grc' dir='ltr'><strong><em>ς</em></strong></span> <span class='ocrx_word' id='word_1_832' title='bbox 2089 1133 2194 1175; x_wconf 86' lang='lat' dir='ltr'>pulsus</span> <span class='ocrx_word' id='word_1_833' title='bbox 2219 1133 2299 1167; x_wconf 89' lang='lat' dir='ltr'>nihil</span> <span class='ocrx_word' id='word_1_834' title='bbox 2325 1134 2403 1166; x_wconf 91' lang='lat' dir='ltr'>vitii</span> 
     </span>
     <span class='ocr_line' id='line_1_103' title="bbox 1402 1177 2401 1220; baseline -0.002 -8"><span class='ocrx_word' id='word_1_835' title='bbox 1402 1178 1600 1218; x_wconf 82' lang='lat' dir='ltr'>habuerant,</span> <span class='ocrx_word' id='word_1_836' title='bbox 1625 1178 1681 1211; x_wconf 81' lang='lat' dir='ltr'>nisi</span> <span class='ocrx_word' id='word_1_837' title='bbox 1705 1179 1794 1219; x_wconf 69' lang='lat' dir='ltr'>quod</span> <span class='ocrx_word' id='word_1_838' title='bbox 1820 1180 1919 1220; x_wconf 79' lang='lat' dir='ltr'>saepe‚</span> <span class='ocrx_word' id='word_1_839' title='bbox 1944 1177 1999 1211; x_wconf 88' lang='lat' dir='ltr'>sub</span> <span class='ocrx_word' id='word_1_840' title='bbox 2026 1178 2187 1219; x_wconf 86' lang='lat' dir='ltr'>vesperam</span> <span class='ocrx_word' id='word_1_841' title='bbox 2201 1178 2401 1220; x_wconf 69' lang='lat' dir='ltr'>praesertim,</span> 
     </span>
     <span class='ocr_line' id='line_1_104' title="bbox 1402 1219 2404 1265; baseline -0.002 -10"><span class='ocrx_word' id='word_1_842' title='bbox 1402 1221 1640 1265; x_wconf 84' lang='lat' dir='ltr'>frequentiores</span> <span class='ocrx_word' id='word_1_843' title='bbox 1670 1220 1727 1263; x_wconf 87' lang='lat' dir='ltr'>ipsi</span> <span class='ocrx_word' id='word_1_844' title='bbox 1753 1245 1760 1257; x_wconf 80' lang='grc'>,</span> <span class='ocrx_word' id='word_1_845' title='bbox 1796 1223 1826 1253; x_wconf 87' lang='lat'>&amp;</span> <span class='ocrx_word' id='word_1_846' title='bbox 1862 1232 1970 1254; x_wconf 88' lang='lat' dir='ltr'>carnes</span> <span class='ocrx_word' id='word_1_847' title='bbox 2000 1222 2169 1254; x_wconf 86' lang='lat' dir='ltr'>calidiores</span> <span class='ocrx_word' id='word_1_848' title='bbox 2192 1219 2404 1261; x_wconf 84' lang='lat' dir='ltr'>deprehende-</span> 
     </span>
     <span class='ocr_line' id='line_1_105' title="bbox 1403 1263 2405 1306; baseline -0.003 -6"><span class='ocrx_word' id='word_1_849' title='bbox 1403 1265 1540 1300; x_wconf 79' lang='lat' dir='ltr'>bantur.</span> <span class='ocrx_word' id='word_1_850' title='bbox 1566 1264 1668 1298; x_wconf 72' lang='lat' dir='ltr'>Initio</span> <span class='ocrx_word' id='word_1_851' title='bbox 1693 1263 1856 1297; x_wconf 79' lang='lat' dir='ltr'>molestior</span> <span class='ocrx_word' id='word_1_852' title='bbox 1880 1264 1917 1297; x_wconf 86' lang='lat' dir='ltr'>ad</span> <span class='ocrx_word' id='word_1_853' title='bbox 1943 1264 2150 1306; x_wconf 83' lang='lat' dir='ltr'>epigastrium</span> <span class='ocrx_word' id='word_1_854' title='bbox 2175 1264 2279 1297; x_wconf 87' lang='lat' dir='ltr'>sensus</span> <span class='ocrx_word' id='word_1_855' title='bbox 2299 1287 2307 1301; x_wconf 94' lang='lat'>‚</span> <span class='ocrx_word' id='word_1_856' title='bbox 2334 1266 2405 1297; x_wconf 87' lang='lat' dir='ltr'>imo</span> 
     </span>
     <span class='ocr_line' id='line_1_106' title="bbox 1404 1305 2407 1349; baseline -0.006 -5"><span class='ocrx_word' id='word_1_857' title='bbox 1404 1310 1498 1344; x_wconf 91' lang='lat' dir='ltr'>dolor</span> <span class='ocrx_word' id='word_1_858' title='bbox 1523 1310 1605 1341; x_wconf 88' lang='lat' dir='ltr'>inter</span> <span class='ocrx_word' id='word_1_859' title='bbox 1629 1305 1831 1340; x_wconf 79' lang='lat' dir='ltr'>enfiformem</span> <span class='ocrx_word' id='word_1_860' title='bbox 1855 1307 2098 1349; x_wconf 82' lang='lat' dir='ltr'>cartilaginem,</span> <span class='ocrx_word' id='word_1_861' title='bbox 2126 1310 2158 1340; x_wconf 87' lang='lat'>&amp;</span> <span class='ocrx_word' id='word_1_862' title='bbox 2180 1308 2372 1341; x_wconf 90' lang='lat' dir='ltr'>umbilicum</span> <span class='ocrx_word' id='word_1_863' title='bbox 2398 1319 2407 1338; x_wconf 88' lang='lat'>=</span> 
     </span>
     <span class='ocr_line' id='line_1_107' title="bbox 1405 1350 2407 1395; baseline -0.001 -10"><span class='ocrx_word' id='word_1_864' title='bbox 1405 1353 1462 1395; x_wconf 88' lang='lat' dir='ltr'>qui</span> <span class='ocrx_word' id='word_1_865' title='bbox 1486 1350 1591 1394; x_wconf 86' lang='lat' dir='ltr'>postea</span> <span class='ocrx_word' id='word_1_866' title='bbox 1624 1362 1688 1384; x_wconf 89' lang='lat' dir='ltr'>non</span> <span class='ocrx_word' id='word_1_867' title='bbox 1711 1351 1758 1383; x_wconf 91' lang='lat' dir='ltr'>ibi</span> <span class='ocrx_word' id='word_1_868' title='bbox 1784 1374 1792 1389; x_wconf 88' lang='lat'>,</span> <span class='ocrx_word' id='word_1_869' title='bbox 1828 1352 1878 1384; x_wconf 83' lang='lat' dir='ltr'>sed</span> <span class='ocrx_word' id='word_1_870' title='bbox 1904 1350 1957 1384; x_wconf 85' lang='lat' dir='ltr'>hic</span> <span class='ocrx_word' id='word_1_871' title='bbox 1982 1374 1995 1391; x_wconf 87' lang='lat'>,</span> <span class='ocrx_word' id='word_1_872' title='bbox 2028 1352 2158 1393; x_wconf 89' lang='lat' dir='ltr'>illicque</span> <span class='ocrx_word' id='word_1_873' title='bbox 2183 1362 2237 1393; x_wconf 88' lang='lat' dir='ltr'>per</span> <span class='ocrx_word' id='word_1_874' title='bbox 2260 1359 2407 1384; x_wconf 87' lang='lat' dir='ltr'>ventrem</span> 
     </span>
     <span class='ocr_line' id='line_1_108' title="bbox 1406 1394 2410 1438; baseline 0 -10"><span class='ocrx_word' id='word_1_875' title='bbox 1406 1395 1662 1438; x_wconf 61' lang='lat' dir='ltr'>percipiebatur,</span> <span class='ocrx_word' id='word_1_876' title='bbox 1688 1394 1873 1436; x_wconf 71' lang='lat' dir='ltr'>punctionis</span> <span class='ocrx_word' id='word_1_877' title='bbox 1897 1405 2002 1428; x_wconf 86' lang='lat' dir='ltr'>autern</span> <span class='ocrx_word' id='word_1_878' title='bbox 2026 1394 2126 1428; x_wconf 82' lang='lat' dir='ltr'>sensus</span> <span class='ocrx_word' id='word_1_879' title='bbox 2153 1395 2190 1427; x_wconf 89' lang='lat' dir='ltr'>ad</span> <span class='ocrx_word' id='word_1_880' title='bbox 2210 1394 2335 1436; x_wconf 88' lang='lat' dir='ltr'>hepatis</span> <span class='ocrx_word' id='word_1_881' title='bbox 2358 1405 2410 1428; x_wconf 88' lang='lat' dir='ltr'>re-</span> 
     </span>
     <span class='ocr_line' id='line_1_109' title="bbox 1407 1438 2407 1481; baseline 0.002 -11"><span class='ocrx_word' id='word_1_882' title='bbox 1407 1439 1719 1481; x_wconf 21' lang='lat' dir='ltr'>gionemvmanebat.</span> <span class='ocrx_word' id='word_1_883' title='bbox 1744 1439 1898 1476; x_wconf 88' lang='lat' dir='ltr'>Somnus,</span> <span class='ocrx_word' id='word_1_884' title='bbox 1923 1439 2224 1480; x_wconf 76' lang='lat' dir='ltr'>&amp;cibiappetitus‚</span> <span class='ocrx_word' id='word_1_885' title='bbox 2248 1438 2407 1481; x_wconf 88' lang='lat' dir='ltr'>quiprin-</span> 
     </span>
     <span class='ocr_line' id='line_1_110' title="bbox 1409 1480 2408 1524; baseline -0.001 -8"><span class='ocrx_word' id='word_1_886' title='bbox 1409 1483 1498 1524; x_wconf 88' lang='lat' dir='ltr'>cipio</span> <span class='ocrx_word' id='word_1_887' title='bbox 1522 1483 1695 1515; x_wconf 89' lang='lat' dir='ltr'>mediocres</span> <span class='ocrx_word' id='word_1_888' title='bbox 1718 1480 1843 1514; x_wconf 85' lang='lat' dir='ltr'>fuerant</span> <span class='ocrx_word' id='word_1_889' title='bbox 1866 1505 1874 1519; x_wconf 87' lang='lat'><em>‚</em></span> <span class='ocrx_word' id='word_1_890' title='bbox 1902 1480 2034 1522; x_wconf 76' lang='lat' dir='ltr'>saepius,</span> <span class='ocrx_word' id='word_1_891' title='bbox 2057 1483 2247 1523; x_wconf 84' lang='lat' dir='ltr'>procedente</span> <span class='ocrx_word' id='word_1_892' title='bbox 2273 1481 2408 1523; x_wconf 88' lang='lat' dir='ltr'>morbo,</span> 
     </span>
     <span class='ocr_line' id='line_1_111' title="bbox 1407 1524 2411 1567; baseline -0.004 -7"><span class='ocrx_word' id='word_1_893' title='bbox 1407 1525 1621 1560; x_wconf 79' lang='lat' dir='ltr'>deficiebant.-</span> <span class='ocrx_word' id='word_1_894' title='bbox 1643 1524 1710 1558; x_wconf 87' lang='lat' dir='ltr'>sitis</span> <span class='ocrx_word' id='word_1_895' title='bbox 1735 1534 1841 1557; x_wconf 85' lang='lat' dir='ltr'>autern</span> <span class='ocrx_word' id='word_1_896' title='bbox 1877 1526 1978 1566; x_wconf 85' lang='lat' dir='ltr'>magis</span> <span class='ocrx_word' id='word_1_897' title='bbox 2003 1525 2168 1567; x_wconf 81' lang='lat' dir='ltr'>magisque</span> <span class='ocrx_word' id='word_1_898' title='bbox 2201 1525 2374 1566; x_wconf 89' lang='lat' dir='ltr'>torquebat</span> <span class='ocrx_word' id='word_1_899' title='bbox 2400 1549 2411 1556; x_wconf 89' lang='lat'>.</span> 
     </span>
     <span class='ocr_line' id='line_1_112' title="bbox 1408 1567 2410 1612; baseline -0.001 -10"><span class='ocrx_word' id='word_1_900' title='bbox 1408 1569 1516 1604; x_wconf 84' lang='lat' dir='ltr'>Alvus</span> <span class='ocrx_word' id='word_1_901' title='bbox 1540 1580 1593 1612; x_wconf 89' lang='lat' dir='ltr'>per</span> <span class='ocrx_word' id='word_1_902' title='bbox 1619 1567 1648 1601; x_wconf 90' lang='lat' dir='ltr'>se</span> <span class='ocrx_word' id='word_1_903' title='bbox 1672 1568 1770 1601; x_wconf 89' lang='lat' dir='ltr'>multa</span> <span class='ocrx_word' id='word_1_904' title='bbox 1794 1592 1802 1607; x_wconf 86' lang='lat'>,</span> <span class='ocrx_word' id='word_1_905' title='bbox 1833 1567 1957 1610; x_wconf 91' lang='lat' dir='ltr'>liquida</span> <span class='ocrx_word' id='word_1_906' title='bbox 1983 1569 2169 1610; x_wconf 89' lang='lat' dir='ltr'>plerumque</span> <span class='ocrx_word' id='word_1_907' title='bbox 2192 1590 2201 1604; x_wconf 91' lang='lat'>‚</span> <span class='ocrx_word' id='word_1_908' title='bbox 2236 1571 2266 1600; x_wconf 90' lang='lat'>&amp;</span> <span class='ocrx_word' id='word_1_909' title='bbox 2290 1568 2376 1601; x_wconf 80' lang='lat' dir='ltr'>flava</span> <span class='ocrx_word' id='word_1_910' title='bbox 2399 1578 2410 1606; x_wconf 84' lang='lat'><em>3</em></span> 
     </span>
     <span class='ocr_line' id='line_1_113' title="bbox 1410 1609 2412 1653; baseline -0.002 -8"><span class='ocrx_word' id='word_1_911' title='bbox 1410 1612 1469 1645; x_wconf 88' lang='lat' dir='ltr'>alia</span> <span class='ocrx_word' id='word_1_912' title='bbox 1493 1614 1725 1653; x_wconf 85' lang='lat' dir='ltr'>nonnunquam</span> <span class='ocrx_word' id='word_1_913' title='bbox 1740 1636 1748 1651; x_wconf 88' lang='lat'><em>‚</em></span> <span class='ocrx_word' id='word_1_914' title='bbox 1769 1612 1800 1643; x_wconf 87' lang='lat'>&amp;</span> <span class='ocrx_word' id='word_1_915' title='bbox 1825 1609 1890 1644; x_wconf 79' lang='lat' dir='ltr'>haec</span> <span class='ocrx_word' id='word_1_916' title='bbox 1915 1610 2034 1644; x_wconf 81' lang='lat' dir='ltr'>viscida</span> <span class='ocrx_word' id='word_1_917' title='bbox 2050 1636 2058 1650; x_wconf 90' lang='lat'>,</span> <span class='ocrx_word' id='word_1_918' title='bbox 2080 1611 2255 1652; x_wconf 73' lang='lat' dir='ltr'>dejiciebat</span> <span class='ocrx_word' id='word_1_919' title='bbox 2283 1636 2292 1644; x_wconf 88' lang='lat'>.</span> <span class='ocrx_word' id='word_1_920' title='bbox 2316 1613 2412 1644; x_wconf 83' lang='lat' dir='ltr'>Con-</span> 
     </span>
     <span class='ocr_line' id='line_1_114' title="bbox 1408 1652 2415 1698; baseline 0.001 -11"><span class='ocrx_word' id='word_1_921' title='bbox 1408 1664 1480 1693; x_wconf 85' lang='lat' dir='ltr'>tra,</span> <span class='ocrx_word' id='word_1_922' title='bbox 1504 1657 1595 1688; x_wconf 80' lang='lat' dir='ltr'>urina</span> <span class='ocrx_word' id='word_1_923' title='bbox 1623 1654 1742 1696; x_wconf 84' lang='lat' dir='ltr'>semper</span> <span class='ocrx_word' id='word_1_924' title='bbox 1764 1664 1860 1696; x_wconf 89' lang='lat' dir='ltr'>quam</span> <span class='ocrx_word' id='word_1_925' title='bbox 1883 1654 2060 1698; x_wconf 61' lang='lat' dir='ltr'>paucissima</span> <span class='ocrx_word' id='word_1_926' title='bbox 2086 1653 2176 1691; x_wconf 74' lang='lat' dir='ltr'>fuit,</span> <span class='ocrx_word' id='word_1_927' title='bbox 2194 1667 2292 1696; x_wconf 87' lang='lat' dir='ltr'>eaque</span> <span class='ocrx_word' id='word_1_928' title='bbox 2316 1652 2415 1688; x_wconf 83' lang='lat' dir='ltr'>flam—</span> 
     </span>
     <span class='ocr_line' id='line_1_115' title="bbox 1410 1696 2412 1738; baseline -0.001 -6"><span class='ocrx_word' id='word_1_929' title='bbox 1410 1710 1503 1738; x_wconf 87' lang='lat' dir='ltr'>mea,</span> <span class='ocrx_word' id='word_1_930' title='bbox 1525 1701 1556 1730; x_wconf 87' lang='lat'>&amp;</span> <span class='ocrx_word' id='word_1_931' title='bbox 1580 1697 1717 1731; x_wconf 84' lang='lat' dir='ltr'>saturata</span> <span class='ocrx_word' id='word_1_932' title='bbox 1732 1721 1739 1729; x_wconf 98' lang='lat'>.</span> <span class='ocrx_word' id='word_1_933' title='bbox 1765 1698 1851 1731; x_wconf 79' lang='lat' dir='ltr'>Cum</span> <span class='ocrx_word' id='word_1_934' title='bbox 1877 1708 1979 1738; x_wconf 77' lang='lat' dir='ltr'>aeger,</span> <span class='ocrx_word' id='word_1_935' title='bbox 2004 1696 2123 1730; x_wconf 86' lang='lat' dir='ltr'>Affines</span> <span class='ocrx_word' id='word_1_936' title='bbox 2143 1720 2155 1737; x_wconf 84' lang='lat'>,</span> <span class='ocrx_word' id='word_1_937' title='bbox 2178 1698 2300 1731; x_wconf 88' lang='lat' dir='ltr'>Medici</span> <span class='ocrx_word' id='word_1_938' title='bbox 2325 1698 2412 1731; x_wconf 85' lang='lat' dir='ltr'>nihil</span> 
     </span>
     <span class='ocr_line' id='line_1_116' title="bbox 1410 1740 2416 1783; baseline 0 -8"><span class='ocrx_word' id='word_1_939' title='bbox 1410 1743 1514 1783; x_wconf 88' lang='lat' dir='ltr'>magis</span> <span class='ocrx_word' id='word_1_940' title='bbox 1536 1750 1687 1782; x_wconf 88' lang='lat' dir='ltr'>optarent</span> <span class='ocrx_word' id='word_1_941' title='bbox 1719 1765 1727 1779; x_wconf 96' lang='lat'>‚</span> <span class='ocrx_word' id='word_1_942' title='bbox 1759 1750 1857 1782; x_wconf 83' lang='lat' dir='ltr'>quam</span> <span class='ocrx_word' id='word_1_943' title='bbox 1881 1750 1916 1772; x_wconf 88' lang='lat' dir='ltr'>ut</span> <span class='ocrx_word' id='word_1_944' title='bbox 1950 1742 2080 1774; x_wconf 82' lang='lat' dir='ltr'>uberius</span> <span class='ocrx_word' id='word_1_945' title='bbox 2104 1740 2171 1773; x_wconf 79' lang='lat' dir='ltr'>haec</span> <span class='ocrx_word' id='word_1_946' title='bbox 2195 1743 2376 1782; x_wconf 82' lang='lat' dir='ltr'>proveniret</span> <span class='ocrx_word' id='word_1_947' title='bbox 2403 1754 2416 1779; x_wconf 87' lang='lat'>;</span> 
     </span>
     <span class='ocr_line' id='line_1_117' title="bbox 1411 1783 2418 1827; baseline -0.001 -9"><span class='ocrx_word' id='word_1_948' title='bbox 1411 1785 1516 1819; x_wconf 88' lang='lat' dir='ltr'>dicere</span> <span class='ocrx_word' id='word_1_949' title='bbox 1551 1796 1615 1817; x_wconf 89' lang='lat' dir='ltr'>non</span> <span class='ocrx_word' id='word_1_950' title='bbox 1641 1783 1765 1827; x_wconf 81' lang='lat' dir='ltr'>possum</span> <span class='ocrx_word' id='word_1_951' title='bbox 1788 1805 1796 1819; x_wconf 83' lang='lat'>‚</span> <span class='ocrx_word' id='word_1_952' title='bbox 1828 1792 1912 1824; x_wconf 84' lang='lat' dir='ltr'>quot</span> <span class='ocrx_word' id='word_1_953' title='bbox 1931 1806 1944 1822; x_wconf 89' lang='lat'>,</span> <span class='ocrx_word' id='word_1_954' title='bbox 1975 1786 2006 1817; x_wconf 89' lang='lat'>&amp;</span> <span class='ocrx_word' id='word_1_955' title='bbox 2031 1794 2103 1825; x_wconf 85' lang='lat' dir='ltr'>quae</span> <span class='ocrx_word' id='word_1_956' title='bbox 2127 1783 2165 1817; x_wconf 91' lang='lat' dir='ltr'>ad</span> <span class='ocrx_word' id='word_1_957' title='bbox 2188 1795 2255 1816; x_wconf 86' lang='lat' dir='ltr'>eam</span> <span class='ocrx_word' id='word_1_958' title='bbox 2282 1796 2418 1826; x_wconf 90' lang='lat' dir='ltr'>promo-</span> 
     </span>
     <span class='ocr_line' id='line_1_118' title="bbox 1412 1826 2420 1873; baseline 0 -12"><span class='ocrx_word' id='word_1_959' title='bbox 1412 1828 1547 1862; x_wconf 88' lang='lat' dir='ltr'>vendam</span> <span class='ocrx_word' id='word_1_960' title='bbox 1570 1826 1761 1870; x_wconf 86' lang='lat' dir='ltr'>sumpserit.</span> <span class='ocrx_word' id='word_1_961' title='bbox 1785 1826 1926 1873; x_wconf 72' lang='lat' dir='ltr'>Nullum</span> <span class='ocrx_word' id='word_1_962' title='bbox 1960 1827 2020 1860; x_wconf 80' lang='lat' dir='ltr'>esse</span> <span class='ocrx_word' id='word_1_963' title='bbox 2045 1826 2139 1859; x_wconf 86' lang='lat' dir='ltr'>credo</span> <span class='ocrx_word' id='word_1_964' title='bbox 2164 1827 2267 1860; x_wconf 82' lang='lat' dir='ltr'>levius</span> <span class='ocrx_word' id='word_1_965' title='bbox 2292 1850 2301 1865; x_wconf 84' lang='lat'>‚</span> <span class='ocrx_word' id='word_1_966' title='bbox 2336 1829 2420 1861; x_wconf 86' lang='lat' dir='ltr'>vasi-</span> 
     </span>
     <span class='ocr_line' id='line_1_119' title="bbox 1413 1870 2417 1913; baseline -0.001 -8"><span class='ocrx_word' id='word_1_967' title='bbox 1413 1872 1507 1909; x_wconf 90' lang='lat' dir='ltr'>dius,</span> <span class='ocrx_word' id='word_1_968' title='bbox 1531 1870 1662 1913; x_wconf 76' lang='lat' dir='ltr'>simplex</span> <span class='ocrx_word' id='word_1_969' title='bbox 1677 1892 1686 1908; x_wconf 90' lang='lat'>‚</span> <span class='ocrx_word' id='word_1_970' title='bbox 1710 1872 1923 1911; x_wconf 81' lang='lat' dir='ltr'>compositum</span> <span class='ocrx_word' id='word_1_971' title='bbox 1935 1870 2208 1904; x_wconf 87' lang='lat' dir='ltr'>medicamentum</span> <span class='ocrx_word' id='word_1_972' title='bbox 2223 1895 2232 1910; x_wconf 89' lang='lat'>‚</span> <span class='ocrx_word' id='word_1_973' title='bbox 2254 1870 2342 1913; x_wconf 89' lang='lat' dir='ltr'>quod</span> <span class='ocrx_word' id='word_1_974' title='bbox 2366 1871 2417 1904; x_wconf 90' lang='lat' dir='ltr'>ul-</span> 
     </span>
     <span class='ocr_line' id='line_1_120' title="bbox 1416 1912 2421 1957; baseline -0.004 -10"><span class='ocrx_word' id='word_1_975' title='bbox 1416 1914 1450 1948; x_wconf 88' lang='lat' dir='ltr'>lo</span> <span class='ocrx_word' id='word_1_976' title='bbox 1474 1926 1514 1948; x_wconf 85' lang='lat' dir='ltr'>ex</span> <span class='ocrx_word' id='word_1_977' title='bbox 1537 1924 1638 1957; x_wconf 88' lang='lat' dir='ltr'>regno</span> <span class='ocrx_word' id='word_1_978' title='bbox 1663 1940 1672 1953; x_wconf 94' lang='lat'>,</span> <span class='ocrx_word' id='word_1_979' title='bbox 1706 1923 1743 1946; x_wconf 90' lang='lat' dir='ltr'>ut</span> <span class='ocrx_word' id='word_1_980' title='bbox 1767 1912 1944 1953; x_wconf 84' lang='lat' dir='ltr'>loquuntur</span> <span class='ocrx_word' id='word_1_981' title='bbox 1966 1936 1980 1954; x_wconf 80' lang='lat'>,</span> <span class='ocrx_word' id='word_1_982' title='bbox 2000 1913 2048 1946; x_wconf 91' lang='lat' dir='ltr'>·ad</span> <span class='ocrx_word' id='word_1_983' title='bbox 2071 1915 2103 1946; x_wconf 90' lang='lat' dir='ltr'>id</span> <span class='ocrx_word' id='word_1_984' title='bbox 2129 1914 2286 1954; x_wconf 89' lang='lat' dir='ltr'>pertinere</span> <span class='ocrx_word' id='word_1_985' title='bbox 2310 1913 2421 1947; x_wconf 83' lang='lat' dir='ltr'>existi.</span> 
     </span>
     <span class='ocr_line' id='line_1_121' title="bbox 1418 1955 2421 1999; baseline 0 -8"><span class='ocrx_word' id='word_1_986' title='bbox 1418 1967 1545 1997; x_wconf 86' lang='lat' dir='ltr'>metur‚</span> <span class='ocrx_word' id='word_1_987' title='bbox 1566 1956 1655 1999; x_wconf 84' lang='lat' dir='ltr'>quod</span> <span class='ocrx_word' id='word_1_988' title='bbox 1680 1968 1696 1989; x_wconf 88' lang='lat' dir='ltr'>a</span> <span class='ocrx_word' id='word_1_989' title='bbox 1719 1965 1770 1989; x_wconf 87' lang='lat' dir='ltr'>tot</span> <span class='ocrx_word' id='word_1_990' title='bbox 1793 1955 1932 1989; x_wconf 78' lang='lat' dir='ltr'>Medicis</span> <span class='ocrx_word' id='word_1_991' title='bbox 1957 1955 2180 1999; x_wconf 84' lang='lat' dir='ltr'>propositum,</span> <span class='ocrx_word' id='word_1_992' title='bbox 2205 1967 2258 1990; x_wconf 84' lang='lat' dir='ltr'>aut</span> <span class='ocrx_word' id='word_1_993' title='bbox 2271 1958 2311 1990; x_wconf 90' lang='lat' dir='ltr'>ab</span> <span class='ocrx_word' id='word_1_994' title='bbox 2333 1969 2421 1999; x_wconf 83' lang='lat' dir='ltr'>aegro</span> 
     </span>
     <span class='ocr_line' id='line_1_122' title="bbox 1418 1999 2421 2043; baseline -0.001 -9"><span class='ocrx_word' id='word_1_995' title='bbox 1418 2009 1551 2043; x_wconf 79' lang='lat' dir='ltr'>captum</span> <span class='ocrx_word' id='word_1_996' title='bbox 1575 2012 1640 2034; x_wconf 90' lang='lat' dir='ltr'>non</span> <span class='ocrx_word' id='word_1_997' title='bbox 1664 1999 1761 2033; x_wconf 86' lang='lat' dir='ltr'>fuerit</span> <span class='ocrx_word' id='word_1_998' title='bbox 1784 2024 1791 2031; x_wconf 94' lang='lat'>.</span> <span class='ocrx_word' id='word_1_999' title='bbox 1825 2000 1974 2039; x_wconf 86' lang='lat' dir='ltr'>Verum,</span> <span class='ocrx_word' id='word_1_1000' title='bbox 1996 2009 2030 2034; x_wconf 93' lang='lat' dir='ltr'>ut</span> <span class='ocrx_word' id='word_1_1001' title='bbox 2057 1999 2137 2032; x_wconf 91' lang='lat' dir='ltr'>solet</span> <span class='ocrx_word' id='word_1_1002' title='bbox 2162 2001 2337 2034; x_wconf 59' lang='lat' dir='ltr'>reluctante</span> <span class='ocrx_word' id='word_1_1003' title='bbox 2362 2013 2421 2033; x_wconf 82' lang='lat' dir='ltr'>na-</span> 
     </span>
     <span class='ocr_line' id='line_1_123' title="bbox 1419 2042 2421 2086; baseline 0 -8"><span class='ocrx_word' id='word_1_1004' title='bbox 1419 2054 1493 2078; x_wconf 85' lang='lat' dir='ltr'>tura</span> <span class='ocrx_word' id='word_1_1005' title='bbox 1513 2067 1526 2084; x_wconf 90' lang='lat'>,</span> <span class='ocrx_word' id='word_1_1006' title='bbox 1559 2042 1714 2083; x_wconf 78' lang='lat' dir='ltr'>incassum</span> <span class='ocrx_word' id='word_1_1007' title='bbox 1737 2042 1844 2075; x_wconf 90' lang='lat' dir='ltr'>omnia</span> <span class='ocrx_word' id='word_1_1008' title='bbox 1867 2056 1876 2080; x_wconf 67' lang='grc' dir='ltr'><strong>ς</strong></span> <span class='ocrx_word' id='word_1_1009' title='bbox 1903 2054 2070 2086; x_wconf 91' lang='lat' dir='ltr'>nunquam</span> <span class='ocrx_word' id='word_1_1010' title='bbox 2095 2044 2186 2076; x_wconf 87' lang='lat' dir='ltr'>urina</span> <span class='ocrx_word' id='word_1_1011' title='bbox 2212 2044 2260 2076; x_wconf 91' lang='lat' dir='ltr'>vel</span> <span class='ocrx_word' id='word_1_1012' title='bbox 2286 2047 2421 2078; x_wconf 86' lang='lat' dir='ltr'>minima</span> 
     </span>
     <span class='ocr_line' id='line_1_124' title="bbox 1418 2085 2424 2130; baseline -0.001 -9"><span class='ocrx_word' id='word_1_1013' title='bbox 1418 2099 1459 2121; x_wconf 86' lang='lat' dir='ltr'>ex</span> <span class='ocrx_word' id='word_1_1014' title='bbox 1481 2096 1570 2130; x_wconf 89' lang='lat' dir='ltr'>parte</span> <span class='ocrx_word' id='word_1_1015' title='bbox 1595 2096 1648 2121; x_wconf 87' lang='lat' dir='ltr'>aut</span> <span class='ocrx_word' id='word_1_1016' title='bbox 1672 2087 1810 2119; x_wconf 91' lang='lat' dir='ltr'>increvit</span> <span class='ocrx_word' id='word_1_1017' title='bbox 1826 2108 1834 2124; x_wconf 92' lang='lat'>,</span> <span class='ocrx_word' id='word_1_1018' title='bbox 1858 2096 1911 2119; x_wconf 83' lang='lat' dir='ltr'>ant</span> <span class='ocrx_word' id='word_1_1019' title='bbox 1937 2096 2063 2120; x_wconf 85' lang='lat' dir='ltr'>mutata</span> <span class='ocrx_word' id='word_1_1020' title='bbox 2086 2085 2149 2125; x_wconf 87' lang='lat' dir='ltr'>est,</span> <span class='ocrx_word' id='word_1_1021' title='bbox 2173 2086 2229 2119; x_wconf 78' lang='lat' dir='ltr'>nisi</span> <span class='ocrx_word' id='word_1_1022' title='bbox 2254 2088 2341 2129; x_wconf 89' lang='lat' dir='ltr'>quod</span> <span class='ocrx_word' id='word_1_1023' title='bbox 2352 2089 2424 2121; x_wconf 90' lang='lat' dir='ltr'>die-</span> 
     </span>
     <span class='ocr_line' id='line_1_125' title="bbox 1420 2130 2425 2173; baseline 0 -9"><span class='ocrx_word' id='word_1_1024' title='bbox 1420 2132 1479 2164; x_wconf 84' lang='lat' dir='ltr'>bus</span> <span class='ocrx_word' id='word_1_1025' title='bbox 1511 2139 1583 2164; x_wconf 87' lang='lat' dir='ltr'>ante</span> <span class='ocrx_word' id='word_1_1026' title='bbox 1607 2139 1744 2164; x_wconf 88' lang='lat' dir='ltr'>mortem</span> <span class='ocrx_word' id='word_1_1027' title='bbox 1779 2130 1909 2169; x_wconf 89' lang='lat' dir='ltr'>circiter</span> <span class='ocrx_word' id='word_1_1028' title='bbox 1941 2131 2126 2173; x_wconf 73' lang='lat' dir='ltr'>quindecim</span> <span class='ocrx_word' id='word_1_1029' title='bbox 2149 2153 2159 2169; x_wconf 95' lang='lat'>,</span> <span class='ocrx_word' id='word_1_1030' title='bbox 2193 2133 2224 2163; x_wconf 73' lang='grc' dir='ltr'>δι</span> <span class='ocrx_word' id='word_1_1031' title='bbox 2248 2131 2425 2164; x_wconf 83' lang='lat' dir='ltr'>noviffimis</span> 
     </span>
     <span class='ocr_line' id='line_1_126' title="bbox 1421 2173 2425 2215; baseline 0 -7"><span class='ocrx_word' id='word_1_1032' title='bbox 1421 2176 1541 2208; x_wconf 89' lang='lat' dir='ltr'>iterum</span> <span class='ocrx_word' id='word_1_1033' title='bbox 1565 2174 1675 2206; x_wconf 83' lang='lat' dir='ltr'>diebus</span> <span class='ocrx_word' id='word_1_1034' title='bbox 1701 2173 1878 2214; x_wconf 88' lang='lat' dir='ltr'>pauxillum</span> <span class='ocrx_word' id='word_1_1035' title='bbox 1904 2173 1983 2215; x_wconf 79' lang='lat' dir='ltr'>quid</span> <span class='ocrx_word' id='word_1_1036' title='bbox 2007 2175 2131 2207; x_wconf 83' lang='lat' dir='ltr'>tabacci</span> <span class='ocrx_word' id='word_1_1037' title='bbox 2156 2173 2264 2207; x_wconf 91' lang='lat' dir='ltr'>colore</span> <span class='ocrx_word' id='word_1_1038' title='bbox 2297 2186 2329 2207; x_wconf 81' lang='lat' dir='ltr'>in</span> <span class='ocrx_word' id='word_1_1039' title='bbox 2355 2177 2425 2208; x_wconf 91' lang='lat' dir='ltr'>imo</span> 
     </span>
     <span class='ocr_line' id='line_1_127' title="bbox 1422 2216 2426 2261; baseline -0.001 -10"><span class='ocrx_word' id='word_1_1040' title='bbox 1422 2217 1594 2260; x_wconf 87' lang='lat' dir='ltr'>deposuit,</span> <span class='ocrx_word' id='word_1_1041' title='bbox 1615 2216 1703 2259; x_wconf 86' lang='lat' dir='ltr'>quod</span> <span class='ocrx_word' id='word_1_1042' title='bbox 1727 2227 1803 2249; x_wconf 90' lang='lat' dir='ltr'>cum</span> <span class='ocrx_word' id='word_1_1043' title='bbox 1824 2216 2010 2259; x_wconf 82' lang='lat' dir='ltr'>diligentius</span> <span class='ocrx_word' id='word_1_1044' title='bbox 2033 2219 2246 2251; x_wconf 82' lang='lat' dir='ltr'>examinarem</span> <span class='ocrx_word' id='word_1_1045' title='bbox 2266 2242 2273 2256; x_wconf 93' lang='lat'><strong><em>‚</em></strong></span> <span class='ocrx_word' id='word_1_1046' title='bbox 2297 2218 2426 2261; x_wconf 83' lang='lat' dir='ltr'>sangui-</span> 
     </span>
     <span class='ocr_line' id='line_1_128' title="bbox 1424 2259 2427 2304; baseline 0 -9"><span class='ocrx_word' id='word_1_1047' title='bbox 1424 2272 1497 2295; x_wconf 87' lang='lat' dir='ltr'>nem</span> <span class='ocrx_word' id='word_1_1048' title='bbox 1521 2259 1578 2294; x_wconf 81' lang='lat' dir='ltr'>esse</span> <span class='ocrx_word' id='word_1_1049' title='bbox 1601 2271 1675 2293; x_wconf 90' lang='lat' dir='ltr'>cum</span> <span class='ocrx_word' id='word_1_1050' title='bbox 1698 2259 1808 2293; x_wconf 88' lang='lat' dir='ltr'>ichore</span> <span class='ocrx_word' id='word_1_1051' title='bbox 1825 2260 1974 2304; x_wconf 85' lang='lat' dir='ltr'>mistum,</span> <span class='ocrx_word' id='word_1_1052' title='bbox 1999 2260 2213 2302; x_wconf 86' lang='lat' dir='ltr'>deprehendi,</span> <span class='ocrx_word' id='word_1_1053' title='bbox 2239 2263 2270 2293; x_wconf 67' lang='grc' dir='ltr'>δι’</span> <span class='ocrx_word' id='word_1_1054' title='bbox 2293 2263 2330 2294; x_wconf 87' lang='lat' dir='ltr'>iis</span> <span class='ocrx_word' id='word_1_1055' title='bbox 2342 2274 2427 2304; x_wconf 86' lang='lat' dir='ltr'>quo-</span> 
     </span>
     <span class='ocr_line' id='line_1_129' title="bbox 1424 2303 2426 2347; baseline 0 -10"><span class='ocrx_word' id='word_1_1056' title='bbox 1424 2315 1496 2339; x_wconf 89' lang='lat' dir='ltr'>rum</span> <span class='ocrx_word' id='word_1_1057' title='bbox 1520 2305 1690 2342; x_wconf 78' lang='lat' dir='ltr'>intererat,</span> <span class='ocrx_word' id='word_1_1058' title='bbox 1713 2312 1749 2336; x_wconf 89' lang='lat' dir='ltr'>ut</span> <span class='ocrx_word' id='word_1_1059' title='bbox 1762 2303 1996 2337; x_wconf 85' lang='lat' dir='ltr'>diureticorum</span> <span class='ocrx_word' id='word_1_1060' title='bbox 2019 2304 2117 2337; x_wconf 86' lang='lat' dir='ltr'>finem</span> <span class='ocrx_word' id='word_1_1061' title='bbox 2131 2303 2260 2337; x_wconf 88' lang='lat' dir='ltr'>tandem</span> <span class='ocrx_word' id='word_1_1062' title='bbox 2284 2305 2426 2347; x_wconf 84' lang='lat' dir='ltr'>aliquem</span> 
     </span>
     <span class='ocr_line' id='line_1_130' title="bbox 1424 2345 2429 2390; baseline 0 -9"><span class='ocrx_word' id='word_1_1063' title='bbox 1424 2347 1586 2384; x_wconf 87' lang='lat' dir='ltr'>facerent,</span> <span class='ocrx_word' id='word_1_1064' title='bbox 1608 2345 1753 2379; x_wconf 87' lang='lat' dir='ltr'>ostendi.</span> <span class='ocrx_word' id='word_1_1065' title='bbox 1776 2347 1899 2379; x_wconf 85' lang='lat' dir='ltr'>Eorum</span> <span class='ocrx_word' id='word_1_1066' title='bbox 1914 2346 2040 2390; x_wconf 86' lang='lat' dir='ltr'>aliqua,</span> <span class='ocrx_word' id='word_1_1067' title='bbox 2063 2346 2113 2380; x_wconf 87' lang='lat' dir='ltr'>sed</span> <span class='ocrx_word' id='word_1_1068' title='bbox 2138 2349 2241 2380; x_wconf 87' lang='lat' dir='ltr'>minus</span> <span class='ocrx_word' id='word_1_1069' title='bbox 2265 2349 2429 2390; x_wconf 84' lang='lat' dir='ltr'>importu-</span> 
     </span>
     <span class='ocr_line' id='line_1_131' title="bbox 1426 2388 2423 2434; baseline 0 -10"><span class='ocrx_word' id='word_1_1070' title='bbox 1426 2402 1469 2424; x_wconf 85' lang='lat' dir='ltr'>no</span> <span class='ocrx_word' id='word_1_1071' title='bbox 1493 2401 1636 2432; x_wconf 90' lang='lat' dir='ltr'>tempore</span> <span class='ocrx_word' id='word_1_1072' title='bbox 1657 2415 1665 2430; x_wconf 87' lang='lat'>,</span> <span class='ocrx_word' id='word_1_1073' title='bbox 1699 2388 1867 2431; x_wconf 88' lang='lat' dir='ltr'>minusque</span> <span class='ocrx_word' id='word_1_1074' title='bbox 1891 2389 2028 2432; x_wconf 64' lang='lat' dir='ltr'>suspecta</span> <span class='ocrx_word' id='word_1_1075' title='bbox 2052 2413 2065 2430; x_wconf 89' lang='lat'>,</span> <span class='ocrx_word' id='word_1_1076' title='bbox 2089 2401 2153 2424; x_wconf 88' lang='lat' dir='ltr'>non</span> <span class='ocrx_word' id='word_1_1077' title='bbox 2177 2390 2308 2424; x_wconf 84' lang='lat' dir='ltr'>sanandi</span> <span class='ocrx_word' id='word_1_1078' title='bbox 2335 2390 2389 2434; x_wconf 87' lang='lat' dir='ltr'>spe</span> <span class='ocrx_word' id='word_1_1079' title='bbox 2412 2412 2423 2428; x_wconf 88' lang='lat'>,</span> 
     </span>
     <span class='ocr_line' id='line_1_132' title="bbox 1427 2433 2428 2477; baseline 0 -10"><span class='ocrx_word' id='word_1_1080' title='bbox 1427 2434 1479 2467; x_wconf 87' lang='lat' dir='ltr'>sed</span> <span class='ocrx_word' id='word_1_1081' title='bbox 1504 2445 1542 2467; x_wconf 92' lang='lat' dir='ltr'>ne</span> <span class='ocrx_word' id='word_1_1082' title='bbox 1565 2444 1646 2474; x_wconf 80' lang='lat' dir='ltr'>aeger</span> <span class='ocrx_word' id='word_1_1083' title='bbox 1669 2433 1864 2473; x_wconf 78' lang='lat' dir='ltr'>intelligeret</span> <span class='ocrx_word' id='word_1_1084' title='bbox 1879 2458 1887 2472; x_wconf 91' lang='lat'>‚</span> <span class='ocrx_word' id='word_1_1085' title='bbox 1911 2445 1959 2466; x_wconf 87' lang='lat' dir='ltr'>me</span> <span class='ocrx_word' id='word_1_1086' title='bbox 1984 2433 2153 2476; x_wconf 79' lang='lat' dir='ltr'>desperasse</span> <span class='ocrx_word' id='word_1_1087' title='bbox 2173 2455 2182 2476; x_wconf 61' lang='lat'><em>2</em></span> <span class='ocrx_word' id='word_1_1088' title='bbox 2207 2434 2275 2475; x_wconf 88' lang='lat' dir='ltr'>ipse</span> <span class='ocrx_word' id='word_1_1089' title='bbox 2296 2446 2428 2477; x_wconf 82' lang='lat' dir='ltr'>quoque</span> 
     </span>
     <span class='ocr_line' id='line_1_133' title="bbox 1427 2476 2431 2518; baseline 0 -8"><span class='ocrx_word' id='word_1_1090' title='bbox 1427 2476 1628 2510; x_wconf 84' lang='lat' dir='ltr'>laudaveram</span> <span class='ocrx_word' id='word_1_1091' title='bbox 1652 2502 1661 2516; x_wconf 92' lang='lat'>‚</span> <span class='ocrx_word' id='word_1_1092' title='bbox 1696 2479 1729 2509; x_wconf 89' lang='lat' dir='ltr'>in</span> <span class='ocrx_word' id='word_1_1093' title='bbox 1752 2476 1802 2509; x_wconf 84' lang='lat' dir='ltr'>his</span> <span class='ocrx_word' id='word_1_1094' title='bbox 1825 2476 1908 2509; x_wconf 88' lang='lat' dir='ltr'>levia</span> <span class='ocrx_word' id='word_1_1095' title='bbox 1931 2477 2077 2518; x_wconf 79' lang='lat' dir='ltr'>quaedam</span> <span class='ocrx_word' id='word_1_1096' title='bbox 2102 2489 2139 2510; x_wconf 88' lang='lat' dir='ltr'>ex</span> <span class='ocrx_word' id='word_1_1097' title='bbox 2163 2476 2260 2510; x_wconf 81' lang='lat' dir='ltr'>resina</span> <span class='ocrx_word' id='word_1_1098' title='bbox 2285 2478 2431 2511; x_wconf 80' lang='lat' dir='ltr'>terebin-</span> 
     </span>
     <span class='ocr_line' id='line_1_134' title="bbox 1429 2519 2428 2566; baseline 0.002 -13"><span class='ocrx_word' id='word_1_1099' title='bbox 1429 2519 2059 2566; x_wconf 49' lang='lat' dir='ltr'>thinaQecischanimadvertiffem,</span> <span class='ocrx_word' id='word_1_1100' title='bbox 2087 2532 2125 2554; x_wconf 90' lang='lat' dir='ltr'>ne</span> <span class='ocrx_word' id='word_1_1101' title='bbox 2148 2520 2280 2554; x_wconf 90' lang='lat' dir='ltr'>odorem</span> <span class='ocrx_word' id='word_1_1102' title='bbox 2293 2521 2428 2562; x_wconf 87' lang='lat' dir='ltr'>quidem</span> 
     </span>
     <span class='ocr_line' id='line_1_135' title="bbox 1430 2561 2430 2605; baseline 0.001 -8"><span class='ocrx_word' id='word_1_1103' title='bbox 1430 2564 1547 2602; x_wconf 88' lang='lat' dir='ltr'>illum,</span> <span class='ocrx_word' id='word_1_1104' title='bbox 1572 2564 1666 2605; x_wconf 73' lang='lat' dir='ltr'>quem</span> <span class='ocrx_word' id='word_1_1105' title='bbox 1691 2561 1996 2602; x_wconf 55' lang='lat' dir='ltr'>solentijolarum</span> <span class='ocrx_word' id='word_1_1106' title='bbox 2031 2566 2219 2598; x_wconf 87' lang='lat' dir='ltr'>martiarum</span> <span class='ocrx_word' id='word_1_1107' title='bbox 2247 2564 2286 2596; x_wconf 89' lang='lat' dir='ltr'>ab</span> <span class='ocrx_word' id='word_1_1108' title='bbox 2318 2563 2367 2597; x_wconf 87' lang='lat' dir='ltr'>his</span> <span class='ocrx_word' id='word_1_1109' title='bbox 2392 2576 2430 2598; x_wconf 86' lang='lat' dir='ltr'>u-</span> 
     </span>
     <span class='ocr_line' id='line_1_136' title="bbox 1431 2603 2431 2651; baseline 0.001 -11"><span class='ocrx_word' id='word_1_1110' title='bbox 1431 2609 1515 2640; x_wconf 87' lang='lat' dir='ltr'>rinas</span> <span class='ocrx_word' id='word_1_1111' title='bbox 1539 2605 1685 2646; x_wconf 76' lang='lat' dir='ltr'>traxisse,</span> <span class='ocrx_word' id='word_1_1112' title='bbox 1709 2605 1843 2646; x_wconf 87' lang='lat' dir='ltr'>iisdem,</span> <span class='ocrx_word' id='word_1_1113' title='bbox 1868 2603 1962 2651; x_wconf 58' lang='lat' dir='ltr'>atque</span> <span class='ocrx_word' id='word_1_1114' title='bbox 1985 2607 2066 2640; x_wconf 80' lang='lat' dir='ltr'>adeo</span> <span class='ocrx_word' id='word_1_1115' title='bbox 2080 2619 2190 2640; x_wconf 86' lang='lat' dir='ltr'>renum</span> <span class='ocrx_word' id='word_1_1116' title='bbox 2215 2611 2274 2640; x_wconf 81' lang='lat' dir='ltr'>viae</span> <span class='ocrx_word' id='word_1_1117' title='bbox 2299 2608 2348 2640; x_wconf 88' lang='lat' dir='ltr'>vel</span> <span class='ocrx_word' id='word_1_1118' title='bbox 2361 2619 2431 2641; x_wconf 89' lang='lat' dir='ltr'>ma-</span> 
     </span>
     <span class='ocr_line' id='line_1_137' title="bbox 1430 2648 2429 2693; baseline 0.001 -10"><span class='ocrx_word' id='word_1_1119' title='bbox 1430 2652 1584 2693; x_wconf 88' lang='lat' dir='ltr'>gisquam</span> <span class='ocrx_word' id='word_1_1120' title='bbox 1597 2658 1692 2683; x_wconf 86' lang='lat' dir='ltr'>antea</span> <span class='ocrx_word' id='word_1_1121' title='bbox 1712 2670 1721 2687; x_wconf 83' lang='lat'>‚</span> <span class='ocrx_word' id='word_1_1122' title='bbox 1746 2648 1885 2688; x_wconf 87' lang='lat' dir='ltr'>diffisus,</span> <span class='ocrx_word' id='word_1_1123' title='bbox 1910 2649 2197 2684; x_wconf 43' lang='lat' dir='ltr'>adtintestinorum</span> <span class='ocrx_word' id='word_1_1124' title='bbox 2222 2651 2329 2692; x_wconf 83' lang='lat' dir='ltr'>potius</span> <span class='ocrx_word' id='word_1_1125' title='bbox 2342 2654 2429 2684; x_wconf 82' lang='lat' dir='ltr'>viam</span> 
     </span>
     <span class='ocr_line' id='line_1_138' title="bbox 1429 2691 2430 2736; baseline 0 -9"><span class='ocrx_word' id='word_1_1126' title='bbox 1429 2692 1486 2727; x_wconf 83' lang='lat' dir='ltr'>effe</span> <span class='ocrx_word' id='word_1_1127' title='bbox 1510 2693 1728 2731; x_wconf 88' lang='lat' dir='ltr'>redeundum,</span> <span class='ocrx_word' id='word_1_1128' title='bbox 1751 2691 1884 2732; x_wconf 87' lang='lat' dir='ltr'>censui,</span> <span class='ocrx_word' id='word_1_1129' title='bbox 1909 2693 2082 2736; x_wconf 83' lang='lat' dir='ltr'>praesertim</span> <span class='ocrx_word' id='word_1_1130' title='bbox 2105 2706 2178 2727; x_wconf 90' lang='lat' dir='ltr'>cum</span> <span class='ocrx_word' id='word_1_1131' title='bbox 2203 2702 2339 2727; x_wconf 84' lang='lat' dir='ltr'>tartarus</span> <span class='ocrx_word' id='word_1_1132' title='bbox 2357 2717 2369 2734; x_wconf 91' lang='lat'>,</span> <span class='ocrx_word' id='word_1_1133' title='bbox 2392 2703 2430 2728; x_wconf 90' lang='lat' dir='ltr'>ut</span> 
     </span>
     <span class='ocr_line' id='line_1_139' title="bbox 1429 2735 2428 2779; baseline 0.001 -8"><span class='ocrx_word' id='word_1_1134' title='bbox 1429 2746 1567 2774; x_wconf 89' lang='lat' dir='ltr'>vocant,</span> <span class='ocrx_word' id='word_1_1135' title='bbox 1591 2735 1777 2779; x_wconf 87' lang='lat' dir='ltr'>purificatus</span> <span class='ocrx_word' id='word_1_1136' title='bbox 1799 2758 1808 2773; x_wconf 89' lang='lat'>‚</span> <span class='ocrx_word' id='word_1_1137' title='bbox 1841 2747 1907 2779; x_wconf 89' lang='lat' dir='ltr'>quo</span> <span class='ocrx_word' id='word_1_1138' title='bbox 1933 2748 1987 2777; x_wconf 88' lang='lat' dir='ltr'>per</span> <span class='ocrx_word' id='word_1_1139' title='bbox 2021 2738 2192 2771; x_wconf 84' lang='lat' dir='ltr'>intervalla</span> <span class='ocrx_word' id='word_1_1140' title='bbox 2221 2739 2395 2773; x_wconf 69' lang='lat' dir='ltr'>,utebamur</span> <span class='ocrx_word' id='word_1_1141' title='bbox 2418 2761 2428 2777; x_wconf 90' lang='lat'>‚</span> 
     </span>
     <span class='ocr_line' id='line_1_140' title="bbox 1431 2779 2431 2824; baseline 0.001 -10"><span class='ocrx_word' id='word_1_1142' title='bbox 1431 2781 1523 2814; x_wconf 91' lang='lat' dir='ltr'>nullo</span> <span class='ocrx_word' id='word_1_1143' title='bbox 1544 2792 1619 2814; x_wconf 91' lang='lat' dir='ltr'>cum</span> <span class='ocrx_word' id='word_1_1144' title='bbox 1643 2779 1854 2813; x_wconf 87' lang='lat' dir='ltr'>incommodo</span> <span class='ocrx_word' id='word_1_1145' title='bbox 1878 2779 1979 2812; x_wconf 86' lang='lat' dir='ltr'>multa</span> <span class='ocrx_word' id='word_1_1146' title='bbox 1996 2805 2004 2817; x_wconf 83' lang='lat'>,</span> <span class='ocrx_word' id='word_1_1147' title='bbox 2028 2785 2058 2813; x_wconf 59' lang='grc' dir='ltr'>ὃ(</span> <span class='ocrx_word' id='word_1_1148' title='bbox 2085 2781 2164 2823; x_wconf 80' lang='lat' dir='ltr'>saepe</span> <span class='ocrx_word' id='word_1_1149' title='bbox 2175 2779 2293 2823; x_wconf 88' lang='lat' dir='ltr'>aquosa</span> <span class='ocrx_word' id='word_1_1150' title='bbox 2317 2792 2371 2824; x_wconf 87' lang='lat' dir='ltr'>per</span> <span class='ocrx_word' id='word_1_1151' title='bbox 2385 2782 2431 2815; x_wconf 88' lang='lat' dir='ltr'>al-</span> 
     </span>
     <span class='ocr_line' id='line_1_141' title="bbox 1433 2822 2431 2864; baseline 0 -6"><span class='ocrx_word' id='word_1_1152' title='bbox 1433 2836 1510 2858; x_wconf 90' lang='lat' dir='ltr'>vum</span> <span class='ocrx_word' id='word_1_1153' title='bbox 1533 2823 1717 2858; x_wconf 85' lang='lat' dir='ltr'>deturbaret</span> <span class='ocrx_word' id='word_1_1154' title='bbox 1739 2845 1748 2860; x_wconf 94' lang='lat'>,</span> <span class='ocrx_word' id='word_1_1155' title='bbox 1782 2825 1813 2855; x_wconf 84' lang='lat'>&amp;</span> <span class='ocrx_word' id='word_1_1156' title='bbox 1836 2824 1959 2864; x_wconf 84' lang='lat' dir='ltr'>aliquot</span> <span class='ocrx_word' id='word_1_1157' title='bbox 1984 2822 2137 2857; x_wconf 85' lang='lat' dir='ltr'>horarum</span> <span class='ocrx_word' id='word_1_1158' title='bbox 2174 2825 2315 2857; x_wconf 86' lang='lat' dir='ltr'>levamen</span> <span class='ocrx_word' id='word_1_1159' title='bbox 2351 2825 2431 2858; x_wconf 87' lang='lat' dir='ltr'>sem-</span> 
     </span>
     <span class='ocr_line' id='line_1_142' title="bbox 1434 2865 2431 2911; baseline 0.001 -10"><span class='ocrx_word' id='word_1_1160' title='bbox 1434 2879 1488 2911; x_wconf 87' lang='lat' dir='ltr'>per</span> <span class='ocrx_word' id='word_1_1161' title='bbox 1513 2865 1639 2901; x_wconf 87' lang='lat' dir='ltr'>afferret</span> <span class='ocrx_word' id='word_1_1162' title='bbox 1674 2865 1821 2900; x_wconf 88' lang='lat' dir='ltr'>adversus</span> <span class='ocrx_word' id='word_1_1163' title='bbox 1844 2866 2009 2899; x_wconf 83' lang='lat' dir='ltr'>molestum</span> <span class='ocrx_word' id='word_1_1164' title='bbox 2040 2868 2199 2909; x_wconf 88' lang='lat' dir='ltr'>quendam</span> <span class='ocrx_word' id='word_1_1165' title='bbox 2224 2868 2347 2901; x_wconf 87' lang='lat' dir='ltr'>sensum</span> <span class='ocrx_word' id='word_1_1166' title='bbox 2372 2870 2431 2910; x_wconf 87' lang='lat' dir='ltr'>qui</span> 
     </span>
     <span class='ocr_line' id='line_1_143' title="bbox 1434 2910 2431 2953; baseline 0.001 -8"><span class='ocrx_word' id='word_1_1167' title='bbox 1434 2910 1472 2945; x_wconf 89' lang='lat' dir='ltr'>ad</span> <span class='ocrx_word' id='word_1_1168' title='bbox 1496 2910 1669 2944; x_wconf 85' lang='lat' dir='ltr'>ventriculi</span> <span class='ocrx_word' id='word_1_1169' title='bbox 1693 2912 1857 2953; x_wconf 90' lang='lat' dir='ltr'>regionem</span> <span class='ocrx_word' id='word_1_1170' title='bbox 1882 2911 2134 2952; x_wconf 88' lang='lat' dir='ltr'>percipiebatur.</span> <span class='ocrx_word' id='word_1_1171' title='bbox 2161 2912 2284 2945; x_wconf 89' lang='lat' dir='ltr'>Verum</span> <span class='ocrx_word' id='word_1_1172' title='bbox 2309 2923 2363 2945; x_wconf 86' lang='lat' dir='ltr'>nec</span> <span class='ocrx_word' id='word_1_1173' title='bbox 2378 2914 2431 2946; x_wconf 84' lang='lat' dir='ltr'>via</span> 
     </span>
     <span class='ocr_line' id='line_1_144' title="bbox 1434 2952 2432 2997; baseline 0 -9"><span class='ocrx_word' id='word_1_1174' title='bbox 1434 2953 1502 2988; x_wconf 81' lang='lat' dir='ltr'>haec</span> <span class='ocrx_word' id='word_1_1175' title='bbox 1527 2954 1669 2997; x_wconf 80' lang='lat' dir='ltr'>proficua</span> <span class='ocrx_word' id='word_1_1176' title='bbox 1694 2952 1758 2987; x_wconf 85' lang='lat' dir='ltr'>fuit</span> <span class='ocrx_word' id='word_1_1177' title='bbox 1782 2978 1789 2986; x_wconf 98' lang='lat'>.</span> <span class='ocrx_word' id='word_1_1178' title='bbox 1824 2954 2005 2987; x_wconf 88' lang='lat' dir='ltr'>Audiverat</span> <span class='ocrx_word' id='word_1_1179' title='bbox 2030 2966 2111 2996; x_wconf 80' lang='lat' dir='ltr'>aeger</span> <span class='ocrx_word' id='word_1_1180' title='bbox 2134 2966 2173 2988; x_wconf 86' lang='lat' dir='ltr'>ex</span> <span class='ocrx_word' id='word_1_1181' title='bbox 2197 2955 2395 2989; x_wconf 88' lang='lat' dir='ltr'>Michelotto</span> <span class='ocrx_word' id='word_1_1182' title='bbox 2420 2978 2432 2994; x_wconf 90' lang='lat'>,</span> 
     </span>
     <span class='ocr_line' id='line_1_145' title="bbox 1433 2994 2430 3039; baseline 0.002 -8"><span class='ocrx_word' id='word_1_1183' title='bbox 1433 2998 1576 3039; x_wconf 82' lang='lat' dir='ltr'>juvencae</span> <span class='ocrx_word' id='word_1_1184' title='bbox 1600 2998 1726 3031; x_wconf 87' lang='lat' dir='ltr'>urinam</span> <span class='ocrx_word' id='word_1_1185' title='bbox 1760 2996 1818 3030; x_wconf 83' lang='lat' dir='ltr'>fibi</span> <span class='ocrx_word' id='word_1_1186' title='bbox 1841 2994 1981 3030; x_wconf 86' lang='lat' dir='ltr'>feliciter</span> <span class='ocrx_word' id='word_1_1187' title='bbox 2001 3021 2013 3038; x_wconf 86' lang='lat'>,</span> <span class='ocrx_word' id='word_1_1188' title='bbox 2046 3009 2101 3032; x_wconf 90' lang='lat' dir='ltr'>nec</span> <span class='ocrx_word' id='word_1_1189' title='bbox 2126 2997 2221 3031; x_wconf 87' lang='lat' dir='ltr'>semel</span> <span class='ocrx_word' id='word_1_1190' title='bbox 2244 3022 2257 3039; x_wconf 94' lang='lat'>,</span> <span class='ocrx_word' id='word_1_1191' title='bbox 2280 2998 2430 3033; x_wconf 88' lang='lat' dir='ltr'>adversus</span> 
     </span>
     <span class='ocr_line' id='line_1_146' title="bbox 1434 3038 2432 3083; baseline 0.001 -9"><span class='ocrx_word' id='word_1_1192' title='bbox 1434 3041 1613 3075; x_wconf 87' lang='lat' dir='ltr'>anasarcam</span> <span class='ocrx_word' id='word_1_1193' title='bbox 1637 3038 1767 3075; x_wconf 83' lang='lat' dir='ltr'>ceffisse.</span> <span class='ocrx_word' id='word_1_1194' title='bbox 1792 3039 1907 3082; x_wconf 80' lang='lat' dir='ltr'>Itaque</span> <span class='ocrx_word' id='word_1_1195' title='bbox 1933 3041 2117 3083; x_wconf 88' lang='lat' dir='ltr'>experiendi</span> <span class='ocrx_word' id='word_1_1196' title='bbox 2130 3042 2271 3082; x_wconf 88' lang='lat' dir='ltr'>cupido,</span> <span class='ocrx_word' id='word_1_1197' title='bbox 2296 3042 2351 3075; x_wconf 77' lang='lat' dir='ltr'>etsi</span> <span class='ocrx_word' id='word_1_1198' title='bbox 2375 3054 2432 3075; x_wconf 90' lang='lat' dir='ltr'>ne-</span> 
     </span>
     <span class='ocr_line' id='line_1_147' title="bbox 1432 3084 2432 3127; baseline 0.002 -9"><span class='ocrx_word' id='word_1_1199' title='bbox 1432 3096 1495 3126; x_wconf 88' lang='lat' dir='ltr'>que</span> <span class='ocrx_word' id='word_1_1200' title='bbox 1519 3086 1592 3119; x_wconf 89' lang='lat' dir='ltr'>anni</span> <span class='ocrx_word' id='word_1_1201' title='bbox 1615 3093 1759 3126; x_wconf 80' lang='lat' dir='ltr'>tempuS,</span> <span class='ocrx_word' id='word_1_1202' title='bbox 1781 3093 1882 3123; x_wconf 86' lang='lat' dir='ltr'>neque</span> <span class='ocrx_word' id='word_1_1203' title='bbox 1905 3085 1965 3117; x_wconf 88' lang='lat' dir='ltr'>alia</span> <span class='ocrx_word' id='word_1_1204' title='bbox 1990 3085 2093 3127; x_wconf 72' lang='lat' dir='ltr'>aliqua</span> <span class='ocrx_word' id='word_1_1205' title='bbox 2117 3084 2272 3125; x_wconf 82' lang='lat' dir='ltr'>ejusmodi</span> <span class='ocrx_word' id='word_1_1206' title='bbox 2296 3097 2383 3119; x_wconf 89' lang='lat' dir='ltr'>erant</span> <span class='ocrx_word' id='word_1_1207' title='bbox 2396 3098 2432 3120; x_wconf 91' lang='lat' dir='ltr'>ac</span> 
     </span>
     <span class='ocr_line' id='line_1_148' title="bbox 1422 3125 2432 3174; baseline 0.003 -14"><span class='ocrx_word' id='word_1_1208' title='bbox 1422 3129 1570 3174; x_wconf 72' lang='lat' dir='ltr'>malebat</span> <span class='ocrx_word' id='word_1_1209' title='bbox 1595 3128 1770 3168; x_wconf 86' lang='lat' dir='ltr'>Lemeryus</span> <span class='ocrx_word' id='word_1_1210' title='bbox 1791 3128 1804 3164; x_wconf 93' lang='lat'><strong>(</strong></span> <span class='ocrx_word' id='word_1_1211' title='bbox 1826 3125 1844 3166; x_wconf 59' lang='lat' dir='ltr'>l&lt;</span> <span class='ocrx_word' id='word_1_1212' title='bbox 1866 3129 1876 3164; x_wconf 94' lang='lat'>)</span> <span class='ocrx_word' id='word_1_1213' title='bbox 1897 3138 1908 3165; x_wconf 83' lang='lat'>3</span> <span class='ocrx_word' id='word_1_1214' title='bbox 1940 3128 2055 3161; x_wconf 81' lang='lat' dir='ltr'>indulsi</span> <span class='ocrx_word' id='word_1_1215' title='bbox 2080 3138 2184 3161; x_wconf 84' lang='lat' dir='ltr'>tamen</span> <span class='ocrx_word' id='word_1_1216' title='bbox 2220 3130 2253 3162; x_wconf 91' lang='lat' dir='ltr'>in</span> <span class='ocrx_word' id='word_1_1217' title='bbox 2288 3129 2432 3163; x_wconf 88' lang='lat' dir='ltr'>remedio</span> 
     </span>
     <span class='ocr_line' id='line_1_149' title="bbox 1432 3170 2429 3214; baseline 0.002 -11"><span class='ocrx_word' id='word_1_1218' title='bbox 1432 3171 1572 3213; x_wconf 77' lang='lat' dir='ltr'>ejusdem</span> <span class='ocrx_word' id='word_1_1219' title='bbox 1594 3171 1717 3213; x_wconf 85' lang='lat' dir='ltr'>generis</span> <span class='ocrx_word' id='word_1_1220' title='bbox 1741 3182 1775 3202; x_wconf 89' lang='lat' dir='ltr'>ac</span> <span class='ocrx_word' id='word_1_1221' title='bbox 1799 3170 1885 3202; x_wconf 77' lang='lat' dir='ltr'>urina</span> <span class='ocrx_word' id='word_1_1222' title='bbox 1908 3172 2014 3204; x_wconf 66' lang='lat' dir='ltr'>ovium</span> <span class='ocrx_word' id='word_1_1223' title='bbox 2036 3194 2045 3209; x_wconf 92' lang='lat'>,</span> <span class='ocrx_word' id='word_1_1224' title='bbox 2069 3180 2126 3205; x_wconf 81' lang='lat' dir='ltr'>aut</span> <span class='ocrx_word' id='word_1_1225' title='bbox 2147 3172 2236 3205; x_wconf 83' lang='lat' dir='ltr'>urina</span> <span class='ocrx_word' id='word_1_1226' title='bbox 2258 3172 2429 3214; x_wconf 64' lang='lat' dir='ltr'>¹fimorum,</span> 
     </span>
     <span class='ocr_line' id='line_1_150' title="bbox 1432 3213 2426 3258; baseline 0 -11"><span class='ocrx_word' id='word_1_1227' title='bbox 1432 3226 1509 3257; x_wconf 88' lang='lat' dir='ltr'>quas</span> <span class='ocrx_word' id='word_1_1228' title='bbox 1534 3214 1616 3258; x_wconf 89' lang='lat' dir='ltr'>apud</span> <span class='ocrx_word' id='word_1_1229' title='bbox 1641 3214 1840 3246; x_wconf 88' lang='lat' dir='ltr'>Avicennarn</span> <span class='ocrx_word' id='word_1_1230' title='bbox 1865 3213 1919 3255; x_wconf 87' lang='lat' dir='ltr'>(l)</span> <span class='ocrx_word' id='word_1_1231' title='bbox 1943 3216 2081 3257; x_wconf 85' lang='lat' dir='ltr'>legeram</span> <span class='ocrx_word' id='word_1_1232' title='bbox 2107 3227 2122 3248; x_wconf 90' lang='lat' dir='ltr'>a</span> <span class='ocrx_word' id='word_1_1233' title='bbox 2145 3217 2335 3257; x_wconf 79' lang='lat' dir='ltr'>quibusdam</span> <span class='ocrx_word' id='word_1_1234' title='bbox 2347 3216 2426 3249; x_wconf 88' lang='lat' dir='ltr'>olim</span> 
     </span>
     <span class='ocr_line' id='line_1_151' title="bbox 1432 3255 2428 3301; baseline 0.001 -11"><span class='ocrx_word' id='word_1_1235' title='bbox 1432 3258 1579 3291; x_wconf 86' lang='lat' dir='ltr'>adversus</span> <span class='ocrx_word' id='word_1_1236' title='bbox 1601 3256 1685 3291; x_wconf 88' lang='lat' dir='ltr'>hunc</span> <span class='ocrx_word' id='word_1_1237' title='bbox 1711 3257 1863 3289; x_wconf 85' lang='lat' dir='ltr'>morbum</span> <span class='ocrx_word' id='word_1_1238' title='bbox 1886 3255 1978 3291; x_wconf 84' lang='lat' dir='ltr'>fuisse</span> <span class='ocrx_word' id='word_1_1239' title='bbox 2002 3258 2144 3291; x_wconf 84' lang='lat' dir='ltr'>laudatas</span> <span class='ocrx_word' id='word_1_1240' title='bbox 2171 3282 2180 3297; x_wconf 92' lang='lat'>‚</span> <span class='ocrx_word' id='word_1_1241' title='bbox 2211 3262 2240 3291; x_wconf 61' lang='grc' dir='ltr'>δι’</span> <span class='ocrx_word' id='word_1_1242' title='bbox 2264 3259 2351 3301; x_wconf 89' lang='lat' dir='ltr'>quod</span> <span class='ocrx_word' id='word_1_1243' title='bbox 2373 3259 2428 3291; x_wconf 87' lang='lat' dir='ltr'>de-</span> 
     </span>
     <span class='ocr_line' id='line_1_152' title="bbox 1431 3301 2428 3344; baseline 0 -10"><span class='ocrx_word' id='word_1_1244' title='bbox 1431 3303 1527 3343; x_wconf 86' lang='lat' dir='ltr'>nique</span> <span class='ocrx_word' id='word_1_1245' title='bbox 1551 3312 1614 3334; x_wconf 90' lang='lat' dir='ltr'>non</span> <span class='ocrx_word' id='word_1_1246' title='bbox 1642 3311 1696 3342; x_wconf 88' lang='lat' dir='ltr'>per</span> <span class='ocrx_word' id='word_1_1247' title='bbox 1718 3311 1805 3333; x_wconf 88' lang='lat' dir='ltr'>renes</span> <span class='ocrx_word' id='word_1_1248' title='bbox 1828 3310 1954 3334; x_wconf 88' lang='lat' dir='ltr'>tantum</span> <span class='ocrx_word' id='word_1_1249' title='bbox 1979 3323 1989 3339; x_wconf 87' lang='lat'>,</span> <span class='ocrx_word' id='word_1_1250' title='bbox 2021 3301 2071 3335; x_wconf 88' lang='lat' dir='ltr'>sed</span> <span class='ocrx_word' id='word_1_1251' title='bbox 2093 3304 2125 3335; x_wconf 90' lang='lat'>&amp;</span> <span class='ocrx_word' id='word_1_1252' title='bbox 2149 3313 2203 3344; x_wconf 88' lang='lat' dir='ltr'>per</span> <span class='ocrx_word' id='word_1_1253' title='bbox 2227 3302 2331 3335; x_wconf 88' lang='lat' dir='ltr'>alvum</span> <span class='ocrx_word' id='word_1_1254' title='bbox 2357 3313 2428 3334; x_wconf 87' lang='lat' dir='ltr'>mo·-</span> 
     </span>
     <span class='ocr_line' id='line_1_153' title="bbox 1431 3344 2426 3387; baseline -0.002 -9"><span class='ocrx_word' id='word_1_1255' title='bbox 1431 3353 1483 3378; x_wconf 89' lang='lat' dir='ltr'>vet</span> <span class='ocrx_word' id='word_1_1256' title='bbox 1508 3344 1712 3378; x_wconf 85' lang='lat' dir='ltr'>asciticorum</span> <span class='ocrx_word' id='word_1_1257' title='bbox 1735 3354 1852 3385; x_wconf 88' lang='lat' dir='ltr'>aquas,</span> <span class='ocrx_word' id='word_1_1258' title='bbox 1875 3353 1911 3377; x_wconf 90' lang='lat' dir='ltr'>ut</span> <span class='ocrx_word' id='word_1_1259' title='bbox 1931 3345 2084 3387; x_wconf 89' lang='lat' dir='ltr'>Lemeryi</span> <span class='ocrx_word' id='word_1_1260' title='bbox 2108 3344 2344 3378; x_wconf 85' lang='lat' dir='ltr'>observationes</span> <span class='ocrx_word' id='word_1_1261' title='bbox 2366 3345 2426 3377; x_wconf 89' lang='lat' dir='ltr'>do-</span> 
     </span>
     <span class='ocr_line' id='line_1_154' title="bbox 1428 3386 2423 3430; baseline -0.002 -9"><span class='ocrx_word' id='word_1_1262' title='bbox 1428 3397 1523 3426; x_wconf 81' lang='lat' dir='ltr'>cent3</span> <span class='ocrx_word' id='word_1_1263' title='bbox 1548 3387 1598 3420; x_wconf 88' lang='lat' dir='ltr'>sed</span> <span class='ocrx_word' id='word_1_1264' title='bbox 1621 3397 1656 3420; x_wconf 86' lang='lat' dir='ltr'>ea</span> <span class='ocrx_word' id='word_1_1265' title='bbox 1680 3388 1747 3428; x_wconf 82' lang='lat' dir='ltr'>lege</span> <span class='ocrx_word' id='word_1_1266' title='bbox 1769 3386 1884 3421; x_wconf 82' lang='lat' dir='ltr'>indulfi</span> <span class='ocrx_word' id='word_1_1267' title='bbox 1909 3412 1918 3423; x_wconf 58' lang='lat'><em>⁵</em></span> <span class='ocrx_word' id='word_1_1268' title='bbox 1952 3397 1987 3420; x_wconf 91' lang='lat' dir='ltr'>ut</span> <span class='ocrx_word' id='word_1_1269' title='bbox 2012 3400 2049 3421; x_wconf 90' lang='lat' dir='ltr'>ne</span> <span class='ocrx_word' id='word_1_1270' title='bbox 2082 3388 2151 3430; x_wconf 89' lang='lat' dir='ltr'>plus</span> <span class='ocrx_word' id='word_1_1271' title='bbox 2176 3388 2278 3421; x_wconf 86' lang='lat' dir='ltr'>unciis</span> <span class='ocrx_word' id='word_1_1272' title='bbox 2303 3387 2423 3429; x_wconf 88' lang='lat' dir='ltr'>septem</span> 
     </span>
     <span class='ocr_line' id='line_1_155' title="bbox 1429 3430 2425 3473; baseline 0.001 -10"><span class='ocrx_word' id='word_1_1273' title='bbox 1429 3433 1535 3473; x_wconf 87' lang='lat' dir='ltr'>primo</span> <span class='ocrx_word' id='word_1_1274' title='bbox 1556 3432 1607 3464; x_wconf 91' lang='lat' dir='ltr'>die</span> <span class='ocrx_word' id='word_1_1275' title='bbox 1630 3430 1775 3468; x_wconf 85' lang='lat' dir='ltr'>biberet,</span> <span class='ocrx_word' id='word_1_1276' title='bbox 1801 3431 1931 3473; x_wconf 84' lang='lat' dir='ltr'>singulis</span> <span class='ocrx_word' id='word_1_1277' title='bbox 1952 3431 2099 3472; x_wconf 85' lang='lat' dir='ltr'>deinceps</span> <span class='ocrx_word' id='word_1_1278' title='bbox 2122 3431 2233 3464; x_wconf 87' lang='lat' dir='ltr'>diebus</span> <span class='ocrx_word' id='word_1_1279' title='bbox 2256 3431 2345 3463; x_wconf 87' lang='lat' dir='ltr'>binas</span> <span class='ocrx_word' id='word_1_1280' title='bbox 2370 3431 2425 3464; x_wconf 86' lang='lat' dir='ltr'>ad-</span> 
     </span>
     <span class='ocr_line' id='line_1_156' title="bbox 1429 3472 2426 3517; baseline 0 -10"><span class='ocrx_word' id='word_1_1281' title='bbox 1429 3475 1553 3507; x_wconf 90' lang='lat' dir='ltr'>diturus</span> <span class='ocrx_word' id='word_1_1282' title='bbox 1571 3500 1578 3507; x_wconf 92' lang='lat'>.</span> <span class='ocrx_word' id='word_1_1283' title='bbox 1603 3475 1642 3506; x_wconf 81' lang='lat' dir='ltr'>Er</span> <span class='ocrx_word' id='word_1_1284' title='bbox 1671 3475 1776 3515; x_wconf 88' lang='lat' dir='ltr'>primo</span> <span class='ocrx_word' id='word_1_1285' title='bbox 1799 3475 1929 3516; x_wconf 68' lang='lat' dir='ltr'>quidem</span> <span class='ocrx_word' id='word_1_1286' title='bbox 1952 3474 2005 3507; x_wconf 81' lang='lat' dir='ltr'>die</span> <span class='ocrx_word' id='word_1_1287' title='bbox 2040 3474 2204 3517; x_wconf 86' lang='lat' dir='ltr'>quidpiam</span> <span class='ocrx_word' id='word_1_1288' title='bbox 2230 3472 2327 3515; x_wconf 75' lang='lat' dir='ltr'>passus</span> <span class='ocrx_word' id='word_1_1289' title='bbox 2350 3473 2392 3507; x_wconf 86' lang='lat' dir='ltr'>est</span> <span class='ocrx_word' id='word_1_1290' title='bbox 2413 3497 2426 3514; x_wconf 88' lang='lat'>,</span> 
     </span>
     <span class='ocr_line' id='line_1_157' title="bbox 1430 3517 2426 3559; baseline -0.001 -9"><span class='ocrx_word' id='word_1_1291' title='bbox 1430 3517 1515 3559; x_wconf 87' lang='lat' dir='ltr'>quod</span> <span class='ocrx_word' id='word_1_1292' title='bbox 1540 3519 1735 3555; x_wconf 72' lang='lat' dir='ltr'>Lemesyus,</span> <span class='ocrx_word' id='word_1_1293' title='bbox 1757 3528 1830 3551; x_wconf 85' lang='lat' dir='ltr'>cum</span> <span class='ocrx_word' id='word_1_1294' title='bbox 1855 3518 1914 3550; x_wconf 79' lang='lat' dir='ltr'>alia</span> <span class='ocrx_word' id='word_1_1295' title='bbox 1940 3519 2118 3557; x_wconf 81' lang='lat' dir='ltr'>recenseat,</span> <span class='ocrx_word' id='word_1_1296' title='bbox 2141 3527 2201 3550; x_wconf 81' lang='lat' dir='ltr'>non</span> <span class='ocrx_word' id='word_1_1297' title='bbox 2225 3517 2392 3549; x_wconf 79' lang='lat' dir='ltr'>adnotavit</span> <span class='ocrx_word' id='word_1_1298' title='bbox 2416 3542 2426 3549; x_wconf 92' lang='lat'>.</span> 
     </span>
     <span class='ocr_line' id='line_1_158' title="bbox 1433 3559 2427 3604; baseline 0 -12"><span class='ocrx_word' id='word_1_1299' title='bbox 1433 3560 1520 3593; x_wconf 87' lang='lat' dir='ltr'>Nam</span> <span class='ocrx_word' id='word_1_1300' title='bbox 1545 3561 1641 3604; x_wconf 88' lang='lat' dir='ltr'>paulo</span> <span class='ocrx_word' id='word_1_1301' title='bbox 1664 3561 1832 3603; x_wconf 84' lang='lat' dir='ltr'>postquam</span> <span class='ocrx_word' id='word_1_1302' title='bbox 1856 3561 1978 3595; x_wconf 79' lang='lat' dir='ltr'>biberat</span> <span class='ocrx_word' id='word_1_1303' title='bbox 2000 3586 2009 3601; x_wconf 84' lang='lat'>,</span> <span class='ocrx_word' id='word_1_1304' title='bbox 2045 3571 2140 3604; x_wconf 85' lang='lat' dir='ltr'>caput</span> <span class='ocrx_word' id='word_1_1305' title='bbox 2162 3559 2247 3603; x_wconf 84' lang='lat' dir='ltr'>quasi</span> <span class='ocrx_word' id='word_1_1306' title='bbox 2272 3559 2427 3593; x_wconf 84' lang='lat' dir='ltr'>ebrietate</span> 
     </span>
     <span class='ocr_line' id='line_1_159' title="bbox 2302 3614 2381 3642; baseline 0.013 -9"><span class='ocrx_word' id='word_1_1307' title='bbox 2302 3614 2381 3642; x_wconf 84' lang='lat' dir='ltr'>qua-</span> 
     </span>
    </p>
   </div>
   <div class='ocr_carea' id='block_1_5' title="bbox 387 3674 2417 3706">
    <p class='ocr_par' dir='ltr' id='par_1_5' title="bbox 387 3674 2417 3706">
     <span class='ocr_line' id='line_1_160' title="bbox 387 3674 2417 3706; baseline -0.008 0"><span class='ocrx_word' id='word_1_1308' title='bbox 387 3674 2417 3706; x_wconf 54' lang='lat' dir='ltr'><em>w</em></span> 
     </span>
    </p>
   </div>
   <div class='ocr_carea' id='block_1_6' title="bbox 444 3748 1071 3783">
    <p class='ocr_par' dir='ltr' id='par_1_6' title="bbox 444 3748 1071 3783">
     <span class='ocr_line' id='line_1_161' title="bbox 444 3748 1071 3783; baseline -0.01 -7"><span class='ocrx_word' id='word_1_1309' title='bbox 444 3752 461 3783; x_wconf 68' lang='grc' dir='ltr'><strong>ζ</strong></span> <span class='ocrx_word' id='word_1_1310' title='bbox 474 3751 492 3776; x_wconf 75' lang='lat' dir='ltr'><em>k</em></span> <span class='ocrx_word' id='word_1_1311' title='bbox 506 3751 520 3781; x_wconf 83' lang='lat'>)</span> <span class='ocrx_word' id='word_1_1312' title='bbox 536 3751 613 3775; x_wconf 83' lang='lat' dir='ltr'>Mem.</span> <span class='ocrx_word' id='word_1_1313' title='bbox 626 3750 655 3775; x_wconf 79' lang='lat' dir='ltr'>de</span> <span class='ocrx_word' id='word_1_1314' title='bbox 672 3749 688 3775; x_wconf 85' lang='lat' dir='ltr'>l&#39;</span> <span class='ocrx_word' id='word_1_1315' title='bbox 704 3749 779 3774; x_wconf 77' lang='lat' dir='ltr'>Acad.</span> <span class='ocrx_word' id='word_1_1316' title='bbox 794 3750 827 3773; x_wconf 80' lang='lat' dir='ltr'>R.</span> <span class='ocrx_word' id='word_1_1317' title='bbox 843 3748 884 3773; x_wconf 82' lang='lat' dir='ltr'>des</span> <span class='ocrx_word' id='word_1_1318' title='bbox 899 3748 939 3773; x_wconf 80' lang='lat' dir='ltr'>Sc.</span> <span class='ocrx_word' id='word_1_1319' title='bbox 958 3748 986 3771; x_wconf 68' lang='lat' dir='ltr'>A.</span> <span class='ocrx_word' id='word_1_1320' title='bbox 1003 3751 1071 3776; x_wconf 82' lang='lat'>1707.</span> 
     </span>
    </p>
   </div>
   <div class='ocr_carea' id='block_1_7' title="bbox 1131 3741 1685 3775">
    <p class='ocr_par' dir='ltr' id='par_1_7' title="bbox 1131 3741 1685 3775">
     <span class='ocr_line' id='line_1_162' title="bbox 1131 3741 1685 3775; baseline -0.007 -6"><span class='ocrx_word' id='word_1_1321' title='bbox 1131 3744 1146 3774; x_wconf 87' lang='lat'><strong>(</strong></span> <span class='ocrx_word' id='word_1_1322' title='bbox 1162 3744 1172 3769; x_wconf 77' lang='lat' dir='ltr'><em>l</em></span> <span class='ocrx_word' id='word_1_1323' title='bbox 1189 3743 1205 3775; x_wconf 75' lang='lat'>2</span> <span class='ocrx_word' id='word_1_1324' title='bbox 1217 3744 1309 3769; x_wconf 72' lang='lat' dir='ltr'>Canon·</span> <span class='ocrx_word' id='word_1_1325' title='bbox 1327 3741 1343 3767; x_wconf 82' lang='lat'>1.</span> <span class='ocrx_word' id='word_1_1326' title='bbox 1360 3748 1382 3771; x_wconf 83' lang='lat'>3.</span> <span class='ocrx_word' id='word_1_1327' title='bbox 1398 3742 1448 3767; x_wconf 81' lang='lat' dir='ltr'>Fen</span> <span class='ocrx_word' id='word_1_1328' title='bbox 1465 3748 1503 3770; x_wconf 74' lang='lat'>14.</span> <span class='ocrx_word' id='word_1_1329' title='bbox 1520 3744 1552 3765; x_wconf 78' lang='lat' dir='ltr'>tr.</span> <span class='ocrx_word' id='word_1_1330' title='bbox 1567 3747 1589 3770; x_wconf 79' lang='lat'>4.</span> <span class='ocrx_word' id='word_1_1331' title='bbox 1606 3747 1628 3765; x_wconf 74' lang='lat' dir='ltr'>c,</span> <span class='ocrx_word' id='word_1_1332' title='bbox 1646 3747 1685 3770; x_wconf 82' lang='lat'>13.</span> 
     </span>
    </p>
   </div>
  </div>
 </body>
</html>
