2498 4075
491 151 585 202 304

719 136 1000 191 Liberlv-
1034 141 1113 192 De
1148 141 1355 195 Morbis
1378 136 1826 211 ·Chirurgici5,'&
1862 140 2252 198 Universalibus

372 243 376 246 .
418 217 529 266 guinis
551 226 606 258 per
622 210 766 260 fhmenta
788 217 844 250 illa
868 227 996 259 congrua
1020 216 1241 260 dzffipationem
1265 221 1414 265 frequen-
1465 234 1526 265 que
1548 222 1634 256 diem
1657 221 1720 254 sine
1745 221 1856 259 febre,
1880 223 2009 264 ulloque
2033 221 2271 265 symptomate‘‚
2294 225 2373 259 bene
2394 225 2460 260 ha:

417 258 527 302 tzffime
543 258 614 302 suis
636 262 667 293 in
691 261 754 292 oris
769 255 911 304 feliciter
934 261 1013 293 citra
1037 263 1164 303 trypani
1173 263 1412 307 usurpationem,

415 304 497 336 citra
521 303 619 337 ullam
641 303 713 345 aegri
735 313 870 343 noxam,
891 301 1058 344 praestitam
1074 326 1086 344 ,
1109 306 1178 345 ait,
1194 306 1231 349 se
1253 310 1409 352 memims-

406 345 463 390 se.
490 347 540 380 De
564 346 623 379 ista
648 354 756 379 autem
782 346 983 388 resorptione
999 370 1012 386 ,
1033 358 1108 381 cum
1131 349 1208 383 alias
1231 355 1344 392 (p)ea
1369 354 1407 389 ad

411 398 445 424 te
467 388 687 431 scripserimus
718 388 889 422 observata
912 390 946 422 in
969 390 1102 424 cerebro
1133 392 1204 433 post
1227 396 1408 437 praegressas

410 434 491 467 olim
516 431 721 474 apoplexias,
742 432 811 465 imo
833 433 934 465 etiam
956 432 1026 475 post
1037 434 1206 476 antiquum
1221 457 1232 473 ‚
1251 439 1408 481 imperfo-

409 485 482 510 rato
505 477 640 511 etauio,
663 475 779 518 capitis
791 475 926 513 vulnus,
952 476 1036 510 unde
1058 478 1148 511 illam
1172 481 1405 521 agnoscendam

412 518 494 555 esse,
518 518 711 557 credamus3
737 517 818 551 nihil
845 519 983 561 amplius
1007 519 1176 555 addemus,
1203 523 1301 558 Nihil
1321 538 1404 567 quo-

410 573 473 606 que
497 560 536 595 de
560 562 661 594 altero
687 562 915 595 terebrationis
938 563 994 597 usu
1019 585 1029 600 ‚
1064 572 1101 598 ut
1124 564 1240 606 poffint
1263 567 1402 611 depressa

405 606 554 639 calvariae
578 603 643 639 ossa
668 606 823 644 excitari,
848 607 1022 648 pungentia
1050 606 1211 649 fragmina
1235 612 1363 646 extrahi
1388 635 1402 653 ,

403 651 542 682 internae
565 659 635 690 quae
661 647 745 682 sorte
769 647 834 682 fissa
858 648 920 687 sit,
943 650 1071 684 laminae
1096 661 1238 686 extantes
1260 656 1344 696 quasi
1369 669 1402 689 a·

403 693 490 727 eulei
512 690 640 729 excidi,
663 693 721 734 qui
746 691 891 734 quandiu
912 715 926 733 ,
956 695 986 726 δι
1008 696 1167 736 quantum
1192 706 1304 731 nocere
1328 698 1402 741 pos-

407 735 491 773 sint,
515 735 665 777 preclara
688 737 774 769 inter
797 745 928 769 caeteras
950 734 1094 770 Platneri
1119 739 1185 780 (q)
1209 750 1265 780 per
1287 752 1401 776 anam-

406 790 479 813 men
491 778 689 811 Observatio
711 779 873 817 ostendit3
898 777 1004 818 nihil,
1028 781 1184 824 inquam,
1207 782 1269 817 huc
1284 785 1401 827 adjice-

404 835 437 856 re
463 822 575 855 melius
598 820 731 858 censeo,
755 833 793 855 ne
816 822 838 854 fi
864 821 950 855 sorte
972 821 1049 857 huic
1073 827 1170 859 etiam
1194 828 1286 861 alteri
1309 829 1402 863 utili-

405 866 612 907 tati,}quam
637 873 724 898 certe
749 864 887 898 remedia
911 865 974 899 alia
995 888 1006 904 ‚
1040 870 1072 900 ὃ(
1095 877 1209 903 natura
1233 871 1298 913 ipsa
1322 883 1401 913 prae-

402 908 484 943 stare
508 909 613 942 minus
636 909 765 950 valent,
791 908 914 951 aliquid
947 910 1110 946 interdum
1144 912 1247 955 objici
1280 915 1367 957 posse
1392 939 1402 954 ‚

403 952 569 992 dicerem‚·
587 950 717 985 viderer
741 954 844 994 magis
866 953 957 994 vulgi
968 955 1103 996 timori,
1123 966 1221 1000 quam
1243 959 1401 998 rationis,

405 1000 437 1030 δε
458 997 647 1039 Sapientum
670 994 829 1037 dictatis,
850 996 1037 1038 indulgere.

445 1051 500 1073 22.
523 1038 622 1073 Nunc
644 1040 729 1072 enim
752 1038 882 1082 quando
904 1041 953 1074 det
967 1041 1159 1078 terebranda
1181 1045 1318 1079 calvaria
1330 1056 1400 1081 tan-

402 1092 474 1117 tum
499 1082 591 1125 supra
615 1081 774 1125 scriptum
797 1082 865 1122 est,
887 1094 1051 1126 quantum
1074 1096 1138 1120 non
1163 1091 1261 1122 modo
1285 1089 1322 1123 ad
1347 1091 1400 1124 su-

400 1125 546 1170 sceptum
571 1125 752 1160 sermonem
778 1126 1006 1161 absolvendum
1031 1128 1108 1162 satis
1131 1131 1192 1170 sit,
1219 1144 1328 1167 verum
1351 1143 1400 1167 et-

397 1171 485 1210 iam5
508 1169 598 1212 quod
621 1171 749 1210 nolim;
771 1170 809 1204 ad
831 1169 941 1203 falsam
963 1171 1178 1215 injustamque
1189 1175 1399 1218 suspicionem

398 1213 616 1252 movendam,
641 1225 692 1247 me
713 1212 798 1247 forte
821 1224 895 1246 cum
921 1215 1042 1256 populo
1065 1217 1099 1248 in
1124 1217 1187 1251 hoc
1212 1218 1336 1257 facere,
1362 1222 1402 1255 ab

400 1269 506 1300 eoque
529 1257 642 1290 auxilii
665 1267 802 1299 genere,
824 1257 913 1298 quod
924 1267 1038 1298 caute,
1061 1261 1286 1303 &opportune
1308 1264 1400 1298 adh}-

396 1302 506 1335 bitum
521 1321 531 1337 ‚
555 1299 643 1333 ultro
665 1299 771 1333 fateor
794 1299 854 1332 esse
877 1300 1079 1335 utiliffimum
1095 1328 1105 1343 ‚
1128 1313 1226 1347 atque
1249 1307 1329 1340 adeo
1345 1319 1398 1342 ne-

366 1366 369 1370 »
396 1345 563 1378 cessarium
580 1366 589 1381 ,
616 1352 732 1385 praeter
755 1342 890 1377 modum
914 1343 1109 1379 abhorrere:
1134 1348 1173 1382 ad
1196 1349 1397 1386 diffeffiones

393 1388 579 1423 redeamus.
605 1387 657 1420 Ex
679 1386 798 1428 quibus
821 1397 896 1420 cum
919 1388 991 1421 duae
1015 1389 1190 1425 Mediaviae
1213 1393 1312 1427 nostri
1347 1394 1398 1428 su-

396 1432 544 1475 persint3
569 1439 643 1464 ante
667 1441 749 1464 meas
772 1438 903 1463 caeteras
921 1452 931 1468 ,
971 1431 1040 1466 illas
1064 1434 1262 1469 adscribam.
1290 1437 1397 1472 Prima

395 1475 436 1510 ad
458 1487 509 1509 eas
532 1476 646 1508 attinet
669 1485 742 1516 quae
766 1473 918 1507 haetenus
942 1473 1015 1509 sunt
1031 1479 1225 1520 propositae,
1249 1479 1399 1516 videlicet

394 1523 430 1554 in
453 1518 573 1563 quibus
593 1518 696 1552 cranii
720 1516 834 1560 siquod
857 1525 924 1550 erat
934 1518 1054 1553 vitium
1069 1543 1082 1559 ,
1106 1521 1144 1555 ad
1165 1523 1324 1558 ‘interiora
1334 1536 1399 1559 non

392 1562 624 1607 perveniebat.
647 1561 763 1595 Altera
786 1568 894 1595 autem
916 1561 955 1595 ad
978 1573 1028 1597 eas
1050 1565 1085 1597 in
1108 1566 1226 1609 quibus
1249 1578 1402 1611 pervene-

396 1617 448 1642 rat
466 1631 473 1639 .
1048 1632 1051 1634 a

439 1661 491 1694 23.
516 1650 606 1683 VIR
629 1648 761 1699 quidam
785 1649 959 1696 infaciem
982 1652 1116 1697 cadens,
1139 1652 1394 1691 frontemadex.

395 1696 453 1729 tris
476 1695 564 1728 circa
588 1693 773 1733 altitudinis
795 1704 863 1734 ejus
875 1696 1017 1729 medium
1041 1698 1168 1732 allidit.
1191 1700 1271 1733 Non
1285 1703 1389 1734 vomi-

391 1748 466 1776 tus,
490 1748 594 1779 neque
619 1736 708 1770 aliud
731 1736 835 1771 ullum
869 1737 1053 1780 symptoma
1075 1741 1182 1775 statim
1207 1755 1224 1776 a
1246 1743 1317 1777 casu
1341 1755 1394 1778 ac-

387 1782 493 1822 cidit,
517 1779 574 1814 nisi
600 1781 678 1814 levis
699 1779 846 1822 quaedam
869 1781 1026 1815 stomachi
1050 1786 1254 1825 perturbatio
1274 1811 1282 1820 .
1306 1787 1391 1820 Mox

390 1836 500 1861 autern
525 1835 591 1857 non
616 1824 680 1857 levi
703 1823 794 1857 febre
817 1847 830 1864 ,
852 1826 883 1857 δι
911 1825 1025 1868 sopore
1048 1830 1229 1870 corripitur
1246 1852 1256 1861 .
1291 1831 1389 1864 Circa

388 1872 477 1905 diem
499 1877 676 1911 quartum,
699 1878 873 1910 utrumque
897 1867 1014 1903 horum
1036 1871 1153 1904 definit
1178 1896 1186 1904 .
1222 1872 1304 1906 Bene
1328 1872 1389 1907 ha-

390 1915 448 1949 bet
463 1937 470 1947 .
496 1914 535 1948 In
558 1911 765 1945 Nosocomio
789 1921 896 1945 tamen
920 1919 1062 1947 remanet
1088 1914 1127 1948 ad
1152 1915 1394 1951 vulneriscura-

384 1960 514 1993 itionem
539 1970 548 1988 z
581 1955 671 1998 quod
695 1955 799 1998 probo
821 1956 928 1989 colore
951 1968 1025 1989 cum
1049 1959 1171 1992 retecto
1194 1957 1258 1992 osse
1290 1969 1359 1993 erat
1382 1984 1391 1993 .

386 2005 490 2039 ¹Circa
513 2002 601 2034 diem
621 1999 785 2032 decimum
809 1998 979 2039 septimum
1003 2002 1111 2043 gravis
1134 2003 1310 2036 revertitur
1345 2003 1392 2037 fe-

388 2047 483 2088 bris,
507 2043 676 2088 gravisque
699 2042 811 2084 sopor·
838 2043 953 2076 Fuscus
978 2043 1014 2076 fit
1038 2045 1176 2078 vulneris
1201 2045 1293 2078 color
1314 2069 1326 2085 ,
1360 2049 1392 2080 &

388 2090 479 2125 offis.
503 2089 580 2122 Hoc
609 2087 733 2120 raditur
748 2109 757 2124 ‚
783 2085 958 2129 subtusque
982 2087 1090 2121 album
1110 2090 1291 2122 invenitur.
1319 2090 1392 2122 Ho-

389 2146 445 2169 mo
468 2143 573 2166 tamen
597 2142 670 2164 cum
697 2130 809 2163 iisdem
831 2151 840 2167 ,
874 2129 959 2163 haud
983 2131 1053 2163 aliis
1075 2154 1086 2171 ‚
1116 2130 1391 2174 symptomatibus

388 2179 528 2213 moritur
549 2176 633 2209 circa
658 2174 743 2208 diem
768 2172 959 2216 vigefimum
982 2197 991 2210 ‚
1015 2175 1070 2216 qui
1097 2174 1162 2208 fuit
1187 2175 1291 2216 pridie
1315 2175 1391 2209 Idus

387 2222 514 2265 „Aprilis
539 2222 583 2254 A.
611 2229 705 2262 1740.
842 2218 1091 2250 CALVARIA
1114 2217 1243 2252 disie6ta
1267 2241 1275 2256 ,
1310 2221 1392 2253 rima

390 2267 522 2310 quidem
546 2265 580 2296 in
605 2263 663 2297 hac
687 2259 907 2294 animadversa
931 2262 976 2294 est
999 2272 1069 2302 quae
1094 2262 1190 2303 paulo
1206 2261 1296 2305 supra
1320 2261 1393 2296 sub-

389 2313 510 2355 jtffimm
536 2308 657 2340 vulneri
683 2305 887 2346 supercilium
912 2306 944 2337 in
969 2304 1183 2338 transversum
1207 2317 1286 2348 pene
1310 2304 1392 2339 fere-

388 2358 503 2389 batur.
529 2351 587 2383 Sed
612 2349 676 2383 haec
700 2347 738 2382 ad
763 2349 918 2381 interiora
930 2358 994 2380 non
1020 2348 1244 2390 perveniebat.
1270 2349 1393 2382 Verum

392 2411 456 2441 qua
479 2408 514 2429 os
538 2394 666 2427 allisum
691 2392 795 2425 fuerat
811 2414 820 2429 ‚
847 2393 894 2424 ibi
919 2392 1004 2423 inter
1028 2391 1133 2432 ipsum
1163 2417 1172 2432 ,
1196 2391 1390 2434 Duramque

395 2440 578 2481 meningem
604 2435 782 2479 pauxillum
807 2433 1026 2467 intercedebat
1049 2434 1214 2476 cujusdam
1237 2435 1325 2477 quasi
1336 2446 1390 2477 ge·

389 2486 517 2521 latinae.
539 2480 672 2513 Cerebrr
698 2488 802 2511 autem
828 2477 1020 2519 respondens
1044 2477 1307 2520 hemisphaerium
1321 2489 1387 2511 non

391 2531 440 2563 ibi
463 2535 611 2560 tantum,
635 2522 686 2556 secl
712 2522 831 2563 ubique
854 2523 944 2563 gravi
968 2532 1043 2554 cum
1066 2521 1167 2554 odore
1192 2533 1231 2554 ex
1255 2531 1327 2554 atro
1340 2523 1388 2554 vi-

390 2573 504 2607 rebat.-
527 2568 585 2610 qui
608 2566 698 2599 color
724 2565 762 2598 ad
784 2565 887 2606 ipsum
911 2563 1007 2606 usque
1019 2565 1198 2597 Lateralem
1223 2566 1389 2598 ventricu-

393 2618 462 2651 lum
487 2609 721 2648 descendebat,
744 2610 878 2651 parietes
903 2606 968 2649 ejus
992 2618 1103 2640 omnes
1124 2608 1271 2642 inficiens
1289 2631 1297 2646 ,
1323 2607 1389 2642 basi

392 2666 541 2700 excepta.
567 2657 667 2687 Porro
692 2651 758 2693 ejus
782 2651 952 2685 ventriculi
976 2661 1047 2692 pars
1072 2652 1212 2684 anterior
1235 2652 1390 2685 nonlace-

396 2713 465 2738 rata
489 2698 621 2742 quidem
645 2705 734 2731 erat,
759 2695 810 2729 sed
835 2694 1078 2730 adeodilatata,
1105 2704 1140 2727 ut
1165 2696 1390 2728 concretisan—

393 2746 505 2790 guinis
530 2752 658 2776 tantum
681 2740 862 2772 contineret
887 2763 897 2778 ‚
930 2748 1088 2780 quantum
1112 2736 1213 2778 posset
1246 2749 1389 2780 pugnum

394 2800 543 2832 aequare.
567 2782 753 2818 Ventriculi
778 2792 849 2824 pars
871 2782 992 2824 reliqua
1008 2804 1020 2822 ,
1043 2790 1080 2814 ut
1104 2780 1225 2815 sinister
1238 2793 1389 2825 quoque,

394 2835 500 2869 serum
524 2838 693 2863 cruentum
718 2825 909 2860 continebat
924 2850 931 2857 .

438 2887 489 2916 24.
514 2870 739 2915 Deprehensus
764 2871 849 2902 intra
874 2868 1088 2902 ventriculum
1102 2868 1225 2910 sanguis
1247 2878 1331 2902 certe
1343 2868 1392 2902 ef-

393 2920 483 2956 fusus
507 2919 549 2950 est
572 2927 610 2948 ex
625 2913 783 2955 ⁴disrupto
807 2911 878 2946 vase
902 2913 1013 2954 aliquo
1036 2911 1097 2945 sive
1118 2912 1297 2945 Choroidis
1328 2913 1394 2954 ple-

391 2974 477 3001 ⁴xu5‚
501 2961 563 2993 sive
587 2968 697 2991 eorum
723 2968 794 2998 quae
819 2967 874 2998 per
898 2958 1058 2998 parietum
1082 2955 1394 2998 ventriculisuperfi-

391 3009 481 3043 ciem
506 3003 671 3036 seruntur.
696 2999 757 3032 Sed
782 3011 835 3032 vas
858 2999 938 3033 illud
962 3010 1040 3032 num
1064 2999 1177 3032 leviter
1210 2997 1389 3042 disruptum

390 3048 560 3087 credemus
580 3053 656 3076 tunc
680 3042 810 3084 quando
823 3042 947 3076 allisum
971 3042 1144 3084 estcaput,
1167 3044 1196 3075 δι
1211 3042 1296 3076 abeo
1308 3052 1390 3075 tem-

444 3104 476 3127 re
500 3088 685 3131 sanguinem
710 3086 793 3120 lente
816 3098 849 3119 ac
874 3088 1031 3129 paulatim
1057 3088 1202 3119 emittere
1224 3085 1353 3127 coepisse
1376 3084 1391 3118 ,ἓ

391 3150 435 3174 an
460 3145 538 3168 vero
563 3141 642 3164 tunc
665 3129 867 3163 infirmatum
892 3132 1079 3165 dumtaxat,
1105 3139 1277 3171 gangraena
1298 3129 1389 3162 deni-

389 3191 454 3226 que
476 3177 565 3211 illius
587 3172 807 3216 hemisphaerii
832 3172 999 3207 accedente
1011 3181 1197 3215 perruptum
1211 3197 1221 3212 ‚
1244 3173 1390 3206 celeriter

393 3220 558 3260 effudisse?
586 3219 618 3252 81
642 3216 704 3251 hoc
729 3217 866 3251 alterum
890 3218 1015 3254 mavi53
1039 3219 1145 3250 minus
1168 3215 1263 3249 facile
1285 3237 1298 3255 ,
1319 3217 1390 3258 opi-

390 3279 475 3304 nor,
497 3261 691 3306 explicabis,
715 3271 772 3293 cur
796 3271 860 3294 non
875 3259 1111 3294 sithomotunc
1134 3261 1268 3293 celerius
1283 3284 1290 3298 ‚
1316 3271 1390 3293 curn

388 3309 525 3352 aliisque
548 3305 821 3348 symptomatibus
845 3302 941 3338 ferme
974 3304 1163 3345 apopleffici
1186 3304 1283 3337 instar
1306 3313 1392 3336 mor.

389 3365 464 3390 tuus
487 3374 497 3389 ‚
531 3352 563 3382 δι
584 3348 754 3390 quomodo
777 3347 840 3381 sine
864 3348 928 3381 ulla
945 3347 1137 3380 ‘substantiae
1160 3346 1353 3380 laceratione
1376 3372 1386 3387 ,

389 3394 588 3432 ventriculus
617 3391 696 3424 adeo
720 3390 819 3424 suerit
843 3391 1017 3427 dilatatu53
1041 3400 1075 3422 ut
1101 3392 1166 3423 veri
1181 3390 1385 3430 fimiliussit,

387 3440 536 3483 {anguini
559 3435 669 3473 sensim
694 3434 732 3466 ad
755 3434 844 3467 illam
870 3434 967 3476 usque
978 3435 1107 3475 copiam
1130 3433 1305 3467 destillanti
1317 3432 1385 3466 sen-

390 3485 450 3519 fim
473 3490 604 3524 qnoque
630 3477 854 3519 paulatimque
876 3477 1010 3512 cessisse.
1034 3476 1108 3509 Nec
1131 3486 1162 3510 te
1186 3476 1266 3510 illud
1281 3487 1385 3509 more-

388 3540 467 3567 tur,
489 3522 578 3567 quod
601 3521 730 3555 homoa
755 3531 873 3562 quarto
898 3521 936 3555 ad
959 3520 1124 3554 decimum
1147 3521 1319 3564 septimum
1336 3519 1384 3553 us-

1465 264 1537 299 bere
1559 267 1642 299 visus
1665 264 1703 297 sit
1719 290 1727 298 .
1753 265 1841 299 Nam
1865 268 1895 299 &
1918 265 1957 298 ad
1979 276 2182 307 gangraenam
2205 278 2271 302 tam
2295 270 2356 303 late
2387 270 2453 303 dif-

1462 309 1589 349 fusam,
1613 319 1745 352 pravam
1768 310 1802 341 in
1825 309 1957 343 cerebro
1967 308 2220 354 2dispofitionem
2242 313 2419 354 praeceffiffe
2441 338 2451 354 ,

1459 353 1613 387 credibile
1636 352 1698 388 est,
1721 354 1751 384 δι
1774 353 1807 383 in
1832 353 1923 385 vitiis
1946 362 2014 392 ejus
2037 351 2087 385 vel
2099 354 2288 395 gravissimis
2309 355 2452 390 haudita

1459 407 1531 429 raro
1554 396 1693 431 accidit.
1719 403 1755 428 ut
1777 405 1830 429 aut
1851 396 1935 429 levia
1958 395 2125 436 quaedam,
2149 405 2203 430 aut
2227 399 2314 433 nulla
2338 401 2387 433 vel
2411 400 2452 435 ad

1458 439 1565 473 multo
1587 439 1715 480 longius
1738 447 1864 482 tempus
1887 438 2215 474 animadverterentur
2239 444 2452 477 eorumindi-

1457 483 1506 516 cia
1529 506 1537 514 .
1561 484 1643 520 Fac,
1671 482 1854 515 memineris
1876 492 1988 515 eorum
2012 493 2084 524 quae
2109 482 2203 525 supra
2224 484 2309 528 (r)
2331 498 2369 519 ex
2392 499 2450 520 no.

1456 525 1537 566 stra,
1561 536 1613 559 aut
1637 531 1720 559 certe
1742 536 1779 558 ex
1793 525 1972 558 Marchetti
1996 525 2220 560 observatione
2231 525 2349 570 scripta
2359 530 2451 564 sunt.

1455 568 1542 611 Lege
1575 579 1641 602 non
1674 578 1741 601 tam
1775 570 1912 601 Fantoni
1957 570 2059 610 patris
2093 570 2367 606 Observationem
2390 574 2451 608 IX.

1454 624 1553 651 quam
1578 613 1631 645 Cl.
1655 611 1730 645 Filii
1755 610 1919 645 Scholium
1942 612 1981 646 ad
2004 612 2141 645 XXXV.
2166 614 2278 657 Atque
2301 626 2336 649 ut
2359 616 2448 650 illam

1454 655 1710 690 Avenionensem
1736 655 1792 697 (s)
1814 657 1967 689 omittam
1990 655 2086 698 longe
2097 656 2281 691 rarissimam
2300 679 2309 695 ,
2329 660 2450 702 quippe

1454 701 1489 733 in
1512 711 1575 742 qua
1597 710 1672 732 cum
1695 700 1818 735 cranii,
1843 701 2050 741 meningum,
2073 700 2194 733 cerebri
2218 712 2251 734 ea
2264 701 2341 735 esset
2363 702 2450 736 laesio

1453 755 1549 785 quam
1572 741 1710 776 ostendit
1724 743 1848 775 curatio
1862 767 1872 782 ,
1895 743 2019 776 nullum
2043 752 2148 776 tamen
2165 745 2204 776 ab
2215 745 2313 778 initio
2325 745 2362 780 ad
2376 757 2448 788 per-

1452 786 1571 820 feetam
1592 787 1688 828 usque
1713 785 1929 825 senationem,
1951 785 1984 819 id
2008 784 2050 819 est
2077 787 2115 820 ad
2127 787 2193 820 dies
2208 785 2260 820 sex
2282 789 2447 832 &septua-

1452 831 1565 872 ginta‚
1589 830 1772 872 symptoma
1795 830 1933 868 extitit,·
1954 829 1996 863 est
2020 830 2103 871 apud
2127 829 2289 865 Bohnium
2314 835 2374 871 (t)
2398 831 2451 866 hi-

1453 875 1569 912 storia,
1594 883 1633 906 ex
1645 873 1888 909 Lamzwerdio‚
1913 873 2165 916 symptomatum
2177 873 2262 907 binis
2287 874 2447 918 sincipitis

1455 917 1572 951 fissuris
1594 927 1660 949 non
1684 916 1744 949 nisi
1766 914 1817 948 die
1841 914 2008 957 trigesimo
2032 915 2122 950 sexto
2134 917 2450 959 supervenientium,

1455 960 1592 1003 suntque
1617 961 1688 993 aliae
1711 970 1750 992 ex
1761 958 1924 992 Montano
1947 959 2030 1001 apud
2044 960 2280 1003 Rouhaultium
2304 962 2371 1004 (u)
2395 975 2450 995 eo-

1453 1004 1585 1038 rundem
1608 1014 1670 1036 non
1695 999 1753 1034 nisi
1763 1001 1889 1035 decimo
1901 1002 2060 1044 septimo,
2084 1003 2267 1045 vigefimo‚
2290 1015 2346 1038 aut
2359 1007 2451 1047 vige-

1452 1046 1533 1081 fimo
1556 1048 1664 1089 primo
1688 1047 1876 1088 Antuerpiae
1888 1045 2052 1089 plerosque
2062 1046 2191 1081 illorum
2216 1047 2333 1090 quibus
2345 1060 2383 1081 eo
2396 1060 2449 1081 an-

1452 1101 1495 1123 no
1517 1101 1613 1132 caput
1635 1089 1847 1129 ifiumeffet,
1872 1090 2128 1131 aggredientium
2144 1115 2153 1131 ,
2179 1091 2348 1135 omnesque
2360 1093 2449 1125 occi-

1450 1134 1616 1168 dentium.
1640 1133 1714 1167 lllas
1736 1131 1863 1174 insuper
1887 1133 1988 1174 legito
2024 1135 2300 1176 uasPouparu'us,
2323 1137 2449 1177 &prae-

1449 1176 1559 1211 sertim
1583 1177 1762 1211 Vacherius
1785 1187 1857 1209 curn
1882 1176 1984 1219 Regia
2030 1177 2218 1211 cientiarum
2230 1177 2389 1212 Parisienfi
2400 1180 2449 1210 A·

1452 1220 1594 1255 cadet-nia
1620 1225 1630 1260 (
1652 1231 1674 1255 x
1693 1224 1707 1261 )
1727 1220 2008 1254 communicarunt
2031 1244 2042 1252 .
2068 1221 2118 1252 Ex
2141 1220 2191 1254 his
2216 1247 2226 1262 ‚
2258 1231 2354 1264 atque
2378 1222 2448 1255 aliis

1451 1276 1529 1307 quas
1555 1264 1653 1299 sciens
1674 1266 1798 1297 omitto
1821 1285 1831 1302 ‚
1867 1265 1977 1296 mirari
2000 1262 2120 1297 defines
2144 1262 2296 1307 fiquando
2319 1288 2331 1304 ,
2355 1275 2389 1298 ut
2412 1266 2446 1297 in

1450 1308 1550 1342 modo
1572 1321 1588 1342 a
1612 1308 1705 1341 nobis
1728 1305 1892 1349 proposita
1915 1331 1926 1347 ‚
1959 1306 2000 1339 sic
2023 1308 2056 1339 in
2080 1307 2151 1340 aliis
2173 1307 2363 1349 quibusdam
2391 1318 2447 1341 aut

1449 1351 1530 1390 hac,
1553 1359 1607 1386 aut
1632 1352 1792 1393 superiore
1804 1349 1949 1392 Epistola
1965 1351 2113 1388 traditis,
2140 1360 2204 1384 non
2229 1351 2308 1384 levia
2322 1349 2447 1384 videbis

1449 1396 1481 1429 in
1505 1396 1636 1430 cerebro
1660 1395 1739 1428 vitia
1764 1394 1830 1427 dies
1853 1394 1975 1435 aliquot
2001 1394 2063 1427 sine
2088 1396 2191 1436 pravis
2214 1394 2343 1427 indiciis
2366 1417 2377 1434 ,
2411 1396 2446 1427 in

1449 1439 1626 1482 primisque
1649 1437 1714 1472 fine
1746 1437 1833 1471 febri
1865 1436 2022 1470 delituisse
2045 1462 2054 1471 .
2090 1437 2338 1481 Quamplurima
2372 1436 2445 1472 sunt

1449 1495 1523 1525 quae
1546 1483 1579 1517 in
1602 1482 1684 1519 illo,
1706 1492 1771 1514 non
1796 1489 1923 1514 tantum
1949 1481 2120 1515 secundum
2144 1492 2289 1515 naturam
2304 1505 2312 1520 ,
2337 1480 2388 1515 sed
2412 1484 2445 1514 δε

1449 1537 1564 1568 praeter
1589 1534 1737 1560 naturam
1750 1524 1779 1558 se
1800 1524 1958 1564 habente,
1982 1525 2252 1566 quemadmodum
2275 1525 2345 1559 fieri
2371 1523 2446 1571 pos-

1448 1569 1533 1610 sint,
1559 1570 1691 1603 minime
1716 1567 1926 1610 assequimur.
1952 1568 2032 1601 Haec
2059 1568 2198 1610 Majores
2223 1580 2353 1612 quoque
2374 1579 2445 1611 jure

1448 1615 1630 1656 meritoque
1653 1610 1744 1646 fuisse
1768 1612 1924 1649 miratos,
1948 1610 1997 1643 vel
2021 1621 2060 1644 ex
2083 1613 2122 1644 iis
2144 1613 2304 1654 intelliges
2328 1622 2398 1655 quae
2410 1612 2445 1644 in

1448 1658 1594 1690 sectione
1617 1656 1675 1690 hac
1699 1653 1900 1695 Sepulchreti
1924 1653 1962 1687 ad
1988 1654 2145 1688 Salmuthi
2169 1655 2445 1689 observationem

1444 1700 1498 1743 (y
1519 1704 1551 1739 ),
1575 1700 1637 1734 huc
1662 1699 1801 1732 maxime
1825 1699 2042 1740 pertinentem
2057 1720 2065 1735 ,
2091 1698 2315 1732 adscribuntur
2327 1709 2365 1731 ex
2383 1698 2447 1731 Be-

1443 1745 1614 1784 rengario,
1638 1743 1688 1775 seu
1713 1742 1814 1774 mavis
1837 1753 1876 1774 ex
1897 1741 2046 1782 Carpensi
2061 1764 2074 1780 ,
2097 1751 2133 1774 ut
2156 1752 2173 1773 a
2197 1742 2305 1775 Patria
2330 1742 2443 1783 saepius

1444 1787 1592 1820 vocitant
1616 1798 1624 1818 :
1658 1795 1729 1826 quae
1753 1795 1800 1817 res
1823 1794 1887 1816 non
1911 1783 2132 1816 animadversa
2155 1783 2266 1818 fucum
2289 1783 2367 1817 fecit
2393 1796 2445 1817 re-

1439 1830 1577 1863 centiori
1594 1854 1603 1868 ,
1628 1826 1889 1862 haudinerudito
1902 1827 2071 1868 alioquin,
2093 1826 2278 1869 Chirurgo‚
2302 1828 2445 1870 quicum

1438 1873 1676 1915 Berengarium‚
1702 1871 1851 1911 dixisset,
1874 1872 2021 1904 cranium
2046 1872 2079 1903 in
2094 1870 2208 1904 suturis
2220 1870 2292 1912 ipsis
2303 1871 2443 1906 feliciter

1446 1914 1621 1958 aliquando
1644 1912 1836 1956 perforasse;
1863 1914 2044 1951 continuo,
2067 1914 2153 1956 quasi
2166 1913 2204 1947 de
2216 1914 2280 1948 alio
2293 1915 2447 1957 loquere-

1445 1968 1520 1999 tur,
1542 1958 1627 1992 idem
1652 1957 1792 1999 pariter,
1817 1958 1864 1990 ait
1882 1982 1892 1997 ,
1915 1955 2020 1989 fecisse
2043 1956 2220 1999 Carpensem
2236 1981 2245 1989 .
2382 1957 2449 1992 Sed·

1445 2015 1461 2036 a
1485 2002 1574 2036 tarda
1600 2000 1671 2044 post
1694 2001 1796 2034 retum
1821 2009 1925 2033 morte
1949 1999 1987 2033 ad
2010 1999 2215 2037 citiffimam,
2239 2002 2320 2035 utin
2334 2001 2446 2040 altera,

1443 2058 1542 2089 quam
1566 2042 1791 2087 promisimus,
1815 2043 2053 2076 Observatione
2070 2068 2079 2081 ‚
2103 2046 2291 2078 veniamus·

1488 2099 1540 2131 25.
1567 2088 1757 2120 MULIER
1782 2086 1920 2123 rustica,
1944 2097 1998 2128 per
2023 2087 2119 2120 scalas
2131 2099 2267 2130 praeceps
2279 2099 2445 2126 ruens,ca-

1443 2141 1503 2175 put
1527 2131 1604 2166 adeo
1617 2131 1756 2174 graviter
1766 2129 1902 2164 offendit
1917 2152 1926 2167 ,
1949 2140 1984 2164 ut
2002 2130 2092 2164 illico
2105 2131 2258 2173 loquendi
2271 2154 2284 2171 ,
2308 2131 2445 2166 sentien-

1444 2176 1499 2213 di,
1524 2179 1555 2209 &
1579 2185 1683 2212 πως,
1709 2172 2089 2214 praesertiminferiores,
2115 2174 2266 2207 movendi
2289 2173 2444 2209 facultate

1444 2218 1553 2253 amissa
1579 2244 1587 2257 ‚
1622 2218 1806 2259 sanguinem
1830 2229 1846 2250 e
1869 2218 2000 2250 naribus
2024 2241 2032 2257 ‚
2064 2221 2096 2251 &
2121 2218 2218 2250 altera
2242 2230 2315 2251 aure
2340 2218 2444 2252 effun-

1443 2263 1542 2301 dens,
1568 2263 1654 2295 intra
1678 2261 1791 2294 horam
1816 2263 1993 2294 moriatur.
2123 2260 2330 2299 CRANII,
2355 2262 2443 2304 quod

1445 2307 1584 2344 multum
1611 2306 1772 2347 sanguinis
1796 2304 1883 2338 effusi
1905 2304 2115 2344 continebat,
2139 2302 2239 2337 fracta
2263 2316 2330 2338 erat
2364 2306 2443 2338 basis

1447 2352 1481 2383 in
1506 2350 1719 2383 transversum
1744 2370 1757 2387 ,
1787 2346 1927 2381 frafiura
1952 2348 1993 2381 ab
2027 2359 2091 2380 uno
2116 2348 2153 2381 ad
2189 2349 2325 2382 alterum
2359 2349 2440 2382 latus

1448 2402 1522 2427 ante
1546 2392 1610 2427 ossa
1634 2390 1761 2425 Petrosa
1785 2403 1839 2431 per
1862 2392 1996 2425 Sinuum
2023 2390 2310 2433 Sphenoidaeorum
2335 2393 2439 2433 poste-

1440 2438 1525 2469 riora
1548 2435 1756 2475 transeunte,
1779 2437 1809 2467 ἃ
1831 2434 1914 2467 ossea
1941 2444 2089 2476 praeterea
2114 2445 2203 2476 parte
2229 2436 2441 2470 MeatusAu-

1440 2480 1555 2513 ditorii
1579 2491 1652 2512 cum
1678 2478 1866 2512 Membrana
1890 2479 2059 2520 Tympani
2080 2479 2112 2511 in
2138 2489 2211 2511 aure
2234 2480 2289 2512 illa
2313 2489 2383 2521 quae
2408 2492 2440 2512 e-

1440 2523 1566 2556 miserat
1591 2522 1796 2564 sanguinem,
1820 2519 1987 2562 disrupta.
2012 2520 2169 2554 Laterales
2193 2533 2321 2565 quoque
2345 2524 2436 2563 rupti

1440 2577 1526 2599 erant
1551 2567 1641 2599 Sinus
1664 2564 1782 2598 Crassae
1806 2566 1985 2606 meningis:
2008 2567 2038 2597 &
2062 2573 2173 2607 praeter
2197 2565 2276 2602 alia,
2302 2566 2440 2605 terebel—>

1440 2610 1509 2644 lum
1532 2609 1635 2651 ipsum
1659 2608 1808 2642 nonnihil
1833 2608 1961 2641 laesum.
2281 2633 2284 2635 .

1485 2656 1534 2687 26.
1563 2654 1594 2686 Si
1618 2661 1732 2694 praeter
1757 2651 1837 2685 hanc
1866 2650 2017 2684 cerebelli
2049 2651 2301 2694 qualemcunque
2336 2652 2439 2685 laefio-

1442 2707 1537 2734 netu,
1562 2697 1630 2730 aliae
1655 2706 1718 2728 non
1742 2693 1870 2728 fuissent
1892 2692 2098 2735 graviffimae‚
2121 2703 2159 2727 ut
2192 2695 2359 2730 vehemens
2383 2708 2438 2729 ce..

1442 2741 1527 2774 rebri
1551 2738 1733 2775 concuffio,
1756 2737 1935 2779 hujusque,
1961 2738 2150 2771 &cerebelli
2174 2747 2260 2771 tanta
2274 2739 2436 2780 compres-

1443 2784 1512 2824 sio,
1535 2792 1688 2826 quantam
1713 2783 1806 2824 copia
1830 2780 1920 2814 effusi
1944 2781 2029 2813 intra
2052 2783 2199 2815 cranium
2224 2781 2386 2825 sanguinis
2399 2794 2437 2815 ex

1445 2828 1551 2868 ruptis
1575 2825 1776 2859 Later‘alibus
1800 2824 1975 2866 praesertim
2000 2824 2128 2858 Sinibus
2153 2824 2335 2866 efficiebat;
2357 2838 2436 2860 num

1444 2870 1571 2909 censes,
1595 2879 1660 2902 tam
1684 2871 1785 2902 citam
1808 2867 1949 2902 suturam
1974 2866 2063 2901 fuisse
2090 2872 2251 2902 mortem?
2274 2871 2435 2910 Equidem

1443 2925 1510 2947 non
1534 2913 1627 2947 facile
1650 2912 1713 2955 ipse
1735 2910 1925 2946 crediderim
1949 2921 1960 2948 5
1993 2922 2176 2954 quanquam
2200 2913 2347 2946 cerebelli
2371 2925 2436 2947 non

1443 2958 1546 2995 leves,
1571 2959 1602 2990 δέ
1626 2958 1804 2999 repentinas
1828 2952 1966 2988 laefiones
1990 2955 2083 2996 longe
2105 2956 2203 2989 citius
2226 2977 2236 2992 ,
2259 2959 2288 2988 δι
2312 2959 2432 2991 certius

1441 3002 1540 3034 sciam
1563 3023 1572 3038 ‚
1595 3011 1691 3041 quam
1716 3010 1803 3041 pares
1826 2998 1947 3030 cerebri
1971 2997 2112 3033 laefiones
2137 2998 2324 3042 plerumque
2348 3003 2436 3033 occi-

1439 3044 1513 3078 dere
1535 3042 1748 3080 consuevisse,
1772 3040 1958 3085 perfectiora
1971 3040 2102 3082 saltem,
2126 3052 2161 3075 ut
2186 3053 2324 3082 vocant,
2347 3046 2378 3076 &
2402 3058 2436 3078 a-

1439 3087 1530 3121 dulta
1546 3110 1556 3126 ‚
1578 3090 1607 3120 δι
1631 3086 1668 3120 ad
1693 3086 1831 3120 hominis
1848 3111 1857 3124 ‚
1880 3095 1976 3127 quem
2000 3085 2053 3119 hic
2076 3085 2273 3127 specsamus,
2297 3087 2437 3122 struesu-

1440 3143 1506 3165 ram
1532 3132 1665 3172 propius
1690 3129 1869 3164 accedentia
1892 3130 2061 3161 animalia.
2086 3131 2200 3171 Itaque
2223 3131 2256 3163 in
2279 3128 2337 3163 hac
2356 3143 2435 3164 con..

1440 3173 1591 3209 troversia
1615 3175 1648 3206 in
1671 3185 1767 3215 quarn
1792 3171 1877 3205 forte
1900 3172 2090 3211 incidimus,
2115 3175 2146 3204 ἃ
2170 3174 2202 3204 in
2226 3185 2287 3215 qua
2302 3175 2434 3208 memini

1440 3228 1474 3251 te
1498 3218 1573 3251 alias
1595 3218 1632 3250 de
1645 3229 1694 3250 me
1705 3214 1877 3258 quaefivisse
1902 3216 1981 3257 quid
2004 3215 2154 3252 sentiam,
2177 3217 2246 3249 noli
2273 3227 2347 3249 cum
2362 3219 2434 3251 Do-

1441 3262 1585 3294 &iffimis
1609 3260 1754 3302 alioquin
1771 3259 1864 3291 Viris
1887 3270 1951 3292 non
1976 3259 2075 3292 modo
2097 3258 2233 3297 insecta,
2257 3260 2307 3293 sed
2331 3271 2432 3303 neque

1441 3316 1531 3344 aves,
1554 3313 1607 3337 aut
1633 3302 1755 3342 foetus,
1781 3312 1833 3336 aut
1857 3311 2049 3335 recens-nata
2062 3302 2210 3334 animalia
2233 3314 2430 3336 commemo-

1439 3360 1526 3382 rare·
1552 3346 1622 3389 Ipse
1646 3347 1729 3380 enirn
1753 3348 1800 3378 vel
1825 3347 1906 3379 olim
1931 3346 2099 3378 adnotavit
2124 3345 2312 3379 Aristoteles
2334 3347 2427 3389 (z),

1430 3391 1538 3433 palam
1553 3391 1584 3423 in
1595 3389 1731 3431 insessis,
1743 3398 1779 3422 ut
1788 3388 1892 3431 vespis
1904 3411 1914 3426 ,
1938 3391 1977 3423 ἴθ’
1989 3388 2099 3429 apibus
2111 3388 2166 3421 hoc
2178 3390 2326 3429 accidere,
2338 3400 2428 3422 nem-

1435 3446 1473 3475 pe
1485 3444 1519 3467 ut
1531 3433 1637 3467 ablata
1650 3445 1684 3466 ea
1696 3434 1854 3474 particula
1868 3443 1930 3475 quae
1941 3440 2072 3464 vocatur
2082 3440 2195 3472 caput,
2292 3432 2428 3464 vivant.

1434 3479 1503 3511 Diu
1516 3486 1620 3510 autem
1632 3476 1726 3509 estex
1738 3487 1803 3518 quo
1815 3475 1896 3510 mihi
1908 3475 2143 3509 adolescentulo
2155 3474 2333 3508 affirmabat
2347 3475 2428 3506 Val-

1435 3521 1646 3560 salva2avibus
1662 3519 1690 3553 se
1702 3519 1894 3553 cerebellum
1910 3519 2109 3560 summopere
2122 3518 2277 3552 vexavisse
2289 3540 2299 3556 ‚
2322 3527 2425 3559 neque

1792 3574 1802 3582 -·
2337 3571 2386 3593 eas

387 3634 2425 3660 W

545 3689 604 3716 epist.
622 3695 643 3711 2.
661 3696 684 3711 n.
706 3690 741 3711 16.
803 3687 816 3715 (
832 3693 847 3714 q
864 3688 875 3710 >
892 3683 999 3708 Institut.
1018 3682 1127 3708 Chirurtz-
1148 3680 1169 3709 §.
1188 3687 1240 3709 332·
1258 3683 1308 3703 not.
1325 3679 1349 3702 d.

445 3690 488 3745 ἓξ
503 3690 517 3745 3
532 3690 567 3741 ge
586 3721 693 3742 Renunc.
711 3717 812 3742 Vulner.
831 3715 892 3739 Sest.
910 3721 931 3738 ¹.

451 3748 465 3776 ζ
477 3755 496 3778 y
512 3748 525 3776 )
563 3764 568 3770 .
584 3749 607 3771 8.
623 3748 681 3772 ΟΜ.
698 3755 735 3773 ιο.
799 3747 808 3778 s
824 3754 842 3775 z
857 3745 867 3777 )
884 3747 919 3770 De
934 3745 1031 3775 Juvent.
1048 3742 1071 3767 &
1087 3741 1179 3768 Senet't.
1195 3748 1219 3766 c.
1235 3747 1261 3783 ¹5

994 3713 1008 3741 (
1023 3720 1039 3735 u
1055 3713 1068 3739 )
1084 3713 1128 3735 Tr.
1144 3711 1212 3740 supra
1227 3709 1257 3733 ad
1274 3717 1297 3735 n.
1315 3717 1354 3739 ¹4·
1370 3709 1415 3734 cit.
1431 3716 1452 3734 c.
1464 3715 1501 3735 ιι.

1412 3678 1420 3709 (
1438 3687 1449 3701 r
1465 3677 1476 3709 )
1492 3685 1516 3703 n.
1531 3685 1567 3709 17.
1630 3676 1694 3705 (s)
1711 3678 1848 3701 Commerc.
1867 3676 1955 3700 Litter.
1973 3678 2003 3700 A.
2024 3684 2088 3704 1731-
2107 3673 2211 3703 specim.
2227 3680 2266 3696 21.

1564 3710 1596 3735 (x
1604 3706 1613 3738 )
1622 3707 1683 3731 Hist.
1694 3706 1722 3732 de
1729 3708 1848 3737 l'A.r7oo.
1856 3707 1916 3732 obs.
1925 3709 2041 3736 Anae19.
2050 3709 2072 3732 δε
2079 3706 2108 3731 de
2115 3706 2233 3733 l'A·¹743·
2243 3701 2299 3727 obs.
2308 3703 2425 3729 Anataz.
