2498 4075
436 130 500 185 68

371 211 414 246 fic
437 215 555 257 pariter
577 212 795 255 intelligitur,
818 225 916 259 neque
926 213 983 249 effe
993 225 1146 253 nervum,
1168 223 1203 248 ut
1215 214 1365 248 Codron-

368 256 467 298 chio,
491 260 524 290 &
547 257 618 289 aliis
641 257 765 298 visum,
789 269 887 301 neque
909 259 1004 292 ullius
1030 258 1128 290 vicini
1153 257 1367 300 musculipar-

369 309 455 334 tem.
480 301 571 333 Num
595 311 670 332 vero
692 301 795 343 ipsum
819 302 974 335 musculus
997 300 1034 333 sit
1055 324 1065 341 ,
1096 300 1182 343 quod
1212 300 1365 334 Cass'erius

370 342 541 383 credebat,
564 345 595 375 δ(
619 342 657 376 ad
681 343 863 386 lingendum
887 344 999 383 datus,
1022 354 1059 376 an
1095 345 1202 386 potius
1236 343 1364 378 mistum

368 397 408 418 ex
430 385 604 428 multiplici
629 386 806 420 substantiae
829 398 938 429 genere
960 386 1116 429 peculiare
1139 398 1277 428 corpus,
1298 399 1364 429 quo

367 438 427 469 pro
451 428 654 472 longitudine
675 431 801 463 tenuior
823 441 934 463 cauum
959 431 1068 473 lingua
1091 429 1255 469 firmetur,
1290 430 1366 464 suis-

365 481 426 512 que
449 473 482 505 i'n
507 473 648 507 motibus
671 472 855 515 adjuvetur,
880 484 960 506 nunc
985 473 1114 516 quidem
1138 475 1170 505 in
1193 473 1297 506 medio
1321 484 1366 505 re-

366 513 502 556 linquo,
525 515 700 558 praesertiin
721 527 793 548 cum
819 517 964 557 ignorem
989 516 1162 555 haetenus,
1186 526 1259 549 num
1296 518 1366 550 aliis

367 559 488 598 pariter
511 560 606 594 certis
631 559 847 592 animantibus
871 560 1030 593 tributum
1053 558 1092 593 fit
1112 583 1126 599 ,
1148 561 1178 591 δέ
1209 558 1287 601 quid
1318 559 1367 592 di-

364 599 522 634 scriminis
546 604 578 634 in
602 602 718 642 linguae
743 602 885 637 motibus
908 605 990 635 inter
1012 614 1065 636 eos
1089 612 1177 636 canes
1198 601 1313 644 quibus
1325 602 1367 636 est

362 654 545 686 exemptum
563 668 575 684 ,
598 647 630 677 &
652 652 782 677 caeteros
805 645 996 680 intercedat.

404 689 457 729 36.
483 687 553 721 Etfi
575 699 650 719 vero
672 688 706 719 in
729 688 813 721 calce
838 690 994 724 Sectionis
1019 687 1114 731 hujus
1137 692 1205 728 (u)
1230 700 1300 733 quae
1333 689 1368 722 de

361 729 494 769 Mania,
518 733 549 763 &
574 729 675 764 Rabie
700 729 766 770 est,
789 730 947 766 adduntur
969 734 1002 765 in
1027 731 1236 774 Sepulchreto
1248 731 1367 765 Obser-

360 773 506 807 vationes
531 772 602 807 duae
627 773 661 806 de
685 777 800 807 Furore
822 776 965 811 Uterino,
990 777 1022 807 &
1046 774 1114 816 post
1140 775 1316 808 sectionem
1329 774 1366 807 de

362 825 423 857 qua
446 814 538 850 simul
564 817 711 858 egimus,
736 817 916 857 proximam
948 819 982 851 de
1015 816 1223 851 Melancholia
1253 818 1363 851 inscri-

361 866 470 899 ptam,
497 859 603 893 Seffio
612 858 707 892 altera
719 859 754 892 dc
767 861 1011 902 imaginatione,
1037 861 1306 901 Ratiocinatione,
1320 862 1361 894 Θ

359 902 512 935 Memoria
535 902 714 944 depravatis
727 925 740 941 ,
764 902 805 934 &
827 902 976 942 abolitis3
999 912 1035 936 tu
1059 904 1125 936 noli
1149 912 1253 937 tamen
1266 915 1359 946 expe-

357 942 464 984 (stare,
488 954 523 977 ut
546 944 622 978 huic
647 955 706 986 ego
730 945 913 987 longiffimae
940 946 1093 988 Epistolae
1117 946 1176 979 alia
1190 946 1356 989 adjiciam.

356 985 445 1019 Nam
469 998 568 1030 neque
592 987 772 1025 Valsalvae,
796 999 895 1032 neque
919 989 1000 1025 mihi
1025 989 1166 1031 accidit,
1188 999 1222 1023 ut
1243 992 1359 1024 Furore

358 1030 503 1065 Uterino
527 1030 707 1073 absumptas
731 1031 966 1073 incideremus,
990 1036 1021 1067 &
1045 1034 1105 1067 alia
1132 1032 1257 1067 fortasse
1281 1046 1361 1077 prae-

354 1081 405 1104 ter
427 1075 542 1109 miram
566 1075 667 1109 ovarii
694 1075 972 1117 magnitudinem,
995 1088 1092 1118 quam
1114 1078 1146 1109 in
1159 1077 1361 1119 pluribusvi-

357 1113 392 1147 di
417 1129 454 1149 eo
476 1117 592 1152 morbo
614 1129 676 1150 non
695 1118 938 1165 -laborantibus,
960 1121 1046 1153 intus
1059 1121 1173 1153 vitiosa
1188 1120 1362 1162 depretiem

358 1156 526 1200 deremus;
551 1161 679 1204 quando
701 1162 734 1195 in
758 1162 906 1196 Caesareae
920 1163 1102 1196 Academim
1115 1163 1360 1196 Observationi-

360 1199 420 1235 bus
444 1212 557 1248 praeter
581 1205 668 1237 illam
679 1216 748 1247 quae
760 1202 825 1237 fere
836 1206 1053 1249 semper(x),
1076 1206 1358 1249 &clitoridis(y)

356 1254 425 1285 quae
449 1257 674 1289 nonnunquam
697 1249 823 1281 inventa
846 1250 911 1290 est,
933 1250 1207 1291 magnitudinem,
1230 1251 1290 1283 alia
1311 1252 1359 1283 in-

355 1287 501 1326 terdum,
528 1292 559 1322 &
584 1291 616 1323 in
641 1289 691 1323 his
716 1292 798 1324 uteri
810 1292 1120 1333 inflammationem,
1146 1294 1360 1336 repertalegi-

353 1340 425 1364 mus
449 1335 537 1376 (z).
566 1334 655 1374 Qas
679 1334 929 1370 Observationes
953 1335 1174 1377 versantibus,
1197 1346 1232 1369 ut
1255 1348 1360 1369 exem-

355 1374 407 1415 pla
431 1385 636 1411 occurrerunt
661 1378 728 1421 (a)
752 1377 876 1422 aliquot
888 1379 1123 1426 juvencularum
1135 1392 1206 1424 quac
1218 1380 1359 1423 sibiipsae

930 131 1112 190 ,Liber
1144 133 1182 183 l.
1216 132 1300 184 De
1335 132 1541 187 Morbis
1573 130 1778 196 Capitis

1415 220 1552 247 mortem
1575 213 1822 253 consciscentes,
1844 211 1999 247 funestam
2009 211 2405 247 memoriamMilefiarum

1414 259 1576 299 virginum
1591 281 1602 298 ,
1618 260 1650 290 δε
1661 256 1918 299 Lugdunensium
1932 257 2099 289 mulierum
2112 255 2177 295 (b)
2192 266 2382 290 renovarunt
2399 282 2410 296 ,

1415 302 1462 333 ita
1485 298 1513 333 se
1537 300 1721 335 obtulerunt
1745 300 1826 340 alia,
1851 299 1933 333 unde
1954 300 2134 332 communis
2156 298 2243 333 illius
2261 297 2408 333 foeminei

1416 343 1536 377 furoris
1558 343 1647 377 causa
1669 354 1743 375 cum
1755 342 1936 385 pestilentiae
1946 341 2031 385 quali
2044 340 2209 384 cujusdam
2216 341 2305 375 causa
2316 350 2410 375 com-

1417 388 1520 429 parari
1545 385 1626 428 posse
1649 385 1812 419 videatur.
1838 388 1876 418 In
1900 396 1963 418 non
1986 397 2102 428 magno
2125 385 2209 417 enim
2220 386 2407 420 Comitatus

1417 432 1508 464 unius
1533 430 1639 462 tractu
1660 432 1723 470 (c)
1748 428 1850 462 aestate
1872 430 1913 462 A.
1941 429 2031 469 1698.
2057 438 2107 462 tot
2140 427 2230 461 fimul
2263 427 2406 463 foeminae

1417 475 1544 507 uterino
1567 471 1671 505 furore
1694 472 1894 511 laborarunt,
1918 480 1952 504 ut
1975 472 2121 505 Medicus
2140 482 2237 513 aegras
2259 482 2335 512 quas
2357 472 2410 505 iri-
2442 486 2449 489 s

1415 516 1529 549 viseret
1552 526 1632 549 unus
1655 514 2042 557 haberetduodeviginti‚
2063 526 2133 558 quae
2148 525 2193 547 res
2203 514 2350 549 morbum
2362 515 2410 548 es-

1418 559 1446 592 se
1457 559 1688 600 epidemicum,
1713 557 1914 593 ostendebat.-
1937 556 2094 592 iniisdem
2106 568 2211 592 autem
2222 555 2342 591 aedibus
2354 558 2410 591 sae-

1421 615 1458 644 pe
1468 602 1536 635 duae
1549 627 1558 641 ‚
1581 611 1644 635 tres
1655 626 1669 643 ,
1680 601 1843 644 pluresque
1856 600 2000 634 mulieres
2011 600 2120 634 eodem
2131 609 2282 642 correptae
2295 600 2410 634 morbo

1418 645 1696 687 comperiebantur
1706 669 1719 685 ,
1740 656 1808 687 quae
1817 656 1863 677 res
1876 667 1888 684 ,
1900 644 2030 687 aliaeque
2039 643 2258 687 contagiosum
2269 642 2324 677 esse
2335 667 2347 684 ,
2358 646 2410 676 in..

1417 689 1583 722 dicabant.
1694 691 1745 722 De
1755 688 1882 721 illarum
1893 697 1995 720 autem
2005 689 2120 721 mentis
2130 687 2327 720 Facultatum
2361 699 2408 721 uae

1417 733 1511 774 paulo
1524 732 1777 766 antenominatae
1790 731 1880 767 sunt,
1903 731 1992 764 vitiis
2003 742 2071 774 quae
2083 741 2284 774 poteramus,
2307 732 2340 763 in
2378 742 2409 764 as

1418 776 1499 818 ipsas
1510 776 1669 813 Litteras,
1692 774 1827 817 aliasque
1849 774 1915 817 (d)
1937 775 2154 808 contulimus:
2179 785 2249 816 quae
2273 783 2411 816 repetere

1414 830 1477 851 non
1490 819 1591 861 placet
1607 841 1618 857 ,
1643 817 1915 861 quemadmodum
1928 818 1960 849 in
1973 817 2179 860 Sepulchreto
2192 816 2312 850 fastum
2323 817 2411 850 vide-

1413 861 1481 895 bis:
1508 861 1561 895 ubi
1584 860 1621 894 de
1632 862 1749 904 viginti
1761 860 2070 898 observationibus,
2092 861 2130 894 ad
2153 869 2340 894 memoratas
2352 862 2410 894 Fa-

1409 906 1543 938 cultates
1567 904 1777 946 spe&antibus
1789 929 1797 944 ‚
1819 914 1894 946 quas
1906 904 2011 936 Seffio
2021 904 2141 937 decima
2154 905 2309 947 proponit
2323 904 2409 946 ,pri-

1409 960 1496 981 mum
1519 948 1668 981 tredecim
1692 946 1812 981 videbis
1834 946 1946 979 diserte
1969 947 2103 980 indicari
2121 949 2153 980 in
2174 947 2244 979 aliis
2254 947 2411 980 86ἃίοηὶ-

1409 991 1466 1024 bus
1488 991 1586 1026 fusius
1610 990 1780 1034 descriptas
1804 989 1915 1028 fuisse,-
1938 990 2050 1024 deinde
2073 989 2095 1023 fi
2120 989 2409 1033 paulodiligentius

1409 1033 1599 1072 confideres,
1627 1034 1719 1067 facile
1743 1032 1975 1076 deprehendes,
1998 1035 2030 1066 in
2054 1034 2186 1076 illaipsa
2199 1033 2343 1065 Sec'tione
2355 1032 2409 1066 de-

1409 1079 1492 1110 ci'ma
1518 1077 1667 1120 quasdam
1693 1077 1782 1110 semel
1808 1086 1906 1119 atque
1923 1078 2159 1119 iterum‘poni.
2187 1078 2238 1110 Sic
2260 1077 2298 1108 X.
2335 1077 2410 1109 Ob-

1411 1121 1546 1154 servatio
1569 1119 1675 1154 eadem
1698 1121 1823 1154 videtur
1845 1131 1881 1152 ac
1906 1122 1969 1153 III.
1992 1122 2088 1153 XIII.
2118 1130 2193 1153 vero
2213 1119 2339 1152 eandem
2363 1119 2408 1153 es.

1411 1163 1440 1197 se
1463 1164 1590 1206 prorsus
1614 1176 1646 1196 ac
1670 1165 1750 1196 VII.
1775 1164 1849 1196 XV.
1874 1173 1909 1195 ac
1942 1165 1967 1196 I.
2002 1165 2114 1197 XVII.
2149 1175 2184 1196 ac
2216 1164 2316 1196 VIII.
2355 1162 2409 1196 de-

1411 1206 1597 1240 monstrabit
1622 1206 1816 1239 Observatio
1839 1207 1962 1238 XLIV.
1989 1208 2068 1239 Soet.
2096 1209 2121 1240 I.
2148 1206 2239 1239 Libri
2264 1206 2409 1247 Quarti;

1409 1253 1440 1283 &
1465 1251 1559 1283 XVI.
1583 1250 1664 1283 Sect.
1692 1250 1785 1282 XVI.
1808 1248 1900 1281 Libri
1926 1250 1951 1281 Ι.
1979 1252 2009 1281 &
2033 1251 2075 1282 V.
2102 1250 2181 1283 Sec‘i:=
2218 1251 2280 1283 IV.
2317 1250 2410 1282 Libri

1408 1291 1568 1335 ejusdem,
1594 1305 1629 1326 nc
1652 1294 1684 1326 in
1710 1293 1785 1326 alias
1811 1291 1909 1325 modo
1931 1293 2112 1335 inquiram,
2134 1303 2190 1326 nec
2208 1293 2313 1325 dicam
2328 1294 2407 1331 ,ΙΧ.

1409 1335 1496 1379 quod
1520 1340 1552 1369 &
1574 1338 1607 1369 in
1632 1336 1764 1370 Scholio
1787 1334 1826 1368 fic
1850 1334 1922 1368 satis
1946 1334 2130 1376 agnoscimi·
2145 1357 2155 1373 ,
2178 1334 2264 1369 nihil
2288 1333 2325 1367 ad
2343 1347 2410 1370 rem

1409 1380 1560 1415 attinere.
1585 1380 1641 1413 Sed
1668 1378 1735 1414 haec
1764 1379 1932 1413 haeftenus.
1959 1379 2060 1412 Vale.

435 1514 948 1606 EPISTOLA
1022 1500 2134 1629 ANATOMico'-MEDioA
2210 1548 2326 1611 ix.

958 1663 1043 1716 De
1076 1663 1331 1731 Epilepsia
1369 1663 1535 1715 sermo
1572 1662 1825 1713 habetur.

399 1788 415 1825 ’,ζ
475 1777 595 1820 Ertigo
605 1800 618 1818 ,
640 1778 678 1812 de
689 1779 793 1823 quain
806 1776 1015 1820 Sepulchreto
1025 1803 1034 1818 ,
1049 1779 1195 1821 proxima
1209 1778 1355 1811 Set-”tione

298 1836 300 1838 ·
485 1821 545 1853 XI.
572 1822 700 1864 agitur,
722 1823 806 1856 haud
828 1832 899 1854 raro
922 1822 955 1854 in
967 1822 1192 1864 apoplexiam,
1216 1821 1356 1862 &sopo-

486 1864 570 1897 rosas
596 1863 779 1899 affe-&iones
801 1865 964 1907 degenerat
984 1888 997 1905 ,
1029 1876 1066 1898 ex
1098 1866 1213 1907 quibus
1248 1865 1354 1906 plures

350 1905 488 1949 denique
512 1908 671 1941 intereunt
694 1907 898 1952 vertiginosi.
924 1907 1121 1950 Qodcum
1146 1907 1356 1949 produftaei'n

348 1961 383 1983 ea
408 1951 553 1984 Seffione
578 1951 849 1991 Observationes,
870 1950 1047 1994 disci-teque
1069 1953 1094 1983 I.
1120 1953 1152 1983 δε
1175 1952 1233 1983 XI.
1258 1950 1358 1982 osten-

348 1993 433 2027 dunt
447 2019 454 2028 .
478 2003 548 2028 tum
564 1995 733 2037 propofitae
746 1998 777 2029 iu
791 1993 945 2037 Epistolis
960 1993 1171 2036 superioribus
1195 1994 1234 2035 (a
1251 1995 1261 2031 )
1287 1993 1357 2025 aliae

351 2035 567 2071 confirmant.
595 2039 677 2080 Qae
689 2040 818 2073 cumita
830 2038 913 2077 fint5
939 2036 1082 2080 praestare
1100 2036 1309 2075 arbitramur,
1321 2046 1357 2068 ut

345 2082 389 2114 iis
401 2079 455 2115 hic
469 2082 599 2115 minime
613 2081 964 2125 repetitis‚transeamus
973 2081 1121 2123 protinus
1133 2078 1170 2112 ad
1182 2080 1361 2112 Seffionem

348 2125 427 2158 XII·
454 2137 523 2168 quae
546 2124 584 2157 de
606 2126 723 2159 morbo
746 2126 808 2165 est,
832 2126 865 2157 iu
887 2134 982 2167 quem
1007 2125 1103 2157 etiam
1126 2124 1202 2164 saepe
1236 2123 1362 2163 vertigo

348 2168 421 2200 abit
440 2191 452 2208 ,
484 2167 665 2210 Epilepfia.
694 2168 879 2210 Vertigi'nes
902 2169 1010 2207 enim,
1045 2176 1080 2200 ut
1104 2166 1186 2198 recte
1217 2165 1360 2213 Galenus

349 2210 391 2251 (h
410 2213 420 2249 )
445 2211 556 2245 docuit
571 2238 579 2251 ‚
600 2212 752 2253 proximae
768 2212 846 2254 sunt
869 2210 985 2243 morbis
1009 2207 1221 2243 comitialibus
1236 2230 1247 2246 ,
1270 2208 1308 2242 df
1319 2209 1361 2241 iis

350 2264 424 2296 quos
448 2254 627 2297 apoplexias
650 2256 834 2294 nominant,
858 2253 898 2286 fic
923 2263 959 2286 ut
981 2253 1157 2294 praecedant
1169 2250 1360 2293 epilepsiam,

351 2298 394 2331 (φ
416 2296 614 2339 apoplexiam
634 2322 641 2328 .
677 2296 849 2339 Epilepfiae
874 2306 979 2330 autem
1002 2307 1056 2337 per
1079 2296 1129 2334 se,
1154 2304 1189 2327 ut
1212 2293 1276 2326 visa
1300 2291 1364 2332 est,

354 2338 529 2373 mortiferae
543 2350 638 2373 unam
651 2364 659 2380 ‚
684 2338 766 2374 haud
779 2339 913 2381 amplius
925 2361 933 2376 ,
958 2338 1105 2372 Valsalva
1118 2337 1249 2379 reliquit
1261 2335 1365 2369 obser-

352 2384 540 2460 sathorbem'
565 2394 693 2426 eamque
717 2384 923 2426 perbrevem,
945 2392 1014 2424 quae
1039 2380 1078 2414 ad
1112 2380 1197 2413 hunc
1233 2377 1365 2411 modum

369 2437 384 2459 e
433 2438 447 2459 a
474 2435 524 2458 et.

398 2480 428 2501 2.
453 2470 537 2503 VIR
564 2468 803 2512 sexagenarius,
827 2467 983 2510 epilepsiae
993 2467 1176 2502 obnoxius,
1202 2465 1284 2512 febre
1294 2476 1363 2498 cor-

356 2513 495 2555 ripitur.
521 2513 611 2545 Huic
634 2525 672 2546 ex
695 2512 875 2555 improviso
901 2510 1080 2554 supervenit
1111 2509 1258 2552 epilepsia
1277 2532 1290 2548 ,
1324 2519 1364 2540 ex

355 2568 416 2600 qua
442 2557 582 2589 moritur
596 2582 603 2590 .
738 2558 754 2589 1
765 2557 802 2589 N
817 2557 850 2588 T
864 2556 893 2588 E
908 2556 938 2588 R
970 2551 1109 2586 Crassam
1121 2577 1131 2594 ‚
1154 2554 1360 2600 Tenuemque

356 2602 562 2642 meningem,
588 2607 701 2641 praetei·
724 2599 784 2632 seri
806 2598 922 2640 ubique
945 2599 1095 2640 copiam,
1118 2597 1227 2639 portio
1263 2604 1361 2627 etiam

357 2640 446 2677 effusi
470 2642 635 2685 sanguinis
660 2642 698 2676 ad
721 2643 803 2676 latus
826 2641 1007 2674 invenitur:
1031 2642 1109 2673 item
1134 2637 1361 2671 ventriculise-

357 2686 566 2763 roffppleti,
588 2687 623 2718 in
645 2686 748 2729 iisque
770 2684 907 2728 turgidae
939 2683 1097 2727 glandulae
1128 2682 1238 2725 plexus
1268 2680 1362 2714 Cho-

358 2740 407 2763 101
433 2741 479 2763 is.

401 2784 431 2817 3.
458 2773 492 2805 Si
515 2771 606 2806 istam
629 2771 791 2816 sanguinis
817 2770 901 2805 effufi
927 2770 1134 2817 portionem,
1159 2768 1331 2818 novistimis
1351 2791 1363 2808 ,

360 2825 396 2851 ut
417 2817 481 2849 veri
502 2815 641 2849 similius
662 2817 728 2857 est,
752 2816 930 2859 epilepticis
952 2812 1211 2847 convulsionibus
1226 2813 1365 2851 tribuis,

361 2871 432 2903 quae
455 2870 471 2890 a
494 2858 577 2891 febre
601 2860 763 2902 turgentia
798 2857 868 2891 vasa
898 2856 1142 2899 constringendo
1172 2879 1184 2895 ,
1208 2855 1333 2900 *horum
1354 2878 1366 2894 ,

363 2903 420 2937 ubi
444 2902 566 2935 laxiora
590 2912 701 2942 erant,
734 2901 969 2943 disruptionem
1002 2902 1139 2943 aliquam
1171 2899 1332 2931 effecerint
1358 2919 1367 2934 ‚

365 2956 461 2990 quarn
484 2944 589 2978 statim
612 2944 698 2985 sint,
720 2954 756 2979 ut
779 2944 930 2978 credibile
954 2944 1020 2983 est,
1044 2947 1075 2976 &
1099 2942 1265 2986 apoplexia
1291 2967 1300 2981 ,
1335 2943 1366 2973 ἃ

364 2999 453 3023 mors
476 2988 679 3029 consecutae,·
703 2988 804 3022 serum
827 2988 975 3021 videlicet
1000 2987 1149 3027 restabit,
1180 2987 1230 3018 cui
1265 2994 1366 3018 comi-

365 3033 459 3066 tiales
482 3030 639 3070 insultus,
668 3041 720 3065 aut
745 3032 855 3064 saltem
880 3031 1069 3074 postremum
1093 3030 1176 3076 hunc
1191 3029 1281 3070 poffis
1299 3027 1367 3060 for'-

365 3075 439 3109 taffe
462 3075 625 3109 tribuere.
650 3075 760 3109 Habes
784 3075 851 3108 sane
874 3075 920 3107 vel
944 3076 977 3107 in
1001 3075 1055 3107 ista
1079 3074 1144 3115 ipsa
1167 3074 1247 3105 circa
1272 3082 1365 3114 quam

366 3118 527 3152 versamur
542 3141 552 3157 ,
575 3119 746 3159 Sestione,
769 3119 802 3151 in
827 3117 954 3160 ejusque
978 3116 1212 3151 Additamentis
1237 3127 1299 3147 non
1314 3114 1365 3147 ab·

368 3162 485 3195 similes
508 3163 592 3196 intra
615 3163 862 3205 epilepticorum
885 3161 1035 3194 calvarias
1068 3158 1284 3207 redundantis
1308 3158 1365 3190 seri

371 3204 539 3240 historias:
564 3217 696 3249 quarum
718 3204 927 3248 antiquiffima
951 3203 993 3237 est
1013 3206 1103 3238 XVI.
1130 3204 1205 3242 illa,
1238 3203 1369 3244 Hippo-

370 3250 489 3290 cratis,
514 3249 553 3282 ab
575 3249 707 3287 onibus,
731 3260 766 3283 ac
785 3249 955 3291 praesertim
978 3248 1111 3288 acapris
1125 3271 1134 3286 ,
1156 3243 1368 3288 quaefrequen-

377 3291 486 3335 tzffime
508 3292 563 3325 hoc
585 3291 688 3326 morbo
709 3292 960 3335 prehenduntur‚
983 3290 1019 3323 ad
1044 3290 1189 3323 homines
1212 3287 1296 3330 ipsos
1306 3298 1369 3319 tra—

373 3334 491 3375 dueta,
515 3347 586 3378 quae
610 3335 747 3369 historiae
770 3333 824 3368 etsi
844 3334 956 3369 ,multae
981 3333 1051 3367 sunt
1074 3337 1276 3375 (quanquam
1301 3341 1372 3363 ean-

376 3378 448 3411 dem
471 3376 527 3412 effe
550 3380 593 3410 V.
619 3378 787 3420 cognosces
813 3389 845 3409 ac
870 3378 959 3410 illam
981 3389 1050 3419 quae
1072 3377 1156 3409 versa
1169 3377 1281 3417 pagina
1296 3385 1371 3415 pro-

376 3420 480 3454 fertur
505 3422 560 3456 sub
581 3433 668 3456 num.
691 3423 756 3460 X.)
779 3431 883 3454 tamen
906 3419 977 3453 fore
999 3421 1059 3453 tibi
1092 3418 1177 3453 haud
1213 3420 1373 3461 ingratum

378 3462 546 3505 existimo,
568 3464 591 3499 si
612 3465 688 3498 alias
711 3464 847 3504 addam,
872 3475 965 3498 unam
989 3464 1027 3497 ad
1052 3463 1200 3498 saeculum
1221 3462 1314 3496 XVI.
1327 3471 1376 3493 re-

1406 1777 1509 1820 liquas
1533 1776 1570 1810 ad
1595 1774 1656 1809 hoc
1680 1776 1820 1810 nostrum
1847 1777 2037 1810 attinentes.
2074 1777 2134 1810 Illa
2166 1777 2208 1812 est
2243 1778 2415 1811 Michaelis

1404 1820 1578 1855 Gavassetii
1602 1818 1871 1859 Novellariensis,
1897 1819 2021 1853 Medici
2054 1820 2186 1863 quidem
2209 1845 2221 1861 ‚
2268 1821 2317 1855 sed
2351 1831 2412 1853 non

1405 1863 1589 1908 ‘Proftfforis
1604 1887 1612 1901 ,
1636 1872 1671 1895 ut
1694 1862 1825 1906 quidam
1849 1864 2028 1905 Scriptores
2052 1874 2193 1905 vocant,
2227 1864 2385 1897 ‘Patavini
2406 1889 2414 1897 .

1406 1908 1568 1947 Memini,
1591 1906 1724 1948 inquit,
1749 1907 1830 1948 (c),
1857 1917 1904 1939 me
1926 1906 2033 1949 vidiffe
2067 1906 2163 1947 IlluJZ.
2204 1909 2291 1940 Card.
2326 1910 2414 1940 Com-

1408 1952 1589 1983 mcndonum
1609 1950 1774 1990 sexaginta
1798 1957 1901 1982 motus
1925 1949 2118 1990 Epz'lepticos
2136 1950 2246 1993 spatio
2280 1951 2416 1993 viginti-

1430 2001 1542 2026 ucituor
1568 1993 1713 2026 horarum
1729 1990 1922 2035 fizftinm'ffa,
1946 1999 2038 2034 atque
2061 1994 2186 2026 tandem
2210 2001 2324 2026 natura
2333 1991 2419 2026 debi-

1410 2004 1507 2068 licata
1525 2033 1738 2078 succubzziffe:
1764 2046 1821 2076 qno
1845 2043 1973 2078 mortuo
1982 2034 2090 2074 statim
2100 2037 2238 2069 detratia
2249 2035 2390 2068 calvaria
2407 2059 2420 2076 ,

1413 2076 1666 2119 hydrocephalica
1685 2076 1818 2118 paffione
1841 2077 1984 2120 laboraffi’
2007 2079 2157 2119 comperi.
2183 2078 2349 2113 Detribus
2363 2089 2418 2112 au-

1413 2130 1478 2153 tem
1503 2132 1577 2162 quas
1602 2121 1666 2152 Vir
1690 2120 1743 2151 Cl.
1769 2119 1910 2153 Baltlias.
1936 2120 2149 2153 'Walthierius
2174 2121 2211 2154 ad
2235 2133 2284 2164 me
2299 2122 2418 2164 postre-

1414 2175 1469 2196 mo
1492 2163 1544 2197 die
1565 2162 1681 2196 Martii
1703 2163 1746 2194 A.
1774 2173 1866 2208 1727.
1891 2164 2038 2196 Veneriis
2064 2162 2174 2204 misit,
2196 2163 2272 2198 duas
2296 2164 2420 2206 potiffi-

1413 2218 1503 2239 mum
1526 2205 1810 2243 commemorabo,
1835 2217 1904 2249 quae
1928 2206 1966 2240 ad
1991 2206 2187 2249 propofitam
2211 2219 2250 2241 ex
2269 2207 2422 2241 Valsalva

1415 2251 1517 2291 magis
1541 2247 1714 2282 accedunt.
1739 2248 1861 2282 Eadem
1884 2251 1968 2282 enim
1990 2273 1999 2287 ,
2027 2250 2075 2283 vel
2108 2262 2146 2284 eo
2178 2249 2293 2293 majori
2327 2259 2420 2284 aetate

1415 2292 1544 2326 Vetulae
1569 2291 1663 2331 duae,
1686 2291 1780 2322 altera
1805 2292 1959 2333 epilepfiae
1981 2292 2046 2335 jam
2068 2292 2126 2327 diu
2152 2293 2317 2334 obnoxia,
2341 2294 2420 2327 alte-

1415 2347 1449 2369 ra
1473 2346 1546 2369 cum
1571 2334 1713 2367 anasarca
1736 2333 1922 2375 laboraret,
1957 2338 2060 2369 tribus
2095 2336 2205 2370 eodem
2239 2349 2305 2380 quo
2335 2337 2421 2371 obiit

1416 2378 1468 2411 die
1491 2376 1657 2411 horrendis
1679 2376 1861 2419 epilepticis
1884 2377 2081 2420 paroxysmis
2105 2389 2251 2422 correpta
2274 2403 2286 2419 ,
2321 2380 2421 2413 ambae

1416 2420 1549 2464 quidem
1574 2421 1657 2452 inter
1681 2421 1859 2463 meningem
1870 2422 2043 2462 Tenuem,
2071 2423 2297 2459 &cerebrum‚
2325 2424 2418 2455 itemss

1415 2475 1476 2507 que
1498 2464 1533 2495 in
1557 2464 1745 2496 ventriculis
1770 2474 1885 2506 aquarii
1909 2463 2088 2498 habuerunt
2112 2489 2123 2504 ‚
2156 2466 2254 2498 ambae
2290 2477 2420 2508 quoque

1415 2508 1570 2550 plurimas
1592 2507 1625 2538 in
1651 2505 1799 2549 plexibus
1822 2506 2043 2541 Choroidibus
2078 2506 2224 2542 vesiculas
2259 2520 2335 2551 aqua
2371 2518 2423 2542 tu-

1414 2559 1555 2587 mentes3
1581 2548 1631 2582 sed
1655 2550 1781 2591 prima,
1800 2548 1885 2595 *haec
1910 2552 2017 2583 omnia
2042 2552 2149 2584 multo
2183 2552 2286 2594 magis
2326 2563 2423 2594 quam
2461 2553 2466 2558 ⁴

1412 2593 1568 2630 secuuda3
1593 2602 1629 2626 ut
1652 2604 1725 2626 cum
1749 2592 1842 2635 hujus
1868 2594 2024 2627 Laterales
2050 2596 2220 2628 ventriculi
2245 2607 2283 2628 eo
2295 2594 2423 2628 seroes-

1413 2636 1479 2669 sent
1503 2635 1600 2669 ferme
1624 2636 1730 2677 pleni,
1754 2636 1788 2668 in
1812 2637 1868 2669 illa
1890 2636 2000 2671 eodem
2023 2648 2132 2672 omnes
2155 2639 2194 2671 ad
2225 2640 2425 2680 crepaturam

1412 2680 1504 2722 usque
1528 2678 1796 2717 distenderentur,
1822 2680 1930 2723 itaque
1954 2682 2009 2713 vix
2032 2682 2145 2723 attaffi
2170 2683 2333 2723 ingentem
2359 2681 2424 2724 ejus

1412 2724 1541 2765 copiam
1564 2721 1796 2763 profuderunt.
1921 2725 2030 2766 Longe
2054 2725 2177 2758 minori
2192 2734 2297 2757 tamen
2324 2726 2423 2768 copia

1414 2766 1493 2808 saepe
1516 2768 1547 2797 in
1573 2766 1824 2808 epilepticorum
1846 2768 1957 2799 cranio
1980 2778 2060 2810 aqua
2091 2766 2340 2811 deprehenditur
2375 2768 2424 2800 vel

1415 2810 1559 2851 ipsorum
1583 2820 1711 2852 quoque
1735 2807 1920 2850 infantum,
1943 2811 1975 2842 in
1999 2811 2114 2853 quibus
2139 2813 2312 2854 plurimam
2344 2811 2425 2845 alias

1417 2853 1579 2891 inveniri,
1604 2852 1668 2885 haec
1694 2851 1801 2885 eadem
1827 2852 2026 2895 Sepulchreti
2050 2855 2158 2888 Seftio
2179 2858 2193 2894 (
2215 2856 2235 2887 d
2256 2858 2270 2894 )
2295 2855 2391 2888 docet
2415 2879 2424 2888 .

1419 2895 1654 2929 Observatione
1677 2896 1785 2935 enim,
1809 2897 1946 2938 exempli
1970 2896 2084 2937 causa,
2109 2899 2189 2932 VII.
2214 2899 2248 2931 iii
2277 2898 2426 2932 annicula

1418 2939 1520 2980 puella
1545 2936 1635 2971 fuisse
1659 2938 1745 2985 vides
1771 2938 1808 2970 ad
1831 2939 1927 2972 libras
1950 2941 2113 2983 quinque,
2137 2952 2210 2975 cum
2235 2944 2267 2974 in
2301 2953 2426 2984 puero,

1419 2983 1587 3024 aliquanto
1610 2983 1753 3023 majori,
1778 2982 1834 3014 vix
1858 2981 1955 3015 fuerit
1981 2983 2019 3016 ad
2042 2986 2150 3018 uncias
2173 2985 2275 3024 duas,
2301 2994 2337 3017 ut
2362 2986 2425 3017 mi-

1419 3025 1453 3058 hi
1479 3026 1633 3058 Bononiae
1657 3027 1754 3058 etiam
1786 3033 1856 3058 tum
1891 3025 2068 3060 studiorum
2105 3027 2193 3061 causa
2226 3028 2356 3069 degenti
2390 3030 2425 3061 in

1419 3069 1503 3101 hunc
1530 3068 1661 3101 modum
1684 3069 1825 3101 narravit
1849 3067 1986 3111 diligens
2015 3070 2211 3104 Observator
2233 3096 2243 3110 ,
2277 3070 2424 3114 idemque

1416 3112 1652 3144 Celeberrimus
1674 3110 1823 3145 Medicus
1847 3113 2051 3155 Hippolytus
2085 3114 2271 3148 Franciscus
2304 3116 2427 3148 Alber-

1418 3165 1504 3188 tinus
1518 3179 1525 3189 .

1460 3211 1491 3242 4.
1518 3200 1642 3233 PUER
1664 3198 1781 3231 menses
1804 3208 1896 3231 natus
1920 3200 2029 3232 XVII.
2053 3201 2289 3242 primogenitus
2325 3203 2425 3235 nobi-

1420 3243 1605 3276 liffimorum
1630 3244 1820 3281 Parentum,
1843 3242 1925 3274 inter
1948 3244 2045 3276 animi
2069 3244 2323 3286 perturbationes
2345 3256 2426 3278 con-

1421 3296 1559 3328 ceptus,
1583 3294 1669 3328 patre
1692 3286 1788 3317 etiam
1811 3297 1827 3317 a
1852 3287 1953 3318 nervis
1988 3290 2093 3320 minus
2127 3287 2249 3320 valente
2271 3311 2283 3327 ,
2318 3290 2424 3330 capite

1423 3341 1486 3362 erat
1509 3340 1602 3370 aequo
1626 3328 1814 3369 grandiore,
1837 3340 1936 3371 eoque
1950 3332 2118 3371 graviore,
2144 3331 2246 3363 oculis
2258 3331 2424 3372 tristibus,

1425 3375 1521 3405 altera
1545 3373 1682 3405 thoracis
1705 3381 1791 3412 parte
1815 3370 1972 3414 depressa,
1996 3374 2139 3406 cruribus
2164 3385 2227 3406 non
2261 3373 2336 3407 satis
2372 3374 2426 3407 fir-

1427 3418 1510 3456 mis,
1533 3416 1679 3448 carnibus
1704 3414 1864 3448 flaccidis.
1889 3417 1955 3448 Hic
1980 3417 2044 3458 jam
2067 3426 2154 3449 antea
2178 3428 2253 3450 cum
2275 3418 2329 3450 vix
2369 3429 2425 3450 an-

1427 3471 1504 3493 num
1525 3456 1764 3500 complevisset,
1786 3459 1827 3491 iis
1851 3469 2011 3503 correptus
2035 3459 2253 3494 incommodis
2268 3482 2278 3498 ‚
2302 3469 2338 3493 ut
2362 3472 2423 3494 un—

2325 3514 2383 3536 ciae

441 3631 485 3661 (u
500 3631 514 3660 )
530 3633 586 3656 8-1.
607 3640 629 3657 ι.
686 3632 694 3660 (
714 3640 729 3656 x
743 3632 757 3661 )
772 3634 842 3657 cent.
859 3643 881 3664 4.
898 3631 956 3657 obs.
975 3638 1026 3659 ιω.
1046 3632 1068 3655 ει
1084 3633 1152 3656 eent.
1171 3633 1192 3655 8.
1209 3629 1267 3655 οὓς.
1287 3639 1309 3660 3.
1328 3629 1351 3652 aa
1368 3629 1420 3652 Aa.
1437 3629 1511 3652 Tom.
1529 3635 1551 3656 7.
1568 3625 1671 3655 obt30.

447 3663 462 3691 (
480 3670 495 3685 a
509 3662 523 3689 )
553 3662 594 3686 cit.
628 3669 647 3691 3.
680 3662 736 3685 Obs.
770 3666 843 3687 cent.
876 3666 898 3688 8.

441 3693 456 3721 ζ
477 3700 488 3715 c
506 3690 520 3719 5
534 3694 622 3717 Decur-
641 3699 662 3720 3.
681 3694 740 3716 Nat.
758 3694 814 3716 Cur.
832 3696 861 3718 Α.
879 3703 903 3723 7.
920 3693 945 3718 ἰη
963 3693 1072 3721 Appenni.
1089 3694 1119 3716 :id
1136 3701 1159 3716 n.
1176 3694 1197 3716 8.

443 3723 459 3750 ί
474 3722 487 3745 b
502 3723 515 3751 )
531 3722 557 3746 in
573 3724 656 3751 Aphor
679 3723 818 3746 comment.
836 3731 858 3752 3.
876 3731 910 3754 ¹7-
972 3724 980 3752 (
999 3731 1010 3747 c
1025 3723 1038 3751 )
1056 3725 1091 3747 De
1109 3723 1182 3747 [ndic.
1201 3724 1283 3747 Curat.
1303 3728 1321 3744 e.
1341 3728 1378 3749 39.

1261 3692 1300 3720 (d
1317 3691 1329 3718 )
1346 3689 1419 3718 Epist.
1437 3690 1458 3713 1.
1476 3697 1501 3713 n.
1520 3687 1709 3716 io.&ll.n.13.

1735 3625 1792 3656 (y)
1811 3626 1872 3660 itia.
1933 3606 2427 3660 (z)1bid.&oec.3.a.5.0bs.1s4.

961 3660 1032 3692 (b)
1065 3662 1126 3691 apud
1159 3660 1323 3686 Schenckium
1353 3659 1409 3683 obs,
1443 3659 1515 3682 Med.
1547 3659 1562 3682 l.
1600 3665 1616 3680 i.
1649 3657 1688 3681 ubi
1721 3657 1749 3683 de
1781 3658 1884 3685 Mania,
1918 3657 1941 3680 8(
1973 3665 2002 3681 ex
2032 3665 2059 3680 ea
2090 3663 2199 3681 mortuis
2232 3657 2289 3681 Obs.
2324 3666 2345 3682 1.

1771 3688 1828 3716 (a)
1846 3688 2080 3716 ll.n.9.22.111.n.
2091 3689 2184 3713 16.1V.
2197 3695 2268 3713 n.1i.
2283 3689 2361 3714 VLn.
2372 3697 2394 3711 ι.
2404 3689 2427 3710 6.

1438 3720 1451 3748 (
1468 3720 1506 3749 ci)
1528 3718 1583 3744 Obs.
1602 3727 1621 3748 ς.
1643 3718 1665 3747 §.
1684 3726 1704 3742 ².
1723 3717 1781 3742 Obs.
1798 3726 1822 3747 7.
1841 3720 1862 3742 δι
1878 3719 1902 3742 in
1922 3717 2003 3743 Addit.
2022 3717 2080 3742 obs.
2096 3725 2121 3746 7.
