2498 4075
333 209 441 235 ratum
464 195 770 234 acutum'morbum
794 196 1023 235 remanserant,
1047 195 1175 230 tandem
1199 197 1239 232 acl
1263 196 1348 231 surn-

334 256 421 279 rnam
446 244 605 281 maciem,
628 243 660 273 δὲ
684 241 855 276 interitum
878 239 1077 274 deduxerunt
1104 265 1113 272 .
1147 242 1190 276 Ei
1226 241 1349 282 semper

335 299 375 322 ex
396 300 463 330 quo
486 287 629 329 primum
652 283 748 326 illum
771 284 920 319 morbum
943 283 1080 317 evaserat
1095 306 1104 322 ,
1131 285 1223 327 parvi
1248 307 1260 324 ,
1291 283 1347 317 de-

332 331 473 374 bilesque
496 329 602 372 pulsus
626 326 750 361 fuerant
764 351 774 366 ,
798 328 913 371 primis
935 326 1046 361 diebus
1069 338 1134 360 non
1146 326 1325 372 frequentes
1338 352 1349 368 ‚

333 374 439 418 postea
462 381 567 407 autem
591 383 666 405 cum
688 370 812 411 sitiret,
836 370 1038 413 frequente53
1062 369 1112 404 sed
1126 372 1350 415 nunquamin-

332 418 562 457 «amittentes,
574 424 628 449 aut
641 415 810 458 inaequales
823 439 829 446 .
842 414 945 447 Nulla
958 413 1064 447 cordis
1076 414 1267 457 palpitatio,
1276 414 1348 448 nul-

333 461 362 495 la
378 459 518 503 spirandi
543 458 739 496 difficulras3
763 456 831 491 haec
856 457 942 490 enim
964 458 1073 491 omnia
1096 457 1303 501 singillatim,
1319 468 1350 490 rc

329 505 434 539 adhuc
457 513 581 537 recente
596 528 604 542 ,
627 501 754 545 quaefivi
775 512 791 533 a
817 499 949 534 Medico
981 502 1039 544 qui
1072 501 1163 534 illam
1194 501 1345 544 quotidie

328 548 503 582 inviserat:
529 545 657 589 quaesivi
683 554 788 579 autem
813 543 979 587 postquam
1002 544 1059 578 sub
1077 545 1224 589 Januarii
1249 544 1345 578 finem

328 592 372 626 A.
401 601 495 635 1739.
518 591 554 623 in
577 586 758 631 Gymnasio
780 599 837 621 cor
860 587 926 631 ejus
947 589 1040 621 Anus
1063 588 1341 631 perlustraveram.

327 636 417 669 Cum
440 647 474 668 ea
491 632 703 676 respondisset
726 643 797 675 quae
820 631 919 665 modo
942 629 1049 673 scripsi
1071 657 1080 671 ,
1114 630 1240 665 addidit
1260 655 1273 672 ,
1305 631 1344 665 de

329 678 495 713 stomacho
519 686 645 711 tantum
669 675 872 718 conquestam
894 672 952 708 esse
965 686 1051 718 :quo
1061 676 1190 708 nomine
1204 687 1342 719 praecor-

330 721 410 762 dia,
432 732 469 757 ut
494 721 636 765 plerique
661 718 700 753 de
723 718 847 761 populo
872 717 998 757 solent,
1023 717 1212 752 intellexisse
1235 718 1344 763 conje-

311 766 453 805 ·eim115‚
477 776 551 799 cum
574 763 726 795 alimenta
750 769 934 803 appeteret,
961 760 1132 804 oblataque
1156 761 1344 804 assumeret,

329 820 387 843 nec
410 807 559 842 diffeetio
582 806 675 839 aliter
698 803 885 838 indicasset.
1019 805 1227 839 VENTRE
1259 809 1345 840 enim

326 852 472 892 recluso,
496 850 519 884 si
540 849 680 891 excipias
704 857 853 888 uterum,
878 847 949 881 sana
971 848 1099 882 fuerant
1132 850 1241 882 omnia
1264 873 1277 891 ,
1307 859 1344 884 ut

324 895 522 930 ventriculus
545 903 696 937 quoque,
719 893 753 925 in
778 890 807 924 se
829 893 1014 926 contrastus
1037 914 1046 923 .
1073 892 1195 926 Uterus
1231 902 1338 927 autem

326 938 463 974 fundum
487 937 623 972 habebat
669 935 767 970 ferme
813 943 922 969 totum
968 937 1056 971 intus
1099 947 1138 970 ex
1181 935 1337 971 subrubro

325 992 455 1023 atrum,
478 991 514 1016 ut
539 991 705 1024 gangraena
730 976 851 1013 affeetae
890 981 996 1014 Partes
1039 979 1165 1021 solent,
1186 979 1336 1015 eundem-

322 1038 385 1070 que
409 1026 621 1070 inaequalem,
647 1022 826 1067 praesertim
848 1022 991 1065 quodam
1015 1024 1049 1056 in
1071 1023 1168 1064 loco,
1200 1024 1255 1058 ubi
1287 1024 1339 1059 su-

324 1069 470 1114 perficies
494 1071 528 1103 in
553 1079 684 1112 parvam
707 1065 929 1109 humilemque
951 1066 1197 1100 excrescentiam
1230 1067 1259 1101 se
1290 1077 1338 1100 at-

325 1114 482 1148 tollebat.
508 1112 589 1156 Ejus
614 1110 719 1147 Tubae
739 1112 825 1144 circa
851 1110 1069 1152 longitudinis
1092 1110 1239 1144 medium
1251 1122 1344 1154 pror-

322 1157 373 1192 sus
394 1158 563 1201 -imperviae
590 1180 599 1189 .
735 1157 776 1188 In
800 1153 975 1193 Thorace,
999 1162 1115 1197 praeter
1138 1153 1261 1187 albidas
1294 1156 1345 1188 in-

321 1201 454 1234 terioris
476 1202 591 1234 Aortae
638 1199 799 1238 maculas,
821 1199 853 1230 ὃ(
876 1197 973 1230 osseas
997 1197 1167 1231 nonnullas
1191 1197 1340 1240 squamu-

320 1246 386 1283 las,
411 1243 496 1279 illud
520 1243 658 1276 maxime
683 1240 902 1275 adnotandum
927 1239 991 1274 fuit
1013 1264 1023 1279 ‚
1070 1240 1158 1283 quod
1202 1241 1341 1284 ejusdem

319 1289 445 1324 arteriae
471 1288 610 1322 valvulas
634 1286 841 1324 contraetas,
863 1284 979 1323 duras,
1003 1281 1122 1324 osseas,
1143 1287 1176 1318 δε
1197 1285 1238 1319 ad
1262 1286 1341 1320 lim-

320 1333 399 1368 bum
422 1334 459 1367 in
481 1341 545 1366 non
569 1341 664 1374 parva
687 1327 773 1374 quasi
798 1328 966 1362 tubercula
997 1327 1213 1362 crassescentes
1249 1331 1337 1364 inve.

319 1387 423 1412 nerim
438 1402 446 1410 .

367 1431 416 1456 12.
441 1422 585 1464 Apparet
608 1419 711 1463 igitur
733 1428 772 1451 ex
795 1417 935 1451 aliorum
949 1440 959 1456 ,
984 1415 1162 1459 nostrisque
1175 1416 1338 1451 Observa-

322 1465 470 1502 tionibus
491 1488 504 1506 ,
548 1464 654 1497 cordis
677 1462 928 1506 palpitationem
949 1469 1064 1494 contra
1088 1470 1185 1504 atque
1207 1471 1337 1495 caetero-

345 1512 401 1545 uin
426 1519 490 1543 non
513 1519 586 1542 raro
610 1506 689 1541 solet
705 1528 714 1543 ‚
737 1504 823 1539 haud
848 1505 966 1547 semper
988 1503 1139 1546 consequi
1165 1504 1220 1538 ubi
1257 1506 1338 1548 rigi-

343 1567 390 1594 ae,
413 1551 566 1595 osseaeque
591 1551 662 1585 sunt
685 1549 817 1584 valvulae
842 1549 971 1590 Magnae
995 1548 1120 1581 arteriae
1145 1559 1153 1580 :
1190 1549 1339 1592 idemque

318 1605 451 1641 apparet
474 1595 512 1630 de
536 1593 686 1638 pulsuum
708 1593 931 1634 inaequalitate
953 1616 967 1632 ,
997 1595 1028 1625 δε
1077 1591 1303 1625 intermissione
1327 1616 1336 1624 .

324 1644 477 1681 Quorum
499 1639 582 1672 vitia
605 1635 661 1671 etsi
687 1636 725 1670 ad
749 1637 933 1677 proximam
958 1634 1141 1677 Epistolam
1164 1637 1303 1669 attinent
1327 1649 1338 1674 ς

317 1685 374 1721 hic
397 1693 528 1723 tamen,
551 1690 587 1715 ut
609 1692 684 1714 cum
707 1679 903 1713 valvularum
928 1678 1059 1711 illarum
1082 1678 1205 1712 morbis
1229 1689 1338 1719 erant,

318 1738 374 1764 aut
397 1737 460 1761 non
484 1734 573 1760 erant
598 1722 796 1767 conjuncOca,
822 1721 956 1757 subinde
981 1732 1043 1755 una
1066 1721 1237 1765 eademque
1259 1734 1279 1754 ο
1305 1734 1336 1754 e-

316 1786 352 1810 ra
374 1773 526 1814 attingo,
548 1781 586 1802 ne
610 1769 644 1801 in
666 1779 701 1801 ea
722 1765 866 1808 Epistola
889 1777 969 1808 opus
993 1763 1030 1798 sit
1055 1764 1178 1800 easdem
1213 1733 1337 1799 Obstit-

317 1818 464 1852 vationes
488 1823 651 1856 repetere,
675 1808 728 1844 sed
752 1809 825 1843 satis
848 1807 888 1843 fit
911 1808 1056 1843 indicare
1077 1833 1085 1841 .
1232 1809 1335 1852 quue

317 1861 424 1905 ipsum
445 1857 617 1893 consilium
642 1854 730 1897 sequi
755 1854 861 1896 placet
887 1854 921 1886 in
953 1853 1177 1896 plerarumque
1222 1862 1331 1887 earum

317 1916 395 1950 quas
419 1901 559 1948 proponi
584 1897 702 1936 video,
725 1896 892 1932 causarum
915 1897 1140 1939 palpitationis
1165 1897 1332 1929 examine.

449 1946 598 1990 Qarum
618 1942 674 1976 illa
697 1942 839 1984 primum
861 1939 1129 1974 considerandam·
1164 1938 1194 1973 se
1240 1938 1337 1973 offert

317 2006 391 2039 quae
413 1993 448 2025 in
472 1989 654 2024 vicinarum
674 1984 874 2018 valvularum
898 1984 1085 2018 Mitralium
1109 1984 1194 2016 vitio
1223 1984 1336 2026 aliquo

317 2035 479 2072 consistit.
509 2035 561 2067 Sic
583 2027 788 2065 Vieussenius
811 2031 825 2068 (
843 2039 867 2071 p
888 2031 902 2068 )
925 2026 1231 2062 vehementiffimam
1262 2039 1335 2060 cor-

318 2082 369 2117 dis
397 2077 645 2122 palpitationem
669 2083 743 2106 cum
769 2072 861 2114 pulsu
886 2072 1099 2113 humillimo,
1122 2070 1224 2104 debili
1251 2095 1259 2110 ‚
1305 2073 1337 2104 Sc

318 2125 454 2160 omnino
477 2119 631 2163 inaequali
656 2128 694 2150 ex
706 2115 900 2158 deprehensa
925 2115 1039 2153 harum
1050 2116 1248 2154 valvularum
1259 2125 1338 2147 con-

318 2168 502 2206 tractione,
527 2167 558 2198 δι
582 2163 618 2196 in
640 2172 677 2195 os
703 2161 883 2206 mutatione
895 2158 1027 2193 deducit
1042 2182 1052 2199 ,
1078 2171 1148 2202 quae
1162 2158 1339 2201 plurimum

319 2213 362 2248 sic
386 2212 565 2245 imminuto
588 2206 671 2243 illo,
697 2206 747 2238 cui
775 2202 921 2245 subjeetae
947 2202 1045 2244 sunt,
1076 2202 1207 2237 orificio
1224 2225 1237 2242 ,
1270 2213 1336 2235 non

317 2257 462 2292 multum
486 2251 647 2294 sanguinis
671 2248 878 2282 admittentes
897 2272 905 2286 ‚
930 2249 961 2280 ἃ
985 2246 1107 2290 (quod
1138 2256 1175 2281 tu
1210 2244 1337 2285 addes)

318 2303 348 2336 ei
372 2310 466 2344 quem
491 2293 704 2333 admiserant,
726 2290 865 2325 reditum
887 2291 1023 2324 omnino
1045 2288 1259 2324 intercludere
1271 2300 1338 2322 non

319 2346 483 2382 valentes,
507 2339 682 2374 maximam
705 2335 869 2378 sanguinis
892 2343 1015 2376 partem
1037 2335 1196 2377 cogebant
1221 2335 1255 2366 in
1265 2333 1338 2376 pul-

322 2397 457 2423 monum
480 2382 578 2419 vasis¹
604 2385 635 2414 &
660 2378 800 2412 dexteris
822 2377 929 2411 cordis
953 2379 1058 2411 caveis
1074 2401 1085 2418 ,
1108 2389 1186 2420 quas
1218 2376 1335 2410 dilata-

320 2441 431 2471 verat,
455 2428 616 2463 restitare.
643 2424 694 2456 Sic
718 2422 773 2455 Cl.
799 2422 995 2454 Reimannus
1018 2421 1072 2463 (q
1096 2425 1107 2459 )
1129 2431 1204 2454 cum
1225 2419 1334 2453 eadem

320 2480 393 2520 qu'ae
439 2469 539 2507 modo
582 2466 749 2503 dicebam,
775 2464 992 2507 symptomata
1015 2465 1048 2496 in
1070 2472 1246 2507 aegrotante
1268 2464 1335 2496 ani-

323 2513 537 2556 madvertisset
549 2537 561 2555 ,
583 2509 730 2545 valvulas
751 2518 835 2542 venae
847 2519 928 2541 cavae
939 2506 1088 2541 Mitrales
1100 2508 1201 2542 distas
1224 2505 1336 2551 (quod

323 2573 466 2601 nomen,
489 2561 522 2593 δε
546 2557 606 2590 alia
630 2553 801 2592 indicant,
826 2550 960 2584 scribere
984 2549 1118 2585 voluisse
1149 2561 1233 2584 ‘venae
1263 2550 1338 2593 pul-

322 2605 486 2642 monaris)
502 2625 514 2642 ‚
538 2604 571 2635 δε
594 2609 687 2633 unam
710 2596 867 2639 praecipue
890 2594 1025 2636 harum,
1047 2592 1257 2637 deprehendit
1268 2605 1340 2628 cum

324 2647 490 2685 lacertulis
507 2644 577 2686 suis
602 2643 643 2676 Θ·
665 2640 818 2674 columnis
841 2639 962 2672 carneis
989 2640 1030 2672 acl
1052 2638 1153 2673 latera
1178 2638 1341 2671 ventricu-

324 2693 350 2728 li
371 2689 581 2728 extantibus,
604 2685 751 2728 asperas,
773 2684 817 2717 Θ
836 2682 963 2725 penitus
986 2681 1167 2725 offificatas.
1194 2682 1245 2715 Sic
1271 2682 1339 2713 Ex-

323 2733 568 2781 perientiffimus
591 2731 656 2764 Vir
679 2725 859 2761 Morandus
882 2728 896 2764 (
918 2736 934 2758 r
955 2729 969 2765 )
992 2726 1025 2758 in
1048 2737 1088 2759 eo
1131 2725 1189 2768 qui
1234 2724 1341 2758 cordis

324 2775 595 2824 palpitationibus
617 2773 777 2806 obnoxms
799 2767 925 2809 fuerat,
949 2770 1079 2803 alteram
1101 2779 1213 2802 earum
1232 2768 1341 2801 valvu-

325 2826 429 2859 larum
452 2820 574 2854 invenit
599 2817 632 2849 in
656 2815 813 2849 sacculum
838 2813 1007 2847 dilatatam
1028 2836 1037 2851 ‚
1074 2813 1206 2856 pollicis
1250 2823 1341 2852 capa-

325 2878 418 2906 cem,
440 2863 561 2902 credo,
583 2859 674 2903 quod
696 2858 859 2900 sanguinis
882 2857 999 2899 copia,
1023 2865 1077 2902 aut
1101 2858 1242 2899 impetus
1276 2855 1342 2888 sen-

326 2910 385 2947 sim
430 2903 649 2951 amplificasset
695 2901 905 2935 interstitium
926 2923 939 2941 ,
971 2899 1153 2943 cujusmodi
1177 2908 1226 2933 me
1250 2898 1341 2941 supra

327 2954 412 2998 (s)
434 2952 503 2985 dixi
528 2958 659 2992 parvum
684 2943 854 2987 aliquando
877 2946 961 2977 inter
986 2944 1119 2977 valvulae
1143 2943 1340 2976 membranas

328 2990 585 3032 animadvertisse
608 2987 739 3023 orificio
764 2998 907 3030 patente5
931 2986 1021 3030 cujus
1055 2987 1169 3021 sacculi
1204 2987 1340 3030 parietes

328 3046 360 3076 ἅς
383 3038 539 3074 crassiores
562 3044 672 3070 erant,
698 3034 729 3065 δι
755 3030 902 3074 pluribus
925 3030 980 3065 hic
1015 3031 1084 3064 illic
1118 3031 1254 3065 ossiculis
1289 3030 1339 3062 in-

329 3084 553 3121 struebantur.
579 3079 682 3112 Erant
704 3084 810 3108 tamen
840 3076 948 3108 Aortae
972 3075 1070 3108 etiam
1102 3075 1233 3109 valvulae
1267 3083 1337 3107 turn

328 3128 504 3165 crassiores,
528 3133 597 3158 tum
618 3119 755 3153 officulis
779 3117 948 3152 durissimis
972 3118 1131 3153 instruetae
1156 3131 1164 3152 ε
1199 3121 1232 3151 &
1262 3118 1342 3152 Rei-

329 3182 463 3209 mannus
489 3177 601 3212 praeter
625 3165 815 3202 columnas,
840 3172 875 3196 ut
900 3162 1028 3196 dic‘tum
1052 3162 1117 3202 est,
1142 3161 1257 3199 osseas,
1294 3173 1343 3194 ar-

328 3218 443 3252 teriam
469 3213 558 3247 illam
582 3207 718 3251 lapideis
741 3207 828 3240 intus
853 3205 1087 3240 adhaerentibus
1124 3206 1342 3239 concretioni-

328 3262 387 3295 bus
412 3257 622 3300 angustiorem
643 3278 651 3291 ,
676 3254 708 3285 &
733 3249 902 3294 pericardii
928 3249 1108 3292 hydropem
1140 3248 1231 3284 simul
1264 3260 1342 3281 con-

329 3305 496 3347 spexerat:
522 3294 728 3332 Vieussenius
754 3303 858 3327 autem
884 3296 914 3327 &
939 3294 1105 3327 thoracem
1122 3317 1134 3334 ,
1158 3296 1191 3326 ὃ(
1215 3292 1342 3335 pulmo-

329 3360 386 3382 nes
409 3347 478 3380 sero
501 3343 638 3387 plenos,
662 3341 693 3372 δε
719 3337 788 3371 vasa
814 3338 933 3379 Magna
957 3339 1091 3378 omnia,
1125 3336 1148 3369 si
1196 3337 1343 3368 arteriam

334 3391 475 3433 excipias
491 3414 498 3427 ‚
523 3386 657 3420 dilatata
684 3380 952 3425 deprehenderat.
977 3382 1028 3415 Sic
1063 3382 1161 3414 etiarn
1195 3378 1344 3412 Praestan-

334 3434 469 3469 tiffimus
491 3432 556 3466 Vir
578 3427 729 3462 Hallerus
751 3429 764 3465 (
787 3432 801 3458 t
822 3427 836 3465 )
869 3422 939 3467 post
970 3423 1206 3460 haereditariam
1240 3424 1348 3456 cordis

917 116 1082 174 Liber*
1108 117 1170 171 11.
1202 116 1287 172 De
1324 118 1530 172 Morbis
1561 116 1817 173 Thoracis

1400 197 1673 240 palpitationem,
1695 196 1843 231 Min-ales
1866 196 2163 241 quidem-'valvula
2185 204 2271 231 totas
2302 191 2407 243 duris·

1398 240 1491 274 simas
1512 242 1546 274 δι
1570 238 1767 273 solidiffimas
1788 239 1949 281 offendit,
1981 243 2013 274 δε
2043 241 2242 276 calculorum
2273 246 2408 273 materia

1401 283 1480 318 adeo
1501 283 1629 326 plenas,
1652 291 1686 316 ut
1710 282 1815 324 paffim
1838 282 1978 318 disseffis
2000 283 2090 318 fibris
2120 292 2283 327 creparent
2305 306 2317 322 ,
2356 279 2407 315 sed

1401 331 1434 360 &
1457 337 1585 360 carnem
1609 326 1752 369 proximi
1777 327 1979 361 Pulmonaris
2003 327 2097 362 Sinus
2130 327 2309 371 lapidosam
2329 349 2342 365 ‚
2373 326 2406 357 δε

1400 369 1509 404 cordis
1531 368 1631 412 ipsius
1664 379 1791 411 partem
1824 369 2062 413 semilapideam
2082 393 2094 411 ,
2123 373 2156 404 δε
2189 368 2405 414 pericardium

1401 414 1510 458 paffim
1532 423 1603 447 tum
1627 412 1757 447 scirrhis
1779 413 1953 452 obsessum,
1993 422 2064 448 tum
2090 413 2186 447 cordi
2218 414 2369 447 adi-natum
2393 424 2404 450 3

1402 467 1439 492 ut
1461 458 1546 497 alia,
1571 459 1604 490 δε
1627 457 1662 490 in
1685 454 1737 490 his
1758 467 1829 499 quae
1851 457 1889 492 de
1913 457 2050 502 rigidis,
2074 456 2405 500 &inexplicabilibus

1396 504 1431 537 in
1454 500 1568 534 eodem
1589 499 1740 534 cadavere
1762 502 1876 534 Aortae
1907 501 2043 536 valvulis
2076 501 2246 536 retulimus
2276 509 2370 533 antea
2389 522 2403 540 ,

1397 545 1705 589 praetermittamus,
1727 544 1894 588 multoque
1916 547 2020 588 magis
2049 556 2119 587 quae
2152 545 2187 578 in
2218 546 2295 577 Anu
2326 545 2405 586 qua-

1394 590 1468 623 dam
1490 591 1505 628 (
1527 598 1547 621 u
1568 590 1583 627 )
1604 586 1684 621 cons
1704 589 1772 621 exit
1793 598 1858 622 non
1891 587 1992 622 modo
2026 589 2061 621 in
2097 588 2203 630 aliqua
2235 586 2405 621 earundem

1393 632 1593 667 valvularum
1605 654 1618 671 ,
1642 630 1671 663 se
1717 635 1749 665 δι
1773 631 1808 664 in
1832 633 1982 674 proxima
1992 633 2116 668 Aona,
2140 632 2319 675 arteriaque
2331 629 2406 663 Pul-

1395 676 1518 710 monari
1532 697 1541 713 ,
1565 674 1662 707 corde
1683 673 1782 717 ipso,
1806 675 1838 708 &
1861 674 1927 718 ejus
1950 677 2074 709 arteriis
2083 676 2273 709 Coronariis
2285 673 2406 717 ,quip-

1396 732 1433 765 pe
1455 719 1600 762 graviora
1622 728 1717 759 quam
1740 719 1828 761 quod
1851 720 1885 751 in
1907 720 2004 753 altera
2028 719 2156 754 Mitrali
2179 720 2305 753 valvula
2317 727 2382 751 erat
2396 739 2404 752 ι

1397 762 1572 807 praesertim
1593 772 1670 794 vero
1690 762 1765 805 quia
1788 760 1827 796 de
1860 763 1979 797 morbis
2011 764 2068 806 qui
2102 762 2268 797 mulierem
2299 761 2406 797 vexas·

1395 808 1484 845 sent,
1510 805 1593 840 nihil
1616 804 1760 851 torisia.

1443 861 1490 895 13.
1516 849 1575 884 Sed
1600 847 1665 883 huc'
1687 847 1766 884 adde
1789 860 1902 884 eorum
1923 849 2173 885 Observationes
2193 874 2207 892 ‚
2238 852 2295 894 qui
2328 858 2404 886 curn
2439 886 2441 888 .

1394 894 1519 934 osseas,
1542 901 1597 927 aut
1620 891 1765 934 rigidas,
1788 893 1912 936 suisque
1933 893 2051 928 officiis
2085 895 2222 938 impares
2253 895 2403 930 Mitrales

1395 938 1535 972 valvulas
1556 938 1762 978 invenerint,
1784 938 1919 971 minime
1942 938 1975 970 in
1998 938 2041 971 iis
2058 949 2130 982 quae
2154 939 2295 972 viventes
2316 937 2404 974 affli-

1389 990 1523 1019 xerant,
1545 980 1792 1024 palpitationem
1815 989 2053 1015 memorarunt.
2075 982 2164 1015 Nam
2183 1017 2186 1019 μ
2202 983 2336 1024 Peyerus
2366 982 2405 1016 de

1390 1038 1424 1059 ea
1436 1025 1576 1067 Virgine
1586 1048 1599 1065 ,
1612 1035 1627 1056 a
1640 1023 1777 1066 Glasero
1788 1048 1800 1065 ,
1826 1025 1883 1059 suo
1895 1026 2088 1068 Praeceptore
2098 1048 2112 1065 ,
2134 1024 2261 1059 disseeta
2273 1047 2283 1064 ‚
2295 1027 2329 1059 in
2341 1036 2404 1069 qua

1395 1069 1468 1102 illas
1481 1077 1620 1102 mutatas
1632 1066 1774 1102 vidit‘in
1797 1067 1908 1112 offeam
1926 1067 2020 1109 plane
2039 1067 2271 1111 substantiam,
2294 1068 2404 1110 ostium

1390 1111 1653 1155 praecludentem,
1676 1122 1750 1145 cum
1773 1111 1947 1149 hauduno
1969 1112 2004 1145 in
2028 1113 2161 1155 Scripto
2183 1113 2277 1146 verba
2308 1114 2404 1147 faciat

1395 1159 1410 1196 (
1434 1158 1510 1194 x),
1537 1153 1621 1187 nihil
1645 1154 1685 1188 us
1706 1167 1779 1188 uam
1801 1165 2036 1189 commemorat
2061 1180 2073 1196 ‚
2105 1155 2163 1190 nisi
2202 1155 2404 1193 subitaneum

1389 1202 1424 1234 in
1448 1198 1525 1232 bene
1548 1197 1672 1231 valente
1719 1198 1898 1241 ydropem,
1921 1198 2096 1244 respirandi
2119 1199 2313 1235 difficultate
2336 1226 2345 1240 ‚
2370 1203 2404 1234 ἃ

1389 1243 1593 1285 inopinatam
1617 1238 1883 1275 suffocationem.-
1906 1244 1984 1285 quin
2007 1245 2156 1285 pauciora
2180 1242 2277 1277 habet
2298 1243 2405 1287 quide

1391 1285 1500 1320 eadem
1525 1286 1666 1327 Virgine
1689 1284 1728 1319 ad
1752 1285 1912 1320 Bonetum
1937 1286 2291 1330 sc1·ipsit‚Mangoltius
2314 1290 2403 1330 (y).

1389 1331 1463 1365 Nec
1488 1328 1631 1364 Bellinus
1655 1331 1670 1368 (
1692 1341 1717 1373 z
1737 1331 1753 1369 )
1774 1328 1914 1373 lapidem
1936 1330 1984 1363 ait
1998 1351 2008 1366 ‚
2030 1332 2064 1379 in
2089 1331 2185 1365 altera
2206 1331 2406 1366 valvularum

1390 1374 1578 1408 Min-alium
1601 1375 1748 1415 genitum
1760 1374 1887 1414 ‚aliud
1907 1373 1967 1406 nisi
1991 1376 2128 1409 maxime
2152 1376 2278 1409 variam
2300 1377 2403 1409 inter-

1390 1416 1559 1460 miffionem
1577 1416 1689 1459 pulsus
1708 1415 1906 1461 produxzffe,
1928 1416 2076 1464 mirisque
2100 1419 2229 1462 aegrum*
2247 1418 2405 1453 doloribus·

1387 1457 1551 1505 afflixiffi.
1581 1460 1651 1493 Nec
1674 1462 1894 1503 Cowperum‚
1916 1471 2010 1503 cujus
2033 1460 2104 1495 sunt
2127 1470 2268 1506 quatuor
2290 1462 2329 1497 de
2353 1461 2406 1498 sex

1388 1507 1455 1540 illis
1477 1504 1626 1548 Anglicis
1640 1525 1649 1540 ‚
1673 1503 1765 1546 supra
1786 1506 1800 1544 (
1822 1515 1840 1537 a
1862 1508 1877 1545 )
1899 1503 2064 1545 laudatis,
2087 1505 2378 1541 Observationibus
2392 1529 2403 1547 ,

1388 1560 1464 1584 cum
1487 1548 1522 1581 in
1548 1547 1653 1581 tribus
1679 1557 1860 1590 proponat,
1885 1556 1939 1582 aut
1972 1548 2099 1590 pingat*
2116 1547 2242 1583 easdem
2275 1562 2405 1593 quoque

1392 1592 1536 1626 valvulas
1558 1603 1597 1625 ex
1620 1592 1709 1633 parte
1733 1590 1894 1634 lapideas,
1927 1589 2039 1625 vidisti
2070 1597 2177 1626 tamen
2211 1594 2406 1636 palpitatio-

1393 1648 1466 1670 nem
1488 1644 1762 1669 commemorare.
1790 1635 1902 1675 Qam
1924 1632 1947 1668 si
1970 1634 2139 1676 fortuito,
2165 1645 2220 1671 aut
2244 1638 2312 1671 alio
2325 1650 2406 1681 pro..

1392 1678 1582 1723 perantibus
1606 1679 1670 1718 iis,
1692 1676 1944 1719 diligentissimis
1966 1681 2162 1721 caeteroquin
2182 1703 2195 1719 ,
2229 1682 2405 1724 Scriptori-

1388 1724 1468 1762 bus,
1494 1720 1641 1756 omissam
1662 1719 1858 1758 contendas;
1883 1732 1947 1754 non
1972 1723 2177 1763 pertinaciter
2201 1725 2406 1766 repugnabo.

1387 1768 1505 1811 Neque
1528 1767 1622 1799 aliter
1645 1764 1805 1805 sentiam,
1827 1762 2000 1799 sivolueris
2015 1789 2027 1805 ,
2049 1765 2087 1799 de
2099 1766 2292 1801 Hunauldio
2314 1767 2405 1809 (b),

1387 1812 1444 1854 qui
1469 1809 1551 1843 nihil
1578 1808 1636 1844 nisi
1661 1807 1819 1851 phthisim
1842 1807 1978 1843 recenset
2003 1810 2037 1843 in
2060 1821 2094 1843 ea
2117 1808 2253 1844 foemina
2269 1833 2279 1849 ‚
2312 1812 2405 1854 cujus

1387 1855 1529 1888 valvulas
1553 1853 1704 1887 Mitrales
1727 1853 1845 1896 reperit
1870 1853 1924 1887 hic
1949 1852 2020 1887 illic
2043 1852 2142 1887 osseas
2165 1852 2405 1898 fieriincipien..

1389 1907 1459 1938 tes,
1483 1907 1577 1940 atque
1600 1898 1650 1929 ita
1673 1897 1755 1929 inter
1777 1895 1807 1929 se
1829 1896 2028 1939 glutinatas,
2052 1905 2088 1931 ut
2112 1897 2255 1940 aretam,
2277 1897 2405 1942 sangui-

1389 1943 1438 1975 nis
1461 1942 1495 1974 in
1519 1940 1734 1973 ventriculum
1760 1941 1835 1981 via,
1855 1938 1975 1974 sinistra
1998 1938 2074 1974 esset
2097 1942 2239 1976 auricula
2263 1942 2405 1983 amplifi-

1389 1994 1460 2018 cata
1484 2008 1492 2016 .
1517 1983 1656 2026 Rogabo
1679 1994 1809 2024 tamen,
1832 1993 1869 2017 ut
1889 1984 1943 2018 Cl.
1970 1985 2108 2017 Fantoni
2133 1985 2183 2027 (c
2204 1989 2219 2026 )
2240 1985 2405 2020 Observa-

1390 2030 1515 2062 tionem
1539 2028 1646 2069 legas,
1668 2027 1726 2070 qui
1749 2028 1897 2062 Mitrales
1920 2028 2060 2062 valvulas
2083 2028 2211 2071 insolita
2234 2030 2405 2065 duritie&

1392 2070 1592 2113 craffitudine
1615 2071 1765 2110 invenit,
1787 2071 1821 2103 in
1845 2082 2014 2115 earumque
2025 2071 2126 2106 altera
2129 2069 2405 2115 fbt'liculosduos,

1389 2116 1424 2149 in
1447 2113 1549 2148 altera
1571 2123 1687 2150 unum,
1704 2112 1844 2156 singulos
1858 2113 1931 2158 fere
1953 2116 2063 2148 ciceris
2073 2115 2287 2157 magnitudine
2300 2139 2308 2154 ,
2332 2118 2405 2158 qui-

1391 2157 1450 2191 bus
1473 2157 1615 2199 apertis,
1633 2156 1765 2198 putrida
1787 2153 1918 2200 effluxit
1932 2181 1944 2199 ,
1961 2155 2103 2201 subflava
2123 2180 2136 2198 ‚
2169 2161 2211 2193 &
2245 2160 2403 2203 virescens

1389 2201 1546 2239 materia3
1571 2199 1639 2234 haec
1663 2208 1769 2234 autem
1792 2200 1821 2234 se
1845 2203 1878 2234 in
1903 2202 1979 2235 Sene
2006 2200 2147 2243 quodam
2169 2201 2365 2245 conspexisse
2388 2227 2403 2244 ,

1391 2243 1524 2278 testatur
1544 2268 1553 2283 ‚
1578 2245 1613 2277 in
1637 2255 1725 2286 qu0‚
1748 2254 1819 2277 cum
1842 2255 1882 2280 ex
1904 2244 1989 2278 lenta
2006 2243 2116 2288 febri,
2141 2246 2176 2280 Θ
2214 2245 2367 2285 stomachi
2390 2271 2400 2285 ‚

1389 2296 1428 2322 ut
1450 2285 1582 2330 ajebat,
1605 2287 1752 2330 languore
1775 2287 1829 2320 diu
1853 2289 2042 2333 aegrotaſjem
2066 2288 2153 2322 nulla
2183 2299 2321 2331 unquam
2355 2288 2406 2334 af-

1380 2329 1465 2374 fefii
1487 2331 1591 2363 cordis
1607 2330 1696 2373 figna
1720 2339 1954 2372 apparuerant.
1983 2330 2085 2371 Quod
2107 2331 2131 2365 si
2157 2332 2262 2367 missas
2298 2333 2340 2367 ad
2371 2343 2403 2368 te

1387 2385 1477 2408 antea
1500 2373 1661 2415 Epistolas
1686 2373 1826 2416 relegas5
1849 2375 2041 2416 Agricolam
2078 2376 2130 2417 ('‘
2152 2380 2166 2416 )
2202 2380 2337 2418 reperies
2369 2379 2404 2411 in

1383 2431 1451 2461 quo
1473 2416 1711 2458 excrescentiam
1735 2415 1804 2450 vidi
1826 2419 1943 2453 cinerei
1967 2419 2088 2452 coloris
2111 2441 2125 2458 ,
2157 2418 2270 2453 iisdem
2294 2421 2404 2456 valvu-

1386 2463 1425 2495 lis
1449 2462 1619 2501 innatam‚
1644 2471 1747 2494 raram
1772 2459 1842 2494 sane
1863 2461 1911 2493 vel
1935 2463 1968 2494 in
1991 2462 2118 2495 caeteris
2139 2462 2246 2496 cordis
2267 2465 2404 2498 valvulis

1389 2503 1615 2544 affeffionem,
1638 2505 1688 2538 uti
1712 2502 1876 2537 Lancifius
1897 2507 1911 2543 (
1932 2505 1952 2537 d
1973 2508 1987 2545 >
2011 2504 2238 2539 animadvertit
2252 2520 2262 2539 .-
2287 2519 2342 2541 nec
2355 2517 2403 2541 ta-

1390 2560 1463 2583 men
1487 2549 1572 2582 inter
1596 2547 1657 2580 alia
1679 2558 1750 2589 quae
1772 2557 1984 2590 aegrotantem
2009 2548 2091 2582 male
2115 2547 2299 2591 habebant,
2334 2552 2403 2594 pal-

1391 2592 1512 2635 pitatio
1534 2590 1599 2625 fuit
1612 2615 1623 2631 ,
1646 2599 1701 2623 aut
1713 2590 1860 2633 pulsuum
1875 2591 2077 2634 inaequalitas
2089 2604 2099 2630 5
2111 2604 2295 2636 quanquam
2307 2593 2376 2629 haec
2390 2620 2404 2636 ,

1391 2635 1414 2669 fi
1437 2637 1543 2669 minus
1566 2636 1616 2668 illi
1641 2631 1862 2681 vehementes,
1887 2633 2130 2678 frequentesque
2154 2635 2306 2678 fuissent,
2338 2650 2403 2673 non

1392 2678 1538 2714 defuisset
1564 2678 1713 2725 fortasse.
1849 2678 2053 2721 Sculptorem
2077 2691 2206 2723 quoque
2228 2684 2241 2719 (
2265 2692 2280 2715 e
2302 2686 2316 2722 )
2353 2683 2404 2715 in-

1392 2725 1517 2762 venies,
1541 2726 1572 2756 &
1597 2721 1746 2764 BaJulum
1769 2719 1878 2764 (f),
1913 2723 1997 2757 nulli
2019 2747 2032 2763 ,
2077 2723 2178 2757 donec
2226 2726 2403 2767 improvisa

1392 2768 1560 2810 apoplexia
1584 2776 1754 2808 utrumque
1775 2764 1881 2799 statim
1904 2765 2068 2807 confecit,
2092 2768 2207 2800 morbo
2229 2770 2276 2801 vel
2311 2769 2405 2804 levis-

1392 2811 1471 2844 simo
1493 2810 1674 2849 obnoxios,
1696 2820 1835 2851 quorum
1859 2808 1909 2842 illi
1934 2810 2031 2843 altera
2056 2811 2200 2844 Mitralis
2245 2812 2367 2846 valvula
2393 2835 2404 2850 ‚

1391 2856 1498 2889 colore
1516 2877 1529 2894 ,
1552 2864 1731 2895 naturaque
1755 2863 1879 2887 mutata
1905 2878 1914 2893 ,
1947 2852 2030 2887 faeta
2063 2864 2128 2888 erat
2162 2855 2270 2889 multo
2306 2868 2405 2901 quam

1392 2909 1518 2941 aequum
1542 2896 1602 2938 sit,
1625 2895 1764 2935 durior3
1798 2896 1875 2931 huic
1906 2906 2011 2930 autern
2046 2899 2078 2931 δέ
2112 2898 2302 2933 Mitralium
2325 2924 2338 2940 ,
2370 2904 2404 2934 &

1393 2941 1628 2984 Tricuspidum
1653 2940 1815 2974 nonnullae
1840 2940 1877 2975 ad
1902 2941 2042 2974 limbum
2079 2942 2328 2984 protuberabant
2364 2945 2399 2977 in

1391 2985 1540 3028 quasdam
1562 2983 1648 3028 quasi
1670 2983 1858 3027 glandulas,
1880 2995 1920 3017 ex
1940 2983 2055 3024 densa,
2080 2984 2233 3029 firmaque
2266 2985 2405 3020 substan-

1392 3031 1438 3062 tia
1462 3030 1666 3071 compacffias.
1694 3027 1778 3066 Sed5
1802 3037 1838 3061 ut
1884 3028 1987 3061 brevis
2011 3027 2091 3068 sim3
2123 3041 2179 3063 nec
2214 3029 2294 3064 duos
2327 3030 2404 3064 illos

1393 3073 1507 3113 Senes,
1529 3073 1567 3106 de
1590 3072 1706 3115 quibus
1719 3070 1822 3116 *supra
1846 3075 1856 3110 (
1877 3082 1898 3114 g
1921 3076 1934 3112 )
1957 3083 2031 3106 cum
2074 3073 2112 3107 de
2157 3072 2404 3108 Semilunaribus

1392 3117 1530 3151 valvulis
1554 3116 1656 3150 sermo
1679 3114 1777 3154 esset,
1800 3114 1978 3149 indicatum
2001 3115 2066 3154 est,
2090 3117 2145 3150 hic
2167 3118 2288 3151 iterum
2313 3129 2405 3151 com-

1394 3161 1582 3194 memorabo
1596 3184 1608 3200 ,
1630 3169 1769 3201 quorum
1794 3159 1885 3191 alteri
1912 3160 2063 3193 Mitrales
2085 3160 2245 3194 crassiores
2280 3171 2371 3194 erant
2393 3183 2405 3199 ‚

1392 3205 1486 3237 alteri
1510 3203 1564 3236 hic
1588 3203 1657 3235 illic
1680 3201 1789 3235 durae:
1814 3204 1847 3235 &
1869 3204 2022 3236 omittam
2045 3205 2228 3247 complures
2252 3204 2405 3245 alios,in

1393 3248 1509 3290 quibus
1533 3258 1639 3280 earum
1663 3245 1780 3278 limbos
1803 3245 1925 3287 duros,
1948 3250 1981 3280 δε
2005 3247 2169 3282 tuberosos
2194 3250 2319 3288 inveni,
2334 3259 2405 3291 quae

1393 3302 1440 3325 res
1463 3293 1629 3334 aliquanto
1652 3291 1756 3322 minus
1781 3289 1910 3323 idoneas
1934 3290 2038 3324 reddit
2061 3291 2171 3324 officio
2193 3292 2251 3326 suo
2271 3315 2283 3332 ,
2306 3291 2366 3325 sive
2387 3302 2406 3324 a

1394 3336 1548 3377 peculiari
1572 3334 1656 3365 vitio
1680 3333 1735 3365 illa
1758 3331 1818 3371 fit,
1844 3332 1906 3366 five
1928 3334 1970 3368 ab
1991 3346 2031 3367 eo
2051 3335 2141 3377 quod
2176 3334 2304 3369 invehit
2338 3334 2406 3378 ipsa

1399 3388 1500 3419 aetas;
1521 3389 1593 3411 nam
1617 3378 1707 3411 &in
1730 3378 1842 3411 vetulo
1866 3388 1942 3409 cane
1965 3376 2006 3410 fic
2030 3379 2123 3418 vidi,
2147 3379 2253 3423 estque
2277 3388 2347 3413 tum
2371 3379 2406 3411 in

1399 3420 1452 3455 his
1476 3421 1633 3461 valvulis,
1656 3429 1727 3455 tum
1750 3423 1783 3454 in
1808 3420 2082 3464 Tricuspidibus‚
2108 3424 2143 3455 in
2175 3423 2290 3466 quibus
2322 3423 2409 3464 pari-

2317 3474 2364 3498 ter

355 3557 2413 3582 ..-..---——-—-————-—-——-——-—--—-—-——————,-—-—--

395 3628 409 3656 (
424 3625 465 3657 p)
481 3625 566 3650 Traite
579 3624 611 3649 du
627 3625 706 3648 Coeur
722 3621 758 3647 ch.
777 3624 815 3647 ιθ.

425 3665 435 3680 ι
456 3671 460 3680 ,ν
477 3655 533 3680 Obs.
550 3655 583 3679 cit
609 3654 677 3683 supra
689 3670 696 3683 ‚
715 3661 738 3677 n.
756 3661 779 3682 9.
796 3653 819 3676 ik
837 3659 874 3676 io.
936 3651 951 3680 (
964 3658 981 3673 u
998 3650 1005 3680 )
1023 3649 1081 3674 Obs.
1102 3657 1137 3679 51.
1200 3648 1214 3677 (
1229 3656 1244 3670 x
1261 3646 1269 3677 )
1286 3648 1367 3672 Meth.

395 3659 439 3719 ξ]
455 3687 469 3715 )
487 3686 609 3715 Sepulchr.
627 3688 642 3709 l.
665 3693 686 3714 3.
702 3685 726 3708 S.
745 3690 781 3712 19.
800 3681 857 3706 Obs.
876 3689 898 3711 3.
918 3681 937 3712 §.
955 3684 979 3704 6.
1044 3680 1057 3708 (
1075 3682 1118 3713 z.)
1134 3682 1169 3703 De
1185 3678 1268 3703 Morb.
1284 3679 1371 3703 Festa.

396 3719 411 3746 (
427 3726 438 3742 c
454 3718 467 3744 3
483 3719 518 3740 De
535 3715 593 3740 ΟΜ.
611 3717 678 3739 Med.
696 3714 767 3744 Epist.
786 3716 807 3737 8.
827 3721 852 3737 n.
868 3720 906 3745 ao.
967 3711 981 3739 (
996 3709 1011 3724 '¹‘
1026 3710 1041 3739 3
1057 3710 1131 3738 Epist.
1151 3717 1182 3733 ιι,
1201 3717 1224 3732 n.
1242 3716 1279 3742 ¹11.

395 3750 405 3779 s
423 3757 435 3773 e
451 3748 464 3777 2
481 3747 553 3776 Epiri.
572 3754 592 3776 3.
611 3754 636 3771 n.
654 3750 692 3770 ²6.
757 3745 772 3774 (
784 3744 799 3774 ί
811 3744 825 3772 )
842 3743 905 3768 lbid.
923 3749 947 3767 n.
964 3750 990 3770 4.
1052 3742 1066 3770 (
1078 3749 1097 3771 g
1115 3741 1124 3772 )
1141 3748 1165 3765 n.
1184 3747 1222 3764 ιο.
1241 3747 1266 3763 in
1283 3739 1324 3764 fin.

876 3620 891 3650 (
908 3628 922 3650 q
941 3619 1018 3649 >Ast
1038 3620 1071 3642 Ν.
1088 3619 1117 3644 C.
1135 3620 1208 3643 Toni.
1228 3624 1251 3641 ι.
1269 3615 1325 3640 obs.
1346 3624 1398 3644 ¹70.

1463 3613 1473 3646 (
1489 3625 1501 3641 r
1516 3616 1526 3646 )
1542 3616 1603 3640 Hist.
1621 3616 1650 3641 de
1666 3617 1684 3641 1’
1692 3616 1854 3641 Aead.R.des
1870 3619 1909 3642 Sc.
1922 3620 2027 3647 A.i729.
2040 3616 2098 3641 Obs.
2111 3618 2182 3643 Anat.
2194 3627 2216 3647 7.
2280 3618 2332 3650 (s)
2346 3625 2371 3643 n.
2381 3620 2409 3643 6.

1384 3648 1445 3673 nist.
1463 3650 1537 3672 Anat.
1555 3655 1577 3671 c.
1593 3651 1617 3671 6.
1635 3647 1659 3671 in
1676 3647 1755 3671 Senot.
1773 3650 1795 3671 δι
1812 3649 1890 3672 Paeon.
1910 3649 1934 3672 δε
1951 3648 2051 3679 Pythag.
2070 3650 2158 3673 Exere.
2177 3658 2214 3677 24-

1449 3678 1457 3705 (
1469 3687 1484 3702 a
1494 3678 1504 3707 )
1520 3685 1571 3707 n.9.
1581 3680 1602 3702 δι
1612 3686 1649 3703 10.
1714 3678 1770 3707 (b)
1787 3678 1883 3702 Risi-de
1892 3679 1984 3703 l'Acad.
1994 3679 2408 3709 R.desSc.A.1735.Obs.Anat.6.

1342 3710 1356 3739 (
1371 3709 1389 3734 d
1403 3713 1412 3739 )
1428 3711 1464 3734 De
1482 3709 1561 3734 Subit.
1578 3711 1660 3734 Mon.
1676 3710 1694 3733 l.
1711 3717 1734 3733 ι.
1753 3711 1775 3739 9.
1790 3716 1814 3737 7.
1830 3709 1852 3733 81
1869 3711 1893 3734 8.
1911 3710 1990 3735 schol.
2007 3711 2037 3735 ad
2055 3710 2115 3734 Obs.
2134 3711 2204 3741 Phys.
2224 3712 2288 3736 iisset!⁴
2306 3720 2330 3740 4.
