2498 4075
365 225 524 274 plebeiis,
550 225 685 272 persaepe
706 225 831 269 ignotis
842 250 854 267 ,
876 236 932 260 nec
956 225 993 259 de
1016 224 1105 264 alio,
1127 222 1182 257 nisi
1206 236 1271 266 quo
1282 225 1359 257 tunc

358 282 537 317 urgentur,
561 270 677 305 morbo
699 271 732 302 in
744 269 954 303 Nosocomiis
978 268 1067 311 queri
1094 266 1223 307 solitis,
1246 266 1358 302 frustra

374 317 432 355 „0st
455 317 582 349 obitum
605 315 803 357 inquiritur;
829 312 887 346 Sed
911 311 975 346 duo
998 320 1101 344 tamen
1135 320 1221 344 certa
1256 310 1326 343 sunt
1348 333 1361 350 ,

352 328 416 394 ‘iiis
438 360 586 394 omnibus
611 358 876 400 lacrymationem
900 352 1071 388 necessario·
1084 352 1200 393 fuisse,
1224 353 1262 385 ab
1284 354 1361 386 alte-

363 407 402 442 ,r'o
425 402 555 445 quidem
578 401 672 434 oculo
695 399 837 435 secundae
860 398 1026 437 foeminae,
1047 398 1161 442 illique
1182 398 1361 435 vir03rnu-

364 446 437 479 lieri
463 455 567 482 autem
591 445 726 488 primae,
752 446 782 476 δι
807 443 877 474 viro
900 441 975 475 huic
999 441 1116 474 ultimo
1139 441 1178 473 ab
1201 450 1360 483 utroque.-

361 498 461 532 neque
485 489 543 524 ulli
571 488 687 522 horum
709 486 896 529 lacrymales
919 485 986 518 vias
1001 498 1010 525 ‚-
1027 483 1111 519 adeo
1133 484 1288 521 coalitas,
1311 494 1359 516 re-

361 532 455 566 serari
479 530 633 576 potuiss'e.
990 529 993 534 ⁴
1048 569 1059 573 Η

408 576 459 609 28.
486 579 523 609 In
549 575 614 608 illis
639 569 1083 616 autemdacrymationibus,
1106 580 1240 613 quarum
1264 569 1362 603 causae

360 619 421 652 fint
447 628 499 654 aut
525 618 636 653 harum
659 619 786 649 viarum
809 614 1066 654 obstructiones‚
1090 622 1144 646 aut
1166 612 1187 645 fi
1202 613 1362 653 coalitus,

358 664 387 696 is
412 673 516 696 tamen
540 663 594 705 qui
619 663 652 694 in
677 660 809 693 summis
830 680 842 697 ‚
875 658 989 691 imisve
1026 656 1161 689 orificiis
1193 655 1361 689 dumtaxat

358 706 560 745 contigerit,
583 702 821 745 compreffiones
845 712 971 743 quoque
991 724 999 738 ‚
1039 699 1089 732 sed
1123 711 1194 742 quae
1228 698 1362 732 necdum

360 744 513 792 majofem
537 748 691 780 coalitum
718 745 911 784 intulerint,
937 752 1001 776 arte
1026 743 1129 776 aurem
1143 741 1257 784 poffint
1274 753 1362 775 amo-

360 794 452 832 veri,
477 800 513 824 ut
537 799 616 833 puta
639 788 660 822 fi
687 789 852 831 polypus,
876 794 930 820 aut
954 786 974 819 si
999 798 1075 819 caro
1095 811 1103 825 ,
1127 794 1162 818 ut
1185 786 1218 817 in
1255 785 1362 818 obser·-

356 838 485 868 vatione
510 834 619 866 Praecl.
645 831 823 865 Molinellii
847 833 861 869 (
886 831 906 871 l<
926 834 962 871 ),
985 841 1000 862 e
1023 831 1173 872 proximo
1198 828 1299 861 ulcere
1310 840 1362 862 ex-

356 877 495 911 crescens
519 878 618 909 imam
651 874 766 907 duetus
804 881 927 915 partem
952 873 1205 916 comprimeret3
1229 872 1363 905 minime

357 921 490 955 dubium
513 919 555 953 est
579 918 649 962 post
671 916 779 950 felicia
803 916 1041 959 ingeniosorum
1065 917 1224 948 Virorum
1237 917 1363 958 experi-

361 973 467 998 menta
487 987 499 1003 ,
521 964 601 1005 quin
635 960 815 1003 Chirurgia
848 960 941 1003 potiit
972 959 1127 1003 opitulari
1152 984 1159 992 .
1193 959 1361 993 Mitiffima

359 1009 506 1041 omnium
530 1006 595 1045 est,
616 1016 687 1049 quae
712 1003 887 1037 levioribus
911 1003 1027 1037 sufficit
1051 1001 1326 1036 obstinationibus
1350 1026 1363 1044 ,

357 1051 551 1085 Auelliana:
575 1049 614 1083 de
637 1060 697 1090 qua
723 1048 801 1081 alibi
825 1050 839 1086 (
861 1047 911 1089 ³³)
936 1060 952 1080 a
975 1046 1067 1079 nobis
1090 1046 1244 1088 scripturn
1266 1046 1331 1079 fuit
1357 1071 1364 1077 .

359 1093 470 1136 Hujus
493 1103 597 1126 tamen
621 1093 712 1125 illam
734 1100 856 1134 partem
880 1102 950 1133 quae
972 1091 1007 1122 in
1031 1091 1134 1134 tenuis
1158 1088 1277 1130 specilli
1313 1100 1367 1130 per

362 1138 499 1171 alterum
525 1135 716 1178 Lacrymale
741 1135 899 1168 Funerum
923 1135 955 1166 in
980 1144 1069 1166 nares
1092 1132 1367 1179 usqueimmiffio-

358 1191 398 1217 ne
420 1179 563 1213 confistit
578 1203 587 1218 ‚
612 1179 641 1213 se
666 1188 738 1211 ante
759 1178 926 1211 Anellium
953 1175 1177 1210 administrasse
1191 1197 1200 1211 ,
1223 1178 1253 1209 &
1267 1175 1308 1208 hc
1322 1187 1369 1209 re-

359 1222 465 1258 i'erass‘e
491 1222 625 1259 nasalem
650 1221 806 1262 duc‘tum,
830 1220 978 1255 Valsalva
1012 1221 1046 1253 in
1080 1218 1235 1252 Consiliis
1270 1231 1287 1252 a
1317 1231 1368 1253 me

362 1267 512 1314 perlec‘tis
537 1265 731 1299 affirmabat.

409 1321 459 1352 29.
489 1312 538 1344 De
565 1307 770 1342 Tumoribus
793 1317 899 1341 autem
923 1306 1062 1349 Cysticis
1084 1307 1119 1338 in
1151 1314 1234 1348 quos
1264 1306 1372 1349 palpe-

370 1351 499 1388 brarum
523 1351 687 1395 glandulae
712 1351 911 1392 dilatentur,
933 1352 1033 1394 deque
1055 1348 1172 1383 horum
1206 1350 1372 1396 curatione

364 1408 440 1431 curn
463 1394 529 1439 ipse
552 1399 566 1435 (
589 1395 600 1428 l
624 1399 659 1435 )‚
683 1404 753 1427 tum
775 1406 836 1437 ego
861 1399 871 1434 (
895 1406 926 1428 m
946 1395 963 1437 )
989 1394 1054 1427 alio
1077 1393 1150 1426 loco
1171 1391 1371 1435 stripfimus.

362 1440 542 1483 Reliquum
565 1438 607 1472 est
630 1438 754 1480 igitur,
778 1448 815 1471 ut
838 1438 876 1472 de
899 1439 989 1471 vitiis
1011 1437 1176 1470 Ciliorum
1199 1448 1295 1470 unam
1317 1445 1372 1469 aut

369 1485 504 1519 alteram
528 1479 832 1516 animadverfionem
858 1480 1026 1525 subjiciam
1040 1505 1047 1511 .
1073 1482 1156 1514 Leve
1178 1479 1261 1514 illud
1283 1479 1372 1512 vide-

366 1537 422 1564 tur
443 1529 565 1561 vitium
589 1524 678 1569 quod
702 1526 735 1557 in
756 1525 833 1565 albo
858 1536 967 1558 eorum
999 1525 1107 1558 colore
1138 1522 1180 1557 est
1198 1548 1205 1555 .
1244 1522 1373 1557 Vifioni

364 1579 474 1606 tamen
501 1570 636 1606 noxium
660 1567 698 1601 fit
723 1569 757 1601 in
782 1570 931 1611 praeclara
955 1569 1048 1609 luce,
1071 1566 1186 1600 necesse
1209 1566 1251 1600 est
1271 1592 1278 1600 .
1303 1567 1374 1599 Ne-

361 1627 422 1657 que
447 1615 534 1648 enim
560 1612 737 1654 superfluos
760 1611 836 1645 satis
858 1621 959 1645 arcere
982 1611 1086 1654 potest
1108 1609 1234 1643 radios.
1260 1612 1374 1652 Itaque

361 1658 445 1702 apud
470 1656 566 1700 Casp.
591 1654 819 1689 Hofmannurn
845 1659 859 1695 (
880 1665 900 1687 n
923 1659 937 1696 >
959 1663 1046 1688 extat
1071 1651 1235 1696 cujusdam
1268 1665 1373 1687 exem-

362 1703 480 1747 plum,
504 1701 563 1744 qui
585 1710 660 1734 cum
682 1698 758 1732 cilia
783 1697 914 1732 haberet
928 1697 1059 1739 albida,
1081 1698 1206 1740 quoties
1219 1695 1287 1729 haec
1301 1697 1375 1740 pin-

362 1746 521 1793 gebantur
546 1751 725 1777 atramento
741 1765 755 1783 ,
778 1743 892 1775 melius
915 1741 1062 1775 videbat.
1089 1740 1193 1773 Incidi
1227 1751 1289 1773 non
1328 1739 1374 1773 se-

363 1791 427 1824 mel
450 1790 485 1822 in
510 1788 658 1822 homines
681 1796 821 1829 quorum
844 1786 904 1826 pili
915 1784 953 1818 ab
967 1795 1044 1819 ortu
1054 1784 1115 1817 albi
1130 1791 1238 1823 erant,
1255 1783 1374 1816 iidem-

367 1844 429 1876 que
454 1843 564 1867 omnes
587 1830 817 1864 caecutiebant.
841 1826 935 1862 Num
960 1828 1003 1862 ob
1034 1829 1177 1861 colorem
1208 1827 1376 1860 dumtaxat

360 1873 543 1911 ciliorum?
565 1874 671 1909 Facile
693 1872 826 1913 fuiss'et,
848 1871 870 1905 {i
896 1881 1040 1915 tempus,
1066 1873 1097 1904 &
1122 1871 1210 1904 locus
1233 1869 1378 1912 denigra-

363 1932 395 1954 re
418 1920 495 1953 cilia
519 1915 751 1961 permisissent,
775 1917 1051 1958 experimentum.
1077 1913 1134 1947 Sed
1146 1913 1226 1956 quid
1237 1912 1375 1956 estquod

359 1964 399 1998 de
425 1962 538 1997 iisdem
562 1961 692 1998 audivi,
726 1958 752 1992 >fi
776 1960 911 2001 capillos
946 1958 1102 1991 tondeant
1122 1979 1131 1994 ‚
1167 1965 1235 1989 tum
1266 1957 1374 1990 multo

356 2008 460 2050 tnagis
480 2006 629 2041 caecutire
648 2003 664 2039 ἓ
799 2003 912 2044 Longe
937 2003 1086 2045 graviora
1109 1999 1269 2049 oculisq&
1291 2000 1373 2033 mala

357 2052 457 2090 sunt,
479 2053 512 2083 δε
537 2048 679 2092 pericula
703 2048 875 2081 imminent
899 2057 938 2079 ex
962 2046 1003 2079 iis
1025 2045 1178 2078 ciliorum
1203 2044 1293 2079 vitiis
1304 2055 1373 2086 quae

359 2092 566 2133 Trichiasis,
590 2094 623 2125 ’δε
656 2088 859 2126 Distichiafis
893 2089 1093 2132 appellantur
1113 2112 1121 2119 .
1153 2087 1252 2120 Ciliis
1286 2088 1373 2120 enim

357 2147 412 2173 aut
435 2136 473 2174 ad
497 2139 507 2169 i
534 2136 582 2171 sos
606 2135 720 2170 oculos
743 2131 901 2169 converfis
916 2154 924 2169 ‚
948 2142 1002 2175 aut
1026 2132 1169 2175 pilorum
1194 2130 1260 2163 alio
1278 2129 1371 2163 ordi-

358 2193 396 2217 ne
421 2181 481 2216 sub
503 2178 578 2222 ipfis
598 2177 837 2221 succrescente,
864 2178 895 2209 &
919 2176 1090 2218 protinus,
1115 2183 1151 2207 ut
1174 2173 1285 2208 Celsus
1309 2173 1371 2215 (o)

355 2226 529 2268 loquitur,
553 2223 641 2257 intus
663 2221 703 2253 ad
725 2220 828 2254 oculos
852 2219 996 2253 tendente
1021 2242 1030 2256 ‚
1063 2216 1102 2252 tii
1136 2216 1265 2251 moleste
1296 2216 1375 2250 adeo

358 2270 555 2308 irritantur,
578 2273 615 2299 ut
639 2264 861 2298 irritationem
885 2262 1096 2302 insanabilis,
1119 2259 1177 2293 nifi
1202 2272 1236 2293 ea
1249 2261 1374 2294 tollan-

359 2322 415 2346 tur
425 2312 505 2344 vitia
519 2332 528 2347 ‚
552 2308 768 2342 inflammatio
782 2306 923 2348 excipiat
934 2330 947 2346 ,
967 2305 1050 2339 hanc
1073 2313 1182 2338 autern
1196 2303 1291 2338 facile
1310 2316 1372 2339 cae—

364 2356 470 2389 citas.
496 2352 591 2387 Tolli
617 2360 722 2384 autem
747 2351 802 2383 illa
827 2349 870 2382 fic
893 2358 930 2382 ut
952 2350 1023 2382 cito
1046 2359 1110 2381 non
1135 2346 1283 2387 redeant,
1316 2358 1370 2380 ne-

385 2408 522 2440 uaquam
545 2393 673 2438 possunt
691 2417 704 2435 ,
725 2393 783 2426 nisi
807 2402 862 2434 per
885 2401 934 2424 eas
957 2394 1141 2426 curationes
1151 2402 1221 2433 quae
1232 2399 1370 2424 autcum

360 2410 499 2482 dolore,
521 2439 571 2473 vel
597 2439 708 2479 potius
730 2448 804 2470 curn
826 2444 1014 2475 tormento,
1037 2442 1090 2469 aut
1105 2435 1203 2481 etiam
1217 2445 1289 2467 cum
1303 2435 1370 2476 pal-

365 2486 534 2529 pebrarum
557 2480 652 2515 limbi
677 2480 886 2515 mutilatione
908 2476 1091 2520 conjunecae
1114 2478 1176 2510 lint
1194 2500 1206 2518 ,
1240 2488 1338 2520 quam
1359 2498 1368 2513 ‚

949 140 1107 196 Liber
1135 140 1177 194 1¹,
1211 138 1295 194 De
1331 137 1538 193 Morbis
1572 136 1776 202 Capitis

1414 231 1539 264 praeter*
1550 220 1787 255 deformitatem
1799 245 1811 261 ,
1831 230 1963 261 «vereor,
1986 224 2046 262 ne,
2070 220 2156 255 forte
2176 220 2287 255 clausis
2300 221 2405 264 postea

1415 271 1468 307 p'er
1489 263 1651 305 inductam
1674 265 1857 297 cicatricem
1880 265 2032 297 extremis
2056 264 2251 298 sebacearum
2274 277 2345 308 quae
2370 267 2405 298 in

1412 306 1500 340 tarsis
1524 307 1618 348 sunt,
1641 307 1859 349 glandularum
1892 305 2061 348 duffibus,
2084 319 2146 341 non
2170 314 2270 342 unum
2298 308 2409 341 conse-

1412 360 1527 393 quatur
1550 351 1687 384 aliorum
1708 350 1895 385 morborum
1917 362 2013 393 genus
2027 376 2034 384 .
2060 352 2141 384 Haec
2164 363 2238 384 curn
2261 353 2305 384 ita
2328 351 2409 388 fint3

1414 395 1646 437 peroptandum
1671 395 1781 437 utique
1804 393 1933 434 fuisset,
1968 404 2004 427 ut
2036 396 2195 427 auxilium
2229 394 2338 428 {altem
2370 394 2410 428 ad

1411 449 1478 471 eam
1502 437 1667 471 arcendam
1689 439 1907 470 irritationem
1929 449 1946 470 a
1967 438 2019 470 Cl.
2044 438 2199 471 Erndelio
2221 441 2236 477 (
2254 438 2310 480 p)
2335 449 2411 480 pro-

1435 481 1575 521 olitum,
1599 491 1706 521 parem
1729 481 1859 522 ingenio
1880 492 1944 523 quo
1966 483 2186 523 excogitatum
2199 481 2265 521 est,
2286 482 2411 515 exitum

1411 492 1563 558 liaberet.
1586 524 1717 557 ‘Scilicet
1742 523 1904 566 palpebras
1927 525 2032 565 inter,
2052 527 2088 557 δε
2113 525 2242 558 oculum
2265 523 2411 558 nitidum

1413 579 1446 600 ac
1471 567 1665 610 perpolitum
1689 565 2077 609 vitruminterjiciendum
2092 567 2291 611 proponebat
2303 590 2316 607 ,
2328 567 2414 601 haud

1412 612 1505 644 aliter
1528 610 1649 643 smitum
1672 622 1766 653 quam
1790 610 2008 653 artificialem,
2029 622 2066 644 ut
2101 620 2217 644 vocant
2237 633 2250 651 ‚
2285 611 2414 644 oculum

1414 657 1557 688 videmus
1573 677 1584 693 ,
1611 653 1669 686 nisi
1693 653 1780 696 quod
1803 654 1865 687 sine
1889 653 1953 686 ulla
1977 655 2100 695 pictura
2123 653 2216 688 esset:
2250 651 2291 686 fic
2323 654 2410 686 enim

1415 696 1505 738 fore,
1529 707 1566 731 ut
1590 697 1649 739 pili
1677 696 1832 740 quidem,
1857 696 1906 730 sed
1932 708 1995 729 non
2020 697 2096 731 lucis
2119 698 2199 731 radii
2213 694 2416 732 excluderen-

1414 751 1488 774 tur.
1515 742 1639 774 Verum
1661 740 1722 773 sive
1745 750 1839 774 tenue
1862 739 1941 773 adeo
1963 741 2103 778 vitrum,
2128 751 2163 774 ut
2174 740 2279 786 radios
2290 751 2352 773 non
2365 750 2416 772 re-

1414 782 1587 827 fringeret,
1613 783 1792 826 periculosae
1815 784 1938 820 oculis,
1963 783 2109 818 fratf’turae
2133 794 2254 817 metum
2270 783 2417 825 incuffit,

1414 826 1476 860 s1ve
1500 839 1536 860 ne
1560 827 1748 860 insensibilis
1772 827 2012 869 per-spirationis
2035 825 2166 862 effluvia
2188 829 2308 862 vitrum
2332 825 2417 869 iugi-

1415 881 1463 904 ter
1487 870 1702 910 infuscarent,
1724 879 1777 903 aut
1801 870 1934 908 oculos,
1959 870 2060 903 aestate
2086 870 2262 912 praesertim
2277 896 2286 911 ,
2310 872 2414 903 nimio

1413 915 1519 949 calore
1542 913 1724 954 afficerent,
1750 921 1803 947 aut
1828 924 1881 956 per
1906 925 2027 947 moram
2053 915 2173 946 acriora
2198 913 2281 947 ᾗιᾶει
2306 914 2418 946 irrita-

1413 967 1508 997 rent,
1532 967 1586 992 aut
1611 957 1793 999 molestam,
1817 959 1849 990 ἃ
1873 956 2084 999 periculosam
2108 958 2212 991 tenuis
2229 958 2306 989 vitri
2317 955 2412 989 iden-

1416 1001 1516 1035 tidem
1540 1000 1717 1038 eximendi,
1743 1000 1937 1042 abstergendi
1959 1022 1968 1038 ,
1991 998 2166 1042 reponendi
2201 1000 2414 1034 necessitatem

1417 1043 1586 1085 afferrent,
1609 1045 1670 1078 five
1695 1045 1764 1078 alite
1796 1045 1954 1088 quaepiam
1985 1043 2082 1076 causae
2104 1067 2117 1084 ,
2174 1054 2288 1077 uarum
2323 1043 2419 1077 nullae

1418 1087 1484 1121 fere
1505 1087 1624 1121 cadunt
1654 1089 1686 1120 in
1709 1086 1885 1130 artificialis
1907 1087 1993 1132 oculi
2010 1086 2099 1120 usum
2117 1110 2126 1125 ,
2174 1086 2324 1121 chortatae
2336 1085 2421 1126 fint;

1419 1133 1577 1164 neminem
1602 1132 1721 1172 legere,
1749 1140 1802 1164 aut
1827 1130 1937 1164 audire
1969 1132 2110 1173 contigit
2131 1153 2144 1170 ,
2176 1132 2231 1173 qui
2268 1130 2306 1163 ab
2338 1137 2422 1163 anno

1421 1173 1517 1217 hujus
1543 1174 1650 1208 saeculi
1675 1173 1828 1216 vigesimo
1852 1173 1988 1207 secundo
2009 1185 2075 1216 quo
2099 1173 2131 1207 id
2165 1174 2278 1207 auxilii
2311 1173 2424 1216 vulga·

1423 1228 1493 1251 tum
1517 1217 1581 1258 est,
1604 1217 1640 1251 ad
1665 1217 1727 1251 hoc
1751 1227 1875 1258 tempus
1898 1219 1931 1250 in
1956 1216 2044 1251 usum
2079 1219 2212 1250 traxerit
2234 1239 2244 1255 ‚
2278 1226 2332 1250 aut
2365 1217 2423 1259 qui

1424 1260 1490 1305 ejus
1512 1262 1632 1295 notitia
1656 1262 1836 1300 excitatus,
1852 1261 1974 1294 'melius
1997 1261 2128 1303 aliquod
2153 1261 2336 1302 excogitare
2368 1270 2424 1293 co-

1423 1314 1515 1338 natus
1538 1304 1575 1338 fit
1590 1330 1597 1337 .
1733 1304 1858 1338 Doetus
1881 1303 1965 1337 idem
1990 1304 2053 1338 Vir
2086 1302 2174 1336 modi
2205 1301 2425 1346 conjecturam

1424 1348 1590 1392 proposuit
1615 1360 1682 1392 quo
1705 1349 1767 1389 pili
1791 1348 1825 1380 in
1849 1345 2020 1381 distichiafi
2045 1357 2109 1380 non
2121 1346 2263 1380 suoloco
2275 1357 2423 1390 prorum-

1423 1401 1522 1435 pant:
1548 1403 1640 1434 quem
1664 1393 1773 1425 locum
1796 1391 1947 1424 altiorem
1970 1390 2100 1423 videtur
2122 1391 2262 1422 indicare
2284 1400 2381 1433 quarn
2391 1390 2427 1423 in

1423 1446 1458 1468 ea
1481 1434 1552 1469 esset
1575 1432 1772 1475 distichiafi,
1794 1433 1882 1477 cujus
1907 1434 1943 1468 ad
1978 1445 2025 1467 me
2057 1432 2305 1475 descriptionem
2340 1432 2428 1467 mifit

1423 1479 1477 1511 Cl.
1502 1478 1703 1512 Tabarranus
1727 1480 1779 1521 (q
1800 1481 1831 1517 )-
1859 1479 1925 1511 Hic
1951 1481 2036 1511 enim
2059 1488 2098 1510 ex
2130 1477 2250 1511 osculis
2276 1477 2426 1511 Sebacea-

1424 1533 1496 1555 rum
1518 1522 1739 1564 glandularum
1763 1532 1833 1564 quae
1865 1522 1960 1563 paulo
1992 1530 2063 1554 ante
2095 1530 2283 1555 memoratae
2321 1520 2393 1554 sunt
2414 1543 2428 1562 ,

1424 1563 1624 1607 erumpentes
1649 1564 1757 1599 vidisse
1781 1564 1829 1604 se,
1851 1565 1972 1598 credit.
1998 1566 2073 1607 Ego
2105 1565 2191 1606 pilos
2228 1565 2284 1606 qui
2317 1572 2431 1607 praeter

1426 1617 1572 1641 naturam
1594 1609 1656 1642 sint
1671 1631 1679 1646 ,
1704 1617 1740 1641 ut
1763 1611 1797 1642 in
1822 1608 1893 1641 aliis
1918 1609 2011 1641 aliam
2026 1631 2034 1645 ‚
2060 1608 2105 1639 ita
2131 1606 2212 1641 hanc
2235 1619 2363 1650 quoque
2374 1618 2432 1651 pa-

1425 1663 1491 1685 rare
1513 1650 1570 1685 fibi
1593 1654 1677 1686 viam
1701 1650 1807 1694 posse,
1831 1661 1893 1683 non
1920 1651 2056 1690 dubito,
2081 1661 2134 1692 per
2158 1653 2352 1694 quamintra
2364 1651 2433 1694 pal-

1425 1696 1534 1738 pebras
1558 1705 1691 1728 exeant.
1722 1694 1879 1727 Nondum
1903 1706 1978 1726 vero
2002 1694 2142 1732 accidit,
2174 1703 2211 1727 ut
2249 1695 2280 1726 in
2314 1695 2398 1728 vivis
2417 1717 2431 1735 ,

1424 1738 1539 1771 nedum
1562 1740 1596 1771 iu
1613 1739 1754 1771 ‘mortuis
1772 1760 1780 1775 ‚
1804 1747 1838 1770 ut
1864 1738 2013 1775 mallem,
2040 1737 2161 1770 occasio
2185 1737 2268 1770 mihi
2305 1736 2433 1771 daretur

1427 1781 1494 1815 haec
1519 1781 1707 1824 diligentius
1733 1780 1954 1816 examinandi.
1977 1779 2053 1814 Nec
2077 1782 2196 1814 mirum
2222 1806 2228 1812 .
2278 1782 2367 1814 Nam
2410 1780 2433 1814 {i

1405 1840 1408 1841 ⁷
1426 1826 1568 1859 membra
1590 1825 1742 1867 quaelibet
1768 1823 1897 1857 humani
1922 1824 2071 1866 corporis
2094 1835 2132 1856 ex
2154 1836 2192 1856 eo
2203 1825 2434 1866 particularum

1425 1880 1561 1902 numero
1584 1868 1750 1908 constant,
1775 1877 1810 1900 ut
1834 1867 2021 1910 perdifficile
2044 1865 2083 1899 fit
2106 1878 2215 1900 omnes
2238 1865 2436 1911 singularum

1429 1912 1560 1945 morbos
1583 1914 1617 1945 in
1643 1911 1850 1945 cadaveribus·
1868 1910 2118 1953 recognoscendi
2149 1909 2343 1945 occasionem
2376 1910 2435 1945 ha-

1424 1955 1519 1995 bere3
1543 1966 1665 1999 quanto
1689 1956 1721 1989 id
1747 1954 1913 1988 difficilius
1938 1956 1998 1987 erit
2032 1955 2066 1986 in
2103 1956 2201 1988 oculo
2227 1952 2240 1987 ?
2268 1957 2328 1998 qui
2360 1966 2437 1989 cum

1425 1998 1463 2031 iit
1488 2011 1526 2032 ex
1551 2009 1624 2039 tot,
1647 2009 1714 2033 tam
1739 1999 1837 2031 variis
1853 2022 1864 2037 ,
1888 2009 2018 2041 tamque
2042 1998 2193 2033 tenuibus
2217 2006 2289 2033 tum
2312 2000 2346 2032 in
2370 1998 2399 2032 se
2425 2021 2436 2038 ‚

1423 2050 1495 2074 tum
1519 2044 1553 2074 in
1574 2043 1617 2075 iis
1639 2054 1709 2085 quae
1733 2043 1782 2074 illi
1807 2042 2000 2075 extrinsecus
2024 2040 2144 2082 adjeeta
2170 2042 2265 2082 sunt,
2289 2043 2437 2085 particu-

1424 2085 1463 2117 lis
1487 2086 1699 2128 compac'tus‚
1724 2093 1872 2127 praeterea
1897 2084 1939 2118 est
1963 2085 2065 2124 aeris,
2089 2084 2364 2128 aliisqueinjuriis
2379 2097 2437 2120 ex-

1424 2127 1568 2170 politus,
1591 2132 1624 2162 &
1649 2127 1788 2165 affiduo,
1813 2126 1871 2161 nifi
1893 2139 1966 2161 cum
1991 2127 2197 2168 dormimus,
2230 2130 2304 2163 usui
2337 2129 2438 2163 addi,

1423 2171 1516 2210 &us3
1540 2181 1576 2205 ut
1599 2182 1675 2205 cum
1698 2180 1866 2214 propterea
1887 2170 1925 2204 fit
1947 2172 2083 2204 internis
2103 2193 2115 2210 ,
2150 2173 2350 2216 externisque
2386 2174 2437 2207 in-

1424 2216 1563 2248 numeris
1590 2215 1710 2248 morbis
1733 2216 1897 2249 obnoxius
1919 2238 1931 2255 ,
1967 2215 2118 2249 Ocularii
2154 2214 2277 2249 Medici
2309 2217 2366 2259 qui
2401 2218 2436 2251 in

1424 2258 1466 2290 iis
1491 2258 1722 2292 tantummodo
1745 2260 1962 2300 versarentur,
1986 2270 2041 2291 nec
2067 2258 2210 2301 antiquis
2231 2260 2434 2302 temporibus

1425 2301 1520 2334 multi
1547 2301 1709 2336 defuerint
1724 2327 1734 2341 ,
1758 2311 1858 2345 neque
1886 2301 1946 2334 hoc
1968 2301 2092 2335 desint.
2226 2304 2310 2337 Satis
2333 2304 2435 2346 igitur

1423 2346 1487 2378 tibi
1510 2343 1548 2377 fit
1572 2344 1610 2378 de
1634 2345 1675 2378 iis
1698 2355 1780 2388 quos
1803 2343 1912 2377 videre
1935 2345 2003 2386 ipse
2026 2345 2141 2387 potui,
2164 2346 2333 2381 oculorum
2350 2359 2438 2381 mor-

1421 2387 1470 2420 bis
1494 2385 1550 2421 has
1574 2400 1590 2421 a
1614 2399 1663 2420 me
1689 2389 1828 2422 Litteras
1852 2388 2016 2431 accepisse.
2044 2390 2210 2422 Proximas
2232 2389 2271 2423 de
2287 2392 2431 2426 Aurium

1419 2429 1602 2466 Affefflbus
1625 2431 1757 2466 habebis
1771 2456 1779 2464 .
1805 2433 1886 2466 Vale
1902 2456 1910 2465 .
2202 2449 2205 2450 ⁷

436 2653 960 2727 EPISTOLA
1018 2648 2134 2716 ANATOMlco-MEDICA
2191 2653 2371 2719 XIV.

670 2776 869 2844 Agitur
922 2770 985 2825 de
1042 2772 1278 2826 Aurium
1324 2812 1337 2832 ,
1395 2773 1472 2824 δῖ-
1501 2769 1732 2824 Narium
1784 2771 2110 2827 Affeffibus.

974 2837 1197 2903 Aliquid
1228 2837 1439 2890 additur
1473 2837 1538 2887 de
1573 2837 1813 2891 Balbutie
1838 2875 1851 2886 .
1959 2857 1967 2860 -

372 2960 564 3074 CUm
586 2957 722 2991 minime
745 2955 872 2997 ignores
894 2978 906 2995 ‚
928 2954 975 2987 vel
1009 2953 1100 2995 plura
1134 2952 1173 2986 de
1202 2951 1345 2988 Auribus
1367 2975 1380 2991 ,

507 3013 605 3045 quam
628 3000 666 3034 de
690 2998 808 3033 Oculis
823 3022 831 3035 ,
855 3008 871 3029 a
891 2997 1039 3030 Valsalva
1051 3014 1069 3036 ,-
1087 2999 1118 3030 δε
1142 3009 1157 3028 a
1180 2997 1272 3029 nobis
1296 2994 1381 3027 edita

506 3044 588 3084 effe3
613 3044 748 3078 minime
771 3052 897 3083 quoque
921 3039 1106 3079 miraberis,
1130 3039 1152 3072 fi
1176 3041 1224 3072 vel
1250 3040 1381 3081 paucio-

376 3102 410 3124 ra
433 3091 470 3124 de
495 3090 635 3123 Aurium
653 3112 666 3128 ‚
688 3096 784 3130 quam
808 3083 845 3117 de
870 3085 1055 3118 Oculorum
1077 3081 1381 3118 Affeffibusrestent

374 3145 445 3176 quae
469 3133 523 3167 hic
545 3132 608 3166 tibi
645 3144 684 3165 ex
719 3126 883 3169 utriusque
917 3127 1056 3161 nostrum
1091 3125 1380 3160 Observationibus

376 3176 611 3218 perscribantur
623 3200 630 3208 .
658 3178 772 3216 Itaque
797 3170 836 3204 ad
848 3171 977 3204 morbos
989 3171 1129 3204 Aurium
1141 3170 1283 3203 Narium
1294 3180 1381 3202 mor-

375 3219 433 3253 bos
456 3218 686 3262 adjungemus‚
712 3214 887 3259 praesertim
920 3214 1049 3256 quando
1081 3211 1282 3256 Sepulchreti
1315 3214 1382 3245 Au-

377 3263 448 3296 ἃοι·
472 3263 551 3300 hos,
575 3262 712 3306 illosque
735 3257 856 3293 duabus
879 3258 1030 3299 quidem,
1054 3256 1104 3290 sed
1129 3255 1296 3294 brevibus,
1330 3257 1382 3288 Se-

381 3305 543 3341 &tionibus
564 3307 636 3338 XX.
662 3308 692 3338 &
715 3303 806 3336 XIX.
830 3301 1020 3343 complexus
1044 3300 1103 3334 est.

427 3360 456 3382 2.
481 3349 638 3382 Seoffionis
661 3349 751 3382 XIX.
788 3344 1019 3378 Observationi
1056 3345 1166 3386 primae
1200 3342 1292 3376 facile
1326 3354 1383 3375 co-

373 3391 511 3435 gnosces
534 3391 699 3434 praeiixum
726 3388 783 3423 esse
806 3399 1029 3437 argumentum
1051 3398 1069 3420 a
1104 3398 1178 3419 vero
1210 3387 1346 3419 alienum
1373 3398 1380 3418 :

383 3433 725 3517 {xis-fuisisse&
746 3431 1383 3519 Z‘fissiffssuiffsssseg'oefifssdstiffi}ri

1432 2960 1542 2985 rantur
1555 2974 1567 2990 ‚
1590 2951 1774 2985 consecutus
1797 2951 2106 2994 estrsuppreffionern
2123 2975 2134 2992 ‚
2156 2952 2282 2985 ichoris
2305 2962 2360 2994 per
2383 2967 2439 2989 au-

1433 3004 1499 3028 rem
1524 2993 1705 3028 effluentis.
1730 2994 1789 3027 Sed
1811 3007 1912 3038 neque
1936 2997 2034 3029 altera
2058 2996 2255 3029 Observatio
2281 3017 2289 3032 ‚
2314 3009 2384 3040 quae
2407 3000 2442 3032 in

1435 3037 1577 3081 subjetffto
1601 3038 1735 3072 Scholio
1758 3041 1973 3082 proponitur,
1997 3039 2090 3073 facile
2114 3039 2217 3072 fuerat
2252 3039 2312 3071 alia
2345 3053 2441 3084 quam

1431 3081 1491 3114 hac
1516 3082 1660 3123 ratione,
1683 3081 1892 3123 explicanda,
1915 3083 2038 3116 etiamfi
2066 3082 2133 3125 post
2147 3091 2312 3124 mortem,
2336 3087 2442 3120 reclu-

1432 3124 1460 3157 sa
1484 3125 1642 3167 calvaria,
1665 3125 1764 3158 sanies
1787 3137 1856 3168 quae
1880 3126 1996 3159 solebat
2020 3127 2104 3159 olim
2127 3138 2167 3159 ex
2189 3137 2263 3159 aure
2298 3128 2406 3171 egredi
2431 3155 2441 3170 ‚

1431 3170 1515 3202 intra
1539 3168 1627 3201 illam
1651 3177 1773 3211 reperta
1798 3168 1889 3203 esset.
1915 3170 2017 3204 Quod
2041 3181 2114 3204 cum
2137 3169 2214 3209 alias
2238 3175 2304 3213 (a)
2338 3172 2443 3206 decla-

1431 3212 1592 3252 raverim,
1617 3211 1671 3244 hic
1694 3212 1886 3246 confirmare
1910 3213 1983 3247 satis
2019 3216 2080 3247 erit
2112 3212 2266 3247 indicatis
2297 3216 2441 3259 Verneyi

1435 3254 1724 3289 Observationibus
1748 3258 1780 3289 in
1805 3258 1870 3289 III.
1898 3258 1989 3290 Parte
2025 3256 2200 3291 Traetatus
2231 3257 2268 3291 de
2302 3261 2441 3303 Organo

1431 3298 1596 3332 Auditus:
1621 3310 1688 3340 quo
1710 3310 1749 3332 ex
1774 3300 1934 3333 Trastatu
1959 3312 2036 3334 cum
2057 3302 2091 3333 in
2123 3298 2368 3336 Additamentis
2402 3304 2441 3338 ad

1436 3343 1615 3375 Sefflonem
1639 3342 1720 3375 hanc
1744 3344 1833 3375 XIX.
1862 3347 1891 3376 δι
1916 3355 1981 3384 ece,
2006 3347 2038 3379 &
2061 3343 2131 3376 aliae
2156 3343 2293 3384 produci
2316 3345 2441 3381 debuis-

1435 3386 1523 3423 sent3
1548 3397 1586 3418 ne
1608 3385 1756 3418 indicatae
1780 3385 1910 3428 quidem
1934 3387 2024 3421 sunt.
2052 3387 2131 3426 Tu,
2155 3386 2226 3420 illis
2260 3389 2409 3430 inspeetis
2432 3416 2442 3431 ‚

1434 3440 1530 3471 quam
1554 3429 1631 3470 saepe
1642 3428 1766 3461 Medici
1779 3431 1811 3462 in
1826 3428 1979 3473 ejusmodi
1991 3429 2115 3473 judicio
2126 3429 2282 3465 fallantur
2292 3456 2305 3472 ‚
2315 3432 2440 3466 intelli-

1433 3483 1507 3514 ges,
1531 3481 1606 3506 tunc
1629 3482 1759 3515 quoque
1782 3484 1855 3507 cum
1877 3473 2059 3517 suppresso,
2080 3473 2173 3507 velut
2184 3473 2238 3508 hic
2251 3499 2264 3516 ,
2288 3474 2439 3510 effluente

2342 3530 2398 3562 per

477 3667 494 3692 k
508 3667 522 3697 )
537 3669 677 3692 Comment.
695 3669 788 3692 Bonon.
805 3668 843 3692 Sc.
859 3667 933 3692 Acad.
949 3668 981 3691 Τ.
998 3674 1022 3691 2.
1036 3670 1061 3691 Ρ.
1079 3677 1101 3694 ι.
1118 3668 1142 3692 in
1160 3665 1280 3692 Medicis.

476 3706 500 3721 m
519 3699 528 3727 )
545 3697 618 3726 Epist.
638 3700 712 3721 Anat.
730 3706 766 3727 13.
785 3706 808 3722 n.
825 3706 847 3722 ².

472 3735 489 3759 P

443 3668 462 3700 (

446 3701 456 3760 i
507 3731 516 3759 )
533 3728 593 3757 Eph.
611 3729 644 3751 Ν.
660 3729 690 3752 C.
706 3730 779 3753 cent.
799 3736 835 3752 ιο.
857 3727 916 3753 OM.
932 3736 971 3758 75.

1342 3667 1356 3695 ζ
1373 3665 1387 3678 ''‘
1403 3666 1415 3694 )
1431 3665 1493 3690 A'dV.
1511 3666 1556 3690 VI.
1573 3665 1685 3691 Animad.
1698 3670 1742 3691 61..
1760 3667 1781 3691 8<
1798 3668 1861 3698 seqq.

909 3697 916 3726 (
935 3699 975 3726 η’)
993 3699 1090 3723 Comm.
1109 3699 1135 3722 in
1152 3698 1205 3722 Gal.
1220 3697 1251 3721 >de
1268 3694 1311 3720 Us.
1330 3698 1395 3720 Part.
1413 3699 1431 3720 1.
1450 3704 1488 3720 10.
1503 3703 1527 3719 c.
1543 3705 1567 3724 7.

1034 3728 1042 3755 ζ
1060 3738 1073 3760 q
1091 3729 1104 3758 )
1120 3729 1145 3753 in
1163 3727 1235 3756 Epist.
1254 3727 1351 3756 praefixa
1368 3727 1437 3752 alteri
1452 3726 1563 3752 Editioni
1580 3726 1640 3752 suar.
1658 3727 1717 3752 ΟΜ.
1736 3732 1808 3753 Anat.

1830 3701 1832 3703 Ι
1927 3667 1935 3697 (
1952 3669 1962 3692 Ι
1977 3668 1990 3696 )
2006 3669 2089 3696 Τιιξὶ.
2105 3670 2133 3695 de
2150 3673 2214 3696 Aure
2230 3672 2295 3697 hum.
2313 3680 2366 3702 eat.
2384 3681 2441 3708 m*

1629 3695 1637 3725 s
1654 3708 1666 3721 υ
1682 3697 1695 3725 D
1712 3700 1747 3721 De
1761 3699 1858 3724 Medic.
1877 3701 1893 3725 1.
1910 3709 1932 3728 7.
1950 3707 1974 3723 c·
1989 3708 2012 3728 7.
2029 3709 2053 3724 n.
2070 3705 2094 3725 8.

1871 3731 1878 3761 (
1897 3738 1913 3754 a
1931 3731 1938 3758 J
1956 3731 2029 3762 Epist„
2047 3732 2120 3756 Anat.
2138 3740 2161 3761 7.
2178 3741 2203 3757 a.
2221 3734 2241 3757 8.
