2498 4075
399 133 464 186 94

333 200 416 234 {rius
439 201 633 244 praese'rtim‚
657 200 713 243 qui
735 198 769 233 in
792 206 877 233 tanta
900 208 987 241 aquae
1003 197 1102 238 *copia
1124 206 1195 240 quae
1218 196 1335 228 ventri-

296 270 306 285 ,ᾗ
330 244 422 278 culos
445 244 660 282 distendebat,
683 242 764 276 nihil
786 241 851 285 ejus
875 243 956 274 inter
977 239 1166 279 calvariam,
1188 241 1221 272 &
1240 238 1336 272 Cras-

331 286 398 320 sam
421 290 620 329 meningem‚
643 285 725 319 nihil
750 285 935 319 imm-hanc
956 306 964 320 ‚
989 285 1022 316 δε
1044 282 1205 316 cerebrum
1229 282 1336 324 depre-

330 327 444 363 hendit
458 356 465 362 .
491 332 596 364 Mitto
619 330 697 363 alios
721 330 824 372 plures
839 354 848 368 ‚
872 336 986 370 praeter
1008 326 1208 360 Brunnerum
1230 336 1335 360 tamen

326 375 342 410 (
363 374 382 414 lt
402 378 433 415 )‚
459 377 492 407 δε
514 373 593 417 qui,
616 382 651 406 ut
674 373 763 414 ipse,
783 372 1039 405 extenuationem
1063 368 1241 402 substantiae
1252 380 1336 404 cere-

327 417 378 449 bri
392 439 400 450 2
425 419 458 449 in
482 415 699 459 hujuscemodi
723 414 967 457 hydrocephalis
990 412 1073 447 haud
1096 413 1142 445 ita
1165 423 1237 445 raro
1258 423 1336 445 con-

331 459 470 502 spectem
493 483 500 496 ‚
535 469 750 493 memorarunt
771 483 778 491 .
814 460 928 500 Neque
946 457 1035 491 ⁴enim
1058 454 1125 489 haec
1148 468 1186 488 eo
1209 464 1336 489 tantum

329 505 446 544 attigi²
472 512 508 536 ut
532 502 724 536 ostenderem
746 526 759 542 ,
791 501 936 544 quamvis
960 499 1142 541 Chirurgus
1175 497 1213 532 fit
1236 499 1335 532 audax

327 546 427 586 adeo,
450 557 484 579 ur
511 548 671 587 mcninges
695 545 747 578 hic
770 543 910 585 perforet
924 566 935 583 ,
958 542 1036 585 saepe
1058 552 1162 575 tamen
1175 552 1226 576 aut
1250 542 1333 575 nihil

330 601 440 632 aquae,
465 599 518 623 aut
543 601 605 622 non
630 600 696 621 earn
719 587 807 629 cujus
830 586 934 630 major
957 588 1049 628 copia
1074 585 1111 617 fit
1129 608 1142 625 ,
1167 585 1223 625 nisi
1246 597 1332 618 cere-

306 639 307 642 ’
326 631 422 665 brum
446 644 574 676 quoque
596 631 733 675 perforet
748 655 756 669 ‚
781 629 837 664 esse
859 629 1072 666 edua-<turum
1097 627 1147 660 sed
1172 639 1209 661 eo
1232 628 1333 670 potis-

325 674 440 709 iimum
464 677 557 717 attigi
577 702 586 712 ,
611 683 645 708 ut
669 674 883 716 intelligeres,
907 671 1001 705 facile
1023 673 1120 705 etiam
1144 669 1225 713 posse
1250 673 1332 705 acci-

325 717 418 757 dere,
442 726 477 751 ut
500 718 577 752 dum
600 717 683 751 nihil
717 716 774 750 nisi
797 715 937 749 Crass'am
969 717 1149 756 m‘eningem
1173 713 1332 756 perforare

327 760 357 794 se
372 786 384 802 ,
406 762 530 801 credit,
553 761 719 794 cerebrum
743 758 882 801 perforet
906 783 913 790 .
945 758 1056 791 Velim
1071 759 1185 800 igitur
1208 757 1246 791 ad
1269 760 1334 792 Ve-

326 804 397 837 salii
421 805 688 838 Observationcm
711 804 781 835 illas
805 813 931 844 quoque
954 800 1091 847 Hildani
1115 825 1128 842 ,
1159 803 1190 834 &
1215 801 1332 844 Tulpii

325 847 562 881 observationes
586 845 736 888 adjungas
757 857 828 888 quae
852 857 867 877 a
891 856 940 877 me
964 844 1010 877 ibi
1043 846 1114 878 sunt
1137 855 1333 878 commemo„

327 901 405 923 ratae
421 917 428 929 ,
454 891 509 923 ubi
533 889 652 923 ostendi
677 892 690 929 <
712 889 724 922 l
745 892 759 928 )
784 911 793 925 ,
825 890 855 920 vi
882 899 1034 931 aquarum
1058 888 1251 921 ventriculos
1278 888 1334 921 di-

324 932 534 968 ilendentium
549 959 556 969 ,
582 933 696 966 horum
721 933 853 974 parietes
878 932 1052 974 superiores
1077 931 1275 973 praesertim,
1299 936 1349 965 &.

327 977 470 1010 laterales
494 977 589 1020 usque
612 976 690 1009 adeo
714 975 875 1008 interdum
899 976 1059 1008 extenuari
1082 997 1092 1013 ‚
1116 978 1147 1008 &
1171 987 1244 1008 cum
1269 985 1335 1008 me-

324 1019 478 1061 ningibus
502 1020 540 1054 ad
563 1021 662 1053 cranii
687 1017 750 1053 ossa
768 1043 781 1060 ,
813 1028 869 1052 aut
911 1020 1122 1061 pericranium
1147 1017 1231 1062 affigi
1253 1043 1266 1060 ,
1299 1028 1335 1052 ut

323 1065 444 1098 mirum
467 1063 522 1097 esse
546 1075 609 1096 non
633 1063 768 1103 debeat,
790 1062 811 1095 si
836 1063 893 1105 qui
916 1084 927 1100 ,
951 1063 1032 1095 nihil
1057 1071 1168 1108 praeter
1191 1064 1336 1095 cranium

322 1107 464 1143 incidere
490 1107 722 1146 existimantes,
744 1109 776 1139 &
799 1104 963 1146 Crassam,
987 1109 1016 1138 δι
1042 1107 1187 1138 Tenuem
1210 1107 1337 1139 menin-

326 1162 399 1193 gem
415 1173 424 1187 ,
447 1153 480 1183 ἃ
504 1151 554 1184 his
579 1174 590 1190 ,
626 1160 719 1193 atque
740 1149 807 1182 illis
830 1150 868 1181 in
902 1148 1092 1182 membranae
1126 1147 1259 1181 modum
1283 1149 1336 1182 ad-

324 1195 502 1228 haerentem
526 1194 647 1227 cerebri
673 1191 877 1226 substantiam
903 1192 992 1226 simul
1019 1191 1220 1234 pertuderint
1242 1216 1250 1223 .
1277 1194 1338 1225 Le-

327 1249 367 1280 ge
390 1235 429 1270 fis
453 1237 575 1270 litteras
593 1237 648 1280 Jo.
669 1236 787 1281 Jacobi
824 1235 1035 1269 Scbeuckzeri
1059 1258 1072 1275 ‚
1105 1235 1141 1268 ad
1176 1235 1337 1268 Vallisne-

326 1283 414 1314 rium
438 1280 577 1314 nostrum
606 1282 619 1318 <
641 1288 671 1313 m
695 1283 709 1319 )
732 1278 834 1313 miffas
857 1303 864 1310 .
881 1277 1180 1323 Hydrocephalum
1205 1277 1338 1313 infantis

323 1323 448 1357 videbis
473 1325 505 1356 in
530 1322 767 1363 Nosocomio,
790 1323 947 1356 communi
969 1322 1091 1362 corzfilio
1102 1321 1260 1363 Chirurgi
1274 1322 1336 1355 fer-

326 1379 365 1401 ro
385 1366 520 1401 incisum
547 1364 639 1401 fuisse
650 1389 662 1406 ,
685 1376 759 1398 cum
783 1366 956 1405 judicatum
980 1364 1052 1408 effiit
1072 1388 1081 1402 ,
1107 1377 1203 1407 aquas
1226 1365 1337 1399 haerere

319 1412 407 1444 inter
427 1412 575 1444 Granium
600 1434 609 1448 ‚
643 1412 684 1444 (ξφ
704 1413 825 1441 Duram
848 1412 986 1442 Matrem
1007 1433 1015 1442 .
1051 1409 1185 1442 Videbis
1208 1406 1300 1443 fimul
1328 1435 1337 1449 ,

322 1465 416 1496 quam
438 1454 594 1496 judicium
620 1452 697 1486 talis
720 1452 802 1485 modi
825 1453 857 1484 in
881 1451 999 1493 cafibus
1016 1451 1060 1494 fit
1081 1451 1223 1495 difficile.
1249 1455 1335 1489 Cum

327 1500 415 1531 enim
438 1496 611 1531 convulsivi
636 1498 800 1534 vomitus,
824 1495 969 1538 quimox
994 1497 1106 1538 primae
1130 1496 1180 1528 illi
1192 1495 1338 1530 edue‘tio-

324 1541 358 1574 ni
384 1553 473 1585 aquae
498 1539 534 1573 ad
557 1540 665 1574 uncias
691 1541 820 1571 circiter
843 1547 905 1571 tres
928 1562 939 1578 ,
974 1538 1137 1572 success'ere
1156 1563 1168 1580 ,
1201 1539 1238 1572 ad
1263 1542 1337 1573 vitae

322 1583 421 1626 usque
445 1583 561 1624 finem,
586 1584 642 1627 qui
666 1581 818 1624 postridie
842 1580 906 1614 fuit
935 1604 944 1619 ‚
970 1582 1133 1627 perstantes
1153 1606 1165 1623 ,
1199 1582 1337 1616 indicare

324 1627 542 1666 crederentur,
563 1629 689 1661 Duram
715 1627 893 1666 meningem
918 1626 1050 1666 incisam
1073 1625 1130 1659 esl'e
1154 1640 1163 1663 ;
1190 1636 1337 1660 anatome

329 1671 486 1708 ostendit,
514 1681 570 1703 non
591 1670 750 1712 pertusam
785 1668 865 1702 hanc
887 1670 1044 1702 duntaxat
1065 1694 1073 1707 ‚
1097 1668 1154 1709 sed
1177 1670 1220 1702 Εὐ»
1243 1672 1338 1704 ‘Piam

328 1727 399 1749 cum
422 1715 484 1757 ipso
509 1712 648 1747 cerebro.
674 1713 750 1746 Fuit
773 1713 854 1745 enim
878 1711 1035 1745 cerebrum
1058 1713 1156 1754 ipsum
1180 1713 1219 1745 ad
1240 1724 1337 1747 mem-

327 1757 429 1793 branae
453 1757 643 1794 tenuitatem
659 1753 730 1800 fere
753 1754 912 1797 extensum
936 1757 1108 1796 capacitati
1119 1756 1246 1789 interme
1269 1769 1337 1791 cra-

326 1803 373 1836 nii
392 1812 472 1844 par,
500 1811 570 1833 cum
596 1810 680 1842 aquae
703 1798 798 1833 moles
822 1823 832 1839 ‚
868 1809 931 1839 qua:
955 1799 983 1830 8.
1009 1799 1048 1830 ad
1081 1799 1246 1833 minimum
1263 1798 1336 1842 filit

328 1844 482 1880 librarum
523 1843 711 1882 medicamm
757 1866 767 1884 s
818 1841 980 1877 delituerit
1024 1842 1056 1878 iu
1102 1841 1174 1886 ipfis
1216 1845 1337 1877 ventri-

324 1889 406 1925 lhlfs
419 1916 425 1925 .

368 1944 416 1979 14.
442 1935 493 1968 Ex
518 1942 605 1967 tanta
629 1931 745 1966 cerebri
772 1930 1017 1971 extenuatione,
1043 1933 1074 1964 δε
1098 1929 1136 1963 ad
1158 1931 1257 1964 cranii
1273 1930 1337 1964 for-

320 1980 424 2011 nicem
450 1977 625 2011 adbaesione
650 1977 771 2011 facium
794 1975 835 2009 est
860 1974 1009 2021 videlicet
1033 1999 1041 2013 ‚
1066 1984 1102 2008 ut
1125 1975 1158 2006 in
1182 1986 1335 2015 memora-

325 2030 361 2054 to
384 2026 397 2061 (
420 2033 439 2056 n
463 2025 478 2062 >
500 2021 620 2062 Tulpii
645 2019 887 2063 hydrocephalo
918 2043 927 2057 ,
958 2017 1059 2051 eflufis
1084 2018 1173 2060 aquis
1195 2041 1207 2058 ,
1239 2017 1336 2060 pleri-

325 2076 384 2106 que
406 2066 597 2098 Medicorum
615 2064 815 2106 praestarium
832 2085 840 2099 ‚
858 2062 912 2104 sed
929 2071 1121 2104 praepropere
1142 2084 1151 2099 ‚
1172 2061 1335 2103 judicave-

324 2108 416 2147 rint,
440 2107 496 2141 esse
520 2106 603 2140 illud
627 2115 721 2149 caput
737 2106 804 2148 fine
826 2103 945 2138 cerebro
963 2128 975 2144 ,
1010 2105 1153 2147 itemque
1178 2114 1212 2137 ut
1238 2105 1336 2137 Steno

325 2152 359 2184 in
385 2150 442 2184 suo
467 2152 528 2184 illo
552 2150 657 2184 vitulo
680 2153 693 2188 (
717 2149 767 2191 o)
790 2160 847 2182 non
867 2157 982 2188 parum
1005 2149 1155 2189 temporis
1179 2148 1334 2190 consume-

327 2202 375 2227 rer
399 2194 555 2237 quaerendo
581 2191 737 2227 cerebrum
762 2192 795 2224 in
831 2191 895 2234 ipso
917 2190 1036 2223 cerebro
1058 2215 1070 2231 ,
1101 2201 1225 2233 Jamque
1249 2189 1339 2229 histo-

332 2239 414 2277 riis,
438 2245 527 2271 antea
545 2234 607 2279 fibi
631 2246 690 2269 non
715 2235 866 2273 creditis,
893 2233 1201 2280 adbiberer‘uciperet
1219 2232 1340 2276 fidem,

329 2279 599 2320 homineseampe
615 2278 682 2320 fine
707 2277 829 2311 cerebro
845 2275 941 2320 fuiffe
965 2285 1119 2318 repertos.
1145 2278 1190 2310 Et
1216 2277 1286 2309 sane
1302 2277 1340 2322 ad

330 2322 418 2357 hunc
442 2322 505 2356 fere
530 2321 662 2359 modum
687 2324 717 2354 o&
744 2320 807 2362 ipse
832 2319 954 2359 credo,
977 2318 1136 2362 quidquid
1160 2322 1223 2352 veri
1249 2320 1342 2353 inesle

330 2366 435 2409 potest
458 2365 655 2408 ejuscemodi
681 2363 978 2401 observationibus,
1003 2361 1061 2395 effe
1084 2362 1307 2404 explicandum
1330 2386 1344 2403 ,

331 2421 445 2443 eorum
468 2413 500 2443 in
527 2410 641 2451 primis
665 2408 720 2449 qui
746 2406 931 2448 Tuspium,
954 2409 986 2438 &
1010 2406 1179 2437 Stenonem
1203 2404 1344 2439 handle-

332 2463 467 2493 gerant,
493 2461 568 2491 puta
593 2450 755 2489 Garneri,
782 2450 898 2482 Zacuti
914 2471 925 2488 ,
951 2451 979 2479 δέ
1006 2447 1085 2490 siqui
1107 2449 1162 2480 alii
1185 2450 1217 2480 in
1243 2448 1343 2481 Scho-

332 2492 388 2531 iiis
426 2497 464 2530 ad
494 2496 610 2530 horum
645 2493 880 2526 observationes
902 2516 912 2531 ,
945 2503 1023 2533 quas
1056 2492 1089 2523 in
1134 2492 1342 2534 Sepulclireto

333 2543 348 2579 (
368 2544 423 2582 p)
446 2539 564 2579 habes,
588 2537 748 2570 cerebrum
773 2547 836 2568 non
863 2533 1004 2581 reperillc
1029 2534 1231 2568 scribuntur.
1256 2538 1344 2568 Cum

335 2585 422 2616 enim
447 2584 528 2617 alius
542 2580 660 2616 cerebri
681 2575 975 2621 vicerasupplcvisle
988 2601 1000 2617 ,
1025 2577 1087 2621 ajat
1099 2602 1110 2618 ,
1132 2578 1343 2612 membranam

334 2626 526 2671 craffiorc-m3
551 2626 632 2659 alius
648 2647 660 2664 ,
684 2634 743 2666 pro
768 2622 837 2664 ipso
860 2622 967 2654 duram
992 2622 1163 2664 meningem
1187 2621 1345 2663 apparuifi

330 2670 366 2713 se
389 2670 602 2712 duplicatam,
629 2679 742 2710 aquam
767 2663 1018 2707 liinpidiffimarn
1044 2666 1078 2697 in
1102 2665 1129 2698 se
1154 2662 1346 2702 habentem3

338 2713 433 2748 facile
456 2712 634 2754 intelligis,
661 2710 738 2753 quid
763 2709 945 2742 membrana
969 2707 1024 2740 illa
1047 2706 1170 2741 crassior
1191 2730 1202 2746 ‚
1229 2718 1281 2741 aut
1307 2709 1351 2740 al-

339 2768 405 2790 tera
427 2756 483 2789 illa
508 2754 682 2796 duplicatae
706 2751 988 2792 Durae-ssmeningis
1010 2752 1126 2784 lamina
1160 2750 1215 2785 ess‘e
1239 2760 1351 2794 potue-

339 2802 407 2840 rit,
431 2802 463 2832 ὃ(
485 2798 565 2841 quid
590 2798 687 2830 latere
720 2796 778 2830 sub
802 2793 899 2837 specie
924 2794 978 2827 illa
1009 2794 1166 2838 cujusdam
1190 2794 1353 2835 mucofita-

340 2845 387 2878 tis
411 2845 452 2876 Θ*
474 2841 666 2883 phlegmatis
689 2839 781 2872 valde
803 2837 942 2881 indigesti
962 2862 974 2878 ,
1009 2849 1079 2881 qua:
1093 2835 1280 2878 festinanter
1303 2838 1353 2871 in-

342 2885 493 2929 spicienti
518 2884 667 2916 Gai-nero
691 2883 775 2914 intra
797 2884 959 2922 meninges
985 2881 1013 2914 se
1035 2881 1156 2915 obtulit
1176 2904 1183 2910 .
1220 2882 1317 2913 Certe
1343 2904 1351 2919 ,

343 2939 381 2963 ut
414 2927 534 2960 ibidem
568 2925 693 2959 videbis
718 2924 928 2967 Kerckringii
964 2925 1234 2958 Observationem
1266 2926 1356 2966 (q)

344 2973 402 3015 qui
426 2968 542 3004 cerebri
567 2969 632 3002 loco
656 2979 767 3010 aquam
791 2967 819 3001 se
843 2966 978 3010 reperiffe
1002 2969 1154 3010 mucofhm
1179 2993 1188 3008 ,
1220 2968 1319 3000 tradit
1343 2991 1354 3007 2

346 3013 473 3049 videbis
506 3023 635 3055 quoque
673 3014 705 3045 in
732 3010 873 3054 subjeero
906 3012 1038 3046 §chullo
1071 3011 1155 3044 baud
1191 3011 1286 3055 aliter
1317 3009 1356 3043 de

346 3057 476 3092 mucosa
498 3056 557 3089 hac
581 3067 660 3099 aqua
685 3078 692 3092 ‚
723 3065 776 3088 aut
799 3055 837 3088 de
867 3050 983 3087 cercbiri
1008 3055 1231 3088 extenuatione
1256 3053 1354 3096 suspi-

348 3103 413 3134 cari
447 3098 798 3136 Diemerbroeckium3
833 3100 864 3130 δε
898 3108 1001 3131 tamen
1037 3097 1272 3139 Kerckringius
1297 3107 1360 3130 non

352 3143 452 3179 modo
476 3143 597 3185 'sulpii
631 3141 794 3176 historiam
819 3142 936 3183 legerat
957 3167 965 3181 ‚
999 3141 1049 3174 sed
1073 3144 1170 3174 etiarn
1194 3142 1227 3172 in
1251 3152 1285 3172 ea
1310 3140 1361 3174 sua

348 3185 570 3226 memorabat,
596 3189 628 3219 &
652 3185 690 3219 de
715 3185 955 3227 hydrocephalo
978 3182 1111 3218 necdum
1136 3183 1270 3217 semestri
1295 3195 1362 3216 vcr-

350 3233 392 3267 ba
417 3229 575 3268 faciebat,
599 3231 649 3264 cui
675 3231 758 3266 intra
794 3237 919 3262 uterum
944 3227 1093 3261 inchoata
1117 3227 1236 3260 cerebri
1263 3225 1360 3260 disso-

353 3275 439 3308 lutio
463 3272 574 3306 sensim
598 3270 758 3306 increvisse
783 3281 930 3314 potuerat
954 3295 966 3311 ,
998 3270 1098 3305 donec
1120 3271 1246 3304 cerebro
1269 3281 1360 3312 pror-

354 3318 404 3351 sus
427 3316 532 3349 soluto
558 3316 683 3349 vivendi
710 3315 804 3348 finem
829 3315 962 3348 fecerit.
990 3315 1076 3348 illud
1102 3324 1250 3357 pra-terea
1276 3312 1360 3355 obji-

356 3363 402 3394 cit
426 3359 755 3397 Diemerbroeckius3
779 3358 865 3402 quod
891 3371 906 3390 a
931 3359 1086 3400 plerisque
1104 3359 1221 3400 pariter
1243 3354 1359 3397 ejusce-

358 3403 446 3438 modi
480 3401 626 3437 historias
649 3401 813 3439 edentibus
847 3401 994 3437 omissum
1017 3404 1157 3446 requiras
1178 3425 1191 3441 ,
1225 3399 1360 3432 cerebel-

512 3632 571 3656 Secr.
589 3632 627 3657 citi
645 3634 670 3658 in
688 3633 770 3657 Addit.
788 3633 848 3658 Obs.
868 3642 903 3659 12.
965 3633 1033 3662 (Ι)
1049 3635 1118 3664 supra
1133 3636 1162 3659 ad
1179 3645 1204 3662 n.
1221 3638 1245 3661 8.

514 3663 529 3685 l.
552 3671 567 3685 ι,
586 3663 646 3687 Ξεᾶ.
668 3673 686 3688 i.
704 3664 764 3687 ΟΜ.
779 3665 819 3688 86.
835 3664 857 3688 &
873 3665 935 3689 Seci.
953 3664 996 3688 hac
1015 3668 1047 3688 16.
1066 3666 1122 3690 Obs.
1143 3675 1174 3696 ¹3.

514 3692 573 3720 Eph.
592 3695 624 3715 N.
643 3696 670 3717 C.
690 3696 747 3726 Dec.
767 3702 786 3718 ι.
802 3697 830 3718 ΑΔ
850 3702 870 3723 3.
887 3695 947 3718 Obs.
967 3700 1009 3722 ¹²9
1037 3695 1061 3719 in
1077 3697 1157 3722 Scholr

454 3731 467 3745 x
486 3742 495 3750 ,
514 3724 651 3748 Commerc.
670 3725 756 3748 Litter.
773 3726 827 3748 Vol.
848 3732 868 3748 ι.
885 3723 990 3758 specim.
1008 3732 1045 3749 22.

1308 3636 1360 3664 (m
1381 3632 1485 3664 lopere
1500 3636 1574 3660 Tom.
1596 3641 1616 3659 1.
1637 3638 1660 3660 S.
1681 3643 1701 3662 5.
1718 3633 1742 3657 in
1759 3635 1791 3660 fin

1237 3671 1243 3694 (
1263 3674 1277 3695 ¹]
1294 3669 1305 3692 )
1326 3667 1386 3691 Se&-
1403 3667 1454 3690 ead.
1472 3665 1530 3689 Obs.
1551 3674 1587 3691 11-

1221 3698 1236 3726 (
1250 3705 1259 3720 ι
1279 3695 1292 3723 )
1310 3698 1417 3725 spicileg.
1434 3698 1508 3720 Anat.
1525 3696 1584 3720 ΟΜ.
1602 3701 1641 3726 46.

1107 3729 1144 3758 (y
1161 3728 1175 3756 3
1194 3729 1272 3757 Ptogt.
1290 3727 1330 3751 cit.
1354 3727 1421 3757 supra
1435 3728 1465 3752 ad
1481 3734 1504 3751 n.
1523 3734 1562 3757 η.

940 115 1102 174 ¹Liber
1135 113 1171 166 1.
1205 113 1288 169 De
1312 112 1530 168 'Morbis
1562 112 1765 178 Capitis

1385 194 1451 227 lum
1468 214 1476 227 ‚
1500 194 1532 225 δι
1556 191 1741 234 Oblongata
1765 190 1901 226 medulla
1923 191 2077 230 deessent,
2101 201 2140 226 an
2162 202 2250 232 non,
2272 191 2375 226 siluis-

1385 236 1431 269 se.
1456 235 1514 268 Sed
1537 235 1571 267 in
1595 235 1725 267 Billotii
1747 237 1762 273 (
1783 245 1799 267 r
1820 238 1835 274 >
1855 235 2007 274 historia,
2029 247 2102 280 quae
2125 236 2207 268 inter
2217 235 2271 268 has
2295 235 2375 269 solet

1384 277 1515 318 referri,
1538 288 1602 310 non
1626 276 1722 320 modo
1745 276 1806 311 hoc
1829 276 1980 312 desideres
2007 290 2018 317 3
2053 286 2163 311 verum
2187 281 2284 311 etiarn
2309 289 2375 311 non
2408 315 2411 316 ⁷

1385 323 1509 366 penitus
1544 320 1745 362 absumptum
1778 322 1867 363 pueri
1899 322 2061 355 cerebrum
2092 320 2183 355 fuisse
2211 344 2225 362 ,
2255 332 2378 364 cogno-

1386 365 1469 403 scas,
1494 362 1622 407 quando
1653 363 1718 406 ejus
1741 363 1917 406 substantiae
1942 366 2046 407 portio
2068 364 2213 407 quamvis
2233 365 2379 406 exiguum

1385 419 1479 442 ovum
1501 407 1579 440 mole
1600 407 1657 440 vix
1677 416 1817 448 aequans,
1841 415 1962 450 reperta
1985 407 2023 447 esi
2046 432 2053 440 .
2079 408 2131 440 Sic
2154 408 2252 441 etiam
2273 408 2307 439 in
2329 418 2381 440 ca-

1386 464 1424 485 ne
1447 451 1556 489 fatuo,
1581 458 1617 483 ut
1638 450 1785 489 videtur,
1808 459 1861 483 aut
1885 451 2081 493 vertiginoso
2102 451 2191 484 Elias
2213 449 2299 484 Rud.
2313 452 2379 483 Ca-

1385 496 1535 528 merarius
1565 492 1647 535 (s)
1676 492 1748 532 (de
1778 495 1891 527 ovibus
1924 495 2009 527 enim
2038 505 2108 537 quae
2149 494 2383 537 Kcrckringius

1384 543 1398 578 (
1420 546 1435 572 t
1458 541 1468 576 )
1493 537 1585 570 aliive
1609 535 1794 579 scripserunt
1817 560 1829 577 ,
1853 538 2018 571 lanionum
2040 538 2105 571 fere
2129 537 2347 570 obiens-atione
2372 560 2384 576 ,

1384 585 1416 615 δι
1439 580 1500 615 fide
1524 580 1671 613 nituntur
1693 583 1707 619 )
1729 581 1954 616 Camerarius,
1978 582 2130 622 inquam,
2153 579 2272 614 nullam
2291 580 2383 623 peni-

1385 633 1438 658 tus
1459 622 1575 658 cerebri
1593 646 1606 663 ,
1643 630 1700 655 aut
1722 621 1862 656 cerebelli
1887 622 2091 665 substantiam
2125 623 2209 656 vidit
2231 648 2239 664 ,
2263 630 2384 666 ¹praeter

1383 667 1558 709 posterioris
1586 664 1820 706 portiunculam
1852 668 1910 700 vix
1940 666 2086 700 avellanae
2117 667 2321 700 medietatem
2344 678 2384 699 ιε·

1387 718 1551 752 quantem.
1577 710 1660 750 Qae
1683 707 1740 741 etsi
1761 710 1869 741 omnia
1893 720 1958 742 non
1991 708 2052 742 fine
2075 709 2289 744 admiratione
2308 733 2321 749 ,
2353 711 2386 741 ὃ(

1387 754 1531 796 quaedam
1555 753 1654 785 etiam
1676 761 1739 784 non
1761 750 1823 784 fine
1847 753 1953 796 aliqua
1975 752 2153 787 diffidentia
2175 752 2280 795 legisse
2302 764 2350 785 me
2373 774 2386 792 ‚

1386 796 1513 834 fateor-3
1537 805 1641 828 tamen
1664 794 1727 828 hoc
1750 805 1878 838 quoque
1900 794 2051 838 adjiciam
2070 820 2078 828 .
2114 797 2278 836 Memini,
2310 806 2385 829 cum

1385 839 1563 873 adolescens
1586 837 1731 881 quotidie
1753 839 1787 871 in
1812 838 2000 872 Bononiensi
2023 839 2228 873 Nosocomio
2252 839 2387 873 versarer

1386 885 1416 917 S.
1441 883 1553 916 Maria?
1589 884 1627 916 de
1649 881 1759 915 Morte
1796 880 1902 916 audire
1939 893 2001 915 non
2035 882 2126 916 semel
2156 884 2211 927 Jo,
2238 884 2385 916 Marcum

1385 928 1553 969 Bigattum
1577 924 1714 969 probum
1737 925 1855 959 Virum
1879 950 1888 965 ,
1922 925 2117 969 eundemque
2149 928 2198 960 ibi
2223 925 2388 959 Medicum

1388 970 1611 1012 Chirurgum,
1634 968 1685 1002 sua
1708 967 1798 1001 laude
1821 968 1978 1012 dignum,
2001 970 2176 1004 cumsuum
2189 968 2390 1003 Decess'orem

1381 1014 1437 1058 Jo.
1462 1014 1648 1046 Galeatium
1673 1013 1842 1045 Manzium
1865 1012 2031 1046 Medicum
2052 1036 2060 1050 ‚
2095 1017 2126 1046 &
2149 1013 2350 1055 Chirurgum
2377 1037 2386 1053 ‚

1386 1069 1458 1090 cum
1484 1058 1615 1099 paucis,
1638 1055 1714 1089 dum
1737 1057 1879 1095 viveret,
1902 1056 2149 1098 comparandum
2164 1079 2173 1094 ,
2199 1055 2233 1088 id
2256 1054 2392 1097 vidisse,

1386 1098 1564 1133 asseveraret
1587 1124 1600 1140 ‚
1630 1099 1716 1141 quod
1741 1108 1776 1132 ut
1810 1100 1917 1141 accepi
1941 1097 1983 1132 fic
2015 1100 2078 1132 tibi
2102 1099 2236 1133 narrabo
2255 1123 2268 1140 ,
2303 1099 2389 1133 nihil

1385 1143 1561 1186 adjiciens,
1584 1141 1665 1175 nihil
1691 1141 1856 1176 detrahens
1879 1166 1887 1174 .
1920 1141 2095 1185 Cuiusdam
2117 1144 2231 1177 vulnus
2263 1143 2393 1178 curabat

1390 1188 1540 1221 Manzius
1562 1208 1575 1226 ,
1609 1185 1695 1228 quod
1722 1185 1760 1218 ad
1783 1187 1997 1219 Coronariam
2030 1186 2172 1220 suturam
2194 1187 2355 1221 inflic'ium
2380 1210 2393 1226 ,

1390 1233 1423 1262 in
1448 1231 1547 1263 cranii
1571 1239 1680 1262 cavum
1702 1229 1924 1270 perveniebat,
1951 1240 2025 1263 cum
2048 1241 2130 1272 aeger
2152 1232 2280 1263 circiter
2303 1232 2392 1272 vige-

1391 1273 1470 1306 fimo
1493 1272 1543 1306 die
1567 1272 1633 1306 duo
1656 1273 1722 1313 pati
1745 1273 1864 1314 coepit,
1894 1273 2052 1313 alterurn,
2075 1282 2111 1306 ut
2135 1274 2263 1317 quoties
2277 1273 2393 1307 vulnus

1387 1327 1599 1358 retegeretur,
1625 1319 1723 1348 toties
1745 1314 1936 1349 convulsivis
1960 1315 2134 1350 afficeretur
2155 1316 2292 1350 maxillae
2311 1316 2394 1350 infe-

1390 1361 1485 1393 rioris
1508 1359 1675 1397 motibus3
1699 1358 1834 1393 alterum
1857 1368 1964 1392 autem
1980 1383 1992 1400 ,
2016 1369 2052 1393 ut
2077 1360 2332 1404 quotiescunque
2345 1361 2396 1393 in-

1390 1413 1624 1446 terrogaretur‚
1649 1402 1749 1447 oculis
1770 1402 1902 1445 quidem
1924 1402 2098 1437 ostenderet
2120 1427 2133 1443 ,
2157 1403 2185 1437 se
2209 1403 2393 1438 intellexis-

1390 1447 1419 1480 se
1436 1469 1446 1485 ,
1471 1450 1503 1480 &
1527 1445 1712 1487 respondere
1734 1444 1798 1488 jam
1821 1447 1902 1480 velle
1925 1470 1937 1486 ,
1971 1446 2022 1480 sed
2045 1456 2150 1481 tamen
2184 1459 2237 1490 per
2260 1445 2398 1491 aliquod

1369 1492 1546 1532 ‘temporis
1570 1490 1773 1523 intervallum
1797 1490 1937 1531 primum
1960 1490 2101 1532 incipere
2124 1502 2188 1524 non
2202 1490 2302 1533 posset
2328 1501 2400 1524 ver-

1389 1534 1489 1572 bum;
1511 1545 1575 1576 quo
1597 1533 1726 1566 demum
1749 1535 1902 1574 incepto,
1925 1543 2036 1566 caetera
2047 1533 2140 1567 facile
2164 1534 2397 1577 sequebantur.

1390 1578 1443 1611 Sic
1467 1577 1533 1610 fere
1557 1575 1652 1619 usque
1684 1576 1723 1610 ad
1748 1577 1821 1609 vitae
1846 1586 2021 1610 extremum
2057 1578 2172 1611 mentis
2195 1589 2329 1621 compos
2352 1579 2402 1610 vi-

1391 1621 1462 1661 sus,
1486 1620 1622 1663 denique
1645 1619 1764 1653 insultu
1787 1619 1874 1661 quali
1898 1621 2100 1662 apopleffico
2124 1620 2294 1663 prehensus
2311 1644 2319 1657 ‚
2345 1631 2403 1654 oc-

1389 1665 1520 1698 cubuit.
1545 1665 1668 1697 Cranio
1694 1663 1852 1702 reserato,
1875 1663 1959 1696 nihil
1971 1665 2055 1698 intra
2079 1663 2165 1704 hoc,
2188 1664 2247 1697 nisi
2262 1665 2402 1705 humor,

1388 1709 1557 1741 inventum
1579 1707 1644 1747 est,
1669 1706 1691 1739 fi
1706 1705 1798 1739 fibras
1821 1707 1945 1748 aliquot
1956 1708 2096 1749 excipias
2121 1708 2253 1747 rubras,
2279 1711 2310 1741 oc
2324 1720 2404 1752 qua-

1388 1751 1410 1784 si
1434 1763 1560 1785 carneas
1575 1750 1597 1791 ,s
1610 1763 1681 1795 quae
1704 1750 1826 1783 vulneri
1844 1749 2096 1792 subjiciebantur
2112 1774 2119 1782 .
2142 1750 2312 1784 Assensum
2328 1775 2341 1792 ,
2365 1754 2402 1786 ut

1388 1807 1448 1838 ego
1474 1795 1602 1829 audiens
1626 1794 1846 1834 sustinebam,
1880 1793 1921 1827 fic
1946 1803 1981 1827 tu
2007 1795 2112 1837 legens
2136 1792 2281 1828 sustineas
2303 1820 2311 1833 ‚
2349 1806 2405 1837 per

1388 1851 1438 1872 me
1461 1839 1557 1874 licet.
1582 1840 1627 1871 Et
1651 1837 1720 1870 sane
1745 1838 1812 1871 haec
1837 1841 1909 1871 sunt
1933 1837 2164 1879 ejuscemodi,
2195 1847 2229 1871 ut
2254 1838 2312 1871 nisi
2338 1839 2404 1881 ipse

1390 1882 1518 1921 videas,
1546 1881 1602 1915 nisi
1630 1881 1801 1924 diligenter
1823 1883 1921 1915 etiarn
1945 1891 2038 1924 atque
2061 1882 2160 1914 etiarn
2173 1881 2406 1923 perscruteris,

1390 1926 1479 1959 velut
1503 1928 1535 1959 in
1570 1925 1631 1959 hoc
1657 1925 1727 1958 casu
1762 1923 1840 1968 quid
1865 1924 1953 1959 fibrae
1986 1924 2080 1959 essent
2105 1925 2169 1958 illae
2208 1925 2307 1959 rubrae
2330 1952 2338 1966 ‚
2373 1931 2407 1959 &

1389 1969 1473 2013 quasi
1496 1980 1639 2009 carneae,
1663 1972 1693 2001 ἃ
1717 1980 1778 2012 qua
1793 1980 1866 2001 cum
1890 1968 2072 2002 membrana
2084 1967 2236 2008 fortasse,
2261 1980 2314 2002 aut
2331 1971 2409 2013 qui-

1389 2013 1447 2046 bus
1471 2025 1544 2046 cum
1570 2015 1671 2045 nervis
1693 2010 1809 2054 juncta:
1831 2036 1844 2052 ,
1878 2018 1909 2046 δε
1933 2011 2100 2056 postquam
2123 2012 2220 2045 etiarn
2247 2011 2408 2046 scrutatus

1388 2056 1508 2092 fueris,
1532 2057 1588 2088 vix
1610 2055 1733 2088 credere
1756 2065 1861 2087 tamen
1887 2056 1978 2098 poffis
2002 2080 2010 2087 .
2047 2057 2170 2099 Agitur
2194 2054 2247 2088 hic
2271 2056 2407 2098 quidem

1386 2100 1424 2133 de
1447 2099 1568 2132 cerebri
1583 2098 1824 2140 absumptione,
1847 2108 1882 2131 ut
1906 2101 1939 2132 in
1953 2101 2069 2133 Zacuti
2088 2126 2096 2140 ,
2122 2109 2157 2132 ut
2183 2098 2314 2132 Billotii
2330 2111 2410 2142 pue-

1388 2145 1431 2176 ris.
1454 2143 1570 2177 vulnus
1591 2143 1708 2184 capitis
1731 2140 1897 2175 consecuta
1917 2168 1924 2174 .
1951 2141 2054 2175 Sedin
2069 2144 2175 2185 primo
2191 2144 2322 2175 triennii
2339 2143 2410 2185 spa-

1391 2190 1473 2220 tium
1498 2188 1581 2219 inter
1605 2185 1719 2219 vulnus
1742 2208 1754 2224 ,
1787 2187 1819 2218 ἅτ
1851 2185 2104 2220 observationem
2142 2186 2243 2219 fuerat
2276 2185 2409 2229 interje-

1392 2232 1500 2267 ftum5
1524 2230 1558 2262 in
1572 2229 1671 2262 altero
1696 2237 1805 2260 totum
1818 2227 2021 2270 absumptum
2034 2240 2099 2262 non
2125 2239 2192 2262 erat
2215 2230 2406 2268 cerebrum3

1394 2276 1427 2307 in
1452 2283 1590 2315 utroque
1612 2271 1801 2304 cerebellum
1824 2270 1951 2306 fortasse
1974 2297 1986 2313 ,
2009 2275 2038 2305 &e
2065 2284 2138 2315 pars
2162 2273 2310 2314 medullae
2335 2274 2408 2306 Ob-

1394 2318 1532 2358 longatae
1557 2316 1665 2360 potuit
1694 2314 1842 2390 suspcrstes
1867 2315 1923 2360 esse
1953 2329 1963 2347 :
1986 2327 2041 2348 nec
2065 2317 2186 2349 cerebri
2210 2316 2409 2359 colliquatio

1395 2363 1428 2393 in
1454 2359 1592 2393 secundo
1614 2359 1698 2395 suit3
1736 2357 1773 2390 ed
1798 2369 1864 2399 ejus
1887 2358 2065 2392 substantiae
2083 2383 2096 2399 ,
2132 2359 2170 2393 ad
2194 2362 2284 2393 nucis
2309 2361 2415 2401 myri-

1395 2404 1479 2437 stica:
1502 2400 1758 2444 magnitudinem
1794 2403 1827 2432 in
1849 2412 2035 2444 quacunque
2069 2402 2285 2436 medicatione
2308 2415 2413 2436 erum-

1396 2447 1522 2488 pentis,
1549 2444 1688 2478 amiffio.
1713 2447 1760 2477 At
1773 2445 1879 2480 enim,
1904 2446 2037 2487 inquis,
2058 2447 2185 2479 nullum
2196 2447 2230 2479 in
2252 2447 2413 2489 quinque—

1397 2488 1502 2522 mestri
1529 2487 1740 2530 Kerckringii
1774 2499 1873 2530 puero
1894 2487 2085 2530 praecesskrat
2109 2490 2222 2523 vulnus
2241 2514 2253 2530 ‚
2285 2491 2412 2523 nullum

1397 2534 1431 2566 in
1455 2533 1563 2564 bienni
1588 2531 1748 2565 Tombini
1772 2536 1785 2572 (
1809 2541 1828 2563 u
1854 2534 1890 2570 ),
1917 2532 2044 2565 nullum
2067 2533 2099 2564 in
2125 2531 2308 2567 Neuholdii
2344 2535 2410 2576 (x)

1399 2576 1503 2618 puella
1530 2576 1665 2607 novenni
1689 2587 1699 2613 5
1732 2577 1763 2607 ἃ
1787 2582 1895 2606 tamen
1933 2576 1965 2607 in
1990 2574 2048 2608 hac
2071 2576 2258 2609 medullaris
2290 2578 2412 2610 cerebri

1403 2618 1573 2653 substantia
1597 2626 1664 2651 tota
1687 2617 1776 2650 velut
1797 2618 1828 2651 in
1847 2617 2273 2662 gelatinamtenaciffimam‚
2300 2621 2332 2651 in
2362 2620 2408 2652 se„

1402 2662 1508 2695 cundo
1534 2662 1640 2695 autem
1660 2685 1672 2702 ,
1696 2671 1731 2694 ut
1755 2660 1899 2694 diximus
1924 2684 1933 2699 ‚
1968 2662 2000 2695 in
2023 2672 2133 2703 aquam
2165 2664 2308 2704 convcrfiz
2332 2687 2344 2703 ,
2378 2666 2412 2698 in

1402 2708 1510 2748 primo
1533 2715 1640 2738 totum
1664 2703 1826 2739 cerebrum
1849 2703 1883 2736 in
1907 2715 2021 2747 aquam
2038 2715 2198 2738 mutatum
2248 2706 2332 2739 rviibi
2359 2719 2415 2740 ve„

1402 2760 1440 2782 ro
1462 2749 1529 2782 haec
1555 2748 1621 2791 ipsa
1645 2751 1863 2782 mutationum
1885 2747 1974 2781 series
1998 2747 2316 2790 videturostendere,
2341 2760 2417 2784 tan„

1404 2802 1440 2825 to
1464 2792 1630 2826 difficilius
1653 2792 1839 2834 contingere
1862 2791 1979 2824 cerebri
1997 2789 2239 2825 dissolutionem
2254 2818 2263 2833 ,
2289 2806 2414 2836 quarto

1404 2837 1531 2878 longius
1559 2835 1702 2869 zib-ortu
1727 2834 1884 2869 receditur
1907 2860 1917 2876 ‚
1955 2845 1990 2867 ut
2014 2835 2130 2867 cerebri
2167 2836 2337 2870 substantia
2363 2838 2417 2871 fir-

1406 2881 1491 2912 mior
1514 2879 1551 2912 fit
1574 2904 1581 2909 .
1620 2878 1721 2922 Qod
1744 2880 1765 2912 si
1789 2881 1821 2911 in
1846 2880 1916 2910 viro
1940 2887 2046 2910 tamen
2080 2880 2140 2911 illo
2164 2880 2301 2912 Garneri
2330 2893 2416 2919 petra-

1406 2924 1456 2956 cla
1480 2923 1542 2962 est;
1563 2932 1597 2955 at
1618 2933 1731 2965 quanta
1746 2945 1758 2962 ,
1782 2925 1814 2955 &
1836 2933 1929 2964 quam
1962 2921 2110 2955 diuturna
2136 2922 2300 2964 pertulerit
2325 2947 2336 2964 ,
2372 2927 2417 2957 vi-

1406 2965 1478 2998 dere
1502 2976 1613 3008 potes.
1640 2958 1677 2999 ln
1703 2978 1805 3008 eoque
1827 2965 1899 3007 ipso
1921 2975 1955 2998 ut
1979 2963 2130 3007 {iugulare
2153 2967 2185 2999 id
2212 2966 2311 3000 fuerit
2333 2994 2341 3008 ‚
2364 2969 2416 3000 in-

1407 3008 1445 3042 de
1470 3010 1544 3042 licet
1569 3009 1732 3052 intelligi,
1754 3008 1839 3050 quod
1865 3019 1927 3041 non
1951 3007 2045 3041 facile
2069 3008 2251 3043 sitalterum
2276 3014 2308 3043 in
2326 3010 2417 3044 adul-

1412 3062 1448 3086 to
1471 3051 1701 3095 ejusdemmodi
1736 3053 1915 3095 exemplum
1939 3053 2019 3094 apud
2058 3053 2208 3095 probatos
2239 3055 2416 3096 Scriptores

1413 3097 1572 3129 invenire.
1599 3098 1689 3139 Qu
1712 3096 1848 3136 mulier,
1875 3095 1911 3127 de
1935 3107 1995 3137 qua
2020 3095 2293 3130 Kaltschrniedius
2317 3101 2379 3139 (y)
2407 3123 2416 3137 ,

1414 3138 1467 3172 etsi
1493 3140 1693 3173 atrociffimis
1716 3140 1831 3180 capitis
1853 3138 2043 3179 doloribus,
2068 3139 2170 3183 iisque
2197 3139 2265 3181 post
2289 3153 2417 3182 gravem

1412 3183 1527 3224 capitis
1551 3184 1674 3223 istum,
1696 3183 1805 3215 misere
1834 3182 1910 3215 adeo
1932 3192 2040 3215 vexata
2063 3207 2076 3224 ,
2109 3193 2144 3217 ut
2168 3184 2223 3215 nisi
2252 3196 2337 3226 aquae
2361 3197 2417 3217 co-

1411 3228 1462 3269 pia
1489 3238 1542 3269 per
1566 3238 1652 3259 nares
1675 3225 1840 3269 prodiisset
1862 3249 1870 3262 ‚
1895 3226 2005 3260 tandiu
2038 3238 2101 3260 non
2125 3225 2237 3259 fm’ffee
2260 3229 2381 3261 vistura
2403 3251 2415 3267 ‚

1411 3281 1486 3303 cum
1508 3269 1635 3305 decimo
1659 3270 1787 3303 tandem
1812 3281 1894 3302 anno
1913 3280 2041 3303 mortua
2053 3268 2147 3309 esset,
2173 3272 2203 3301 vi
2227 3271 2353 3313 quidem
2373 3272 2416 3304 se-

1411 3314 1437 3345 ri
1473 3313 1675 3346 distendentis
1708 3315 1824 3346 cerebri
1857 3314 2050 3346 ventriculos
2069 3336 2077 3350 ‚
2108 3324 2224 3355 corpus
2249 3315 2416 3348 Calloi'um

1411 3355 1452 3389 sic
1476 3365 1681 3394 extenuatum
1705 3356 1840 3389 ostendit
1864 3382 1872 3394 ,
1907 3368 1941 3390 ut
1964 3359 2021 3390 vix
2038 3354 2124 3397 septi
2143 3356 2293 3398 pellmm’r
2316 3357 2417 3399 treffl-

1411 3400 1487 3433 tiem
1511 3399 1664 3443 referret,⁴
1688 3400 1805 3433 cerebri
1828 3410 1931 3434 tamen
1955 3402 1989 3434 in
2012 3410 2140 3433 mucum
2167 3398 2417 3457 dissoluti'nihii

1599 3453 1601 3457 ’
2317 3456 2373 3477 na-

1865 3636 1879 3664 (
1893 3635 1936 3663 n)
1954 3635 2019 3664 supra
2034 3634 2063 3658 ad
2079 3642 2102 3658 n.
2121 3636 2144 3658 3.
2208 3635 2216 3664 (
2235 3643 2247 3658 σ
2263 3635 2277 3663 'J
2293 3632 2357 3659 ibid.

1649 3667 1662 3695 ζ
1677 3673 1689 3688 r
1704 3665 1717 3693 )
1735 3668 1831 3690 Zod1ac.
1847 3667 1915 3690 Med.
1934 3666 1996 3691 Gau.
2015 3668 2041 3690 A.
2061 3673 2081 3690 ιΑ
2099 3667 2137 3689 Μ.
2156 3667 2214 3689 Dec.
2232 3664 2293 3689 Obs·
2311 3672 2333 3694 3-

1701 3696 1715 3725 (
1731 3705 1746 3719 ιι
1763 3697 1776 3726 )
1793 3697 1859 3725 supra
1876 3697 1906 3721 ad
1922 3704 1947 3720 n.
1969 3704 2002 3727 13.
