2498 4075
430 135 531 192 404

354 209 455 241 quam
479 195 717 241 opitulantibus
740 220 750 238 ,
782 206 936 233 venarum
960 194 1176 233 sefflonibus,
1198 198 1284 232 intra
1297 199 1347 233 bi-

351 243 454 280 ,duum
479 252 587 277 vivere
609 241 719 275 desiit.
841 238 989 273 Cadaver
1003 239 1098 273 nobis
1110 238 1345 284 adpersequen-

351 286 425 319 darn
448 285 616 320 Publicam
639 285 824 317 Anatomen
847 283 961 316 datum
982 284 1044 316 est.
1070 282 1171 325 Qud
1194 284 1271 318 dum
1297 284 1355 320 fa-.

347 339 514 368 geremus,
536 337 706 370 antequam
730 325 905 368 aperiendae
928 325 1076 363 calvariae
1098 335 1223 368 tempus
1247 328 1343 361 adve-

353 374 437 406 niret
462 396 472 412 ,
502 370 570 409 haec
603 379 703 411 pauca
739 368 965 403 adnotavimus
991 392 999 400 .
1131 369 1182 402 IN
1220 371 1342 405 VEN-

351 416 454 450 TRE
479 414 572 452 fellea
597 412 733 449 vesicula
757 411 822 445 bile
866 413 1018 454 turgebat
1041 433 1052 447 .
1184 415 1221 448 In
1245 413 1341 448 Tho-

350 469 423 498 race
449 456 550 499 figura
571 455 680 493 cordis
703 480 712 495 ‚
745 456 874 496 qualem
897 455 931 490 in
956 455 1090 490 homine
1113 456 1190 490 alias
1231 455 1342 492 vidisse

352 513 419 539 non
445 500 580 536 memini
601 521 614 538 ‚
647 497 809 535 referebat
833 497 924 533 illam
944 510 1042 541 quam
1088 499 1181 533 rudes
1205 501 1345 543 pit-“tores

354 544 450 580 nobis
473 541 630 584 effingunt
653 564 664 581 ,
697 540 784 584 quafi
809 541 918 578 cordis
940 541 1024 576 latus
1046 541 1217 577 dexterum
1247 556 1345 578 curva

355 588 441 621 linea
466 587 614 623 finiretur
633 607 644 624 ,
678 584 800 619 summa
825 585 976 618 videlicet
1002 584 1064 619 basi
1085 607 1095 623 ‚
1128 588 1160 619 δι
1192 598 1345 621 mucrone

347 631 465 667 ins-imo
488 628 690 667 dextrorsum
716 628 997 671 prominentibus.
1022 629 1116 669 Qin
1140 630 1271 664 eandem
1293 633 1346 664 in-

346 674 482 713 solitam
504 681 714 708 curvaturam
738 672 863 714 septum
885 671 990 714 ipsum
1014 671 1121 706 cordis
1144 671 1345 716 sequebatur.

349 719 420 756 Cor
445 727 583 759 parvum
607 726 675 749 erat
699 717 825 758 potius,
852 727 948 757 quam
962 726 1137 757 magnum3
1162 716 1211 750 sed
1236 718 1348 752 valvu-

348 762 395 800 las
411 783 421 800 ‚
447 760 586 802 aliasque
609 759 768 802 ejusmodi
793 768 895 802 partes
919 759 970 792 vel
994 758 1078 792 infra
1101 759 1184 794 hanc
1208 767 1345 804 propor-

348 806 477 843 tionem
501 814 612 845 parvas
636 801 795 839 habebat.
825 803 948 844 Magna
970 803 1086 836 arteria
1110 803 1279 846 postquam
1304 807 1346 841 fi-

350 846 715 884 nistram'Subclaviam
739 844 885 883 emiserat
900 867 910 882 ‚
933 847 1021 880 intus
1045 846 1083 880 ad
1106 846 1247 889 aliquem
1280 857 1346 882 tra-

340 892 439 929 ,fium
464 898 532 923 erat
552 889 658 931 aspera
680 890 724 923 ob
748 890 967 933 prominentes
982 890 1098 927 fibras,
1121 899 1274 934 tanquam
1298 892 1348 926 in-

338 936 427 971 tima
453 931 568 972 deesset
591 935 717 970 tunica.
856 933 971 967 Cranii
990 933 1122 967 demum
1146 932 1293 974 fornice,
1317 939 1348 969 &

352 976 466 1013 Crassa
496 977 648 1019 meninge
671 977 789 1010 amotis
811 999 822 1015 ,
855 975 926 1010 vasa
963 977 1096 1018 quidem
1121 988 1175 1019 per
1198 980 1348 1013 Tenuem

346 1019 576 1063 conspeximus
599 1022 696 1063 nigro
720 1020 874 1062 sanguine
898 1030 1051 1062 perquam
1073 1020 1234 1060 distenta,
1256 1031 1292 1056 ut
1316 1025 1348 1055 δε

346 1065 484 1100 minima
497 1074 628 1107 quoque
652 1064 706 1097 illa
730 1075 801 1106 quae
814 1075 871 1106 per
894 1063 1101 1097 medullarem
1127 1065 1260 1101 cerebri,
1273 1065 1347 1099 sub-

345 1106 498 1146 stantiam
520 1105 751 1141 confertissima
775 1106 961 1141 ferebantur
981 1118 994 1147 ,·
1028 1107 1080 1142 sed
1103 1108 1188 1141 nihil
1211 1108 1346 1151 usquam

345 1149 437 1185 effufi
461 1151 624 1194 sanguinis
647 1149 884 1193 deprehendere
895 1152 1084 1193 potuimus:
1108 1152 1233 1185 tametsi
1258 1154 1346 1195 quod

345 1194 554 1231 Lateralibus
578 1194 768 1228 ventriculis
791 1194 893 1228 serum
917 1195 1022 1227 inerat
1046 1218 1059 1235 ,
1095 1206 1154 1228 nec
1186 1197 1233 1228 ita
1266 1207 1345 1238 pau-

346 1249 445 1279 cum,
470 1236 530 1271 esse
554 1238 695 1273 vidimus
720 1237 1029 1280 sanguinolentum,
1051 1239 1086 1275 in
1110 1239 1260 1280 plexibus
1284 1252 1344 1273 au-

345 1291 412 1317 tem
435 1280 663 1318 Choroidibus
686 1289 749 1323 qua
774 1285 807 1314 in
833 1280 973 1314 ascensus
995 1280 1057 1315 fine
1082 1280 1110 1314 se
1136 1281 1306 1316 infleetunt
1331 1306 1343 1323 ‚

343 1324 535 1367 hydatides‚
561 1325 595 1356 in
620 1325 722 1358 altero
748 1323 943 1365 praesertim,
972 1334 1037 1357 non
1063 1325 1230 1367 parvulas.

388 1380 419 1409 9.
448 1369 517 1402 Has
539 1376 630 1401 certe
653 1369 688 1400 in
713 1367 782 1400 aliis
806 1369 928 1409 pariter
957 1379 1039 1410 quos
1072 1370 1241 1411 apoplexia
1274 1380 1339 1403 non

345 1412 494 1450 sustulit,
521 1409 601 1453 saepe
625 1411 674 1444 ibi
697 1410 880 1455 conspicere
904 1410 993 1444 soliti
1006 1410 1136 1446 sumus:
1161 1411 1268 1446 serum
1292 1425 1347 1447 au-

345 1465 435 1494 tem,
458 1457 535 1489 dum
558 1456 722 1492 cerebrum
747 1455 781 1487 in
805 1466 871 1497 quo
893 1453 1041 1488 conferta
1067 1456 1193 1490 vascula
1219 1455 1347 1499 sangui-

344 1511 384 1534 ne
408 1498 547 1533 distenta
572 1498 634 1532 sint
654 1520 664 1536 ‚
699 1498 896 1540 persecamus
918 1520 930 1537 ,
965 1498 1022 1531 vix
1044 1497 1115 1533 fieri
1140 1501 1241 1541 potest
1264 1503 1345 1542 quin

346 1544 386 1580 ,ab
410 1542 507 1584 hujus
517 1544 658 1585 guttulis
682 1542 915 1582 illabentibus,
938 1541 1037 1574 etiam
1061 1544 1247 1585 perpaucis,
1272 1543 1345 1577 san-

346 1589 577 1629 guinolentum
601 1597 665 1620 non
690 1594 840 1628 appareat
863 1608 871 1616 .
907 1584 1009 1623 Quod
1032 1586 1056 1619 fi
1090 1585 1177 1619 forte
1208 1590 1242 1620 in
1273 1588 1343 1620 sero

348 1641 403 1666 aut
429 1641 483 1673 per
507 1631 720 1663 acrimoniam
743 1630 917 1668 irritante,
939 1637 994 1661 aut
1018 1640 1075 1671 per
1097 1632 1228 1672 copiam
1253 1651 1263 1667 ,
1294 1640 1343 1663 et-

347 1676 414 1712 iam
438 1685 503 1711 non
529 1684 679 1715 magnam
698 1695 711 1712 ,
745 1671 989 1714 compreffiones
1024 1674 1150 1706 cerebri
1173 1683 1309 1716 augente
1333 1698 1344 1714 ,

347 1716 475 1755 causam
498 1716 596 1758 hujus
619 1716 797 1760 apoplexiae
821 1726 859 1748 ex
883 1723 973 1755 parte
996 1715 1103 1757 aliqua
1127 1717 1208 1749 velis
1242 1728 1343 1758 agno-

346 1764 432 1801 scere
457 1759 633 1795 secundum
656 1771 691 1793 ea
715 1770 786 1802 quae
810 1758 847 1793 de
871 1756 978 1792 setosis
1003 1759 1181 1801 apoplexiis
1213 1771 1307 1801 agens
1330 1781 1342 1798 ‚

347 1807 424 1845 alias
447 1809 461 1844 <
483 1806 495 1838 ι’
519 1808 529 1843 )
555 1803 593 1838 ad
617 1813 650 1841 te
677 1801 810 1847 scripfi;
833 1812 899 1835 non
921 1803 1132 1844 repugnabo5
1155 1801 1288 1838 difficile
1310 1815 1343 1836 e-

343 1851 419 1889 nim
443 1848 606 1886 interdum
629 1847 671 1882 est
694 1847 734 1880 ab
756 1845 821 1880 illis
844 1843 1031 1889 sanguineas
1052 1844 1193 1888 separare
1210 1869 1222 1886 ,
1245 1849 1277 1880 δι
1301 1846 1341 1881 de

344 1895 440 1934 certis
463 1891 657 1937 quibusdam
679 1889 821 1927 historiis
845 1899 955 1923 utrum
979 1889 1020 1922 ad
1040 1901 1138 1932 genus
1161 1892 1343 1936 attineant,

348 1951 409 1987 pro
433 1946 523 1975 certo
555 1935 749 1972 constituere
773 1957 781 1965 .
818 1934 878 1968 Fac
902 1942 1009 1966 tamen
1031 1956 1043 1974 ,
1076 1942 1111 1967 ut
1144 1935 1344 1976 conJeeturas

351 1995 424 2029 quae
448 1982 603 2024 utrinque
627 1977 686 2013 esse
709 1976 868 2023 pessuma,
903 1985 976 2009 ante
1009 1977 1183 2020 perpendas
1206 2002 1216 2016 ‚
1250 1987 1345 2021 atque

354 2028 412 2064 ubi
435 2025 557 2062 cerebri
582 2022 656 2057 vasa
678 2032 808 2056 externa
831 2021 924 2055 simul
946 2042 959 2061 ,
991 2021 1022 2052 δε
1044 2021 1171 2054 interna
1195 2020 1348 2064 sanguine

356 2073 431 2109 sunt
455 2070 594 2105 maxime
618 2066 774 2106 distenta,
797 2065 887 2098 velut
910 2065 945 2096 in
969 2063 1134 2107 proposito
1157 2066 1243 2099 Viro
1261 2088 1271 2104 ,
1299 2066 1349 2097 vi-

354 2115 393 2151 de
417 2124 454 2149 ne
478 2114 575 2148 nimis
597 2109 692 2145 facile
716 2119 831 2152 neges,
851 2106 978 2143 causam
1003 2109 1167 2150 praecipua
1178 2121 1218 2143 ex
1230 2118 1350 2153 partea

354 2158 507 2201 sanguine
519 2155 577 2190 effe
588 2152 794 2198 repetendam
809 2175 818 2184 .
952 2150 1006 2185 Ad
1017 2151 1230 2186 l'affitudinem
1245 2163 1352 2187 autem

352 2196 443 2240 illam
468 2211 615 2243 magnam
641 2222 652 2239 ,
679 2198 771 2240 longi
795 2196 924 2229 itineris
947 2195 1091 2230 laborem
1116 2195 1347 2234 consecutam,

356 2261 396 2283 eo
421 2248 496 2280 anni
519 2254 665 2286 tempore
691 2240 809 2282 perasti
833 2262 842 2277 ,
876 2251 953 2273 num
976 2238 1102 2281 aliquid
1124 2238 1269 2273 conferre
1293 2251 1353 2282 po-

357 2291 459 2328 tuerit
484 2289 624 2323 hominis
647 2284 838 2319 constitutio
853 2305 862 2321 ‚
887 2295 983 2325 quem
1006 2283 1137 2316 insolita
1161 2284 1216 2317 illa
1241 2282 1346 2317 forma

358 2334 487 2371 cordis,
510 2334 538 2364 8<
563 2329 649 2365 laefio
672 2329 727 2362 illa
751 2328 869 2360 intima
893 2328 1006 2361 Aortae
1030 2326 1155 2359 indicat
1175 2353 1184 2368 ,
1217 2325 1349 2361 fortasse

357 2375 609 2414 robustiffimurn
632 2372 689 2406 esse
712 2383 776 2405 non
802 2370 960 2413 potuisse,
983 2381 1045 2412 ego
1069 2369 1201 2411 quidem
1225 2374 1259 2404 in
1281 2382 1351 2404 me-

359 2423 416 2457 dio
440 2421 617 2461 relinquo:
654 2415 865 2449 lassitudinem
904 2423 1011 2447 tamen
1038 2415 1177 2447 universi
1201 2416 1350 2455 corporis

358 2465 483 2501 cerebri
506 2472 636 2505 quoque
658 2460 782 2498 robur,
806 2461 836 2491 &
859 2457 925 2501 ejus
949 2457 1097 2491 vasorum
1120 2459 1353 2496 minuere,eo-

357 2521 420 2553 que
443 2507 524 2541 illud
546 2501 852 2547 compreffionibus,
877 2503 945 2536 haec
969 2500 1215 2537 distentionibus
1236 2512 1360 2545 oppor-

363 2552 496 2587 tuniora
521 2548 622 2582 facere
646 2544 754 2587 posse,
779 2557 844 2578 non
867 2545 1008 2579 dubito.

413 2606 462 2628 10.
488 2590 719 2628 FOEMINA,
743 2589 854 2622 eadem
877 2587 970 2622 facile
993 2599 1056 2630 qua
1080 2590 1107 2621 is
1129 2588 1216 2626 Vir,
1237 2594 1356 2627 aetate,

364 2650 431 2674 non
455 2637 564 2671 multis
597 2632 666 2677 post
699 2644 772 2666 eum
794 2632 907 2666 diebus
940 2633 974 2664 in
1000 2631 1236 2666 Nosocomium
1267 2643 1360 2666 exce-

362 2693 440 2728 pta,
466 2680 605 2721 indeque
621 2701 630 2715 ,
655 2676 710 2710 ubi
733 2677 819 2709 intra
843 2675 979 2709 biduum
1003 2675 1154 2716 deceffit,
1175 2676 1208 2708 in
1232 2676 1360 2709 Anato-

365 2728 489 2762 micum
511 2722 696 2756 Theatrum
721 2718 811 2753 illata
832 2719 902 2752 est.
927 2719 1051 2752 Mortis
1074 2718 1165 2752 causa
1190 2718 1359 2761 apoplexia

364 2770 472 2806 fuerat
495 2763 652 2809 ejusmodi
668 2786 678 2804 ‚
703 2771 739 2796 ut
762 2771 878 2805 quarto
902 2762 943 2796 ab
967 2760 1061 2804 hujus
1083 2763 1184 2795 initio
1209 2762 1261 2795 die
1283 2774 1359 2796 cum

366 2816 404 2849 in
431 2809 670 2846 Nosocomium
694 2806 826 2841 advcha
849 2805 890 2840 est
912 2829 921 2844 ‚
956 2816 1032 2839 tunc
1054 2816 1139 2840 certe
1162 2806 1287 2839 nullum
1312 2805 1361 2840 fa-

373 2857 504 2892 cultatis
528 2850 709 2889 sentiendi,
733 2859 788 2884 aut
812 2849 965 2883 movendi
988 2850 1143 2883 retineret
1168 2850 1325 2884 indicium
1351 2871 1360 2886 ‚

368 2903 489 2941 vixque
512 2897 624 2930 oculos
647 2894 805 2937 aperuerit
822 2917 832 2933 ‚
867 2893 944 2938 dum
970 2894 1088 2934 plantis
1111 2892 1282 2927 candentes
1315 2893 1362 2926 la-

372 2945 470 2979 minae
494 2942 532 2974 ad
555 2938 760 2972 excitandum
785 2937 1040 2976 adhiberentur,
1066 2937 1117 2970 sed
1128 2935 1261 2974 frustra,
1286 2948 1363 2970 mox

378 2989 467 3022 enim
491 2982 603 3018 clausit
624 3005 632 3012 .
764 2981 1000 3014 CADA‘VER
1023 3001 1032 3017 ‚
1065 2980 1087 3013 s1
1121 2991 1194 3014 crus
1227 2981 1362 3015 alterum

373 3032 535 3071 exciperes
568 3026 673 3059 ulcere
704 3022 922 3058 deformatum
945 3046 958 3063 ‚
989 3023 1071 3057 nihil
1104 3024 1241 3057 exterius
1277 3023 1368 3066 quod

371 3071 508 3109 docendi
535 3068 604 3104 usui
629 3077 819 3109 repugnaret
843 3094 853 3107 ,
877 3066 1010 3109 usquam
1033 3067 1236 3101 ostendebat:
1263 3067 1315 3101 sed
1338 3070 1368 3101 &

374 3118 514 3152 interius
537 3114 594 3147 vix
616 3111 740 3153 aliquid
763 3111 797 3143 in
823 3111 863 3144 iis
885 3122 962 3153 quas
988 3110 1196 3152 perlustravi,
1222 3111 1368 3154 partibus

376 3163 417 3196 ab
441 3168 562 3194 naturae
587 3165 698 3190 norma
735 3154 877 3188 alienum
910 3153 1061 3188 offendi.
1193 3156 1231 3188 In
1255 3156 1367 3189 Aortae

374 3207 461 3240 enim
483 3211 600 3235 trunco
623 3198 681 3241 qui
707 3208 761 3239 per
784 3199 941 3232 Ventrem
965 3198 1150 3236 descendit,
1172 3199 1254 3232 leves
1280 3199 1368 3232 intus

373 3248 493 3284 alicubi
519 3251 609 3277 erant
633 3242 814 3282 albedines,
836 3253 908 3284 quae
930 3240 1146 3287 futurasolim
1169 3241 1266 3275 osseas
1276 3242 1370 3284 squa-

374 3303 441 3327 mas
461 3287 668 3323 indicabant:
691 3296 828 3327 quarum
849 3296 912 3318 una
935 3296 999 3326 Jam
1024 3295 1091 3318 erat
1113 3309 1125 3325 ,
1162 3284 1214 3319 sed
1237 3297 1333 3328 parva
1357 3310 1364 3317 .

378 3336 479 3370 Tuba
502 3329 709 3371 Falloppiana
734 3328 856 3362 finistra
878 3328 986 3364 medio
1008 3329 1040 3361 in
1065 3330 1181 3362 itinere
1205 3340 1279 3363 cum
1291 3329 1364 3363 teste

372 3375 556 3414 cohaerebat
572 3387 581 3405 :
607 3374 659 3406 hic
682 3381 773 3412 erat,
796 3371 816 3404 sl
841 3384 916 3406 cum
939 3373 1074 3406 dextero
1097 3372 1281 3413 conferres,
1305 3374 1368 3406 mi-

374 3433 457 3460 nor,
484 3417 661 3462 paucosque
683 3416 771 3450 intus
792 3414 931 3450 habebat
955 3416 1043 3449 albos
1067 3416 1218 3458 globulos
1241 3441 1251 3458 ,
1285 3427 1368 3459 quo-

372 3477 447 3501 rum
469 3473 570 3498 unum
594 3457 768 3499 dissecans,
792 3470 830 3493 ex
852 3460 1020 3502 compacta
1043 3458 1220 3506 substantia
1242 3459 1367 3494 fafitum

371 3511 462 3547 vidi,
486 3506 525 3541 ad
547 3513 695 3539 centrum
716 3515 813 3537 cava.
839 3504 1006 3538 Atdexter
1024 3525 1034 3543 ,
1059 3514 1151 3546 cnjus
1174 3505 1368 3547 magnitudo

787 121 1046 178 LiberV.
1080 119 1165 175 De
1197 119 1451 174 addendis
1481 120 1547 173 ad
1581 119 1768 173 Libros
1798 85 2083 189 supe-riores

1398 196 1448 230 vel
1469 194 1592 239 juniori
1612 196 1823 233 conveniret,
1848 197 1953 231 nullos
1974 195 2137 240 globulos,
2148 198 2295 233 vesiculas
2310 198 2384 233 nul-

1395 240 1441 274 las
1464 240 1674 278 continebat,
1701 238 1867 280 superficie
1891 250 1996 274 tamen
2018 250 2084 273 erat
2108 241 2281 280 tuberosa,
2296 240 2382 279 &‚fi

1395 283 1506 317 oculos
1528 283 1697 325 defigeres,
1725 293 1790 316 non
1815 284 1879 317 fine
1890 284 2150 319 cicatricularum
2175 285 2322 319 indiciis.
2337 284 2385 319 Il-

1391 327 1448 361 lud
1471 338 1600 369 quoque
1622 329 1655 359 in
1679 325 1773 368 hujus
1795 329 1954 361 cadaveris
1976 326 2162 362 dissectione
2184 328 2385 363 animadver-

1391 370 1462 404 sum
1486 368 1552 408 est,
1575 369 1773 403 membranas
1796 371 1901 411 paffim
1925 370 2076 412 scalpello
2099 372 2203 414 magis
2225 383 2323 414 quarn
2345 382 2387 404 ae-

1391 424 1493 456 quum
1516 413 1583 455 est,
1607 412 1661 447 etsi
1686 413 1852 454 pinguedo
1875 425 1939 448 non
1963 413 2072 448 deerat
2091 438 2101 453 ,
2131 414 2220 449 fuisse
2244 414 2385 450 refisten-

1392 466 1458 490 tes.
1592 457 1744 489 Calvaria
1756 457 1894 499 denique
1905 456 2025 491 reclusa
2041 479 2051 495 ‚
2073 460 2184 492 omnia
2207 459 2294 492 intra
2304 457 2384 492 hanc

1395 501 1467 534 vasa
1482 521 1492 536 ‚
1515 512 1554 534 ne
1577 499 1723 543 plexibus
1746 499 1877 542 quidem
1902 500 2128 536 Choroidibus
2149 502 2313 544 exceptis,
2334 502 2386 533 in-

1396 545 1470 577 veni
1495 543 1645 586 sanguine
1667 546 1851 584 turgentia.
1877 543 1935 577 Sed
1960 553 2073 586 praeter
2095 556 2184 587 aquae
2206 544 2387 588 pauxillum

1397 588 1431 620 in
1457 587 1647 621 ventriculis
1670 587 1892 624 Lateralibus‚
1915 587 1998 621 nihil
2022 588 2154 630 usquam
2179 589 2255 622 vitii
2278 589 2313 621 in
2335 599 2384 621 ce-

1396 630 1516 671 rebro,
1539 630 1718 667 cerebello,
1740 631 1877 665 medulla
1889 631 2079 673 Oblongata
2092 653 2104 671 ,
2124 632 2386 675 quoquoversum

1398 675 1590 717 persecando
1603 695 1612 711 ,
1636 674 1730 715 potui
1753 672 1987 716 deprehendere
2002 698 2009 705 .

1444 727 1493 749 11.
1519 718 1682 751 Si‘omnia
1708 728 1777 759 quae
1803 727 1855 751 aut
1878 719 1911 750 in
1935 718 2018 751 vivis
2052 716 2267 760 praecesserant
2288 740 2298 756 ‚
2333 727 2387 751 aut

1398 761 1433 793 in
1457 762 1592 795 mortuis
1614 759 1779 802 conspeeta
1803 762 1876 795 sunt
1895 783 1905 798 ,
1941 762 2027 794 inter
2051 761 2081 794 se
2102 760 2248 795 conferre
2278 763 2388 795 volue-

1396 805 1440 837 ris
1459 817 1468 841 3
1504 806 1609 839 minus
1632 827 1644 844 ‚
1669 804 1788 846 opinor
1807 828 1817 843 ,
1849 804 2016 838 miraberis
2037 829 2050 845 ‚
2072 804 2160 848 quod
2183 804 2297 838 mulier
2320 804 2389 838 haec

1399 857 1538 882 mortem
1562 848 1681 882 obierit
1704 847 1849 886 tardius,
1871 860 1967 891 quam
1991 850 2042 881 vir
2062 848 2101 883 de
2112 859 2179 890 quo
2203 856 2276 882 ante
2288 848 2389 890 ipsam

1399 891 1526 925 dicium
1550 892 1614 931 est,
1637 891 1806 933 multoque
1829 893 1927 925 etiam
1950 891 2073 926 tardius
2095 901 2229 936 uterque
2251 903 2390 933 eorum,

1400 946 1497 978 quam
1522 937 1571 968 vir
1594 934 1673 968 alter
1695 934 1734 968 de
1757 945 1821 977 quo
1845 935 1948 970 statim
1971 936 2117 969 dicetur.

1447 989 1496 1012 12.
1521 978 1721 1017 TONSOR
1745 990 1841 1013 annos
1864 988 1957 1013 natus
1980 980 2121 1021 quinque
2140 1003 2152 1019 ,
2173 981 2204 1012 &
2226 979 2390 1021 quinqua-

1398 1023 1511 1064 ginta,
1537 1023 1641 1065 capite
1664 1023 1804 1055 maxima
1826 1035 1864 1056 ex
1887 1033 1975 1065 parte
1998 1023 2090 1056 calvo
2113 1047 2123 1062 ‚
2155 1022 2253 1056 bibax
2275 1022 2355 1056 adeo
2380 1045 2390 1059 ,

1398 1075 1434 1099 ut
1458 1067 1566 1099 ebrius
1588 1065 1721 1100 domum
1745 1064 1899 1100 deductus
1924 1065 1961 1099 fit
1987 1066 2025 1099 ad
2049 1066 2192 1109 vesperas
2215 1088 2224 1104 ,
2261 1067 2310 1099 16.
2330 1065 2390 1109 Ja-

1399 1110 1504 1143 nuarii
1527 1109 1582 1143 die
1603 1110 1645 1143 A.
1673 1118 1766 1152 1757.
1794 1108 1943 1151 postridie
1967 1120 2058 1143 mane
2081 1111 2232 1143 inventus
2243 1110 2286 1142 est
2299 1119 2388 1142 mor-

1399 1161 1472 1186 tuus
1491 1176 1503 1193 ‚
1537 1152 1631 1186 humi
1655 1152 1756 1194 jacens
1779 1154 1862 1187 intei-
1884 1154 2002 1187 letfftum
2022 1176 2033 1194 ,
2057 1155 2087 1186 &
2110 1154 2266 1196 parietem
2290 1163 2390 1195 prope

1397 1195 1534 1229 fruitam
1557 1197 1731 1236 matulam,
1756 1196 1844 1229 nulla
1867 1206 1974 1230 tamen
1996 1198 2143 1238 corporis
2165 1205 2257 1238 parte
2281 1196 2352 1229 laesa
2378 1219 2386 1227 .

1393 1239 1471 1272 Hoc
1494 1240 1533 1274 ad
1557 1237 1623 1281 ejus
1658 1242 1732 1273 anni
1758 1240 1925 1274 Publicam
1949 1241 2139 1275 Anatomen
2173 1238 2391 1273 inchoandam

1393 1294 1467 1316 cum
1491 1293 1618 1321 uterer,
1642 1283 1710 1317 haec
1734 1294 1804 1324 quae
1829 1294 1944 1324 praeter
1967 1292 2115 1317 naturam
2147 1283 2247 1317 essent
2272 1307 2282 1322 ,
2318 1283 2389 1315 ani-

1393 1326 1551 1360 madverti
1566 1350 1573 1357 .
1686 1327 1787 1361 VEN
1803 1327 1890 1361 [RE
1902 1338 2011 1369 aperto
2022 1352 2031 1367 ,
2053 1327 2179 1368 amplus
2191 1326 2390 1360 ventriculus

1398 1371 1432 1402 in
1457 1369 1660 1413 conspe&um
1683 1372 1795 1410 venit,
1816 1370 1905 1413 cujus
1927 1373 2066 1405 interior
2090 1370 2185 1404 facies
2209 1371 2279 1404 vini
2301 1369 2393 1403 colo·

1399 1425 1431 1447 re
1454 1413 1572 1447 infecta
1595 1418 1662 1446 erat
1682 1439 1690 1446 .
1726 1414 1908 1448 Omentum
1934 1415 2035 1449 multa
2059 1413 2255 1457 pinguedine
2285 1412 2384 1447 refer—

1398 1467 1491 1498 tum,
1515 1466 1551 1491 ut
1574 1457 1801 1500 plerorumque
1825 1458 2049 1492 intestinorum
2073 1467 2203 1491 externa
2217 1457 2392 1496 tunica,&

1398 1501 1643 1539 mesenterium‚
1666 1502 1700 1534 in
1724 1513 1792 1545 quo
1814 1501 1972 1545 glandulae
1996 1501 2142 1544 quaedam
2155 1500 2271 1543 majori
2294 1510 2394 1544 quam

1397 1557 1431 1578 ea
1458 1545 1539 1578 ferat
1563 1554 1658 1582 aetas,
1682 1546 1926 1588 magnitudine.
1952 1546 2033 1579 Bilis
2056 1558 2071 1579 e
2095 1543 2181 1579 flavo
2204 1544 2292 1578 fusca
2313 1569 2323 1585 ‚
2344 1555 2393 1577 re-

1394 1589 1532 1631 liquerat
1557 1599 1611 1629 pet
1634 1588 1731 1630 cystis
1754 1588 1869 1623 faciem
1882 1590 2069 1623 interiorem
2093 1588 2196 1622 multa
2219 1588 2290 1622 alba
2301 1586 2392 1631 quasi

1395 1643 1498 1666 arenae
1520 1632 1680 1674 granula,
1702 1631 1753 1666 sed
1775 1644 1869 1676 quae,
1892 1634 1976 1666 inter
1998 1633 2124 1675 digitos
2155 1631 2354 1667 conterendo
2383 1655 2395 1670 ,

1395 1677 1532 1709 minime
1555 1684 1645 1708 erant
1668 1674 1748 1708 dura
1772 1699 1780 1707 .
1815 1677 1947 1710 Renum
1969 1700 1980 1717 ,
2011 1686 2153 1719 quorum
2177 1675 2256 1709 alter
2291 1676 2394 1708 altero

1394 1719 1524 1760 longior
1548 1717 1612 1751 fuit
1635 1739 1645 1756 ‚
1679 1717 1859 1760 superficies
1884 1731 1948 1752 non
1985 1719 2048 1752 fine
2071 1720 2230 1752 vitiorum
2255 1718 2395 1759 vestigiis

1394 1761 1613 1805 quibusdam,
1636 1762 1722 1794 inter
1747 1773 1817 1805 quae
1842 1772 1908 1806 erat
1941 1762 1999 1796 sub
2020 1762 2131 1795 tunica
2162 1760 2266 1795 adhuc
2302 1760 2397 1794 fovea.

1394 1817 1512 1848 parva,
1535 1805 1672 1838 humore
1696 1805 1789 1846 plena
1804 1830 1812 1838 .
1835 1806 1948 1839 Vesica
1973 1806 2061 1839 lotio
2083 1804 2218 1840 distenta
2232 1805 2335 1844 ade0,
2358 1812 2397 1836 ut

1394 1849 1487 1891 pubis
1509 1848 1626 1882 offibus
1641 1874 1650 1888 ‚
1673 1858 1732 1881 nec
1754 1847 1869 1891 paulo,
1895 1850 2016 1884 summa
2041 1848 2106 1891 eius
2128 1859 2200 1893 pars
2222 1850 2318 1881 altior
2351 1847 2399 1880 es-

1395 1893 1440 1927 set
1455 1917 1465 1927 .
1492 1893 1601 1929 Quam
1625 1901 1660 1925 ut
1683 1892 1838 1926 credibile
1862 1901 1931 1926 erat
1952 1916 1965 1933 ,
1996 1892 2077 1934 saepe
2100 1894 2135 1926 in
2159 1894 2237 1926 vivo
2260 1902 2394 1935 quoque

1395 1945 1513 1978 praeter
1537 1934 1671 1970 modum
1694 1933 1787 1970 fuisse
1810 1936 1997 1979 expansam,
2023 1936 2066 1970 fic
2091 1938 2213 1971 mirum
2237 1947 2300 1969 non
2312 1934 2402 1975 fuit,

1397 1979 1492 2013 solita
1516 1989 1582 2012 non
1606 1978 1666 2012 esse
1702 1978 1808 2013 forma
1831 1992 1841 2012 .-
1873 1979 1928 2013 etsi
1971 1982 2058 2014 enim
2093 1980 2130 2014 ad
2164 1982 2267 2014 imum
2298 1979 2397 2021 paulo

1398 2032 1465 2057 erat
1490 2023 1588 2056 latior
1610 2046 1621 2062 ‚
1657 2034 1756 2065 quam
1781 2022 1820 2056 ad
1844 2023 2004 2058 summurn
2026 2037 2036 2061 ς
2069 2032 2179 2057 tamen
2211 2022 2398 2066 cylindrum

1402 2067 1513 2110 potius
1528 2091 1538 2106 ,
1563 2076 1617 2099 ant
1640 2064 1760 2109 prisma
1775 2087 1784 2102 ‚
1810 2077 1908 2108 quam
1933 2067 2027 2101 aliam
2051 2065 2210 2110 figuram,
2234 2069 2345 2110 primo
2368 2076 2403 2096 a-

1405 2109 1515 2153 spe&u
1527 2108 1687 2143 referebat
1702 2134 1710 2141 .
1737 2109 1884 2144 Urethra
1897 2112 1986 2144 intus
2010 2110 2129 2154 ubique
2140 2112 2235 2148 alba,
2260 2120 2316 2144 nec
2327 2118 2404 2151 pau-

1404 2153 1548 2188 cioribus
1571 2155 1775 2190 tantum,r&
1798 2155 1977 2189 minoribus
2001 2177 2014 2193 ,
2035 2166 2132 2197 quam
2157 2155 2259 2193 solet,
2283 2151 2405 2187 canali-

1404 2198 1553 2233 culorum
1577 2197 1759 2230 nostrorum
1783 2197 1899 2231 osculis
1929 2199 2063 2239 praedita
2086 2219 2095 2236 ‚
2128 2209 2240 2232 verum
2274 2196 2405 2238 insuper

1405 2240 1578 2277 caruncula
1602 2241 1754 2273 Seminali
1777 2242 1865 2283 quasi
1890 2241 2060 2276 diffluente
2079 2265 2088 2281 ,
2114 2253 2150 2276 ut
2179 2245 2213 2276 in
2237 2241 2296 2276 hac
2320 2239 2405 2274 nihil

1398 2284 1564 2331 perspicue
1586 2282 1712 2318 ostendi
1737 2286 1904 2326 potuerit,
1926 2288 1958 2318 δε
1981 2298 2055 2319 cum
2079 2296 2230 2328 praeterea
2244 2285 2346 2329 ipsius
2368 2295 2406 2317 o-

1402 2329 1516 2364 mnino
1538 2327 1653 2361 deesset
1677 2327 1838 2368 rostrum,
1862 2330 2008 2372 proclive
2031 2327 2105 2363 esset
2130 2330 2323 2369 existimare,
2334 2338 2402 2361 ma-

1401 2373 1470 2417 jori
1493 2371 1573 2405 olim
1598 2370 1667 2404 labe
1690 2382 1746 2405 nec
1779 2374 1983 2407 carunculam
2008 2397 2018 2413 ,
2047 2384 2107 2406 nec
2131 2373 2293 2407 urethram
2329 2373 2408 2405 reli-

1403 2427 1502 2460 quam
1525 2413 1677 2448 caruisse.
1703 2416 1841 2449 Arteriae
1855 2417 1983 2458 Magnae
1994 2428 2057 2459 qua
2069 2428 2124 2458 per
2148 2417 2307 2451 vertebras
2321 2416 2407 2449 lum-

1409 2462 1526 2494 borum
1549 2458 1693 2492 decurrit
1713 2482 1722 2497 ‚
1754 2461 1892 2492 interior
1916 2460 2011 2493 facies
2034 2460 2149 2494 oslium
2179 2460 2408 2495 inchoamenta

1409 2501 1598 2538 ostendebat
1618 2524 1628 2540 ,
1666 2502 1773 2536 Iliacae
1798 2513 1903 2537 autem
1928 2503 2066 2537 lamellas
2089 2504 2250 2538 habebant
2276 2502 2404 2546 prorsus

1410 2545 1533 2582 osseas,
1558 2557 1659 2587 eoque
1682 2544 1849 2586 duriores,
1872 2556 1938 2589 quo
1962 2548 2064 2590 magis
2088 2549 2121 2581 in
2145 2549 2322 2584 Externas,
2350 2547 2408 2579 In-

1408 2587 1578 2631 ternasque
1601 2589 1712 2622 divisae
1732 2590 1774 2623 ad
1797 2588 1952 2624 inferiora
1977 2590 2166 2624 accedebant
2191 2613 2201 2629 ‚
2225 2600 2262 2624 ut
2285 2591 2408 2623 Crura-

1409 2635 1453 2668 les
1474 2643 1604 2676 quoque
1627 2631 1758 2675 paffim,
1783 2636 1813 2666 &
1837 2634 1925 2667 inter
1948 2633 2078 2667 femoris
2100 2634 2259 2676 condylos
2282 2634 2322 2667 ad
2346 2644 2409 2675 po-

1413 2678 1526 2720 plitem
1548 2676 1616 2719 jam
1639 2686 1802 2718 exceptae,
1823 2676 1910 2711 durae
1933 2677 2052 2715 essent,
2075 2677 2409 2719 &rigidae,videren-

1412 2731 1529 2763 turque
1552 2719 1675 2753 arteriae
1697 2730 1764 2762 quo
1787 2720 1913 2762 longius
1936 2732 1952 2754 a
1976 2721 2072 2754 corde
2085 2731 2216 2755 remotae
2240 2720 2410 2755 descende-

1412 2774 1484 2798 rent
1508 2786 1518 2802 ,
1550 2775 1589 2796 eo
1612 2763 1713 2805 magis
1737 2763 1800 2796 esse
1823 2763 1898 2797 huic
1923 2765 2009 2797 vitio
2032 2764 2183 2798 obnoxiae
2208 2787 2216 2795 .
2250 2765 2294 2798 Et
2318 2765 2411 2805 supra

1412 2809 1572 2842 Ventrem
1594 2816 1679 2841 certe
1704 2807 1761 2840 ubi
1786 2807 1890 2840 Aorta
1916 2808 2090 2842 Inferiores
2112 2808 2282 2842 emittebat
2306 2809 2411 2840 Inter-

1412 2850 1564 2888 costales,
1588 2850 1780 2893 apparebant
1805 2850 1915 2885 ossium
1938 2851 2186 2888 inchoamenta3
2209 2851 2260 2885 sed
2284 2851 2412 2894 prorsus

1413 2896 1514 2929 levia.
1541 2896 1659 2927 Praeter
1682 2905 1755 2935 quae
1777 2894 1860 2927 nihil
1883 2896 1918 2928 in
1942 2896 2117 2935 Thorace,
2141 2894 2223 2928 nihil
2237 2896 2269 2928 in
2284 2894 2413 2936 reliquo

1413 2949 1572 2980 corpore,
1589 2939 1694 2980 fiquae
1706 2936 1876 2979 dicentur,
1898 2939 2060 2981 excipias,
2084 2940 2243 2972 vitiorum
2267 2936 2414 2971 animad-

1417 2982 1521 3015 verti.
1655 2982 1772 3014 Cranii
1797 2983 1882 3015 enim
1905 2981 2027 3015 fornice
2052 3004 2061 3020 ,
2093 2985 2126 3015 &
2163 2983 2324 3015 exteriore
2347 2991 2412 3013 me-

1418 3027 1517 3068 ninge
1543 3025 1723 3067 ademptis,
1747 3036 1886 3066 quorum
1909 3034 2083 3069 utrumque
2106 3025 2233 3059 craffius
2255 3024 2321 3058 fuit
2343 3046 2354 3062 ‚
2376 3034 2415 3058 ut

1419 3067 1508 3108 haec,
1532 3070 1629 3101 etiam
1651 3079 1713 3110 qua
1738 3069 1822 3101 inter
1845 3069 2057 3108 cerebellum,
2082 3069 2290 3103 &cerebrum
2314 3069 2342 3100 se
2364 3068 2416 3100 in-

1418 3114 1566 3154 terponit
1581 3134 1590 3149 ‚
1615 3111 1763 3152 scalpello
1787 3114 1888 3155 magis
1909 3124 2006 3155 quam
2028 3113 2194 3148 consuevit
2208 3133 2217 3149 ‚
2242 3112 2391 3146 resisteret
2405 3132 2415 3147 ‚

1419 3168 1493 3190 cum
1516 3157 1626 3189 omnia
1648 3155 1823 3196 diligenter
1845 3156 2069 3198 perlustrarem
2088 3181 2096 3196 ,
2132 3155 2281 3199 nihilque
2304 3165 2419 3188 eorum

1419 3212 1491 3242 quae
1515 3200 1600 3232 intra
1622 3198 1794 3232 calvariam
1820 3197 1914 3240 sunt,
1937 3199 1999 3234 sme
2011 3201 2200 3234 disseffione
2224 3199 2417 3242 praetermit-

1420 3253 1543 3281 terem3
1567 3253 1631 3275 non
1655 3242 1752 3275 modo
1774 3241 1952 3284 quidquam
1976 3243 2058 3284 seri,
2083 3253 2138 3278 aut
2150 3243 2311 3285 sanguinis
2334 3240 2416 3275 effu-

1419 3286 1509 3322 sum,
1534 3285 1584 3319 sed
1607 3286 1725 3318 vitium
1751 3286 1887 3320 omnino
1909 3288 2011 3321 ullum
2045 3297 2160 3329 praeter
2183 3287 2217 3320 id
2249 3284 2337 3330 quod
2368 3284 2418 3319 di-

1419 3341 1512 3366 cam,
1535 3339 1601 3362 non
1624 3327 1819 3371 deprehendi
1842 3354 1851 3362 .
1886 3330 2057 3365 Nimirum
2080 3330 2150 3364 vasa
2172 3342 2245 3373 quae
2268 3341 2324 3372 per
2348 3329 2419 3362 Te-

1418 3384 1513 3406 nuem
1537 3375 1720 3414 meningem
1743 3371 1914 3412 feruntur,
1936 3375 2052 3409 referta
2076 3375 2155 3408 adeo
2178 3383 2268 3407 erant
2293 3373 2421 3415 sangui-

1419 3428 1458 3450 ne
1472 3441 1480 3455 ,
1504 3416 1544 3449 ab
1567 3427 1671 3458 eoque
1693 3415 1826 3449 dilatata
1840 3442 1849 3457 ‚
1871 3427 1906 3451 ut
1930 3419 2095 3461 nunquam
2108 3419 2211 3460 magis
2225 3416 2338 3451 vidisse
2350 3427 2420 3450 me-

1420 3461 1570 3493 minerim
1585 3484 1593 3493 .
1618 3458 1768 3493 Distenta
1790 3471 1918 3503 quoque
1941 3472 2030 3496 erant
2053 3472 2125 3504 quae
2146 3460 2326 3495 Choroides
2350 3459 2419 3502 ple-

1419 3514 1478 3537 xus
1502 3502 1627 3537 faciunt
1650 3524 1661 3541 ‚
1692 3504 1722 3535 δέ
1745 3514 1816 3546 quae
1850 3516 1908 3547 per
1933 3507 2133 3540 Lateralium
2157 3504 2415 3554 ventriculorum

2274 3560 2374 3592 parie-

435 3717 500 3751 (i)
519 3719 593 3749 Epist.
606 3730 634 3753 4.
