2498 4075
407 225 503 281 374

331 288 474 323 fenicum
502 286 632 321 mistum
657 285 785 327 fuerat,
807 297 849 319 ex
871 287 1016 321 convivis
1029 289 1085 330 qui
1109 286 1259 325 haetenus
1271 293 1332 326 mi-

329 334 457 366 nimum
484 329 690 365 comederant
717 352 727 368 ,
757 329 972 376 biberantque
992 353 1001 369 ‚
1038 330 1146 365 statim
1170 345 1186 365 a
1210 346 1333 369 veneno

328 374 446 411 sublati
470 374 568 408 sunt:
592 371 650 413 qui
673 383 750 406 vero
775 383 841 414 jam
867 374 1081 408 ventriculum
1104 376 1181 409 cibo
1205 398 1216 414 ,
1240 386 1334 421 potu.

329 431 394 462 que
428 416 641 453 distenderant
666 436 674 451 ‚
700 416 878 449 ii'vomitu
902 416 974 449 sunt
997 420 1102 453 curati
1125 418 1167 453 sic
1189 429 1299 455 tamen
1320 445 1333 462 ‚

330 465 369 497 'ut
393 463 427 496 in
449 470 564 494 eorum
586 457 797 492 cadaveribus
821 483 831 499 ,
864 459 978 494 multis
1012 461 1081 503 post
1117 464 1208 497 annis
1239 464 1333 499 dece-

328 504 501 543 dentium,
524 500 709 536 erofionum
724 526 734 541 ,
758 513 830 545 quae
854 502 928 536 latae
950 526 961 541 ‚
996 505 1028 536 &
1052 505 1221 548 profundae
1246 508 1334 543 nihi-

288 566 314 571 -e
329 549 471 582 lominus
492 544 621 580 fuerant
644 567 657 585 ‚
689 552 906 588 apparuerunt
929 555 1016 580 notae
1039 572 1047 579 .
1082 548 1183 590 Qod
1217 549 1238 583 si
1261 563 1333 595 quae

326 603 366 625 ex
402 593 501 624 Pareo
534 590 681 631 proxime
714 590 805 632 (p)
837 589 1014 632 sequuntur
1037 613 1047 629 ,
1080 592 1256 636 perlegas3
1298 595 1334 630 id

318 633 459 668 <fortasse
492 632 582 676 quod
615 633 716 674 paulo
748 642 823 666 ante
858 632 896 666 de
931 632 1065 668 foemina
1097 635 1153 668 illa
1180 637 1335 679 conjicie-

327 679 404 711 bam
430 700 439 715 ,
464 687 529 711 non
553 676 753 719 improbabis
768 700 775 707 .
803 677 884 710 Sunt
911 687 1063 718 praeterea
1086 678 1120 711 in
1144 679 1333 722 Sepulchre-

326 732 363 755 to
387 720 644 755 Observationes
667 731 738 763 quae
764 719 801 752 ad
826 731 944 753 venena
957 722 1117 756 attineant
1133 746 1143 760 ‚
1167 725 1259 762 aliae3
1285 735 1334 759 ta-

327 764 422 799 metsi
446 773 560 799 contra
585 774 620 796 ac
654 763 734 805 saepe
771 762 848 796 alibi
871 762 992 797 factum
1024 765 1070 797 est
1090 789 1099 804 ,
1130 765 1164 799 in
1189 768 1336 803 Sefflone

326 808 388 843 hac
412 818 478 841 non
502 806 708 840 indicantur.
733 806 887 848 Reperies
911 808 945 840 in
970 806 1176 843 Sefflonibus
1199 811 1280 844 VII.
1307 816 1337 845 &

325 852 432 885 vm.
458 850 536 884 libri
561 850 628 883 111.
651 850 684 882 in
718 849 774 882 illa
797 851 931 892 quidem
953 850 1071 891 septem
1095 874 1104 889 ,
1140 852 1188 886 vel
1223 857 1334 896 potius

330 892 418 934 sex,·
449 904 521 936 quae
555 893 641 926 eni-m
667 891 910 926 Observatione
935 894 1047 928 XVII.
1087 895 1225 930 secundo
1258 899 1333 933 loco

326 939 524 981 proponitur
548 959 561 977 ,
594 935 760 970 evidenter
792 935 873 970 adeo
907 937 1015 971 eadem
1038 938 1080 972 est
1103 950 1138 973 ac
1168 951 1240 981 quae
1266 944 1333 977 ΙΙΙ.

325 982 366 1016 de
391 978 568 1014 Professore
590 979 650 1013 illo
676 979 836 1013 Patavino
861 980 1015 1023 produ&
1040 980 1104 1023 jam
1128 982 1237 1017 fuerat
1260 1007 1269 1022 ,
1294 995 1332 1019 ut

327 1025 451 1059 mirum
475 1022 513 1056 fit
539 1045 548 1060 ‚
573 1034 637 1057 non
663 1021 758 1057 fuiffe
782 1022 815 1056 id
839 1024 1095 1060 animadversum
1118 1040 1127 1063 ;
1152 1029 1185 1059 in
1209 1028 1333 1062 5εᾶῐο-

327 1080 366 1102 ne
391 1077 497 1102 autem
512 1067 609 1101 altera
646 1067 791 1110 uinque,
813 1077 852 1100 an
865 1067 937 1105 fex,
959 1079 1097 1111 quarum
1111 1071 1237 1111 prima,
1260 1084 1332 1114 quae

326 1112 373 1146 V,
409 1112 451 1145 est
470 1135 483 1152 ‚
516 1110 555 1144 ad
591 1122 623 1143 ar
637 1111 769 1144 enicum
811 1112 1006 1145 nominatim
1041 1112 1162 1155 spectat
1197 1138 1208 1154 ‚
1247 1114 1338 1158 cujus

326 1154 458 1190 frustula
503 1154 634 1188 circiter
679 1153 854 1188 duodecim
886 1155 1018 1189 inventa
1066 1156 1138 1192 sunt
1171 1159 1338 1195 ventricu-

329 1199 354 1231 li
389 1199 510 1233 tunicis
543 1206 611 1230 tam
646 1197 729 1231 ετᾶε
752 1198 942 1233 inhaerentia
964 1221 975 1237 ,
1010 1200 1065 1233 vix
1088 1209 1125 1234 ut
1149 1200 1243 1235 avelli
1266 1203 1337 1244 pos-

325 1241 395 1276 sent
419 1265 432 1282 ,
455 1241 575 1275 tunicis
598 1239 712 1274 iisdem
735 1262 748 1280 ,
770 1250 806 1275 ut
830 1242 866 1274 in
888 1254 965 1276 cane
988 1241 1156 1281 diximus,
1180 1253 1335 1280 extenua-

327 1287 369 1319 tis
384 1307 393 1323 ‚
417 1284 508 1318 eroso
532 1292 687 1326 praeterea
712 1306 724 1323 ,
747 1284 1017 1329 infiammatoque
1040 1285 1180 1329 ejusdem
1206 1288 1334 1324 visceris

322 1328 451 1368 fundo,
474 1330 506 1360 &
530 1326 686 1361 cadavere
703 1339 723 1374 ‚³
747 1335 841 1369 tergo
867 1329 959 1371 plane
983 1329 1103 1364 livente
1123 1346 1135 1362 .’
1167 1332 1225 1367 Sed
1249 1344 1332 1375 prae-

322 1381 372 1405 ter
396 1371 595 1405 vomitiones
619 1370 915 1415 [dejefflonesque
930 1398 939 1414 ‚
963 1373 1052 1407 nulla
1074 1386 1333 1411 commemoran-

324 1424 378 1450 tur
401 1415 619 1458 symptomata
644 1438 652 1448 .
690 1414 945 1451 Observationes
969 1426 1075 1452 autem
1108 1429 1230 1454 caeterae
1252 1431 1332 1463 quas

322 1460 357 1492 in
383 1468 521 1502 utraque
546 1458 693 1491 Sefflone
715 1461 998 1503 enumeravimus,
1022 1471 1079 1495 aut
1102 1463 1141 1496 ad
1165 1465 1250 1504 alia,
1274 1474 1330 1499 aut

322 1502 363 1536 ad
387 1505 501 1546 ignota
523 1513 644 1536 venena
667 1502 828 1535 attinent.
854 1503 1007 1539 Quorum
1030 1504 1162 1540 effeetus
1187 1510 1220 1541 in
1244 1519 1331 1542 mora

320 1547 387 1581 tuis
421 1547 552 1589 spectati
576 1568 585 1582 ‚
618 1544 683 1578 fere
717 1546 926 1586 ventriculi,
959 1550 991 1581 δε
1023 1549 1253 1585 intestinorum
1276 1553 1326 1585 in-

321 1590 506 1624 flammatio
529 1611 538 1626 ,
573 1591 607 1622 &
627 1587 728 1622 erofio
752 1587 884 1623 fuerunt
902 1601 916 1630 ,·
947 1591 982 1624 in
1006 1593 1191 1627 viventibus
1216 1604 1325 1629 autem

322 1634 400 1668 alias
426 1634 486 1666 alia
509 1632 618 1675 signu
642 1630 695 1666 sed
718 1632 842 1665 nullum
866 1635 994 1668 vomitu
1017 1634 1240 1679 frequentius,
1264 1650 1323 1681 pro

322 1689 390 1721 quo
413 1673 677 1725 siquando-fuit,
700 1683 755 1708 aut
779 1686 857 1709 mox
880 1676 1020 1711 succeffit
1044 1680 1150 1713 inanis
1176 1682 1342 1717 vomendi(

322 1729 457 1756 conatus
481 1745 491 1761 ,
513 1729 591 1762 aegri
616 1728 687 1752 turn
711 1717 801 1760 pejus
825 1717 854 1751 se
877 1718 1016 1754 habuere
1035 1743 1047 1761 ‚
1069 1725 1101 1755 ἃ
1124 1724 1221 1757 citius
1243 1726 1328 1759 inte,

321 1765 403 1799 riere
426 1787 437 1803 ‚
461 1775 560 1808 quam
582 1762 606 1795 ii
630 1763 664 1794 in
689 1762 809 1808 quib-us
834 1762 956 1807 reliqua
982 1764 1070 1805 paria
1092 1764 1152 1800 effe
1177 1766 1328 1801 videren—

322 1818 395 1842 tur.
421 1805 524 1847 Quod
549 1807 693 1840 vomitus
715 1805 841 1848 11gnum
864 1817 939 1840 cum
964 1807 1005 1840 iis
1026 1819 1158 1852 quoque
1188 1810 1228 1844 ad
1252 1822 1329 1846 eun-

321 1852 396 1886 dem
421 1850 555 1885 modum
579 1860 752 1884 commune
776 1848 815 1883 sit
838 1850 897 1893 qui
922 1849 1098 1886 arsenicum
1110 1852 1330 1895 devorarunt,-

321 1895 346 1930 Β
370 1893 455 1929 forte
477 1896 595 1938 quaeris
619 1919 629 1935 ,
659 1893 816 1936 quosnam
841 1902 997 1935 praeterea
1021 1896 1054 1928 in
1078 1896 1119 1929 iis-
1151 1895 1226 1939 ipsis
1260 1909 1329 1932 cre-

322 1940 413 1974 brius
437 1938 626 1973 adnotatum
650 1938 689 1972 sit
710 1950 720 1974 3
759 1936 883 1971 virium·
914 1937 1102 1980 languorem
1125 1964 1135 1980 ‚
1160 1949 1222 1979 aut
1254 1953 1328 1983 quae

290 2012 294 2013 γ
317 1982 410 2019 hunc
431 1982 586 2017 denotent
609 2004 622 2021 ‚
655 1979 747 2014 fuiffe
771 1981 918 2014 invenies
940 2004 953 2022 ‚
989 1981 1140 2017 videlicet
1164 1993 1330 2018 extremo-

324 2036 418 2067 rum,
441 2036 495 2062 aut
520 2026 624 2060 totius
647 2024 794 2067 corporis
816 2023 919 2066 frigus
939 2047 948 2062 ‚
984 2024 1112 2060 sudores
1158 2026 1296 2069 frigidos
1318 2049 1330 2066 ,

323 2072 481 2116 pallorem
504 2093 516 2110 ‚
538 2067 704 2113 ipsamque
727 2066 894 2102 interdum
921 2068 1095 2111 syncopem
1121 2093 1128 2102 .
1152 2070 1253 2104 Hunc
1277 2071 1328 2104 vi-

321 2117 410 2150 rium
433 2115 621 2157 languorem
643 2135 656 2153 ,
687 2110 727 2145 ab
750 2111 865 2145 affecto
902 2110 1067 2146 stomacho
1100 2113 1292 2157 pendentem
1318 2137 1328 2153 ‚

322 2161 382 2203 qui
406 2168 460 2203 per
486 2167 600 2190 nervos
624 2167 683 2189 cor
705 2156 740 2188 in
762 2154 953 2189 consensum
976 2155 1086 2190 trahat
1108 2180 1121 2197 ,
1146 2158 1327 2191 molestiffi-

324 2214 376 2238 ma
401 2228 410 2242 ‚
443 2209 479 2235 ut
504 2202 624 2243 opinor
647 2222 656 2237 ‚
692 2198 843 2241 praecedit
867 2221 880 2238 ‚
909 2201 941 2232 &
966 2200 1148 2234 comitatur
1183 2203 1327 2235 anxietas

323 2248 456 2292 potius,
483 2255 581 2288 quam
605 2243 768 2277 lancinatis
792 2241 889 2276 dolor
913 2265 920 2274 .
953 2243 992 2276 In
1015 2244 1054 2276 iis
1076 2253 1163 2278 certe
1188 2256 1328 2287 quorum

322 2291 485 2333 descripta
508 2288 662 2322 habemus
686 2285 927 2329 symptomata,
950 2288 1078 2328 pueris,
1103 2297 1157 2323 aut
1182 2289 1330 2328 canibus,

326 2337 485 2371 clamores
509 2331 600 2367 fuisse
617 2354 625 2367 ,
650 2341 714 2363 non
739 2330 877 2373 legimus
893 2355 902 2369 ‚
927 2331 1121 2364 anxietatem
1155 2342 1251 2374 quam
1276 2334 1333 2366 vix

327 2379 506 2421 exprimere
531 2375 620 2418 pueri
644 2372 751 2408 sciunt
776 2398 785 2413 ,
818 2373 853 2406 in
875 2372 1001 2407 duobus
1024 2375 1160 2416 legimus
1185 2398 1193 2407 .
1226 2377 1334 2409 Caete-

328 2432 399 2458 rum
422 2422 456 2453 in
480 2430 545 2452 uno
568 2418 752 2451 torminum
775 2417 915 2455 indicia,
939 2419 970 2449 &
996 2417 1153 2460 singultus
1177 2442 1187 2457 ‚
1209 2419 1242 2451 in
1267 2431 1333 2459 uno

330 2463 513 2501 abdominis
537 2471 647 2495 tumor
667 2485 680 2502 ‚
714 2462 748 2493 in
772 2460 968 2503 quibusdam
993 2459 1061 2494 fitis
1080 2484 1093 2501 ,
1115 2461 1148 2493 in
1174 2462 1244 2495 aliis
1269 2462 1332 2495 lin.

329 2521 393 2544 oua
416 2517 565 2544 tumens,
591 2514 646 2538 aut
670 2503 798 2546 aphthae
823 2504 856 2536 in
880 2514 938 2536 ore
959 2525 968 2539 ‚
993 2512 1048 2537 aut
1071 2504 1249 2546 deglutitio
1272 2507 1332 2538 im-

329 2537 441 2598 {edita
464 2573 475 2591 ,
507 2558 563 2583 aut
587 2549 679 2582 aestus
705 2571 715 2586 ,
735 2549 767 2579 &
791 2546 912 2580 ardoris
937 2544 1038 2580 sensus
1062 2548 1234 2582 adnotatur
1258 2573 1273 2579 a
1291 2549 1331 2583 ln

331 2598 452 2641 quibus
485 2602 592 2626 autem
627 2589 799 2624 manifesta²
831 2589 982 2627 fuerint,
1017 2600 1072 2624 aut
1106 2601 1172 2624 non
1208 2590 1330 2626 fuerint

333 2637 556 2676 convulsiones
573 2658 586 2675 ,
619 2634 710 2676 supra
742 2633 924 2667 indicatum
949 2632 991 2666 est
1017 2659 1024 2666 .
1058 2634 1117 2668 Sed
1150 2633 1265 2668 horum
1290 2648 1328 2669 ο-

334 2685 459 2719 mnium
482 2680 739 2722 symptomatum
763 2677 823 2710 alia
858 2685 1089 2718 nonnunquam
1109 2699 1118 2715 ‚
1138 2678 1214 2717 ¹alia
1250 2677 1336 2713 haud

328 2740 402 2764 raro
427 2727 468 2760 ab
490 2724 559 2757 aliis
582 2732 712 2765 quoque
736 2721 865 2753 venenis
901 2719 1106 2754 erodentibus
1137 2722 1303 2763 contigere
1326 2748 1334 2757 .

331 2773 424 2813 Qin
450 2768 506 2803 ubi
531 2779 547 2799 a
572 2764 782 2808 Sepulchreto
812 2763 987 2797 discesseris
1007 2788 1017 2803 ,
1050 2775 1117 2805 quo
1150 2775 1217 2798 uno
1247 2766 1334 2800 circa

334 2815 469 2851 2rsenici
492 2810 621 2845 effeetus
644 2831 653 2846 ‚
678 2811 708 2841 δι
733 2807 897 2841 sublimati
922 2808 1072 2840 mercurii
1097 2806 1241 2849 speetato
1264 2832 1273 2847 ‚
1297 2822 1332 2843 ea

333 2869 404 2903 quae
427 2857 465 2891 de
490 2852 709 2890 clamoribus,
731 2850 961 2893 doloribusque
986 2850 1086 2884 modo
1108 2850 1278 2893 dicebam,
1302 2856 1333 2887 ὃς

334 2911 407 2947 quae
430 2901 520 2940 supra
543 2897 582 2931 de
604 2895 745 2930 cruentis
768 2895 1009 2928 excretionibus
1033 2895 1152 2936 attigi,
1173 2894 1240 2929 dici
1265 2895 1338 2939 pos-

336 2948 367 2981 se
392 2944 605 2978 videbantur3
628 2950 692 2973 non
715 2938 857 2979 dubito,
880 2938 961 2982 quin
984 2939 1142 2972 continuo
1167 2939 1282 2980 aliter,
1306 2942 1338 2972 &

337 2989 457 3026 merito
473 3011 482 3026 ,
506 2985 619 3017 sentias
634 3006 641 3016 .

387 3042 415 3071 ς.
439 3031 547 3073 Igitur
569 3035 605 3059 ut
630 3025 777 3059 historias
800 3036 878 3069 quas
902 3026 934 3058 in
959 3023 1167 3067 Sepulchreto
1192 3036 1255 3059 non
1280 3025 1338 3059 ha-

339 3079 478 3113 bemus,
503 3070 660 3105 attentius
684 3069 751 3111 ipse
776 3070 957 3111 perlegere,
984 3071 1016 3102 &
1038 3067 1187 3102 conferre
1211 3069 1301 3112 poffis
1325 3080 1336 3108 3

339 3122 421 3157 bene
445 3116 561 3151 multas
585 3114 735 3156 protinus
758 3112 930 3152 indicabo,
954 3123 1065 3146 omnes
1087 3113 1206 3155 pariter
1229 3113 1265 3146 ad
1276 3114 1336 3146 mi·

340 3160 459 3199 neralia
481 3169 598 3193 venena
623 3156 796 3198 specstantes
819 3179 827 3188 .
861 3157 890 3188 A
926 3157 1015 3189 vitro
1051 3157 1225 3190 antimonii
1248 3156 1336 3202 quod

342 3207 460 3248 aurigae
484 3210 650 3245 perperam
675 3199 788 3233 datum
813 3197 942 3239 fuerat,
964 3201 1046 3232 inter
1068 3209 1181 3233 caetera
1207 3223 1219 3239 ,
1248 3200 1335 3241 deje-

338 3252 462 3286 &iones
485 3252 651 3282 cruentas,
676 3251 784 3276 motus
808 3241 1042 3285 spasmodicos,
1067 3245 1098 3276 &
1121 3251 1259 3277 mortem
1282 3242 1336 3276 de-

342 3296 442 3336 nique
466 3289 634 3323 adnotavit
657 3287 709 3320 Cl.
732 3285 938 3319 Baeumlinus
961 3286 1014 3328 (q
1036 3290 1050 3326 )
1070 3309 1079 3324 ,
1114 3286 1259 3320 abrasum
1284 3298 1338 3320 ve-

346 3350 385 3373 ro
409 3337 496 3368 intus
519 3331 736 3365 ventriculum
758 3352 770 3369 ,
800 3331 830 3361 &
855 3329 952 3362 rubra
973 3352 985 3369 ,
1016 3340 1116 3372 prope
1148 3331 1300 3373 pylorum
1325 3352 1335 3367 ,

341 3380 468 3416 macula
492 3376 632 3410 tincffmm
653 3398 661 3405 .
697 3373 857 3415 Qamvis
899 3381 1007 3405 autem
1038 3374 1124 3407 canis
1163 3374 1202 3406 ab
1225 3373 1336 3407 eodem

343 3427 435 3459 vitro
467 3419 558 3463 quod
589 3418 643 3462 JO.
669 3416 749 3449 Adr.
775 3416 977 3458 Sproegelius
1011 3417 1096 3459 (r)
1129 3416 1300 3451 intruserat
1326 3440 1335 3455 ‚

340 3467 425 3502 nihil
450 3463 506 3497 nisi
531 3461 651 3496 validas
673 3459 896 3493 convulsiones
920 3459 1021 3500 passus
1044 3458 1102 3497 fit,
1124 3459 1202 3494 dum
1225 3471 1337 3493 vome-

340 3523 372 3546 re
397 3509 491 3543 vellet
505 3532 514 3547 ‚
540 3516 597 3539 nec
620 3512 751 3548 propter
774 3502 987 3537 consti-istum
1013 3503 1144 3539 vinculo
1167 3514 1203 3537 os
1221 3526 1230 3542 ‚
1265 3502 1338 3547 pos-

633 202 790 263 Libei·
824 210 918 264 lV.
952 208 1037 262 De
1072 207 1280 265 Morbis
1314 209 1665 280 ChirurgiciS,
1697 213 1753 266 δε
1787 210 2183 267 Universalibus

1385 288 1451 326 set3
1477 287 1644 323 admonuit
1670 299 1778 323 tamen
1802 291 1979 333 Experiens
1992 293 2058 325 Vir
2080 291 2187 334 (s),
2212 293 2384 331 brutorum

1384 341 1533 365 naturam
1555 333 1657 366 multo
1669 330 1839 375 fortiorem
1860 350 1874 374 ·,
1908 335 1950 368 ἔ]-
1969 333 2150 377 plerumque
2170 347 2190 369 a
2221 336 2316 377 nostra
2337 341 2387 373 di-

1384 374 1602 418 verfiffi‘mam,
1626 377 1813 418 pervincere
1836 388 1872 410 ea
1895 388 2016 411 venena
2041 378 2127 421 posse
2151 402 2161 418 ‚
2186 391 2257 422 quae
2281 382 2385 417 nostra

1384 429 1450 452 non
1474 418 1597 460 potest.
1623 420 1716 456 Quin
1739 419 1995 455 Observationes
2017 423 2032 460 (
2054 428 2069 455 t
2090 425 2104 461 )
2125 432 2235 456 extant
2258 434 2328 466 quae
2349 427 2384 460 in

1385 462 1451 495 alio
1475 473 1553 495 cane
1576 462 1742 496 ostendant
1766 475 1837 505 quae
1862 476 1878 497 a
1903 465 1990 498 vitro
2013 464 2076 498 illo
2100 466 2285 509 paralyses,
2308 479 2384 502 con-

1387 504 1612 548 vulsionesque
1636 517 1711 540 cum
1734 506 1908 548 ejulatibus
1933 506 2114 549 conjunfiae
2131 531 2144 548 ,
2166 513 2199 543 &
2221 521 2284 553 qua
2308 522 2384 544 ven-

1385 548 1497 582 triculi
1521 548 1592 583 sede
1615 549 1781 583 manifesta
1807 549 2032 584 inflammatio
2065 560 2137 585 orta
2161 552 2200 586 fit
2220 574 2229 589 ‚
2264 562 2299 588 ut
2324 556 2384 588 nisi

1386 593 1497 625 vivens
1521 591 1624 627 adhuc
1646 591 1794 628 dissectus
1816 592 1910 635 effer,
1933 595 2081 636 graviora
2103 595 2231 630 fortasse
2254 599 2385 631 contin-

1386 646 1460 677 gere
1484 636 1684 677 potuissent:
1718 645 1789 670 tum
1812 638 1910 672 etiam
1945 637 2113 671 mulierem
2138 650 2320 683 proponant
2344 641 2385 675 ab

1390 679 1501 712 eodem
1525 680 1648 722 ingesto
1671 681 1760 713 vitro
1783 691 1837 723 per
1861 691 2006 714 enormes
2040 681 2183 716 vomitus
2203 704 2213 720 ,
2246 691 2387 719 mort'uae

1390 722 1507 762 instar,
1530 721 1622 756 humi
1646 724 1796 763 stratam,
1819 724 1982 767 rigidam,
2006 724 2193 758 convulsam
2210 750 2219 766 ,
2242 729 2272 759 δι
2296 728 2385 767 pedis

1389 766 1516 799 alterius
1540 766 1737 800 acerbiffimo
1760 766 1896 804 dolore,
1920 778 1997 801 mox
2018 778 2212 810 gangraena,
2236 771 2266 802 &
2290 769 2386 812 spha-

1387 810 1457 843 celo
1479 818 1679 851 correptam,
1704 819 1739 844 ut
1762 810 2034 853 quemadmodum
2078 813 2200 854 aurigae
2223 813 2273 845 illi
2296 835 2306 851 ,
2343 814 2386 846 sic

1388 855 1419 886 δε
1446 851 1503 893 ipfi
1528 863 1593 885 non
1629 855 1812 895 proximam
1844 853 1980 896 quidem
2004 855 2120 888 mortis
2140 854 2267 890 causam
2290 881 2300 896 ,
2333 857 2385 891 sed

1385 895 1513 929 causam
1535 906 1641 930 tamen
1665 923 1674 938 ,
1697 900 1729 929 &
1752 896 1953 931 occasionem
1976 896 2009 930 id
2033 897 2243 939 pharmacum
2267 899 2386 933 attule-

1386 940 1450 972 rit.
1582 941 1758 975 Tartarum
1782 951 1858 974 vero
1882 941 2065 975 Emeticum
2089 941 2152 975 Vir
2174 942 2255 976 alter
2278 944 2386 985 Expe-

1386 983 1468 1016 riens
1487 982 1629 1027 Jacobus
1652 984 1760 1017 Foelix
1784 988 1798 1024 (
1821 995 1841 1016 u
1864 987 1875 1022 )
1899 995 1973 1018 cum
1995 983 2129 1018 dedisset
2153 987 2247 1024 cani,
2273 988 2304 1019 ὃς
2327 998 2388 1019 vo-

1384 1036 1527 1060 mentem
1549 1026 1652 1061 adhuc
1676 1026 1862 1070 aperuisset,
1886 1030 2060 1062 maximam
2085 1027 2123 1061 ad
2159 1028 2311 1070 pylorum
2335 1031 2387 1062 in-

1388 1066 1648 1104 flammationem
1682 1082 1737 1113 per
1768 1071 1890 1112 aliquot
1925 1071 2081 1113 pollicum
2106 1070 2244 1113 spatium
2269 1073 2352 1116 vidit
2377 1100 2384 1107 .

1389 1111 1471 1148 Non
1495 1124 1544 1147 me
1566 1113 1674 1156 fugit,
1698 1113 1898 1148 Clariffimos
1924 1115 1983 1148 esse
2008 1115 2110 1148 Viros
2132 1118 2146 1154 (
2168 1124 2190 1148 x
2211 1119 2225 1155 >
2256 1116 2314 1159 ςιῑί
2338 1127 2389 1148 ar-

1388 1154 1537 1190 senicales
1561 1167 1648 1191 veras
1671 1157 1843 1200 particulas
1867 1158 1901 1192 in
1919 1159 2102 1191 antimonio
2126 1159 2262 1192 necdum
2297 1157 2389 1193 fuisse

1387 1198 1621 1234 demonstratas
1642 1226 1650 1240 ,
1682 1200 1880 1235 contendant
1905 1214 1913 1233 ι
1946 1212 2047 1244 neque
2069 1212 2131 1243 ego
2164 1212 2331 1244 propterea
2354 1215 2388 1235 e-

1387 1244 1512 1285 xempla
1535 1242 1602 1277 haec
1625 1245 1756 1282 attuli,
1770 1245 1939 1288 multoque
1964 1247 2069 1278 minus
2091 1256 2131 1277 ex
2154 1246 2262 1278 Praecl.
2276 1246 2387 1279 Henc-

1385 1285 1474 1319 kelio
1498 1291 1551 1328 (y
1575 1291 1589 1327 >
1625 1287 1706 1322 illud
1728 1288 1842 1330 butyri
1866 1289 2039 1322 antimonii
2066 1286 2195 1321 afferam
2220 1300 2273 1331 per
2296 1300 2386 1322 erro-

1383 1340 1450 1363 rem
1474 1329 1633 1369 exhibiti,
1657 1332 1765 1364 statim
1788 1332 1968 1365 consecutis
1991 1331 2154 1371 faucium,
2177 1334 2207 1364 &
2230 1331 2386 1365 stomachi

1384 1373 1613 1407 constrifflone
1635 1396 1644 1411 ,
1682 1377 1713 1408 &
1737 1376 1847 1409 ardore
1871 1376 2006 1408 immani
2030 1399 2039 1412 ,
2070 1373 2185 1408 deinde
2216 1386 2293 1408 vero
2326 1387 2383 1417 per

1383 1416 1530 1457 menses,
1552 1417 1712 1460 annosque
1735 1420 1773 1451 iis
1796 1419 1966 1452 ventriculi
1992 1417 2234 1455 affectionibus,
2258 1427 2294 1452 ut
2318 1419 2387 1461 pla—

1384 1470 1461 1493 num
1485 1460 1585 1495 fuerit
1607 1486 1616 1502 ,
1651 1461 1709 1494 nisi
1733 1461 1781 1495 lac
1804 1463 1895 1496 illico
1917 1485 1931 1503 ,
1962 1464 1994 1495 δε
2015 1461 2151 1504 largiter
2173 1462 2284 1496 datum
2317 1462 2385 1504 (id

1382 1503 1471 1546 quod
1495 1504 1534 1538 ab
1558 1506 1669 1547 auriga
1696 1504 1754 1539 illo
1777 1505 1877 1539 nimis
1900 1505 1988 1545 sero,
2011 1516 2111 1548 eoque
2122 1504 2235 1539 frustra
2259 1505 2382 1540 factum

1381 1547 1445 1590 est)
1472 1558 1535 1581 non
1560 1557 1624 1582 tam
1647 1549 1810 1582 vomitum
1834 1547 2036 1591 adjuvando,
2059 1559 2157 1590 quam
2189 1550 2385 1584 acerrimum

1377 1591 1512 1625 erodens
1537 1602 1696 1625 venenum
1728 1593 1762 1624 in
1787 1591 1910 1626 caseosa
1931 1591 2066 1634 coagula
2089 1614 2099 1629 ‚
2133 1603 2205 1635 quae
2239 1592 2383 1634 plurima

1376 1633 1477 1677 egesta
1502 1634 1597 1675 sunt,
1617 1635 1798 1677 illigando,
1812 1648 1909 1679 opem
1932 1634 2110 1675 attulisset,
2132 1635 2299 1672 hominem
2321 1640 2384 1671 mi-

1377 1678 1508 1712 serrima
1523 1689 1624 1713 morte
1634 1677 1724 1712 fuisse
1736 1681 1916 1721 periturum
1927 1703 1935 1712 .
1958 1679 2019 1712 Vis
2037 1686 2144 1712 autem
2158 1677 2237 1713 adeo
2251 1680 2383 1714 erodens

1379 1722 1413 1754 in
1438 1733 1475 1754 eo
1498 1733 1620 1756 veneno
1643 1733 1707 1755 non
1731 1722 1830 1767 esset,
1854 1723 1912 1756 nisi
1935 1731 2085 1764 pararent
2109 1732 2184 1755 cum
2215 1725 2377 1758 mercurio

1379 1763 1574 1799 sublimato.
1598 1764 1660 1799 Sed
1684 1764 1778 1806 hujus
1802 1776 1911 1800 tamen
1935 1764 2065 1798 effeetus
2089 1774 2125 1798 ut
2158 1776 2234 1799 cum
2256 1764 2378 1800 effeffi—

1378 1807 1439 1841 bus
1462 1808 1577 1851 butyri
1600 1809 1687 1843 illius
1721 1808 1814 1850 poffis
1847 1818 2033 1850 comparare
2054 1829 2065 1845 ,
2105 1808 2256 1842 Krameri
2290 1814 2300 1849 (
2325 1823 2349 1851 z
2371 1814 2386 1849 )

1380 1853 1581 1895 curationem
1604 1853 1674 1894 lege
1693 1876 1703 1892 ,
1740 1862 1806 1886 non
1830 1853 1912 1886 lacte
1935 1851 2037 1884 solum
2059 1873 2071 1890 ‚
2108 1850 2159 1885 sed
2193 1854 2227 1885 δε·
2248 1852 2386 1887 admisto

1380 1895 1454 1928 oleo
1480 1897 1594 1930 tartari
1620 1907 1673 1938 per
1696 1895 1901 1938 deliquium,
1926 1903 1960 1928 ut
1986 1894 2167 1936 loquuntur
2191 1919 2201 1935 ,
2227 1895 2266 1929 ad
2291 1897 2387 1930 reSti-

1380 1936 1543 1973 ficandum
1578 1940 1803 1977 mercurium,
1840 1937 1975 1981 aliisque
2008 1935 2149 1971 feliciter
2185 1939 2350 1980 peraCtam
2374 1964 2385 1975 .

1380 1982 1485 2020 Oris,
1508 1983 1613 2025 gulae,
1633 1985 1663 2016 ἃ
1688 1983 1859 2016 ventriculi
1884 1992 1932 2016 eas
1957 1978 2117 2014 erosiones
2142 1980 2235 2015 fuiffe
2251 2003 2262 2020 ,
2285 1984 2387 2017 intel-

1379 2024 1480 2067 liges,
1507 2035 1680 2068 antequam
1704 2026 1842 2060 remedia
1865 2024 2107 2069 praeberentur,
2134 2026 2217 2072 und-e
2241 2028 2383 2061 multum

1381 2067 1545 2110 sanguinis
1570 2078 1641 2102 tum
1666 2080 1720 2111 per
1744 2070 1888 2103 vomitus
1912 2095 1922 2109 ,
1953 2078 2026 2101 tum
2061 2078 2118 2109 per
2151 2068 2349 2111 dejectiones
2371 2094 2386 2112 ‚

1380 2109 1481 2154 idque
1504 2112 1636 2154 saepius,
1663 2111 1829 2155 ejiceretur
1853 2123 1926 2146 cum
1951 2111 2145 2153 angoribuS,
2169 2115 2388 2154 torminibus,

1380 2154 1556 2198 deliquiis,
1580 2156 1868 2196 convulsionibus,
1893 2156 1963 2189 aliis
1987 2154 2165 2197 ejusmodi.
2188 2157 2385 2200 Raecius&

1381 2209 1491 2232 autem
1514 2199 1555 2232 ab
1577 2200 1690 2233 eodem
1714 2199 1886 2233 sublimato
1902 2200 2084 2237 mercurio,
2111 2197 2163 2233 sed
2186 2202 2328 2240 minori,
2350 2211 2388 2234 ut

1385 2242 1536 2281 videtur,
1563 2242 1702 2286 pondere
1719 2266 1729 2281 ,
1755 2247 1785 2278 8<
1808 2253 1895 2277 certe
1919 2253 1992 2276 cum
2018 2243 2088 2275 aliis
2113 2242 2244 2286 sumpto
2259 2245 2388 2283 ,aestum

1386 2286 1583 2327 ventriculi,
1609 2287 1688 2320 saeva
1711 2288 1872 2324 tormina,
1899 2287 2060 2319 violentos
2085 2288 2228 2321 vomitus
2253 2288 2388 2321 adnota-

1387 2330 1456 2369 vit,
1481 2341 1535 2370 per
1557 2342 1637 2372 quos
1659 2329 1798 2373 denique
1820 2330 1915 2363 ichor'
1938 2330 2126 2371 purulentus
2150 2342 2183 2364 ac
2194 2330 2363 2370 combustus
2378 2353 2389 2368 ‚

1390 2373 1547 2415 simulque
1572 2376 1676 2407 anima
1711 2373 1781 2417 post
1813 2372 1958 2407 triduum
1992 2372 2088 2414 ejecta
2112 2372 2183 2407 est.
2219 2375 2388 2415 Qidnam

1390 2427 1445 2456 per
1467 2414 1708 2457 dissectionem,
1723 2416 1756 2462 „fi
1779 2416 1911 2460 quidem
1935 2416 1978 2450 est
2011 2417 2122 2450 habita
2145 2439 2157 2457 ‚
2181 2428 2390 2460 compertum

1387 2459 1448 2498 sit,
1472 2461 1606 2493 reticet.
1632 2461 1833 2503 Sproegelius
1856 2463 1869 2499 (
1892 2458 1911 2493 b
1933 2463 1944 2499 )
1969 2471 2045 2493 vero
2068 2472 2143 2494 cum
2180 2460 2388 2496 sublimatum

1384 2502 1583 2536 mercurium
1607 2502 1686 2544 feli,
1710 2506 1741 2537 δι
1765 2505 1916 2538 cuniculo
1940 2502 2106 2545 ingessisset
2132 2528 2141 2543 ,
2177 2504 2267 2539 illam
2301 2507 2387 2539 intra

1383 2547 1527 2588 quinque
1551 2546 1638 2581 horae
1666 2550 1789 2581 minuta
1814 2550 1917 2590 prima
1933 2570 1944 2586 ,
1969 2546 2053 2581 hunc
2077 2548 2386 2590 vixingesto,mor-

1383 2597 1439 2621 tua
1463 2588 1586 2630 refert,
1608 2591 1705 2625 nullis
1728 2590 1898 2634 praegressis
1922 2589 2198 2632 symptomatibus
2220 2614 2233 2630 ,
2269 2590 2326 2624 nisi
2351 2594 2387 2625 in

1384 2632 1439 2665 illa
1461 2633 1726 2668 convulfionibus
1749 2635 1932 2672 leviffimis‚
1958 2633 1992 2665 in
2016 2633 2076 2666 hoc
2102 2635 2228 2668 vomitu
2246 2648 2256 2667 .-
2280 2635 2387 2670 addit-

1388 2686 1472 2717 que,
1495 2677 1528 2709 in
1553 2677 1608 2709 illa
1631 2678 1781 2710 intimam
1808 2676 1977 2711 ventriculi
2001 2679 2147 2711 tunicam
2171 2676 2277 2712 ubivis
2302 2704 2311 2719 ‚
2335 2678 2387 2713 sed

1386 2721 1487 2759 magis
1510 2721 1544 2753 in
1569 2719 1673 2753 fundo
1701 2745 1710 2760 ,
1742 2720 1983 2754 inflammatam
2008 2719 2099 2753 fuiffe
2124 2736 2132 2758 3
2167 2722 2202 2753 in
2227 2721 2288 2755 hoc
2313 2723 2387 2756 nus-

1383 2773 1503 2803 quam,
1529 2763 1580 2798 sed
1602 2774 1659 2797 nec
1681 2764 1839 2806 potuisse,
1863 2762 2054 2807 prohibente
2069 2762 2196 2798 braffica
2220 2775 2311 2800 antea,
2333 2766 2387 2800 de-

1383 2815 1520 2843 vorata;
1544 2816 1685 2840 mortem
1709 2816 1816 2842 autem
1840 2809 1919 2841 adeo
1942 2806 2271 2848 celeriteringruisse‚
2297 2809 2386 2852 quod

1389 2860 1464 2882 cum
1488 2861 1566 2892 aqua
1590 2850 1701 2885 datum
1725 2862 1883 2885 venenum
1904 2873 1913 2888 ,
1946 2851 1985 2883 ab
2015 2849 2075 2884 hac
2109 2851 2251 2885 solutum
2273 2873 2283 2890 ,
2319 2855 2386 2887 vim

1389 2892 1477 2926 suam
1502 2894 1608 2927 statim
1634 2895 1667 2927 in
1693 2905 1808 2929 nervos
1832 2892 2017 2928 exercuisset
2043 2920 2050 2927 .
2076 2894 2201 2928 Verum
2225 2897 2295 2929 cani
2319 2897 2385 2936 (c)

1390 2948 1464 2970 cum
1490 2939 1612 2979 pariter
1640 2937 1773 2973 dedisset
1799 2964 1808 2979 ,
1842 2938 1892 2972 sed
1928 2937 2015 2969 inani
2040 2935 2221 2972 ventriculo
2243 2951 2255 2979 ‚·
2287 2939 2385 2981 hujus

1390 2979 1537 3014 villosam
1562 2983 1707 3015 tunicam
1738 2983 1859 3024 ubique
1895 2978 2026 3023 spiculis
2050 2982 2163 3015 veneni
2197 2983 2349 3024 repletam
2373 3007 2385 3022 ‚

1388 3035 1489 3066 eoque
1513 3027 1632 3066 partim
1655 3026 1787 3060 rubram
1810 3047 1820 3062 ,
1854 3026 1972 3066 partim
1998 3024 2190 3058 sublividam
2213 3024 2349 3060 offendit
2373 3050 2387 3068 ‚

1388 3077 1423 3100 ut
1448 3079 1483 3101 os
1507 3079 1637 3110 quoque
1670 3079 1777 3102 totum
1799 3068 1883 3102 vidit
1907 3091 1916 3105 ,
1948 3069 2017 3100 imo
2054 3069 2270 3103 ventriculum
2293 3094 2303 3109 ,
2335 3072 2386 3103 in-

1388 3110 1566 3153 primisque
1590 3112 1754 3146 orificium
1778 3112 1843 3153 ejus
1876 3110 2060 3153 supremum
2083 3135 2093 3149 ,
2131 3112 2220 3146 valde
2252 3112 2387 3148 inflam-

1387 3164 1511 3188 matum
1526 3179 1536 3194 ‚
1559 3156 1687 3197 nigrum
1710 3178 1719 3194 ‚
1753 3158 1784 3188 &
1805 3154 2081 3196 gangraenosurnr,
2115 3155 2238 3189 tametsi
2276 3159 2387 3192 vivens

1389 3198 1495 3231 adhuc
1520 3199 1636 3232 animal
1661 3198 1760 3232 secuit
1794 3198 1965 3241 postquam
1999 3210 2054 3241 per
2078 3197 2191 3233 horam
2212 3222 2221 3237 ‚
2253 3202 2286 3233 &
2317 3213 2387 3236 arn·-

1387 3241 1473 3282 plius
1497 3252 1629 3282 magnos
1658 3242 1810 3276 vomendi
1833 3251 1967 3276 conatus
1990 3263 1999 3278 2
2024 3253 2097 3276 cum
2121 3244 2349 3287 inquietudine
2371 3268 2382 3284 ,

1386 3287 1418 3316 δε
1440 3284 1611 3326 ejulatibus
1633 3285 1824 3326 conjunetos
1842 3311 1853 3327 ‚
1885 3286 2152 3319 animadverterat
2176 3312 2184 3317 .
2221 3290 2259 3320 In
2299 3288 2386 3322 nulla

1385 3328 1486 3361 trium
1511 3328 1623 3362 harum
1646 3329 1836 3367 bestiarum,
1862 3330 1883 3362 fi
1908 3330 2046 3373 primam
2069 3331 2230 3372 excipias,
2258 3329 2387 3373 sangui-

1389 3381 1461 3404 nem
1486 3373 1521 3404 in
1545 3372 1644 3405 corde
1669 3374 1797 3413 nigrum
1823 3395 1831 3409 ‚
1857 3376 1888 3406 &
1911 3373 2059 3406 coafflum
2082 3376 2275 3408 memoravit
2301 3400 2308 3408 .
2326 3374 2386 3418 Ja-

1388 3416 1463 3447 cobi
1487 3424 1591 3448 autem
1616 3415 1750 3448 Foelicis
1775 3420 1784 3454 (
1810 3416 1864 3459 d)
1895 3427 1995 3449 unum
2033 3416 2131 3450 modo
2156 3418 2249 3451 video
2273 3415 2385 3450 intrusi

1389 3455 1530 3498 ejusdem
1553 3460 1665 3490 veneni
1689 3460 1941 3501 experimentum
1966 3484 1975 3499 ‚
2008 3460 2060 3494 sed
2091 3470 2163 3494 cum
2200 3462 2266 3504 pari
2291 3459 2382 3493 simul

1390 3501 1522 3535 arsenici
1546 3501 1685 3545 pondere
1707 3525 1717 3541 ,
1751 3502 1803 3538 sed
1827 3505 1860 3537 in
1884 3514 1961 3536 cane
1984 3514 2080 3544 quem
2103 3506 2159 3537 vix
2194 3506 2235 3537 iis
2258 3501 2384 3580 ingrufis

2316 3557 2342 3579 rs

341 3634 2379 3653 'W

426 3724 430 3726 ’
456 3697 649 3783 Ξίιηῠιῒάἓῖῑιῗῆ.
667 3727 695 3751 ad
714 3726 773 3752 Ξεξῖ.
791 3726 851 3749 hanc
868 3725 991 3754 Sepulchr.
1009 3724 1113 3749 Obsxz.
1131 3725 1190 3748 Hist.
1200 3732 1219 3747 2.
1238 3724 1260 3747 &
1279 3732 1301 3753 3.

461 3788 467 3815 )

487 3758 624 3780 Commere.
642 3759 702 3782 Litt.
719 3759 747 3780 A.
765 3756 805 3781 cit.
824 3755 902 3779 Hebd.
921 3762 959 3783 24.
977 3764 1001 3779 n.
1022 3762 1044 3779 1.

486 3787 520 3808 De
539 3788 642 3809 Veneriis
658 3788 702 3810 Ere.
724 3787 763 3810 ubi
780 3794 810 3810 an
827 3792 948 3810 venenum
966 3785 1058 3811 nutriat
1077 3785 1121 3811 Sec.
1141 3794 1165 3810 n.
1182 3788 1208 3811 6.

398 3698 407 3724 r

398 3728 411 3755 c

398 3759 411 3785 t

399 3790 416 3824 (ν

402 3824 417 3846 k

695 3699 709 3727 (
725 3705 739 3725 q
753 3696 768 3724 3
785 3696 925 3719 Commerc-
944 3690 1029 3718 Litter.
1048 3696 1078 3718 Α.
1101 3702 1167 3724 ¹739·
1185 3693 1263 3718 Hebd.
1281 3696 1317 3718 16.
1335 3701 1385 3718 ιω.

1107 3756 1150 3786 [y
1167 3756 1180 3783 )
1197 3755 1250 3780 Αὲἲ.
1268 3757 1301 3779 Ν.
1319 3756 1347 3779 C.
1364 3756 1439 3779 Tom.
1457 3764 1482 3788 5.ι
1495 3754 1554 3778 Obs.
1574 3761 1611 3783 95.

1269 3786 1277 3813 (
1299 3783 1312 3809 b
1327 3785 1341 3814 )
1357 3787 1446 3815 Exper.
1463 3791 1505 3810 cit.
1523 3786 1584 3814 Exp.
1600 3789 1638 3809 ιθ.
1657 3786 1678 3810 8(
1694 3792 1730 3815 29.

1448 3695 1461 3722 (
1477 3701 1489 3717 ν
1506 3694 1513 3722 )
1532 3692 1655 3721 Experim.
1674 3695 1739 3718 circa
1757 3694 1823 3718 varia
1841 3701 1931 3718 venena
1949 3692 1994 3718 διε.
2011 3696 2096 3724 Exper.
2114 3702 2154 3721 4¹-
2193 3692 2384 3726 (Dibid.§.5o.

1363 3726 1376 3753 (
1393 3733 1407 3748 u
1426 3724 1439 3753 )
1456 3724 1578 3753 Experim.
1598 3730 1635 3747 11.
1654 3724 1715 3748 inter
1732 3732 1759 3749 ea
1775 3732 1828 3753 quae
1843 3724 2047 3757 addidit-niffen.
2065 3725 2093 3748 de
2110 3727 2174 3748 Mor.
2187 3722 2260 3752 penst-
2278 3724 2384 3748 intestin-

1672 3756 1685 3783 (
1703 3763 1720 3782 z
1734 3756 1748 3783 )
1764 3756 2016 3814 ΕἲηὲηὸετὲᾆὲιὲΒ-Α.
2035 3762 2102 3785 1735·
2121 3753 2200 3779 Hebd.
2216 3760 2253 3782 30·
2270 3760 2296 3778 n.
2315 3760 2337 3783 3.
