2498 4075
446 135 536 189 128

390 215 486 259 supra
509 216 571 251 tibi
595 214 738 258 exposita
761 212 858 254 sunt,
881 224 899 247 a
922 213 1060 247 Medicis
1075 234 1085 250 ,
1109 215 1141 245 &
1163 213 1295 246 Praesule
1316 213 1384 252 ips-‘0

383 261 509 295 :auditis
526 283 539 300 ,
563 259 600 293 ad
632 257 825 292 conferenda
857 259 942 291 inter
965 267 1021 290 nos
1052 253 1184 289 consilia
1209 268 1317 289 coram
1328 256 1385 290 Se—

381 313 496 338 natore
520 304 577 336 illo
599 301 827 342 Amplissimo,
851 312 887 333 ac
910 299 1077 341 permultis
1100 298 1169 331 aliis
1192 299 1255 332 five
1276 300 1384 341 digni-

383 355 450 379 tate
465 372 474 385 ,
498 349 530 379 δε
551 345 698 378 doctrina
722 345 942 383 praestantibus
964 343 1078 382 Viris,
1101 340 1164 374 five
1188 341 1250 374 Rei
1275 342 1384 376 Medi-

383 401 428 422 cae
453 386 597 422 studiosis
617 411 625 425 ‚
648 387 819 420 secessimus
833 411 842 420 ,

429 443 481 465 22.
506 432 559 464 Ibi
582 441 620 463 ex
644 430 786 464 Medicis
808 430 863 471 qui
886 429 1049 463 curationi
1084 437 1239 468 praeerant
1262 451 1271 467 ‚
1304 426 1382 460 alter

376 476 421 516 ,de
444 474 580 509 tumoris
603 482 739 509 natura,
763 477 794 506 &
816 473 885 506 sede
909 473 1009 505 multa
1032 470 1178 505 disseruit
1200 492 1210 507 ‚
1241 479 1382 506 cruorum

381 519 451 552 haec
476 518 598 552 summa
622 516 709 556 fuit,·
731 517 936 549 Tumorema
961 514 990 547 se
1013 513 1099 547 credi
1123 512 1302 554 scirrhum,
1324 513 1376 547 sed

358 562 612 603 illegitimum,
635 560 723 602 quod
747 558 941 602 compressus
964 558 1108 592 doleret:
1130 557 1233 590 sedem
1269 566 1375 590 antem

334 615 338 618 ’
383 604 501 639 habere
525 614 577 637 aut
600 604 633 635 in
657 613 810 638 omento,
832 604 908 644 quia
942 604 973 634 δι
1009 600 1154 637 mobilis,
1179 602 1208 631 δε
1239 602 1376 633 extimus

383 646 481 684 essee:
501 657 558 688 aut
581 646 602 679 fi
626 647 698 687 quis
721 645 853 681 mallet,
879 647 911 677 in
936 643 1146 682 mesenteri0‚·
1170 654 1242 675 narn
1264 645 1294 675 δε.
1317 643 1379 676 hoc

378 692 523 730 mobile,
546 693 576 722 &
601 699 714 731 magna
736 689 791 721 illa
817 688 990 730 praeditum
1015 687 1164 728 glandula
1180 710 1188 723 ,
1211 696 1308 727 quam
1332 688 1380 719 A-

380 734 465 768 sellii
488 744 636 776 pancreas
670 741 787 765 vocant
802 756 812 771 ‚
834 730 925 773 cujus
948 740 1058 763 tumor
1080 728 1254 762 excrescere
1277 728 1380 771 posset

380 777 483 816 adeo,
506 786 542 809 ut
566 774 604 807 ad
627 776 749 808 ventris
775 775 936 807 anteriora
960 774 1143 818 perveniat.²
1168 773 1380 814 quemadmo-

378 820 457 853 dum
479 819 510 852 se
533 815 645 852 vidisse
667 820 701 850 in
734 817 878 859 quodam
908 817 1059 850 cadavere
1074 841 1084 856 ‚
1107 815 1212 857 ajebat
1248 821 1258 854 (
1292 814 1377 856 qnasi

379 874 454 896 vero
481 871 534 896 aut
556 862 591 894 id
613 872 761 903 pancreas
784 862 818 894 in
842 860 974 893 homine
998 857 1070 892 esset
1093 881 1102 896 ‚
1135 867 1188 892 aut
1221 859 1379 901 glandulae

379 916 540 940 tumorem
565 904 604 938 ad
628 904 795 937 immobile
819 902 999 936 mesenterii
1024 911 1172 936 centrum
1191 926 1200 941 ‚
1232 910 1268 934 ut
1302 912 1378 943 pan-

378 962 465 983 creas
489 947 592 985 illud,
616 948 749 990 positae,
772 948 814 980 sic
848 955 955 981 totum
979 946 1093 979 ducere
1127 948 1160 978 in
1186 944 1376 978 alterutrum

377 994 459 1027 latus
483 1003 578 1025 manu
595 992 730 1025 liceret:
759 994 769 1028 )
792 989 893 1031 Qod
918 989 955 1023 ad
980 991 1158 1030 pertinaces
1181 990 1377 1021 vomitiones

379 1039 554 1079 speetaret,
576 1035 679 1067 videri
713 1033 771 1067 esse
795 1035 828 1067 in
855 1033 963 1074 pylori
988 1033 1108 1065 annulo
1131 1032 1377 1065 excrescentiam

375 1080 564 1122 quandam,
586 1078 764 1112 obstantem
798 1078 959 1110 alimentis
981 1076 1055 1109 illac
1087 1074 1285 1111 transituris3
1310 1073 1377 1107 haec

378 1133 488 1158 autem
513 1132 636 1156 retenta
661 1122 877 1154 ventriculum
901 1121 1048 1155 irritare;
1073 1128 1158 1151 certe
1183 1118 1377 1150 causamve-

375 1168 474 1200 mirus
489 1167 572 1200 ultra
593 1176 668 1198 eum
694 1164 845 1197 annulum
871 1173 934 1196 non
959 1162 1038 1200 esse,
1064 1161 1150 1203 quod
1175 1162 1297 1194 nullum
1320 1171 1379 1193 un-

378 1221 480 1253 quam
504 1219 667 1251 appareret
691 1210 722 1239 in
749 1207 869 1248 rejeffis
891 1205 1049 1238 indicium
1072 1205 1168 1237 bilis.
1196 1205 1310 1245 Itaque
1333 1203 1377 1236 ob

373 1253 576 1286 ‘vomitiones
589 1253 723 1284 maciem
737 1250 867 1283 demum
880 1249 1090 1287 summam,&
1106 1248 1225 1280 lentam
1239 1255 1378 1280 mortem

373 1297 474 1330 <vitari
497 1307 559 1329 non
586 1293 691 1336 pos-le·‚
715 1294 758 1325 ob
773 1304 931 1326 tumorem
945 1302 1049 1325 autem
1064 1292 1161 1323 etiam
1172 1292 1270 1323 citam
1286 1313 1294 1329 ,
1319 1301 1378 1331 pu-

373 1341 501 1374 rulenta
525 1350 563 1373 ex
586 1350 622 1371 eo
648 1338 778 1377 materia
803 1346 864 1369 una
889 1348 963 1369 cum
988 1335 1144 1376 sanguine
1166 1335 1199 1366 in
1233 1342 1378 1367 ventrem

380 1382 476 1417 effusa
493 1407 500 1414 .
526 1383 681 1416 Attamen
708 1381 728 1414 si
753 1379 1006 1421 quidaMedico
1031 1377 1168 1424 praestari
1191 1376 1294 1410 adhuc
1306 1374 1378 1419 pos-

373 1427 420 1460 set
469 1437 535 1459 non
557 1426 687 1458 auxiliis
711 1421 849 1457 exterius
883 1422 1037 1455 adhibitis
1054 1447 1062 1460 ,
1087 1421 1136 1453 secl
1161 1422 1295 1453 internis
1320 1419 1379 1453 esse

373 1450 583 1503 tensandum.
620 1469 711 1501 Nam
745 1466 784 1500 de
821 1467 980 1499 mittendo
1014 1476 1052 1498 cx
1088 1463 1380 1497 haemorrhoiiibus

373 1513 529 1556 sanguine
553 1522 724 1552 antequam
756 1511 838 1543 vires
869 1508 1049 1542 fatiscerent
1072 1531 1080 1544 ‚
1120 1508 1147 1539 se
1178 1509 1269 1548 cogit
1293 1516 1345 1539 nte
1367 1528 1377 1543 ,

373 1568 495 1600 aegrum
532 1553 693 1588 abnuisse:
717 1566 801 1587 nunc
826 1552 947 1586 viribus
974 1551 1040 1594 jam
1065 1551 1309 1585 fatiscentibus,
1335 1551 1380 1582 lo-

372 1613 450 1635 cum
478 1600 613 1640 amplius
638 1609 702 1631 non
738 1597 797 1630 esl'e
819 1622 826 1628 .
862 1597 1005 1629 Tumori
1039 1604 1148 1628 autern
1182 1605 1253 1636 quae
1287 1603 1379 1626 antea

374 1643 506 1679 fuissent
528 1641 700 1683 imposita,
723 1652 787 1673 non
812 1639 909 1673 modo
921 1639 1121 1674 minurilia,
1147 1648 1257 1670 verum
1282 1637 1380 1669 etiam

374 1699 411 1722 ut
436 1687 543 1729 gravia
558 1709 565 1719 .
590 1688 621 1717 ἃ·
636 1685 781 1718 molesta,
808 1691 1020 1723 aegrotantem
1035 1680 1172 1724 rejecisse
1189 1692 1197 1713 :
1220 1680 1381 1722 quamob-

380 1743 446 1764 rem
471 1731 583 1761 vitatis
616 1728 771 1761 omnibus
806 1737 878 1768 quae
913 1738 969 1767 pus
1006 1725 1155 1757 movendi
1186 1725 1252 1755 vim
1284 1723 1383 1756 habe-

376 1785 445 1808 rent
461 1799 468 1810 .
492 1783 635 1806 ceratum
660 1768 898 1811 Noribergense
923 1769 961 1800 ab
985 1767 1155 1810 sequidem
1180 1767 1383 1800 commodius

376 1817 575 1856 exis-limam·
597 1814 647 1848 sed
673 1814 809 1847 omnino
840 1813 974 1845 internis
1008 1811 1155 1844 remediis
1188 1808 1245 1842 esse
1277 1811 1383 1842 niten-

373 1864 451 1895 dum
469 1884 479 1901 ,
504 1861 543 1892 iis
566 1859 717 1892 videlicet
743 1869 813 1900 quae
827 1855 965 1889 validius
989 1858 1019 1888 δέ
1047 1855 1243 1890 inciderent,
1266 1856 1296 1885 δι
1318 1852 1383 1885 dis-

377 1906 536 1938 solverent
554 1924 564 1939 ,
586 1906 614 1935 δι’
641 1914 709 1944 quae
735 1904 844 1935 alvum
869 1900 969 1941 magis
993 1909 1089 1939 quam
1115 1896 1347 1930 rhabarbarum
1374 1917 1384 1931 ‚

376 1952 406 1981 Sc
436 1948 539 1981 multo
563 1947 665 1987 magis
688 1957 758 1988 quae
781 1944 907 1978 urinam
922 1951 1107 1975 moverent.
1133 1940 1186 1973 Ad
1210 1938 1277 1973 haec
1303 1951 1382 1981 prae-

373 1993 482 2025 slanda
504 2001 578 2024 cum
605 1992 696 2030 plura
713 2013 721 2027 ‚
746 1991 776 2021 δε
803 1989 978 2019 valentiora
998 2010 1006 2023 ‚
1029 1995 1063 2018 ut
1087 1983 1209 2017 solebat
1232 2007 1241 2021 ‚
1275 1982 1383 2015 lauda-

377 2046 447 2073 ret;
473 2032 674 2068 mercurialia
697 2042 828 2074 quoque
844 2053 855 2069 ‚
877 2033 906 2062 &a
931 2028 1137 2075 chalybum,
1163 2026 1186 2059 si
1212 2025 1290 2059 ferri
1315 2024 1388 2067 pos-

377 2082 465 2119 sent,
491 2089 594 2120 neque
617 2088 633 2109 a
656 2076 751 2110 nobis
766 2097 776 2113 ,
799 2074 918 2116 quibus
933 2069 1156 2106 consideranda
1169 2078 1386 2112 proponeret,

375 2123 662 2158 improbarentur,
687 2118 746 2152 fibi
769 2116 901 2158 quidem
935 2115 1159 2149 convenientia
1185 2115 1312 2153 videri,
1335 2114 1382 2159 di:

375 2159 446 2201 κέἔ.
473 2166 544 2199 Post
567 2176 664 2206 quem
688 2163 753 2205 ejus
779 2161 914 2200 socius,
936 2156 1297 2195 caeteratransmittens‚
1323 2155 1382 2188 nis1

377 2211 466 2253 quod
490 2209 579 2251 jecur
603 2208 753 2251 insuper,
778 2203 935 2237 &lienem
946 2202 1105 2236 obstrue-“ta
1119 2200 1279 2238 credidit,
1304 2211 1382 2244 pau*-

375 2267 411 2288 ca
435 2253 564 2294 quidem
591 2252 684 2284 verba
709 2249 807 2285 fecit3
833 2246 884 2280 sed
907 2246 945 2280 de
970 2246 1119 2279 remediis
1144 2244 1283 2291 multum
1317 2242 1382 2275 dis-

377 2299 491 2333 senfit.
515 2306 655 2338 negans,
681 2292 766 2326 aliud
790 2302 886 2333 quarn
910 2289 1141 2323 rhabarbarum
1165 2288 1224 2320 sibi
1261 2278 1380 2329 pff'opo-

378 2353 452 2375 nere
477 2341 592 2373 licere,
617 2350 683 2380 quo
707 2348 774 2369 uno
794 2334 867 2367 usus
889 2334 964 2366 esset
989 2343 1078 2366 antea
1104 2331 1166 2364 fine
1198 2333 1380 2364 incommo-

378 2387 443 2421 do,
469 2395 543 2417 cum
566 2382 628 2415 alia
651 2392 724 2421 quae
750 2377 844 2411 essent
870 2378 1000 2415 addita,
1022 2377 1130 2409 omnia
1154 2386 1267 2416 magna
1305 2384 1380 2407 cum

380 2428 545 2465 molestia,
573 2436 628 2457 nec
654 2425 716 2456 sine
739 2421 936 2454 detrimento
959 2417 1083 2452 vidisset
1108 2416 1272 2450 adhibita.

383 2474 473 2507 Tum
498 2480 607 2503 eorum
631 2468 685 2510 qui
703 2475 825 2498 mecum
850 2472 1023 2500 venerant,
1046 2460 1299 2502 alteraliquanto
1313 2459 1381 2500 plu·

379 2528 416 2549 ra
441 2516 590 2552 locutus,
614 2511 652 2544 de
678 2510 815 2542 tumoris
848 2517 958 2538 natura
975 2528 983 2542 ,
1008 2509 1039 2537 ἃ
1064 2504 1133 2538 sede
1156 2506 1189 2536 in
1225 2511 1380 2537 omento,

384 2563 414 2593 δέ
439 2558 477 2591 de
500 2555 712 2590 excrescentia
728 2553 760 2585 in
774 2551 882 2592 pylori
898 2549 1015 2581 annulo
1039 2559 1110 2590 quae
1134 2549 1219 2589 prior
1234 2547 1355 2578 dixerat
1369 2567 1380 2581 ,

385 2600 592 2642 minatusque
616 2597 743 2634 fuerat,
766 2593 881 2626 exserte
906 2592 1077 2633 probavit:
1112 2590 1149 2623 de
1172 2590 1319 2623 remediis
1343 2588 1382 2621 ab

385 2655 525 2687 utroque
549 2641 677 2676 dissedit
692 2664 703 2672 .
726 2638 950 2678 Rejecitenirn
965 2636 1136 2677 purgantia
1148 2644 1218 2675 quae
1243 2640 1383 2669 vocant,

382 2691 490 2723 omnia
504 2710 514 2726 ,
538 2686 708 2728 ipsumque
719 2681 947 2716 rhabarbarum
962 2691 968 2711 :
984 2679 1148 2719 lignorum
1162 2699 1174 2716 ,
1197 2687 1231 2709 ut
1244 2678 1383 2722 loqunn3

386 2743 466 2771 tur,
498 2730 665 2764 decofium
698 2736 770 2759 cum
806 2722 930 2756 modica
964 2723 1081 2763 viperae
1115 2721 1292 2760 portione,
1327 2719 1385 2750 nisi

384 2778 469 2811 sorte
492 2774 537 2807 ob
561 2772 678 2806 febrim
701 2768 767 2802 haec
791 2768 927 2800 calidior
950 2766 1127 2801 videretur,
1152 2761 1342 2806 proposuit.

432 2830 481 2861 23.
507 2819 582 2858 Ego
605 2826 682 2847 vero
707 2811 761 2844 etsi
786 2819 926 2853 quatuor
952 2806 1148 2849 potissimum
1172 2807 1231 2840 esse
1247 2828 1260 2845 ‚
1282 2804 1352 2853 dixi
1374 2825 1384 2842 ,

387 2874 458 2905 quae
484 2859 607 2894 attendi
632 2869 647 2889 a
671 2856 763 2889 nobis
787 2861 948 2895 oporteret
965 2876 974 2891 ‚
998 2861 1181 2889 tumorem>
1205 2858 1385 2894 vomitum,

388 2907 547 2939 maciem,
571 2901 712 2938 febrim‚·
734 2909 786 2930 eos
810 2906 915 2929 tamen
939 2897 994 2936 qui
1009 2905 1080 2927 ante
1092 2905 1139 2927 me
1151 2894 1252 2926 locuti
1267 2892 1360 2924 eslent
1375 2913 1385 2928 ,

389 2948 544 2986 laudavi,
569 2943 654 2987 quod
680 2951 841 2975 tumorem
865 2938 1047 2980 spectassent
1073 2938 1250 2979 praecipue,
1273 2936 1329 2976 qni
1352 2944 1386 2968 ut

387 2992 510 3032 reliqua
536 2985 758 3021 antecesszsset,
783 2986 830 3016 ita
853 2993 965 3015 eorum
990 2983 1081 3013 causa
1116 2981 1217 3013 videri
1251 2978 1352 3020 posset
1377 3003 1385 3010 .

392 3033 552 3067 ‘rumoris
575 3041 679 3063 auten]
704 3027 796 3070 ipsius
819 3025 944 3058 causasm
971 3038 985 3057 a
1012 3037 1060 3057 nie
1082 3024 1212 3066 quidem
1245 3020 1329 3054 credi
1354 3021 1387 3052 in

395 3078 559 3115 sanguinis
581 3084 635 3116 per
660 3082 771 3103 venam
798 3071 966 3102 Portarum
990 3070 1093 3100 minus
1117 3065 1265 3109 expedito
1299 3075 1389 3110 motu

392 3115 567 3155 effe‘iacne
592 3113 824 3158 agnoscendam
840 3134 848 3148 ‚
876 3123 970 3152 quern
994 3113 1146 3144 diuturna
1183 3108 1289 3144 sessis),
1314 3108 1387 3140 asle-

390 3165 458 3197 &io
481 3159 791 3205 hypochondriaca,
815 3155 975 3195 sanguinis
986 3166 1039 3197 per
1064 3153 1310 3187 haemorrhoides
1323 3150 1386 3183 flu-

393 3217 472 3246 xus³
499 3206 614 3243 utilis,
636 3214 709 3235 curn
734 3200 817 3236 suit,
842 3207 893 3230 aut
920 3199 1011 3231 rediit
1027 3200 1174 3233 „noxius
1187 3206 1257 3229 cum
1281 3195 1387 3227 decre-

396 3252 445 3283 vit
462 3271 470 3285 ‚
495 3259 548 3281 aut
573 3245 692 3283 desiit,
716 3255 779 3276 non
803 3241 936 3274 obscure
956 3241 1190 3283 fignificarent.
1216 3239 1268 3284 Ab
1292 3247 1391 3269 ittar-

393 3295 470 3326 dato
495 3293 598 3329 igitur
623 3301 660 3321 eo
685 3297 774 3320 motu
799 3285 995 3317 irritationes
1007 3294 1115 3322 ortas,
1140 3284 1393 3322 &crispaturas,

397 3340 428 3369 ἃ
452 3329 599 3370 dolores,
627 3336 657 3364 ἃ
683 3331 819 3364 tumoris
843 3329 975 3360 initium
999 3328 1135 3369 deniqne
1155 3328 1188 3358 in
1214 3326 1318 3366 aliqua
1343 3336 1393 3356 ea-

394 3391 466 3413 rum
491 3375 633 3411 Partiuni
649 3402 656 3414 ,
683 3387 697 3407 a
722 3373 837 3414 quibus
850 3371 971 3403 rediens
984 3371 1109 3413 sanguis
1133 3373 1165 3402 in
1189 3379 1256 3401 eam
1282 3378 1393 3399 venam

401 3422 443 3456 est
466 3419 671 3463 excipiendus
687 3442 695 3451 .
720 3416 790 3450 Esse
815 3424 922 3447 autem
945 3415 1035 3453 illas,
1060 3423 1173 3455 praeter
1206 3420 1392 3445 ori-rentum,

404 3536 1189 3566 -——-—„-..-—.....-.—-—.ss.

1010 131 1166 184 Liber
1198 131 1287 185 11¹.
1320 132 1406 185 De
1437 130 1645 185 Morbis
1679 131 1893 185 Vent-rIS

1435 215 1466 245 &
1491 211 1714 246 mesenterium
1737 236 1749 252 ,
1782 215 1857 247 alias
1881 221 2031 256 quoque,
2053 211 2213 255 praecipue
2237 220 2343 246 autem
2376 211 2430 245 inss

1434 257 1568 292 testim,
1594 257 1693 298 magis
1715 256 1787 290 sane
1809 267 1906 298 quam
1931 255 2135 294 mesaraeum‚
2157 255 2262 289 vicina
2293 264 2429 297 tangen-

1433 300 1517 332 tium
1540 299 1708 339 manibus‚
1732 311 1789 334 nec
1811 302 1941 338 minus,
1964 309 2060 340 quam
2083 299 2123 331 iis
2136 309 2264 331 annexae
2287 298 2428 331 mesaraei

1433 351 1558 383 partes,
1583 343 1650 374 imo
1672 342 1720 375 vel
1744 345 1845 384 magis
1868 343 1964 384 quarn
1978 353 2022 375 eae
2044 341 2219 383 praesertim
2231 352 2301 383 quae
2313 350 2429 374 centro

1431 382 1531 427 ipsius
1554 384 1625 417 sunt
1650 386 1836 427 propiore8‚
1861 385 1921 419 huc
1944 384 2084 426 illucque
2108 384 2265 417 mobilia.
2291 384 2367 417 Huc
2388 383 2430 415 il-

1432 428 1487 462 lud
1510 428 1654 462 accedere
1676 429 1764 470 quod
1788 427 1830 462 fic
1853 428 1980 462 facilius
2011 437 2081 459 tum
2104 425 2268 460 diuturnae
2291 427 2355 459 alvi
2375 427 2430 460 ad·

1433 472 1626 508 strifflonis,
1649 480 1718 503 tum
1743 470 1870 506 fortasse
1881 474 1979 505 etiam
2004 479 2069 503 tam
2086 469 2191 503 crebri
2213 470 2271 509 qui
2294 469 2332 503 ad
2346 467 2429 503 hanc

1431 512 1595 548 accesserat
1607 536 1617 551 ,
1628 516 1770 547 vomitus
1783 537 1792 552 ,
1815 515 1971 556 possemus
1984 514 2142 546 rationem
2155 512 2297 555 proferre
2309 537 2317 545 .
2336 511 2430 547 Gon-

1431 557 1549 592 striffis
1572 558 1659 591 enim
1680 560 1720 590 iis
1742 570 1811 599 quae
1835 559 1869 590 in
1892 558 1947 591 ista
1971 558 2092 589 ventris
2113 557 2245 598 regione
2267 554 2361 593 sunt,
2380 556 2432 589 in-

1430 601 1552 635 testinis
1576 602 1767 640 Tenuibus‚
1790 612 1853 633 non
1879 603 1937 633 viae
1960 600 2156 634 diametrum
2179 599 2374 637 dumtaxat,
2397 601 2428 632 &

1431 644 1618 688 peristaltici
1643 654 1749 686 motus
1771 646 1838 677 vim
1863 645 1992 682 minui;
2015 642 2065 675 sed
2090 644 2121 675 &
2144 643 2342 674 irritamenti
2367 642 2430 674 ali-

1428 687 1507 728 quid
1532 688 1570 719 ad
1594 689 1801 728 proximum,
1824 689 2115 727 continuatumque
2131 684 2351 719 ventriculum
2363 696 2428 717 non

1428 730 1562 766 difficile
1587 732 1756 772 propagari
1781 755 1787 761 .
1824 730 2087 772 Qindolorem
2109 730 2209 762 etiam
2240 730 2298 769 qui
2332 738 2429 761 manu

1429 773 1622 816 premendo,
1646 783 1699 807 aut
1724 774 1833 807 saltem
1866 774 1922 814 qui
1957 772 2145 806 vexantibus
2177 771 2317 806 flatibus
2339 795 2349 811 ‚
2380 770 2431 805 ibi

1429 818 1548 856 fiebat,
1571 815 1745 850 dilucidius
1768 817 1930 858 intelligi,
1953 813 1975 848 fi
2008 825 2170 849 tumorem
2195 813 2233 847 ad
2256 814 2321 855 ipsa
2345 817 2430 846 inte-

1429 861 1510 895 stina
1534 861 1690 899 attinere,
1712 859 1945 901 conjiceremus
1961 883 1969 891 .
1993 858 2214 892 Veruntamen
2228 868 2291 891 non
2315 856 2384 891 haec
2409 868 2426 889 a

1430 917 1480 938 me
1502 902 1590 940 dici,
1613 904 1703 944 quasi
1728 903 1865 938 aliorum
1899 902 2061 935 sententiae
2096 902 2313 943 conjecturam
2345 911 2430 942 prce-

1429 947 1545 981 ferrem
1569 957 1692 981 meam,
1715 958 1810 987 quam
1835 946 1982 979 omnium
2005 943 2129 985 judicio
2145 944 2330 986 subjicerem
2345 964 2354 980 ,
2378 945 2429 976 ni-

1428 991 1475 1025 hil
1499 989 1583 1031 ipse,
1610 999 1644 1022 ut
1666 991 1698 1022 in
1722 1001 1754 1022 re
1778 990 1896 1024 ardua,
1920 991 1950 1020 δε
1985 987 2174 1027 perobscura
2198 1011 2207 1025 ,
2240 985 2394 1020 definiens
2419 1011 2429 1025 ,

1428 1034 1565 1074 ideoque
1588 1044 1644 1065 nec
1666 1032 1754 1074 quod
1768 1035 1839 1066 aliis
1850 1032 1953 1065 visum
1966 1029 2062 1068 esset,
2086 1040 2311 1064 contemnens.
2339 1030 2428 1062 Nam

1427 1079 1486 1111 e'tfi
1510 1087 1642 1118 magnos
1665 1077 1698 1107 in
1730 1086 1863 1110 omento
1894 1085 2035 1109 tumores
2058 1075 2123 1107 fine
2144 1074 2264 1107 doloris
2287 1084 2431 1106 comme-

1429 1120 1611 1153 moratione
1634 1119 1736 1161 legere
1759 1124 1772 1159 (
1796 1120 1812 1158 k
1834 1123 1847 1158 )
1870 1115 2099 1151 consueviffem
2116 1140 2125 1154 ‚
2148 1119 2215 1151 imo
2239 1119 2272 1149 in
2296 1116 2424 1149 Medici

1429 1174 1552 1202 uxore,
1578 1162 1647 1195 aliis
1670 1163 1969 1201 consentientibus,
1992 1160 2188 1202 agnovissem
2222 1161 2346 1202 optime
2369 1170 2430 1192 nu-

1427 1209 1529 1245 trita,
1551 1208 1581 1238 δε
1604 1206 1745 1239 colorata
1760 1232 1769 1246 ‚
1792 1204 1959 1246 omnisque
1983 1205 2206 1244 incommodi,
2230 1203 2347 1237 nedum
2371 1224 2381 1240 ‚
2405 1202 2430 1234 fi

1428 1259 1604 1291 premeres,
1627 1247 1749 1282 doloris
1781 1256 1931 1290 experte3
1955 1246 2039 1289 posse
2061 1257 2167 1281 tamen
2191 1246 2367 1290 aliquando
2380 1245 2429 1278 es-

1428 1293 1457 1326 se
1482 1291 1636 1333 ejusmodi
1660 1294 1694 1325 in
1716 1302 1849 1325 omento
1879 1293 2018 1325 tumoris
2053 1300 2217 1328 naturam,
2242 1291 2396 1324 duritiem
2419 1310 2431 1327 ‚

1430 1338 1461 1369 &
1485 1335 1646 1371 formam,
1671 1343 1707 1367 nt
1732 1334 1926 1378 premendo,
1951 1344 2004 1367 aut
2028 1336 2061 1367 in
2092 1334 2183 1375 ipso,
2207 1344 2263 1368 aut
2296 1334 2331 1365 in
2354 1342 2432 1365 con-

1430 1380 1530 1421 tiguis
1557 1379 1704 1411 Partibus
1728 1380 1820 1413 dolor
1844 1378 2027 1411 excitetur.-
2050 1389 2114 1419 qua
2136 1377 2174 1411 de
2188 1389 2220 1411 re
2243 1388 2308 1410 non
2333 1376 2433 1409 dubi-

1430 1421 1505 1455 tasse
1538 1422 1650 1455 scirem
1685 1423 1785 1456 Viros
1820 1421 1949 1456 Doctus
1983 1420 2084 1459 (l).
2217 1422 2269 1454 De
2302 1418 2433 1460 grandi-

1430 1466 1489 1499 bus
1513 1476 1620 1498 autem
1646 1465 1826 1500 mesenterii
1851 1465 2032 1497 tumoribus
2057 1487 2064 1500 ‚
2103 1463 2191 1506 quod
2222 1464 2358 1497 detrusis
2394 1461 2434 1496 ad

1431 1510 1527 1543 latera
1553 1508 1733 1550 intestinis,
1755 1513 1785 1544 δι
1810 1516 1943 1542 omento
1958 1532 1966 1547 ‚
1988 1507 2107 1541 subsint
2131 1508 2189 1550 ipsi
2214 1505 2432 1540 anterioribus

1431 1553 1553 1585 ventris
1577 1553 1775 1594 parietibus,
1799 1551 1919 1593 hosque
1943 1552 2159 1593 contingant,
2186 1562 2250 1583 non
2264 1562 2324 1583 una
2349 1548 2433 1592 poffe

1432 1596 1640 1629 Medicorum
1661 1617 1671 1632 ,
1703 1598 1733 1629 ἃ
1766 1595 2037 1628 Anatomicorum
2070 1594 2309 1628 Observatione
2332 1596 2346 1636 <
2366 1603 2397 1625 m
2420 1596 2432 1631 )

1431 1639 1639 1673 confirmari.
1669 1640 1769 1673 Porro
1793 1639 1900 1681 augeri
1922 1637 2146 1675 difficultatem
2171 1648 2250 1670 verae
2276 1636 2355 1670 sedis
2379 1646 2434 1668 tu-

1432 1694 1558 1715 morum
1583 1682 1833 1715 internoscendae
1859 1683 1890 1712 in
1917 1680 2098 1721 hujusmodi
2123 1682 2298 1723 pinguibus
2321 1703 2330 1718 ,
2365 1691 2433 1713 am-

1434 1726 1495 1765 plis
1516 1748 1524 1762 ‚
1557 1727 1589 1757 &
1621 1725 1847 1757 intestinorum
1872 1725 2030 1757 cruciatui
2053 1724 2206 1757 obnoxiis
2228 1723 2394 1756 ventribus
2420 1750 2429 1757 .

1434 1768 1522 1801 Nam
1546 1776 1758 1809 praeterquam
1781 1767 1867 1809 quod
1895 1768 1997 1799 multa
2019 1769 2103 1800 inter
2127 1778 2255 1801 manum
2277 1790 2290 1808 ‚
2320 1770 2351 1800 &
2383 1768 2433 1799 vi-

1435 1811 1518 1844 scera
1545 1810 1708 1853 interjeRa
1731 1811 1874 1853 pingued
1919 1809 2021 1844 obstat
2046 1811 2285 1848 explorationi,
2318 1810 2433 1843 esse-in

1434 1854 1484 1889 his
1508 1855 1673 1887 ventribus
1697 1854 1780 1888 haud
1804 1867 1876 1887 raro
1901 1854 2043 1892 viscera,
2066 1857 2096 1886 &
2122 1854 2269 1887 intestina
2302 1853 2432 1896 praeser-

1437 1900 1496 1930 tim
1521 1899 1646 1939 aliqua,
1673 1907 1760 1929 extra
1785 1899 1853 1930 suas
1876 1896 1959 1929 sedes
1984 1898 2143 1936 retrasta,
2168 1906 2221 1931 aut
2245 1896 2431 1939 compulsa.

1435 1942 1491 1974 Sed
1517 1950 1551 1974 ut
1577 1952 1641 1973 uon
1667 1952 1727 1973 una
1750 1940 1810 1973 esse
1833 1938 1932 1982 posset
1957 1940 2079 1973 doloris
2108 1940 2212 1977 sedem
2235 1940 2276 1973 sic
2299 1943 2329 1972 8<
2354 1952 2433 1973 con-

1436 1984 1640 2018 turnaciffimi
1665 1985 1808 2017 vomitus
1834 1985 1935 2015 varias
1958 1983 2018 2016 effe
2042 1982 2126 2025 posse
2148 1983 2277 2018 causas.
2301 1983 2372 2017 Nec
2385 1995 2435 2018 me

1436 2029 1566 2070 quidem
1601 2027 1736 2068 sugere,
1759 2039 1798 2060 ex
1821 2026 1891 2068 ipso
1915 2027 2021 2068 pylori
2047 2026 2164 2060 annulo
2188 2027 2346 2060 interdum
2376 2039 2433 2060 ex-

1436 2071 1650 2104 crescentiam
1664 2070 1823 2112 quandam
1838 2069 1867 2103 se
1881 2071 2026 2103 attollere
2039 2092 2047 2106 ‚
2071 2072 2200 2111 qualem
2224 2073 2253 2102 ἃ
2277 2070 2341 2113 ipse
2353 2082 2435 2104 non-

1435 2126 1602 2156 nunquam
1627 2114 1792 2151 vidislem‚
1817 2125 1890 2155 quae
1913 2112 1934 2145 si
1971 2114 2044 2146 satis
2079 2125 2192 2156 magna
2225 2114 2262 2146 sit
2284 2136 2294 2152 ,
2331 2125 2365 2148 ut
2397 2116 2432 2148 in

1435 2158 1589 2196 Medico,
1616 2158 1741 2190 Amicis
1764 2165 1844 2190 noto
1869 2157 2020 2190 steatoma
2044 2157 2207 2199 quoddam
2225 2155 2301 2190 suit
2325 2180 2335 2195 ‚
2375 2159 2432 2191 ali·-

1434 2203 1550 2235 mentis
1573 2200 1741 2234 transitum
1766 2200 1959 2233 intercludat
1974 2214 1984 2232 .-
2008 2200 2058 2234 sed
2083 2210 2191 2234 tamen
2214 2211 2276 2232 non
2300 2201 2433 2243 ignora-

1433 2257 1487 2282 re,
1510 2254 1562 2277 tot
1584 2246 1617 2277 in
1641 2257 1678 2277 eo
1701 2245 1795 2280 loco,
1821 2254 1874 2278 aut
1897 2255 1998 2286 prope
2021 2246 2211 2278 eumlocum
2235 2255 2302 2278 tum
2325 2247 2435 2285 intus,

1433 2298 1503 2322 turn
1528 2297 1616 2321 extra
1638 2287 1695 2320 esse
1720 2287 1804 2329 posse
1828 2289 1932 2320 causas
1955 2288 2039 2320 idem
2064 2287 2254 2324 efficientes,
2280 2298 2315 2321 ut
2340 2290 2360 2320 si
2385 2291 2433 2323 vel

1433 2332 1550 2366 multas
1572 2341 1812 2368 enumeremus,
1839 2342 1943 2363 veram
1966 2329 2095 2365 fortasse
2129 2342 2191 2364 non
2216 2331 2434 2373 assequamur.

1432 2375 1584 2417 Exempli
1621 2375 1705 2406 enim
1729 2376 1851 2416 gratia,
1876 2373 1963 2407 duris
1985 2375 2127 2416 undique
2160 2377 2243 2407 circa
2276 2387 2348 2408 eum
2381 2377 2434 2408 lo-

1433 2430 1529 2457 cum,
1551 2420 1582 2450 δε
1613 2417 1715 2450 crassis
1738 2417 1832 2450 fastis
1856 2418 2029 2450 ventriculi
2054 2418 2196 2457 tunicis,
2220 2420 2305 2451 viam
2330 2430 2434 2461 angu-

1432 2462 1562 2494 stiorem
1586 2460 1679 2497 fieri,
1703 2462 1853 2494 alimenta
1879 2471 1941 2493 non
1967 2460 2124 2502 propelli,
2146 2462 2240 2502 quale
2264 2473 2360 2503 genus
2385 2465 2433 2495 vi-

1432 2505 1472 2537 tii
1499 2503 1604 2537 fuisset
1629 2504 1756 2536 Patavii
1781 2504 1814 2536 in
1838 2504 1892 2545 pio
1914 2503 2082 2536 Sacerdote
2094 2504 2342 2545 deprehensum,
2368 2516 2433 2539 non

1433 2548 1531 2592 modo
1554 2547 1587 2578 in
1612 2547 1682 2582 aliis
1704 2547 1743 2580 de
1766 2547 1882 2587 quibus
1905 2558 1977 2580 curn
2003 2547 2079 2580 alibi
2105 2551 2118 2586 <
2140 2558 2160 2579 n
2176 2548 2216 2588 ),
2240 2557 2308 2581 turn
2333 2551 2364 2580 in
2378 2551 2434 2582 Se-

1435 2590 1603 2633 pulchreto
1626 2594 1637 2628 (
1661 2589 1712 2632 o)
1737 2588 1877 2631 legissem
1895 2614 1902 2622 .
1930 2592 2040 2632 Atque
2057 2616 2065 2629 ‚
2091 2600 2127 2622 ut
2162 2590 2282 2623 silerem
2304 2614 2318 2631 ,
2354 2604 2432 2625 eun-

1435 2634 1505 2667 dem
1529 2632 1653 2675 prorsus
1676 2633 1824 2666 effefturn
1849 2632 1936 2671 fore,
1961 2633 1983 2665 si
2006 2644 2043 2665 ex
2058 2636 2317 2667 commemoratis
2342 2638 2433 2669 vitiis

1436 2676 1567 2718 aliquod
1591 2677 1775 2718 propiorem
1800 2676 1981 2710 ventriculo
2003 2677 2163 2714 obsideret
2197 2680 2347 2714 Duodeni
2382 2683 2434 2713 in-

1437 2721 1543 2754 testini
1569 2729 1692 2760 partem
1717 2720 1769 2761 (p
1790 2722 1824 2758 ),
1848 2730 1931 2753 certe
1954 2721 1987 2751 in
2012 2721 2122 2752 eodem
2144 2721 2352 2762 Sepulchreto
2375 2735 2433 2756 ex-

1439 2775 1507 2798 tare
1543 2763 1813 2796 Observationem
1844 2764 2003 2805 quandam
2026 2765 2039 2801 (
2062 2763 2114 2805 q)
2136 2786 2145 2799 ‚
2179 2776 2243 2796 non
2270 2766 2383 2804 valdo,
2409 2765 2433 2800 fi

1439 2807 1539 2850 probe
1562 2807 1796 2846 meminissem,
1820 2806 1997 2840 diffimilem
2023 2806 2088 2848 ejus
2112 2807 2150 2839 de
2185 2820 2250 2850 quo
2283 2809 2434 2850 loquere-

1438 2862 1534 2891 mur,
1558 2849 1666 2887 casus,
1690 2859 1724 2883 ut
1740 2850 1843 2883 sermo
1865 2850 2038 2882 derumore
2060 2852 2182 2884 omenti
2208 2851 2336 2885 habitus
2361 2865 2432 2887 earn

1440 2895 1520 2928 mihi
1545 2894 1582 2925 acl
1609 2895 1792 2926 memoriam
1806 2892 1998 2930 revocasset,
2023 2895 2144 2936 quippe
2166 2906 2239 2928 cum
2263 2907 2431 2930 omentum

1439 2936 1590 2980 grandem
1614 2948 1651 2970 ex
1673 2937 1833 2970 duriffima
1859 2935 2053 2978 pinguedine
2078 2947 2239 2971 tumorem
2262 2941 2295 2971 in
2321 2941 2430 2982 epiga-

1440 2981 1516 3013 strio
1539 2980 1688 3016 haberet,
1713 2979 2022 3022 similicircumjetffta
2047 2982 2179 3013 materia
2197 2982 2328 3022 pylorus
2354 2986 2432 3017 adeo

1440 3023 1715 3063 constringebatur
1740 3046 1749 3060 ‚
1784 3034 1818 3057 ut
1852 3023 1927 3057 hinc
1951 3024 2136 3057 insanabilis
2161 3027 2324 3063 vomitus,
2360 3038 2433 3070 per-

1440 3068 1531 3099 tinax
1565 3069 1626 3100 alvi
1651 3066 1838 3106 adstrictio,
1869 3070 1900 3101 ὃ(
1931 3070 2045 3100 macies
2077 3068 2303 3109 contigissent.

1439 3112 1487 3143 De
1510 3121 1571 3151 qua
1607 3121 1671 3142 non
1695 3108 1753 3143 esse
1775 3121 1854 3150 opus
1889 3111 1989 3144 rnulta
2017 3113 2128 3145 dicere
2162 3114 2193 3143 in
2217 3125 2254 3144 eo
2288 3114 2344 3156 qui
2368 3125 2432 3146 non

1438 3153 1537 3186 modo
1562 3154 1729 3194 alimenta,
1753 3152 1803 3198 sed
1840 3153 1909 3195 plus
1938 3157 2035 3187 etiam
2070 3155 2212 3197 rejiceret
2254 3157 2400 3190 humoris
2423 3182 2433 3197 ‚

1444 3208 1540 3239 quam
1565 3196 1718 3234 sumeret,
1740 3196 1802 3229 sive
1818 3208 1857 3241 ‚ea
1883 3209 1962 3239 aqua
1987 3210 2024 3231 ex
2039 3198 2136 3231 saliva
2158 3198 2230 3231 esset
2255 3212 2327 3241 quae
2349 3200 2432 3233 mul-

1445 3249 1476 3272 ta
1501 3242 1532 3272 in
1558 3241 1772 3286 ventriculum
1807 3240 1885 3281 saepe
1909 3252 2035 3275 inanem
2057 3242 2274 3279 descenderet,
2302 3242 2362 3277 five
2385 3254 2432 3276 et-

1444 3284 1506 3315 iam
1531 3294 1568 3315 ex
1590 3282 1684 3324 hujus
1707 3283 1825 3317 tunicis
1847 3295 1902 3325 per
1924 3285 2052 3318 crebros
2076 3287 2365 3320 vomendiconatus
2380 3298 2432 3319 ex-

1445 3328 1660 3368 primeretur:
1683 3337 1864 3368 quanquam
1899 3328 2025 3369 insuper
2056 3329 2166 3371 chyli‚
2200 3341 2238 3362 ex
2271 3332 2431 3372 perpaucis

1445 3368 1583 3402 confecti
1609 3368 1836 3415 qpuaeintestina
1850 3369 2012 3410 subirent,
2037 3384 2159 3415 partem
2172 3373 2309 3414 aliquam
2331 3376 2433 3406 inter-

1444 3415 1549 3454 cipere
1563 3413 1662 3454 poslet
1677 3422 1785 3447 tumor
1798 3416 1855 3455 qui
1866 3423 1919 3446 aut
1941 3414 2065 3456 adilla,
2091 3426 2145 3449 aut
2158 3416 2198 3453 ad
2211 3416 2433 3450 mesenterium

2313 3470 2389 3492 atti-

464 3611 472 3643 (
487 3612 501 3635 k
519 3611 529 3641 )
544 3611 674 3635 Wharton.
694 3608 810 3636 Adenogr.
827 3614 846 3630 c.
864 3613 897 3630 ιι.
915 3604 968 3629 Vid,
986 3605 1059 3629 etiam
1076 3604 1120 3629 (uis
1138 3605 1195 3629 locis
1211 3603 1330 3633 plerasque
1347 3605 1445 3630 Observ.
1462 3605 1578 3630 indicatas
1593 3605 1616 3628 in
1635 3605 1676 3629 hae
1693 3607 1812 3634 Sepulchr.
1831 3606 1890 3631 sest.
1908 3615 1943 3630 21.
1961 3607 2000 3632 sub
2018 3608 2075 3633 Obs.
2092 3617 2129 3639 33.
2142 3608 2246 3638 itemque
2260 3607 2286 3631 in
2308 3609 2432 3635 Additm.

396 3643 459 3670 Obs.
475 3650 514 3670 73.
531 3644 567 3665 So.
585 3643 621 3670 85.
639 3641 676 3663 88.

456 3673 504 3701 (m
520 3671 534 3698 )
552 3671 608 3695 Vid.
627 3671 707 3693 River.
725 3670 795 3691 Prax.
812 3667 880 3691 Med.
899 3667 915 3690 l.
933 3674 970 3696 13.
987 3673 1006 3689 c.

457 3703 470 3729 (
486 3710 501 3723 n
517 3702 530 3727 )
548 3701 603 3724 Viti⁴
622 3700 694 3728 Epist.
712 3707 749 3727 30.
769 3706 792 3721 n.
813 3705 846 3725 ¹3.
909 3697 923 3725 (
939 3705 952 3720 o
968 3697 981 3725 )
996 3697 1010 3719 l.
1030 3704 1051 3723 3.
1071 3698 1092 3720 S.
1111 3698 1132 3720 8.
1149 3696 1205 3720 Ops,
1225 3703 1261 3724 17.
1279 3697 1300 3719 δι
1318 3695 1360 3725 seq.

455 3733 470 3762 ζ
486 3740 499 3760 q
519 3731 561 3759 )1,
579 3731 618 3753 cit.
636 3733 660 3754 S.
678 3736 715 3752 21.
731 3727 788 3752 Obs.
806 3729 845 3751 80.

736 3639 750 3667 (
765 3639 774 3661 l
790 3638 802 3665 )
820 3636 874 3660 vid.
895 3636 956 3660 SeC’t.
973 3637 1046 3659 modo
1063 3636 1103 3659 cit.
1121 3636 1200 3659 Schol.
1217 3635 1244 3658 ad
1261 3635 1317 3668 ΟΜ.
1337 3645 1364 3664 54
1392 3636 1414 3659 ὃς
1431 3636 1455 3659 in
1473 3638 1553 3660 Addit.
1571 3635 1627 3659 Obs.
1644 3639 1679 3659 xo.
1700 3638 1757 3660 vers.
1776 3638 1788 3660 fi
1802 3647 1814 3660 ι.

1028 3673 1051 3695 5,·
1067 3665 1197 3689 Wharton.
1216 3668 1224 3689 l
1249 3671 1369 3695 c11.c.11,·
1387 3668 1487 3690 Scultet.
1506 3670 1614 3690 Annam.
1634 3667 1702 3690 cnir.
1722 3668 1777 3690 Olus.
1796 3676 1832 3690 02.
1849 3669 1870 3690 ἃ
1888 3673 1939 3690 caet.

1422 3697 1436 3725 (
1449 3703 1466 3726 p
1481 3696 1495 3725 )
1513 3696 1567 3721 Vid.
1586 3697 1755 3721 confirmatum
1773 3698 1842 3726 epist.
1861 3704 1898 3727 30.
1917 3705 1939 3721 n.
1960 3705 1993 3723 η,
