<?xml version="1.0" encoding="UTF-8"?>
<!DOCTYPE html PUBLIC "-//W3C//DTD XHTML 1.0 Transitional//EN"
    "http://www.w3.org/TR/xhtml1/DTD/xhtml1-transitional.dtd">
<html xmlns="http://www.w3.org/1999/xhtml" xml:lang="en" lang="en">
 <head>
  <title>
</title>
<meta http-equiv="Content-Type" content="text/html;charset=utf-8" />
  <meta name='ocr-system' content='tesseract 3.04.00' />
  <meta name='ocr-capabilities' content='ocr_page ocr_carea ocr_par ocr_line ocrx_word'/>
</head>
<body>
  <div class='ocr_page' id='page_1' title='image "./desedibusetcausi00morg_0748.png"; bbox 0 0 2498 4075; ppageno 0'>
   <div class='ocr_carea' id='block_1_1' title="bbox 397 155 492 220">
    <p class='ocr_par' dir='ltr' id='par_1_1' title="bbox 397 155 492 220">
     <span class='ocr_line' id='line_1_1' title="bbox 397 155 492 220; baseline -0.032 0"><span class='ocrx_word' id='word_1_1' title='bbox 397 155 492 220; x_wconf 84' lang='lat'>348</span> 
     </span>
    </p>
   </div>
   <div class='ocr_carea' id='block_1_2' title="bbox 315 226 1341 3576">
    <p class='ocr_par' dir='ltr' id='par_1_2' title="bbox 327 226 1341 614">
     <span class='ocr_line' id='line_1_2' title="bbox 330 226 1337 276; baseline -0.009 -9"><span class='ocrx_word' id='word_1_2' title='bbox 330 232 471 275; x_wconf 79' lang='lat' dir='ltr'>dimidio</span> <span class='ocrx_word' id='word_1_3' title='bbox 493 231 589 275; x_wconf 82' lang='lat' dir='ltr'>hujus</span> <span class='ocrx_word' id='word_1_4' title='bbox 612 232 712 266; x_wconf 86' lang='lat' dir='ltr'>altero</span> <span class='ocrx_word' id='word_1_5' title='bbox 735 230 772 264; x_wconf 91' lang='lat' dir='ltr'>ad</span> <span class='ocrx_word' id='word_1_6' title='bbox 796 237 914 276; x_wconf 62' lang='lat' dir='ltr'>caput3</span> <span class='ocrx_word' id='word_1_7' title='bbox 937 226 1026 270; x_wconf 88' lang='lat' dir='ltr'>quod</span> <span class='ocrx_word' id='word_1_8' title='bbox 1049 227 1216 263; x_wconf 89' lang='lat' dir='ltr'>acetabulo</span> <span class='ocrx_word' id='word_1_9' title='bbox 1239 228 1337 263; x_wconf 70' lang='lat' dir='ltr'>inhae.</span> 
     </span>
     <span class='ocr_line' id='line_1_3' title="bbox 332 271 1337 315; baseline -0.008 -4"><span class='ocrx_word' id='word_1_10' title='bbox 332 278 424 311; x_wconf 84' lang='lat' dir='ltr'>rebat</span> <span class='ocrx_word' id='word_1_11' title='bbox 449 278 609 315; x_wconf 87' lang='lat' dir='ltr'>firmiter,</span> <span class='ocrx_word' id='word_1_12' title='bbox 632 274 735 308; x_wconf 83' lang='lat' dir='ltr'>altero</span> <span class='ocrx_word' id='word_1_13' title='bbox 759 273 797 307; x_wconf 87' lang='lat' dir='ltr'>ad</span> <span class='ocrx_word' id='word_1_14' title='bbox 830 284 866 307; x_wconf 87' lang='lat' dir='ltr'>os</span> <span class='ocrx_word' id='word_1_15' title='bbox 896 272 1029 307; x_wconf 66' lang='lat' dir='ltr'>semoris</span> <span class='ocrx_word' id='word_1_16' title='bbox 1054 281 1152 313; x_wconf 85' lang='lat' dir='ltr'>prope</span> <span class='ocrx_word' id='word_1_17' title='bbox 1183 271 1337 305; x_wconf 87' lang='lat' dir='ltr'>trochan-</span> 
     </span>
     <span class='ocr_line' id='line_1_4' title="bbox 329 313 1338 363; baseline -0.007 -9"><span class='ocrx_word' id='word_1_18' title='bbox 329 325 452 361; x_wconf 85' lang='lat' dir='ltr'>terem,</span> <span class='ocrx_word' id='word_1_19' title='bbox 481 321 538 363; x_wconf 86' lang='lat' dir='ltr'>qui</span> <span class='ocrx_word' id='word_1_20' title='bbox 563 321 596 352; x_wconf 84' lang='lat' dir='ltr'>in</span> <span class='ocrx_word' id='word_1_21' title='bbox 621 319 698 350; x_wconf 90' lang='lat' dir='ltr'>vivo</span> <span class='ocrx_word' id='word_1_22' title='bbox 721 316 855 351; x_wconf 85' lang='lat' dir='ltr'>homine</span> <span class='ocrx_word' id='word_1_23' title='bbox 876 315 989 351; x_wconf 87' lang='lat' dir='ltr'>fucum</span> <span class='ocrx_word' id='word_1_24' title='bbox 1010 313 1151 354; x_wconf 80' lang='lat' dir='ltr'>fecerat,</span> <span class='ocrx_word' id='word_1_25' title='bbox 1175 314 1338 349; x_wconf 84' lang='lat' dir='ltr'>adhaeren-</span> 
     </span>
     <span class='ocr_line' id='line_1_5' title="bbox 328 356 1338 401; baseline -0.006 -4"><span class='ocrx_word' id='word_1_26' title='bbox 328 374 380 399; x_wconf 85' lang='lat' dir='ltr'>te,</span> <span class='ocrx_word' id='word_1_27' title='bbox 514 364 567 396; x_wconf 82' lang='lat' dir='ltr'>Ex</span> <span class='ocrx_word' id='word_1_28' title='bbox 588 360 701 396; x_wconf 86' lang='lat' dir='ltr'>eodem</span> <span class='ocrx_word' id='word_1_29' title='bbox 725 370 833 394; x_wconf 90' lang='lat' dir='ltr'>autem</span> <span class='ocrx_word' id='word_1_30' title='bbox 853 369 1013 401; x_wconf 83' lang='lat' dir='ltr'>corpore,</span> <span class='ocrx_word' id='word_1_31' title='bbox 1047 356 1137 400; x_wconf 81' lang='lat' dir='ltr'>quod</span> <span class='ocrx_word' id='word_1_32' title='bbox 1168 358 1338 392; x_wconf 64' lang='lat' dir='ltr'>istericum</span> 
     </span>
     <span class='ocr_line' id='line_1_6' title="bbox 328 401 1341 449; baseline -0.009 -6"><span class='ocrx_word' id='word_1_33' title='bbox 328 417 532 449; x_wconf 74' lang='lat' dir='ltr'>nequaquam</span> <span class='ocrx_word' id='word_1_34' title='bbox 554 402 680 443; x_wconf 78' lang='lat' dir='ltr'>fuerat,</span> <span class='ocrx_word' id='word_1_35' title='bbox 705 413 789 446; x_wconf 87' lang='lat' dir='ltr'>quot</span> <span class='ocrx_word' id='word_1_36' title='bbox 811 402 985 445; x_wconf 70' lang='lat' dir='ltr'>qualesque</span> <span class='ocrx_word' id='word_1_37' title='bbox 1007 402 1175 440; x_wconf 81' lang='lat' dir='ltr'>calculos,</span> <span class='ocrx_word' id='word_1_38' title='bbox 1197 403 1232 435; x_wconf 89' lang='lat' dir='ltr'>in</span> <span class='ocrx_word' id='word_1_39' title='bbox 1255 401 1341 437; x_wconf 77' lang='lat' dir='ltr'>fellis</span> 
     </span>
     <span class='ocr_line' id='line_1_7' title="bbox 331 446 1339 487; baseline -0.008 -3"><span class='ocrx_word' id='word_1_40' title='bbox 331 451 470 487; x_wconf 79' lang='lat' dir='ltr'>vesicula</span> <span class='ocrx_word' id='word_1_41' title='bbox 496 450 667 485; x_wconf 88' lang='lat' dir='ltr'>inventos,</span> <span class='ocrx_word' id='word_1_42' title='bbox 692 447 729 480; x_wconf 90' lang='lat' dir='ltr'>ad</span> <span class='ocrx_word' id='word_1_43' title='bbox 752 457 804 481; x_wconf 87' lang='lat' dir='ltr'>me</span> <span class='ocrx_word' id='word_1_44' title='bbox 827 446 995 481; x_wconf 83' lang='lat' dir='ltr'>attulerint</span> <span class='ocrx_word' id='word_1_45' title='bbox 1012 468 1022 482; x_wconf 90' lang='lat'>,</span> <span class='ocrx_word' id='word_1_46' title='bbox 1045 447 1075 476; x_wconf 87' lang='lat'><strong>&amp;</strong></span> <span class='ocrx_word' id='word_1_47' title='bbox 1099 455 1171 486; x_wconf 81' lang='lat' dir='ltr'>quae</span> <span class='ocrx_word' id='word_1_48' title='bbox 1194 457 1254 487; x_wconf 85' lang='lat' dir='ltr'>ego</span> <span class='ocrx_word' id='word_1_49' title='bbox 1299 447 1339 478; x_wconf 77' lang='lat' dir='ltr'>cie</span> 
     </span>
     <span class='ocr_line' id='line_1_8' title="bbox 327 487 1338 533; baseline -0.006 -6"><span class='ocrx_word' id='word_1_50' title='bbox 327 496 370 529; x_wconf 80' lang='lat' dir='ltr'>iis</span> <span class='ocrx_word' id='word_1_51' title='bbox 393 493 613 533; x_wconf 81' lang='lat' dir='ltr'>experimenta</span> <span class='ocrx_word' id='word_1_52' title='bbox 635 491 775 531; x_wconf 78' lang='lat' dir='ltr'>ceperim</span> <span class='ocrx_word' id='word_1_53' title='bbox 791 514 799 528; x_wconf 88' lang='lat'>,</span> <span class='ocrx_word' id='word_1_54' title='bbox 823 501 898 525; x_wconf 93' lang='lat' dir='ltr'>cum</span> <span class='ocrx_word' id='word_1_55' title='bbox 923 489 961 523; x_wconf 88' lang='lat' dir='ltr'>acl</span> <span class='ocrx_word' id='word_1_56' title='bbox 993 487 1226 524; x_wconf 87' lang='lat' dir='ltr'>Schroeckium</span> <span class='ocrx_word' id='word_1_57' title='bbox 1261 488 1338 523; x_wconf 87' lang='lat' dir='ltr'>scri-</span> 
     </span>
     <span class='ocr_line' id='line_1_9' title="bbox 328 530 1337 613; baseline -0.003 -44"><span class='ocrx_word' id='word_1_58' title='bbox 328 537 447 613; x_wconf 53' lang='lat' dir='ltr'>pserinii</span> <span class='ocrx_word' id='word_1_59' title='bbox 462 557 471 572; x_wconf 87' lang='lat'>,</span> <span class='ocrx_word' id='word_1_60' title='bbox 493 537 525 569; x_wconf 89' lang='lat'>&amp;</span> <span class='ocrx_word' id='word_1_61' title='bbox 548 533 616 577; x_wconf 87' lang='lat' dir='ltr'>ipse</span> <span class='ocrx_word' id='word_1_62' title='bbox 635 533 771 568; x_wconf 84' lang='lat' dir='ltr'>ediderit</span> <span class='ocrx_word' id='word_1_63' title='bbox 794 535 808 576; x_wconf 85' lang='lat'>(</span> <span class='ocrx_word' id='word_1_64' title='bbox 830 544 846 566; x_wconf 90' lang='lat' dir='ltr'>o</span> <span class='ocrx_word' id='word_1_65' title='bbox 869 536 903 573; x_wconf 88' lang='lat'>)‚</span> <span class='ocrx_word' id='word_1_66' title='bbox 929 543 996 567; x_wconf 87' lang='lat' dir='ltr'>non</span> <span class='ocrx_word' id='word_1_67' title='bbox 1018 531 1063 566; x_wconf 89' lang='lat' dir='ltr'>est</span> <span class='ocrx_word' id='word_1_68' title='bbox 1083 530 1148 567; x_wconf 87' lang='lat' dir='ltr'>hoc</span> <span class='ocrx_word' id='word_1_69' title='bbox 1181 531 1254 565; x_wconf 89' lang='lat' dir='ltr'>loco</span> <span class='ocrx_word' id='word_1_70' title='bbox 1288 544 1337 566; x_wconf 87' lang='lat' dir='ltr'>re-</span> 
     </span>
     <span class='ocr_line' id='line_1_10' title="bbox 350 589 521 614; baseline -0.035 0"><span class='ocrx_word' id='word_1_71' title='bbox 350 590 419 614; x_wconf 87' lang='lat' dir='ltr'>eten</span> <span class='ocrx_word' id='word_1_72' title='bbox 446 589 498 613; x_wconf 88' lang='lat' dir='ltr'>um</span> <span class='ocrx_word' id='word_1_73' title='bbox 514 602 521 608; x_wconf 96' lang='lat'>.</span> 
     </span>
    </p>

    <p class='ocr_par' dir='ltr' id='par_1_3' title="bbox 319 592 1337 1401">
     <span class='ocr_line' id='line_1_11' title="bbox 327 592 1336 662; baseline -0.005 -6"><span class='ocrx_word' id='word_1_74' title='bbox 327 592 349 625; x_wconf 70' lang='lat' dir='ltr'>p</span> <span class='ocrx_word' id='word_1_75' title='bbox 373 633 424 656; x_wconf 84' lang='grc' dir='ltr'>ιο.</span> <span class='ocrx_word' id='word_1_76' title='bbox 450 621 653 659; x_wconf 72' lang='lat' dir='ltr'>FOEMINA</span> <span class='ocrx_word' id='word_1_77' title='bbox 678 631 778 655; x_wconf 85' lang='lat' dir='ltr'>annos</span> <span class='ocrx_word' id='word_1_78' title='bbox 801 630 875 656; x_wconf 82' lang='lat' dir='ltr'>nata</span> <span class='ocrx_word' id='word_1_79' title='bbox 909 620 1040 654; x_wconf 85' lang='lat' dir='ltr'>circiter</span> <span class='ocrx_word' id='word_1_80' title='bbox 1084 617 1300 662; x_wconf 83' lang='lat' dir='ltr'>quadraginta</span> <span class='ocrx_word' id='word_1_81' title='bbox 1327 643 1336 658; x_wconf 86' lang='lat'>,</span> 
     </span>
     <span class='ocr_line' id='line_1_12' title="bbox 325 663 1336 709; baseline -0.004 -10"><span class='ocrx_word' id='word_1_82' title='bbox 325 666 481 709; x_wconf 77' lang='lat' dir='ltr'>pinguis,</span> <span class='ocrx_word' id='word_1_83' title='bbox 507 676 523 697; x_wconf 87' lang='lat' dir='ltr'>a</span> <span class='ocrx_word' id='word_1_84' title='bbox 547 664 678 699; x_wconf 70' lang='lat' dir='ltr'>sinistris</span> <span class='ocrx_word' id='word_1_85' title='bbox 700 663 812 699; x_wconf 88' lang='lat' dir='ltr'>clauda</span> <span class='ocrx_word' id='word_1_86' title='bbox 827 687 835 701; x_wconf 95' lang='lat'><em>,</em></span> <span class='ocrx_word' id='word_1_87' title='bbox 862 663 958 696; x_wconf 87' lang='lat' dir='ltr'>dorso</span> <span class='ocrx_word' id='word_1_88' title='bbox 982 673 1082 704; x_wconf 82' lang='lat' dir='ltr'>nuper</span> <span class='ocrx_word' id='word_1_89' title='bbox 1107 663 1146 697; x_wconf 87' lang='lat' dir='ltr'>ad</span> <span class='ocrx_word' id='word_1_90' title='bbox 1169 663 1247 695; x_wconf 86' lang='lat' dir='ltr'>imas</span> <span class='ocrx_word' id='word_1_91' title='bbox 1279 675 1336 696; x_wconf 86' lang='lat' dir='ltr'>co-</span> 
     </span>
     <span class='ocr_line' id='line_1_13' title="bbox 324 706 1335 748; baseline -0.007 -4"><span class='ocrx_word' id='word_1_92' title='bbox 324 710 383 744; x_wconf 80' lang='lat' dir='ltr'>stas</span> <span class='ocrx_word' id='word_1_93' title='bbox 407 707 608 745; x_wconf 84' lang='lat' dir='ltr'>vehementer</span> <span class='ocrx_word' id='word_1_94' title='bbox 631 706 769 742; x_wconf 79' lang='lat' dir='ltr'>contuso</span> <span class='ocrx_word' id='word_1_95' title='bbox 792 707 876 741; x_wconf 87' lang='lat' dir='ltr'>febri</span> <span class='ocrx_word' id='word_1_96' title='bbox 901 717 1071 748; x_wconf 85' lang='lat' dir='ltr'>correpta,</span> <span class='ocrx_word' id='word_1_97' title='bbox 1096 708 1128 740; x_wconf 62' lang='grc' dir='ltr'>δι’</span> <span class='ocrx_word' id='word_1_98' title='bbox 1150 707 1237 739; x_wconf 86' lang='lat' dir='ltr'>intra</span> <span class='ocrx_word' id='word_1_99' title='bbox 1270 706 1335 739; x_wconf 86' lang='lat' dir='ltr'>dies</span> 
     </span>
     <span class='ocr_line' id='line_1_14' title="bbox 323 750 1333 796; baseline -0.002 -12"><span class='ocrx_word' id='word_1_100' title='bbox 323 753 512 796; x_wconf 77' lang='lat' dir='ltr'>quindecim</span> <span class='ocrx_word' id='word_1_101' title='bbox 537 750 705 793; x_wconf 87' lang='lat' dir='ltr'>absumpta</span> <span class='ocrx_word' id='word_1_102' title='bbox 740 750 847 785; x_wconf 85' lang='lat' dir='ltr'>fuerat</span> <span class='ocrx_word' id='word_1_103' title='bbox 892 752 936 784; x_wconf 85' lang='lat' dir='ltr'>A.</span> <span class='ocrx_word' id='word_1_104' title='bbox 966 759 1057 792; x_wconf 86' lang='lat'>1742.</span> <span class='ocrx_word' id='word_1_105' title='bbox 1083 761 1150 792; x_wconf 90' lang='lat' dir='ltr'>quo</span> <span class='ocrx_word' id='word_1_106' title='bbox 1187 758 1333 790; x_wconf 84' lang='lat' dir='ltr'>tempore</span> 
     </span>
     <span class='ocr_line' id='line_1_15' title="bbox 324 792 1334 837; baseline -0.005 -7"><span class='ocrx_word' id='word_1_107' title='bbox 324 807 399 831; x_wconf 88' lang='lat' dir='ltr'>cum</span> <span class='ocrx_word' id='word_1_108' title='bbox 424 798 609 829; x_wconf 86' lang='lat' dir='ltr'>Anatomen</span> <span class='ocrx_word' id='word_1_109' title='bbox 633 796 668 829; x_wconf 88' lang='lat' dir='ltr'>in</span> <span class='ocrx_word' id='word_1_110' title='bbox 694 792 876 837; x_wconf 81' lang='lat' dir='ltr'>Gymnafio</span> <span class='ocrx_word' id='word_1_111' title='bbox 899 793 1069 833; x_wconf 84' lang='lat' dir='ltr'>docerem,</span> <span class='ocrx_word' id='word_1_112' title='bbox 1102 804 1141 826; x_wconf 88' lang='lat' dir='ltr'>ex</span> <span class='ocrx_word' id='word_1_113' title='bbox 1184 792 1334 827; x_wconf 87' lang='lat' dir='ltr'>Nosoco-</span> 
     </span>
     <span class='ocr_line' id='line_1_16' title="bbox 326 834 1332 881; baseline -0.005 -8"><span class='ocrx_word' id='word_1_114' title='bbox 326 841 394 874; x_wconf 83' lang='lat' dir='ltr'>mio</span> <span class='ocrx_word' id='word_1_115' title='bbox 416 839 551 873; x_wconf 85' lang='lat' dir='ltr'>cadaver</span> <span class='ocrx_word' id='word_1_116' title='bbox 576 838 653 875; x_wconf 83' lang='lat' dir='ltr'>illuc</span> <span class='ocrx_word' id='word_1_117' title='bbox 691 840 882 881; x_wconf 74' lang='lat' dir='ltr'>translatum</span> <span class='ocrx_word' id='word_1_118' title='bbox 905 836 982 871; x_wconf 84' lang='lat' dir='ltr'>est.·</span> <span class='ocrx_word' id='word_1_119' title='bbox 997 836 1068 870; x_wconf 89' lang='lat' dir='ltr'>Ubi</span> <span class='ocrx_word' id='word_1_120' title='bbox 1092 834 1182 879; x_wconf 86' lang='lat' dir='ltr'>quod</span> <span class='ocrx_word' id='word_1_121' title='bbox 1206 835 1243 869; x_wconf 92' lang='lat' dir='ltr'>ad</span> <span class='ocrx_word' id='word_1_122' title='bbox 1278 847 1332 868; x_wconf 82' lang='lat' dir='ltr'>ex-</span> 
     </span>
     <span class='ocr_line' id='line_1_17' title="bbox 325 879 1332 921; baseline -0.003 -6"><span class='ocrx_word' id='word_1_123' title='bbox 325 884 476 918; x_wconf 83' lang='lat' dir='ltr'>teriorem</span> <span class='ocrx_word' id='word_1_124' title='bbox 500 882 591 914; x_wconf 90' lang='lat' dir='ltr'>illam</span> <span class='ocrx_word' id='word_1_125' title='bbox 614 879 841 915; x_wconf 82' lang='lat' dir='ltr'>contusionem</span> <span class='ocrx_word' id='word_1_126' title='bbox 866 880 1050 919; x_wconf 80' lang='lat' dir='ltr'>attinebat,</span> <span class='ocrx_word' id='word_1_127' title='bbox 1074 879 1158 915; x_wconf 78' lang='lat' dir='ltr'>nihil</span> <span class='ocrx_word' id='word_1_128' title='bbox 1192 879 1332 921; x_wconf 82' lang='lat' dir='ltr'>peculia-</span> 
     </span>
     <span class='ocr_line' id='line_1_18' title="bbox 323 923 1333 966; baseline -0.004 -5"><span class='ocrx_word' id='word_1_129' title='bbox 323 937 358 961; x_wconf 89' lang='lat' dir='ltr'>re</span> <span class='ocrx_word' id='word_1_130' title='bbox 382 926 557 961; x_wconf 77' lang='lat' dir='ltr'>adnotavi.</span> <span class='ocrx_word' id='word_1_131' title='bbox 582 925 748 959; x_wconf 86' lang='lat' dir='ltr'>Adnotavi</span> <span class='ocrx_word' id='word_1_132' title='bbox 774 934 881 959; x_wconf 85' lang='lat' dir='ltr'>autem</span> <span class='ocrx_word' id='word_1_133' title='bbox 906 924 991 963; x_wconf 82' lang='lat' dir='ltr'>alia,</span> <span class='ocrx_word' id='word_1_134' title='bbox 1015 924 1047 956; x_wconf 89' lang='lat' dir='ltr'>in</span> <span class='ocrx_word' id='word_1_135' title='bbox 1072 925 1188 966; x_wconf 87' lang='lat' dir='ltr'>primis</span> <span class='ocrx_word' id='word_1_136' title='bbox 1210 934 1281 965; x_wconf 82' lang='lat' dir='ltr'>quae</span> <span class='ocrx_word' id='word_1_137' title='bbox 1295 923 1333 957; x_wconf 86' lang='lat' dir='ltr'>ad</span> 
     </span>
     <span class='ocr_line' id='line_1_19' title="bbox 322 964 1335 1014; baseline -0.004 -11"><span class='ocrx_word' id='word_1_138' title='bbox 322 969 571 1006; x_wconf 78' lang='lat' dir='ltr'>claudicationis</span> <span class='ocrx_word' id='word_1_139' title='bbox 593 968 719 1003; x_wconf 86' lang='lat' dir='ltr'>causam</span> <span class='ocrx_word' id='word_1_140' title='bbox 744 967 927 1014; x_wconf 69' lang='lat' dir='ltr'>speetabam</span> <span class='ocrx_word' id='word_1_141' title='bbox 942 991 949 999; x_wconf 91' lang='lat'><em>.</em></span> <span class='ocrx_word' id='word_1_142' title='bbox 968 969 1082 1010; x_wconf 83' lang='lat' dir='ltr'>anue</span> <span class='ocrx_word' id='word_1_143' title='bbox 1095 964 1166 1010; x_wconf 88' lang='lat' dir='ltr'>post</span> <span class='ocrx_word' id='word_1_144' title='bbox 1178 966 1335 1000; x_wconf 87' lang='lat' dir='ltr'>nonnulla</span> 
     </span>
     <span class='ocr_line' id='line_1_20' title="bbox 320 1010 1337 1052; baseline -0.004 -4"><span class='ocrx_word' id='word_1_145' title='bbox 320 1014 356 1048; x_wconf 84' lang='lat' dir='ltr'>in</span> <span class='ocrx_word' id='word_1_146' title='bbox 381 1013 555 1052; x_wconf 82' lang='lat' dir='ltr'>Thorace,</span> <span class='ocrx_word' id='word_1_147' title='bbox 579 1015 610 1046; x_wconf 74' lang='grc' dir='ltr'>ὄι</span> <span class='ocrx_word' id='word_1_148' title='bbox 633 1013 757 1045; x_wconf 87' lang='lat' dir='ltr'>Ventre</span> <span class='ocrx_word' id='word_1_149' title='bbox 781 1011 1019 1050; x_wconf 84' lang='lat' dir='ltr'>animadversa,</span> <span class='ocrx_word' id='word_1_150' title='bbox 1043 1010 1097 1046; x_wconf 91' lang='lat' dir='ltr'>hic</span> <span class='ocrx_word' id='word_1_151' title='bbox 1121 1010 1207 1048; x_wconf 91' lang='lat' dir='ltr'>tibi,</span> <span class='ocrx_word' id='word_1_152' title='bbox 1222 1021 1337 1051; x_wconf 84' lang='lat' dir='ltr'>quem-</span> 
     </span>
     <span class='ocr_line' id='line_1_21' title="bbox 323 1054 1337 1100; baseline -0.005 -10"><span class='ocrx_word' id='word_1_153' title='bbox 323 1056 497 1091; x_wconf 82' lang='lat' dir='ltr'>admodum</span> <span class='ocrx_word' id='word_1_154' title='bbox 521 1055 673 1098; x_wconf 83' lang='lat' dir='ltr'>plurimis</span> <span class='ocrx_word' id='word_1_155' title='bbox 706 1056 763 1100; x_wconf 86' lang='lat' dir='ltr'>qui</span> <span class='ocrx_word' id='word_1_156' title='bbox 809 1064 881 1091; x_wconf 89' lang='lat' dir='ltr'>tum</span> <span class='ocrx_word' id='word_1_157' title='bbox 918 1054 1048 1088; x_wconf 89' lang='lat' dir='ltr'>aderant</span> <span class='ocrx_word' id='word_1_158' title='bbox 1072 1075 1082 1091; x_wconf 87' lang='lat'><strong>,</strong></span> <span class='ocrx_word' id='word_1_159' title='bbox 1128 1054 1303 1088; x_wconf 75' lang='lat' dir='ltr'>monstravi</span> <span class='ocrx_word' id='word_1_160' title='bbox 1326 1078 1337 1094; x_wconf 90' lang='lat'><strong>,</strong></span> 
     </span>
     <span class='ocr_line' id='line_1_22' title="bbox 322 1097 1336 1142; baseline -0.005 -8"><span class='ocrx_word' id='word_1_161' title='bbox 322 1100 495 1142; x_wconf 78' lang='lat' dir='ltr'>diligenter</span> <span class='ocrx_word' id='word_1_162' title='bbox 518 1099 720 1134; x_wconf 84' lang='lat' dir='ltr'>describam.</span> <span class='ocrx_word' id='word_1_163' title='bbox 855 1097 1034 1135; x_wconf 79' lang='lat' dir='ltr'>CORDIS</span> <span class='ocrx_word' id='word_1_164' title='bbox 1059 1098 1207 1134; x_wconf 84' lang='lat' dir='ltr'>auricula</span> <span class='ocrx_word' id='word_1_165' title='bbox 1254 1097 1336 1131; x_wconf 81' lang='lat' dir='ltr'>dex.</span> 
     </span>
     <span class='ocr_line' id='line_1_23' title="bbox 321 1139 1335 1183; baseline -0.006 -4"><span class='ocrx_word' id='word_1_166' title='bbox 321 1152 414 1183; x_wconf 82' lang='lat' dir='ltr'>tera,</span> <span class='ocrx_word' id='word_1_167' title='bbox 439 1146 470 1179; x_wconf 84' lang='lat'>&amp;</span> <span class='ocrx_word' id='word_1_168' title='bbox 492 1144 579 1178; x_wconf 84' lang='lat' dir='ltr'>Cava</span> <span class='ocrx_word' id='word_1_169' title='bbox 606 1140 749 1177; x_wconf 87' lang='lat' dir='ltr'>Inferior</span> <span class='ocrx_word' id='word_1_170' title='bbox 772 1154 851 1178; x_wconf 85' lang='lat' dir='ltr'>vena</span> <span class='ocrx_word' id='word_1_171' title='bbox 876 1143 1100 1177; x_wconf 84' lang='lat' dir='ltr'>concretiones</span> <span class='ocrx_word' id='word_1_172' title='bbox 1116 1165 1126 1182; x_wconf 89' lang='lat'><strong>,</strong></span> <span class='ocrx_word' id='word_1_173' title='bbox 1159 1151 1223 1174; x_wconf 86' lang='lat' dir='ltr'>non</span> <span class='ocrx_word' id='word_1_174' title='bbox 1270 1139 1335 1173; x_wconf 74' lang='lat' dir='ltr'>sine</span> 
     </span>
     <span class='ocr_line' id='line_1_24' title="bbox 321 1185 1334 1230; baseline -0.006 -9"><span class='ocrx_word' id='word_1_175' title='bbox 321 1188 425 1223; x_wconf 84' lang='lat' dir='ltr'>multa</span> <span class='ocrx_word' id='word_1_176' title='bbox 448 1187 519 1221; x_wconf 69' lang='lat' dir='ltr'>alba</span> <span class='ocrx_word' id='word_1_177' title='bbox 534 1185 703 1223; x_wconf 85' lang='lat' dir='ltr'>substantia</span> <span class='ocrx_word' id='word_1_178' title='bbox 720 1209 733 1227; x_wconf 87' lang='lat'><em>,</em></span> <span class='ocrx_word' id='word_1_179' title='bbox 756 1185 932 1230; x_wconf 86' lang='lat' dir='ltr'>polyposas</span> <span class='ocrx_word' id='word_1_180' title='bbox 943 1185 1103 1221; x_wconf 84' lang='lat' dir='ltr'>habuere:</span> <span class='ocrx_word' id='word_1_181' title='bbox 1125 1185 1235 1227; x_wconf 85' lang='lat' dir='ltr'>quales</span> <span class='ocrx_word' id='word_1_182' title='bbox 1247 1193 1334 1216; x_wconf 85' lang='lat' dir='ltr'>uter-</span> 
     </span>
     <span class='ocr_line' id='line_1_25' title="bbox 319 1226 1330 1273; baseline -0.006 -7"><span class='ocrx_word' id='word_1_183' title='bbox 319 1242 383 1273; x_wconf 80' lang='lat' dir='ltr'>que</span> <span class='ocrx_word' id='word_1_184' title='bbox 406 1231 504 1265; x_wconf 87' lang='lat' dir='ltr'>etiam</span> <span class='ocrx_word' id='word_1_185' title='bbox 529 1229 753 1269; x_wconf 80' lang='lat' dir='ltr'>ventriculus,</span> <span class='ocrx_word' id='word_1_186' title='bbox 778 1228 830 1266; x_wconf 87' lang='lat' dir='ltr'>sed</span> <span class='ocrx_word' id='word_1_187' title='bbox 855 1229 962 1264; x_wconf 89' lang='lat' dir='ltr'>multo</span> <span class='ocrx_word' id='word_1_188' title='bbox 984 1227 1164 1263; x_wconf 80' lang='lat' dir='ltr'>crassiorem</span> <span class='ocrx_word' id='word_1_189' title='bbox 1186 1226 1330 1260; x_wconf 75' lang='lat' dir='ltr'>sinister.</span> 
     </span>
     <span class='ocr_line' id='line_1_26' title="bbox 319 1270 1329 1314; baseline -0.003 -6"><span class='ocrx_word' id='word_1_190' title='bbox 319 1276 373 1309; x_wconf 85' lang='lat' dir='ltr'>Ex</span> <span class='ocrx_word' id='word_1_191' title='bbox 395 1276 506 1308; x_wconf 81' lang='lat' dir='ltr'>Aortae</span> <span class='ocrx_word' id='word_1_192' title='bbox 532 1284 607 1307; x_wconf 84' lang='lat' dir='ltr'>arcu</span> <span class='ocrx_word' id='word_1_193' title='bbox 632 1284 696 1306; x_wconf 88' lang='lat' dir='ltr'>non</span> <span class='ocrx_word' id='word_1_194' title='bbox 722 1282 808 1311; x_wconf 86' lang='lat' dir='ltr'>tres,</span> <span class='ocrx_word' id='word_1_195' title='bbox 835 1272 888 1308; x_wconf 88' lang='lat' dir='ltr'>sed</span> <span class='ocrx_word' id='word_1_196' title='bbox 933 1281 1075 1314; x_wconf 80' lang='lat' dir='ltr'>quatuor</span> <span class='ocrx_word' id='word_1_197' title='bbox 1116 1270 1329 1305; x_wconf 86' lang='lat' dir='ltr'>nascebantur</span> 
     </span>
     <span class='ocr_line' id='line_1_27' title="bbox 319 1314 1329 1359; baseline -0.006 -7"><span class='ocrx_word' id='word_1_198' title='bbox 319 1318 465 1354; x_wconf 77' lang='lat' dir='ltr'>arteriae3</span> <span class='ocrx_word' id='word_1_199' title='bbox 489 1316 689 1351; x_wconf 85' lang='lat' dir='ltr'>Vertebralis</span> <span class='ocrx_word' id='word_1_200' title='bbox 712 1317 800 1359; x_wconf 87' lang='lat' dir='ltr'>enim</span> <span class='ocrx_word' id='word_1_201' title='bbox 824 1314 947 1350; x_wconf 82' lang='lat' dir='ltr'>sinistra</span> <span class='ocrx_word' id='word_1_202' title='bbox 973 1326 1038 1348; x_wconf 90' lang='lat' dir='ltr'>non</span> <span class='ocrx_word' id='word_1_203' title='bbox 1062 1325 1100 1349; x_wconf 87' lang='lat' dir='ltr'>ex</span> <span class='ocrx_word' id='word_1_204' title='bbox 1135 1314 1329 1353; x_wconf 86' lang='lat' dir='ltr'>Subclavia‚</span> 
     </span>
     <span class='ocr_line' id='line_1_28' title="bbox 319 1357 1333 1401; baseline -0.005 -7"><span class='ocrx_word' id='word_1_205' title='bbox 319 1360 372 1396; x_wconf 82' lang='lat' dir='ltr'>sed</span> <span class='ocrx_word' id='word_1_206' title='bbox 395 1361 481 1395; x_wconf 89' lang='lat' dir='ltr'>inter</span> <span class='ocrx_word' id='word_1_207' title='bbox 505 1359 606 1401; x_wconf 80' lang='lat' dir='ltr'>ipsam</span> <span class='ocrx_word' id='word_1_208' title='bbox 620 1384 630 1399; x_wconf 93' lang='lat'>,</span> <span class='ocrx_word' id='word_1_209' title='bbox 653 1362 683 1394; x_wconf 86' lang='lat'>&amp;</span> <span class='ocrx_word' id='word_1_210' title='bbox 704 1359 899 1394; x_wconf 84' lang='lat' dir='ltr'>Carotidem</span> <span class='ocrx_word' id='word_1_211' title='bbox 922 1357 989 1400; x_wconf 84' lang='lat' dir='ltr'>ejus</span> <span class='ocrx_word' id='word_1_212' title='bbox 1013 1357 1120 1393; x_wconf 86' lang='lat' dir='ltr'>lateris</span> <span class='ocrx_word' id='word_1_213' title='bbox 1142 1358 1333 1394; x_wconf 70' lang='lat' dir='ltr'>oriebatur,</span> 
     </span>
    </p>

    <p class='ocr_par' dir='ltr' id='par_1_4' title="bbox 315 1400 1334 3576">
     <span class='ocr_line' id='line_1_29' title="bbox 448 1400 1331 1444; baseline -0.005 -7"><span class='ocrx_word' id='word_1_214' title='bbox 448 1403 487 1438; x_wconf 90' lang='lat' dir='ltr'>In</span> <span class='ocrx_word' id='word_1_215' title='bbox 510 1403 634 1439; x_wconf 85' lang='lat' dir='ltr'>Ventre</span> <span class='ocrx_word' id='word_1_216' title='bbox 657 1402 814 1444; x_wconf 80' lang='lat' dir='ltr'>genitalia</span> <span class='ocrx_word' id='word_1_217' title='bbox 833 1424 842 1440; x_wconf 88' lang='lat'><em>,</em></span> <span class='ocrx_word' id='word_1_218' title='bbox 867 1404 897 1434; x_wconf 90' lang='lat'>&amp;</span> <span class='ocrx_word' id='word_1_219' title='bbox 922 1412 1033 1438; x_wconf 85' lang='lat' dir='ltr'>renes,</span> <span class='ocrx_word' id='word_1_220' title='bbox 1057 1403 1087 1434; x_wconf 91' lang='lat'>&amp;</span> <span class='ocrx_word' id='word_1_221' title='bbox 1107 1400 1181 1437; x_wconf 85' lang='lat' dir='ltr'>vasa</span> <span class='ocrx_word' id='word_1_222' title='bbox 1203 1401 1331 1443; x_wconf 79' lang='lat' dir='ltr'>sangui-</span> 
     </span>
     <span class='ocr_line' id='line_1_30' title="bbox 318 1444 1331 1488; baseline -0.005 -6"><span class='ocrx_word' id='word_1_223' title='bbox 318 1447 384 1482; x_wconf 86' lang='lat' dir='ltr'>fera</span> <span class='ocrx_word' id='word_1_224' title='bbox 407 1445 476 1483; x_wconf 82' lang='lat' dir='ltr'>haec</span> <span class='ocrx_word' id='word_1_225' title='bbox 497 1456 569 1488; x_wconf 80' lang='lat' dir='ltr'>quae</span> <span class='ocrx_word' id='word_1_226' title='bbox 592 1446 803 1486; x_wconf 83' lang='lat' dir='ltr'>adnotarem,</span> <span class='ocrx_word' id='word_1_227' title='bbox 826 1445 993 1482; x_wconf 83' lang='lat' dir='ltr'>obtulere·</span> <span class='ocrx_word' id='word_1_228' title='bbox 1010 1445 1115 1480; x_wconf 86' lang='lat' dir='ltr'>Testis</span> <span class='ocrx_word' id='word_1_229' title='bbox 1128 1444 1257 1479; x_wconf 88' lang='lat' dir='ltr'>alterius</span> <span class='ocrx_word' id='word_1_230' title='bbox 1282 1444 1331 1477; x_wconf 89' lang='lat' dir='ltr'>su-</span> 
     </span>
     <span class='ocr_line' id='line_1_31' title="bbox 318 1488 1330 1533; baseline -0.003 -9"><span class='ocrx_word' id='word_1_231' title='bbox 318 1489 465 1533; x_wconf 75' lang='lat' dir='ltr'>perficies,</span> <span class='ocrx_word' id='word_1_232' title='bbox 488 1491 627 1527; x_wconf 75' lang='lat' dir='ltr'>maxime</span> <span class='ocrx_word' id='word_1_233' title='bbox 649 1498 716 1526; x_wconf 86' lang='lat' dir='ltr'>erat</span> <span class='ocrx_word' id='word_1_234' title='bbox 740 1490 930 1531; x_wconf 74' lang='lat' dir='ltr'>inaequalis.</span> <span class='ocrx_word' id='word_1_235' title='bbox 957 1490 1054 1522; x_wconf 88' lang='lat' dir='ltr'>Uteri</span> <span class='ocrx_word' id='word_1_236' title='bbox 1078 1488 1224 1523; x_wconf 90' lang='lat' dir='ltr'>osculum</span> <span class='ocrx_word' id='word_1_237' title='bbox 1259 1488 1330 1522; x_wconf 89' lang='lat' dir='ltr'>nul-</span> 
     </span>
     <span class='ocr_line' id='line_1_32' title="bbox 319 1531 1334 1576; baseline 0 -9"><span class='ocrx_word' id='word_1_238' title='bbox 319 1535 350 1567; x_wconf 90' lang='lat' dir='ltr'>la</span> <span class='ocrx_word' id='word_1_239' title='bbox 373 1534 515 1567; x_wconf 60' lang='lat' dir='ltr'>cinctum</span> <span class='ocrx_word' id='word_1_240' title='bbox 541 1544 660 1569; x_wconf 88' lang='lat' dir='ltr'>corona</span> <span class='ocrx_word' id='word_1_241' title='bbox 674 1544 688 1572; x_wconf 67' lang='grc' dir='ltr'>ς</span> <span class='ocrx_word' id='word_1_242' title='bbox 713 1541 750 1567; x_wconf 90' lang='lat' dir='ltr'>ut</span> <span class='ocrx_word' id='word_1_243' title='bbox 773 1532 857 1568; x_wconf 89' lang='lat' dir='ltr'>nihil</span> <span class='ocrx_word' id='word_1_244' title='bbox 880 1532 967 1566; x_wconf 89' lang='lat' dir='ltr'>intra</span> <span class='ocrx_word' id='word_1_245' title='bbox 991 1533 1139 1574; x_wconf 76' lang='lat' dir='ltr'>vaginam</span> <span class='ocrx_word' id='word_1_246' title='bbox 1178 1531 1334 1576; x_wconf 75' lang='lat' dir='ltr'>protube-</span> 
     </span>
     <span class='ocr_line' id='line_1_33' title="bbox 319 1573 1333 1620; baseline -0.001 -9"><span class='ocrx_word' id='word_1_247' title='bbox 319 1586 424 1611; x_wconf 77' lang='lat' dir='ltr'>raret.</span> <span class='ocrx_word' id='word_1_248' title='bbox 447 1577 555 1612; x_wconf 85' lang='lat' dir='ltr'>Renes</span> <span class='ocrx_word' id='word_1_249' title='bbox 579 1586 686 1612; x_wconf 87' lang='lat' dir='ltr'>autem</span> <span class='ocrx_word' id='word_1_250' title='bbox 710 1587 771 1620; x_wconf 87' lang='lat' dir='ltr'>pro</span> <span class='ocrx_word' id='word_1_251' title='bbox 817 1576 976 1610; x_wconf 89' lang='lat' dir='ltr'>mediocri</span> <span class='ocrx_word' id='word_1_252' title='bbox 1022 1575 1169 1609; x_wconf 88' lang='lat' dir='ltr'>mulieris</span> <span class='ocrx_word' id='word_1_253' title='bbox 1212 1573 1333 1610; x_wconf 87' lang='lat' dir='ltr'>statura</span> 
     </span>
     <span class='ocr_line' id='line_1_34' title="bbox 317 1617 1331 1663; baseline -0.001 -9"><span class='ocrx_word' id='word_1_254' title='bbox 317 1621 418 1655; x_wconf 87' lang='lat' dir='ltr'>ambo</span> <span class='ocrx_word' id='word_1_255' title='bbox 439 1631 535 1662; x_wconf 83' lang='lat' dir='ltr'>aequo</span> <span class='ocrx_word' id='word_1_256' title='bbox 557 1620 747 1663; x_wconf 79' lang='lat' dir='ltr'>longiores:</span> <span class='ocrx_word' id='word_1_257' title='bbox 771 1618 895 1655; x_wconf 81' lang='lat' dir='ltr'>sinister</span> <span class='ocrx_word' id='word_1_258' title='bbox 918 1620 957 1654; x_wconf 90' lang='lat' dir='ltr'>ad</span> <span class='ocrx_word' id='word_1_259' title='bbox 981 1628 1162 1653; x_wconf 85' lang='lat' dir='ltr'>extremum</span> <span class='ocrx_word' id='word_1_260' title='bbox 1195 1617 1331 1653; x_wconf 83' lang='lat' dir='ltr'>inferius</span> 
     </span>
     <span class='ocr_line' id='line_1_35' title="bbox 318 1661 1334 1703; baseline -0.002 -5"><span class='ocrx_word' id='word_1_261' title='bbox 318 1664 400 1700; x_wconf 83' lang='lat' dir='ltr'>facie</span> <span class='ocrx_word' id='word_1_262' title='bbox 426 1665 585 1700; x_wconf 81' lang='lat' dir='ltr'>exteriore</span> <span class='ocrx_word' id='word_1_263' title='bbox 608 1663 761 1699; x_wconf 90' lang='lat' dir='ltr'>nonnihil</span> <span class='ocrx_word' id='word_1_264' title='bbox 784 1672 957 1697; x_wconf 85' lang='lat' dir='ltr'>excavatus</span> <span class='ocrx_word' id='word_1_265' title='bbox 988 1674 1005 1695; x_wconf 94' lang='lat' dir='ltr'>a</span> <span class='ocrx_word' id='word_1_266' title='bbox 1027 1663 1177 1696; x_wconf 88' lang='lat' dir='ltr'>cicatrice</span> <span class='ocrx_word' id='word_1_267' title='bbox 1199 1685 1213 1703; x_wconf 89' lang='lat'><em>,</em></span> <span class='ocrx_word' id='word_1_268' title='bbox 1242 1661 1334 1703; x_wconf 87' lang='lat' dir='ltr'>cujus</span> 
     </span>
     <span class='ocr_line' id='line_1_36' title="bbox 318 1704 1332 1744; baseline -0.006 -1"><span class='ocrx_word' id='word_1_269' title='bbox 318 1708 460 1743; x_wconf 77' lang='lat' dir='ltr'>ambitus</span> <span class='ocrx_word' id='word_1_270' title='bbox 484 1707 521 1741; x_wconf 85' lang='lat' dir='ltr'>ad</span> <span class='ocrx_word' id='word_1_271' title='bbox 545 1707 659 1743; x_wconf 84' lang='lat' dir='ltr'>circuli</span> <span class='ocrx_word' id='word_1_272' title='bbox 683 1705 824 1742; x_wconf 86' lang='lat' dir='ltr'>formam</span> <span class='ocrx_word' id='word_1_273' title='bbox 847 1705 1038 1744; x_wconf 85' lang='lat' dir='ltr'>accedebat,</span> <span class='ocrx_word' id='word_1_274' title='bbox 1060 1705 1218 1739; x_wconf 86' lang='lat' dir='ltr'>diameter</span> <span class='ocrx_word' id='word_1_275' title='bbox 1229 1704 1332 1739; x_wconf 85' lang='lat' dir='ltr'>trans-</span> 
     </span>
     <span class='ocr_line' id='line_1_37' title="bbox 321 1747 1332 1795; baseline -0.001 -11"><span class='ocrx_word' id='word_1_276' title='bbox 321 1751 448 1787; x_wconf 84' lang='lat' dir='ltr'>versum</span> <span class='ocrx_word' id='word_1_277' title='bbox 469 1750 614 1795; x_wconf 81' lang='lat' dir='ltr'>digitum</span> <span class='ocrx_word' id='word_1_278' title='bbox 636 1750 811 1791; x_wconf 76' lang='lat' dir='ltr'>aequabat,</span> <span class='ocrx_word' id='word_1_279' title='bbox 837 1748 993 1791; x_wconf 80' lang='lat' dir='ltr'>vestigio,</span> <span class='ocrx_word' id='word_1_280' title='bbox 1016 1757 1053 1783; x_wconf 89' lang='lat' dir='ltr'>ut</span> <span class='ocrx_word' id='word_1_281' title='bbox 1087 1747 1208 1782; x_wconf 88' lang='lat' dir='ltr'>credidi</span> <span class='ocrx_word' id='word_1_282' title='bbox 1228 1770 1254 1787; x_wconf 90' lang='lat'>‚.</span> <span class='ocrx_word' id='word_1_283' title='bbox 1271 1747 1332 1790; x_wconf 83' lang='lat' dir='ltr'>hy-</span> 
     </span>
     <span class='ocr_line' id='line_1_38' title="bbox 317 1792 1332 1836; baseline -0.003 -9"><span class='ocrx_word' id='word_1_284' title='bbox 317 1793 439 1831; x_wconf 85' lang='lat' dir='ltr'>datidis</span> <span class='ocrx_word' id='word_1_285' title='bbox 461 1796 495 1829; x_wconf 88' lang='lat' dir='ltr'>in</span> <span class='ocrx_word' id='word_1_286' title='bbox 518 1804 593 1830; x_wconf 86' lang='lat' dir='ltr'>rene</span> <span class='ocrx_word' id='word_1_287' title='bbox 617 1793 698 1828; x_wconf 88' lang='lat' dir='ltr'>olim</span> <span class='ocrx_word' id='word_1_288' title='bbox 722 1804 760 1828; x_wconf 84' lang='lat' dir='ltr'>ex</span> <span class='ocrx_word' id='word_1_289' title='bbox 783 1801 874 1836; x_wconf 86' lang='lat' dir='ltr'>parte</span> <span class='ocrx_word' id='word_1_290' title='bbox 896 1792 1060 1834; x_wconf 72' lang='lat' dir='ltr'>conditae,</span> <span class='ocrx_word' id='word_1_291' title='bbox 1082 1792 1206 1836; x_wconf 85' lang='lat' dir='ltr'>reliqua</span> <span class='ocrx_word' id='word_1_292' title='bbox 1219 1799 1332 1826; x_wconf 83' lang='lat' dir='ltr'>extan-</span> 
     </span>
     <span class='ocr_line' id='line_1_39' title="bbox 316 1833 1330 1881; baseline -0.005 -9"><span class='ocrx_word' id='word_1_293' title='bbox 316 1839 380 1873; x_wconf 85' lang='lat' dir='ltr'>tis.</span> <span class='ocrx_word' id='word_1_294' title='bbox 408 1838 539 1881; x_wconf 69' lang='lat' dir='ltr'>Magnae</span> <span class='ocrx_word' id='word_1_295' title='bbox 563 1837 687 1873; x_wconf 85' lang='lat' dir='ltr'>arteriae</span> <span class='ocrx_word' id='word_1_296' title='bbox 711 1846 846 1872; x_wconf 77' lang='lat' dir='ltr'>truncus</span> <span class='ocrx_word' id='word_1_297' title='bbox 868 1847 971 1878; x_wconf 80' lang='lat' dir='ltr'>aequo-</span> <span class='ocrx_word' id='word_1_298' title='bbox 987 1835 1140 1874; x_wconf 88' lang='lat' dir='ltr'>tenuior,</span> <span class='ocrx_word' id='word_1_299' title='bbox 1172 1845 1238 1867; x_wconf 92' lang='lat' dir='ltr'>non</span> <span class='ocrx_word' id='word_1_300' title='bbox 1261 1833 1330 1877; x_wconf 85' lang='lat' dir='ltr'>ipse</span> 
     </span>
     <span class='ocr_line' id='line_1_40' title="bbox 317 1878 1327 1928; baseline -0.004 -11"><span class='ocrx_word' id='word_1_301' title='bbox 317 1883 548 1928; x_wconf 86' lang='lat' dir='ltr'>Spermaticam</span> <span class='ocrx_word' id='word_1_302' title='bbox 572 1879 748 1916; x_wconf 81' lang='lat' dir='ltr'>emittebat</span> <span class='ocrx_word' id='word_1_303' title='bbox 768 1880 954 1916; x_wconf 79' lang='lat' dir='ltr'>dexteram,</span> <span class='ocrx_word' id='word_1_304' title='bbox 975 1890 1049 1922; x_wconf 85' lang='lat' dir='ltr'>quae</span> <span class='ocrx_word' id='word_1_305' title='bbox 1062 1879 1103 1913; x_wconf 85' lang='lat' dir='ltr'>ab</span> <span class='ocrx_word' id='word_1_306' title='bbox 1124 1878 1327 1919; x_wconf 85' lang='lat' dir='ltr'>Emulgente</span> 
     </span>
     <span class='ocr_line' id='line_1_41' title="bbox 319 1921 1326 1970; baseline -0.003 -12"><span class='ocrx_word' id='word_1_307' title='bbox 319 1926 558 1970; x_wconf 83' lang='lat' dir='ltr'>proveniebat:</span> <span class='ocrx_word' id='word_1_308' title='bbox 582 1935 685 1967; x_wconf 88' lang='lat' dir='ltr'>neque</span> <span class='ocrx_word' id='word_1_309' title='bbox 709 1924 819 1957; x_wconf 88' lang='lat' dir='ltr'>eodem</span> <span class='ocrx_word' id='word_1_310' title='bbox 831 1935 900 1967; x_wconf 92' lang='lat' dir='ltr'>quo</span> <span class='ocrx_word' id='word_1_311' title='bbox 933 1921 1037 1962; x_wconf 88' lang='lat' dir='ltr'>solet,</span> <span class='ocrx_word' id='word_1_312' title='bbox 1061 1922 1160 1957; x_wconf 88' lang='lat' dir='ltr'>modo</span> <span class='ocrx_word' id='word_1_313' title='bbox 1183 1922 1326 1956; x_wconf 87' lang='lat' dir='ltr'>Lumba-</span> 
     </span>
     <span class='ocr_line' id='line_1_42' title="bbox 317 1964 1327 2012; baseline -0.008 -8"><span class='ocrx_word' id='word_1_314' title='bbox 317 1980 388 2007; x_wconf 75' lang='lat' dir='ltr'>res,</span> <span class='ocrx_word' id='word_1_315' title='bbox 411 1980 515 2012; x_wconf 87' lang='lat' dir='ltr'>neque</span> <span class='ocrx_word' id='word_1_316' title='bbox 540 1968 674 2003; x_wconf 86' lang='lat' dir='ltr'>Iliacam</span> <span class='ocrx_word' id='word_1_317' title='bbox 697 1967 855 2003; x_wconf 84' lang='lat' dir='ltr'>sinistram</span> <span class='ocrx_word' id='word_1_318' title='bbox 878 1967 947 2010; x_wconf 89' lang='lat' dir='ltr'>pari</span> <span class='ocrx_word' id='word_1_319' title='bbox 971 1978 1006 2000; x_wconf 91' lang='lat' dir='ltr'>ac</span> <span class='ocrx_word' id='word_1_320' title='bbox 1029 1966 1194 1999; x_wconf 84' lang='lat' dir='ltr'>dexteram</span> <span class='ocrx_word' id='word_1_321' title='bbox 1217 1964 1327 2007; x_wconf 83' lang='lat' dir='ltr'>longi.</span> 
     </span>
     <span class='ocr_line' id='line_1_43' title="bbox 317 2008 1329 2055; baseline -0.005 -9"><span class='ocrx_word' id='word_1_322' title='bbox 317 2012 452 2053; x_wconf 88' lang='lat' dir='ltr'>tudine,</span> <span class='ocrx_word' id='word_1_323' title='bbox 476 2011 527 2047; x_wconf 88' lang='lat' dir='ltr'>sed</span> <span class='ocrx_word' id='word_1_324' title='bbox 550 2014 648 2047; x_wconf 83' lang='lat' dir='ltr'>tertia</span> <span class='ocrx_word' id='word_1_325' title='bbox 659 2020 750 2055; x_wconf 82' lang='lat' dir='ltr'>parte</span> <span class='ocrx_word' id='word_1_326' title='bbox 761 2011 945 2045; x_wconf 83' lang='lat' dir='ltr'>breviorem</span> <span class='ocrx_word' id='word_1_327' title='bbox 957 2026 967 2041; x_wconf 88' lang='grc'>.-</span> <span class='ocrx_word' id='word_1_328' title='bbox 979 2008 1082 2054; x_wconf 86' lang='lat' dir='ltr'>Quod</span> <span class='ocrx_word' id='word_1_329' title='bbox 1096 2008 1145 2041; x_wconf 89' lang='lat' dir='ltr'>fac</span> <span class='ocrx_word' id='word_1_330' title='bbox 1158 2009 1302 2041; x_wconf 86' lang='lat' dir='ltr'>attendas</span> <span class='ocrx_word' id='word_1_331' title='bbox 1315 2020 1329 2046; x_wconf 69' lang='lat' dir='ltr'>i</span> 
     </span>
     <span class='ocr_line' id='line_1_44' title="bbox 317 2052 1327 2100; baseline -0.007 -9"><span class='ocrx_word' id='word_1_332' title='bbox 317 2055 381 2100; x_wconf 84' lang='lat' dir='ltr'>jam</span> <span class='ocrx_word' id='word_1_333' title='bbox 405 2057 492 2093; x_wconf 88' lang='lat' dir='ltr'>enim</span> <span class='ocrx_word' id='word_1_334' title='bbox 514 2054 554 2092; x_wconf 85' lang='lat' dir='ltr'>ad</span> <span class='ocrx_word' id='word_1_335' title='bbox 576 2067 612 2092; x_wconf 86' lang='lat' dir='ltr'>ea</span> <span class='ocrx_word' id='word_1_336' title='bbox 634 2054 815 2090; x_wconf 83' lang='lat' dir='ltr'>accedimus</span> <span class='ocrx_word' id='word_1_337' title='bbox 837 2065 909 2098; x_wconf 82' lang='lat' dir='ltr'>quae</span> <span class='ocrx_word' id='word_1_338' title='bbox 923 2053 961 2088; x_wconf 90' lang='lat' dir='ltr'>ad</span> <span class='ocrx_word' id='word_1_339' title='bbox 982 2052 1234 2087; x_wconf 77' lang='lat' dir='ltr'>claudicationis.</span> <span class='ocrx_word' id='word_1_340' title='bbox 1255 2062 1327 2085; x_wconf 91' lang='lat' dir='ltr'>tum</span> 
     </span>
     <span class='ocr_line' id='line_1_45' title="bbox 317 2095 1327 2141; baseline -0.006 -7"><span class='ocrx_word' id='word_1_341' title='bbox 317 2099 473 2141; x_wconf 65' lang='lat' dir='ltr'>effeetus,</span> <span class='ocrx_word' id='word_1_342' title='bbox 493 2109 564 2135; x_wconf 89' lang='lat' dir='ltr'>tum</span> <span class='ocrx_word' id='word_1_343' title='bbox 587 2098 694 2134; x_wconf 80' lang='lat' dir='ltr'>causas</span> <span class='ocrx_word' id='word_1_344' title='bbox 706 2098 935 2141; x_wconf 78' lang='lat' dir='ltr'>pertinebant.</span> <span class='ocrx_word' id='word_1_345' title='bbox 958 2097 992 2131; x_wconf 79' lang='lat' dir='ltr'>A</span> <span class='ocrx_word' id='word_1_346' title='bbox 1006 2095 1134 2131; x_wconf 83' lang='lat' dir='ltr'>sinistris</span> <span class='ocrx_word' id='word_1_347' title='bbox 1158 2096 1266 2134; x_wconf 87' lang='lat' dir='ltr'>enim,</span> <span class='ocrx_word' id='word_1_348' title='bbox 1291 2103 1327 2128; x_wconf 95' lang='lat' dir='ltr'>ut</span> 
     </span>
     <span class='ocr_line' id='line_1_46' title="bbox 317 2138 1328 2186; baseline -0.005 -9"><span class='ocrx_word' id='word_1_349' title='bbox 317 2145 412 2186; x_wconf 58' lang='lat' dir='ltr'>dixi,</span> <span class='ocrx_word' id='word_1_350' title='bbox 435 2143 551 2180; x_wconf 84' lang='lat' dir='ltr'>mulier</span> <span class='ocrx_word' id='word_1_351' title='bbox 561 2143 819 2181; x_wconf 85' lang='lat' dir='ltr'>claudicaverat,</span> <span class='ocrx_word' id='word_1_352' title='bbox 845 2141 933 2183; x_wconf 87' lang='lat' dir='ltr'>isque</span> <span class='ocrx_word' id='word_1_353' title='bbox 945 2150 1032 2174; x_wconf 90' lang='lat' dir='ltr'>artus</span> <span class='ocrx_word' id='word_1_354' title='bbox 1042 2148 1107 2174; x_wconf 84' lang='lat' dir='ltr'>erat</span> <span class='ocrx_word' id='word_1_355' title='bbox 1118 2138 1233 2180; x_wconf 82' lang='lat' dir='ltr'>digitis</span> <span class='ocrx_word' id='word_1_356' title='bbox 1244 2150 1328 2180; x_wconf 86' lang='lat' dir='ltr'>qua-</span> 
     </span>
     <span class='ocr_line' id='line_1_47' title="bbox 317 2182 1328 2230; baseline -0.006 -8"><span class='ocrx_word' id='word_1_357' title='bbox 317 2198 393 2222; x_wconf 88' lang='lat' dir='ltr'>tuor</span> <span class='ocrx_word' id='word_1_358' title='bbox 417 2188 566 2226; x_wconf 83' lang='lat' dir='ltr'>brevior,</span> <span class='ocrx_word' id='word_1_359' title='bbox 588 2197 686 2230; x_wconf 80' lang='lat' dir='ltr'>quam</span> <span class='ocrx_word' id='word_1_360' title='bbox 709 2186 840 2221; x_wconf 70' lang='lat' dir='ltr'>dexter,</span> <span class='ocrx_word' id='word_1_361' title='bbox 864 2187 895 2218; x_wconf 85' lang='lat'>&amp;</span> <span class='ocrx_word' id='word_1_362' title='bbox 918 2184 1104 2218; x_wconf 88' lang='lat' dir='ltr'>calcaneum</span> <span class='ocrx_word' id='word_1_363' title='bbox 1118 2182 1155 2216; x_wconf 90' lang='lat' dir='ltr'>ad</span> <span class='ocrx_word' id='word_1_364' title='bbox 1165 2183 1328 2216; x_wconf 80' lang='lat' dir='ltr'>exteriora</span> 
     </span>
     <span class='ocr_line' id='line_1_48' title="bbox 315 2225 1327 2272; baseline -0.007 -7"><span class='ocrx_word' id='word_1_365' title='bbox 315 2230 506 2267; x_wconf 80' lang='lat' dir='ltr'>conversum</span> <span class='ocrx_word' id='word_1_366' title='bbox 515 2230 674 2267; x_wconf 84' lang='lat' dir='ltr'>habebat,</span> <span class='ocrx_word' id='word_1_367' title='bbox 698 2241 765 2263; x_wconf 87' lang='lat' dir='ltr'>non</span> <span class='ocrx_word' id='word_1_368' title='bbox 783 2229 890 2262; x_wconf 85' lang='lat' dir='ltr'>minus</span> <span class='ocrx_word' id='word_1_369' title='bbox 910 2238 1019 2261; x_wconf 85' lang='lat' dir='ltr'>tamen</span> <span class='ocrx_word' id='word_1_370' title='bbox 1032 2249 1046 2263; x_wconf 86' lang='lat'>‚</span> <span class='ocrx_word' id='word_1_371' title='bbox 1065 2237 1165 2272; x_wconf 90' lang='lat' dir='ltr'>quam</span> <span class='ocrx_word' id='word_1_372' title='bbox 1190 2225 1327 2262; x_wconf 78' lang='lat' dir='ltr'>dexter,</span> 
     </span>
     <span class='ocr_line' id='line_1_49' title="bbox 319 2269 1325 2319; baseline -0.007 -11"><span class='ocrx_word' id='word_1_373' title='bbox 319 2277 452 2319; x_wconf 81' lang='lat' dir='ltr'>pinguis</span> <span class='ocrx_word' id='word_1_374' title='bbox 473 2306 476 2309; x_wconf 83' lang='lat'>.</span> <span class='ocrx_word' id='word_1_375' title='bbox 501 2275 571 2307; x_wconf 85' lang='lat' dir='ltr'>imo</span> <span class='ocrx_word' id='word_1_376' title='bbox 592 2273 745 2312; x_wconf 84' lang='lat' dir='ltr'>craffior‚</span> <span class='ocrx_word' id='word_1_377' title='bbox 769 2271 820 2307; x_wconf 89' lang='lat' dir='ltr'>sed</span> <span class='ocrx_word' id='word_1_378' title='bbox 844 2272 884 2304; x_wconf 92' lang='lat' dir='ltr'>ab</span> <span class='ocrx_word' id='word_1_379' title='bbox 906 2273 1087 2306; x_wconf 85' lang='lat' dir='ltr'>oedemate.</span> <span class='ocrx_word' id='word_1_380' title='bbox 1105 2269 1206 2304; x_wconf 78' lang='lat' dir='ltr'>iliaca</span> <span class='ocrx_word' id='word_1_381' title='bbox 1221 2270 1325 2311; x_wconf 80' lang='lat' dir='ltr'>igitur</span> 
     </span>
     <span class='ocr_line' id='line_1_50' title="bbox 317 2311 1327 2359; baseline -0.006 -7"><span class='ocrx_word' id='word_1_382' title='bbox 317 2331 396 2353; x_wconf 90' lang='lat' dir='ltr'>vena</span> <span class='ocrx_word' id='word_1_383' title='bbox 409 2317 537 2353; x_wconf 83' lang='lat' dir='ltr'>dextera</span> <span class='ocrx_word' id='word_1_384' title='bbox 548 2328 645 2359; x_wconf 84' lang='lat' dir='ltr'>aequo</span> <span class='ocrx_word' id='word_1_385' title='bbox 670 2327 736 2351; x_wconf 88' lang='lat' dir='ltr'>erat</span> <span class='ocrx_word' id='word_1_386' title='bbox 760 2316 879 2352; x_wconf 87' lang='lat' dir='ltr'>latior;</span> <span class='ocrx_word' id='word_1_387' title='bbox 904 2325 935 2348; x_wconf 91' lang='lat' dir='ltr'>at</span> <span class='ocrx_word' id='word_1_388' title='bbox 946 2315 1067 2349; x_wconf 80' lang='lat' dir='ltr'>sinistra</span> <span class='ocrx_word' id='word_1_389' title='bbox 1081 2338 1090 2354; x_wconf 93' lang='lat'><strong>,</strong></span> <span class='ocrx_word' id='word_1_390' title='bbox 1102 2311 1231 2356; x_wconf 88' lang='lat' dir='ltr'>ejusque</span> <span class='ocrx_word' id='word_1_391' title='bbox 1244 2313 1327 2347; x_wconf 90' lang='lat' dir='ltr'>rami</span> 
     </span>
     <span class='ocr_line' id='line_1_51' title="bbox 316 2360 1326 2402; baseline -0.008 -5"><span class='ocrx_word' id='word_1_392' title='bbox 316 2373 425 2397; x_wconf 83' lang='lat' dir='ltr'>tenues</span> <span class='ocrx_word' id='word_1_393' title='bbox 448 2368 546 2400; x_wconf 88' lang='lat' dir='ltr'>adeo,</span> <span class='ocrx_word' id='word_1_394' title='bbox 571 2363 602 2395; x_wconf 89' lang='lat'>&amp;</span> <span class='ocrx_word' id='word_1_395' title='bbox 626 2360 806 2402; x_wconf 68' lang='lat' dir='ltr'>pallentes,</span> <span class='ocrx_word' id='word_1_396' title='bbox 829 2368 864 2393; x_wconf 92' lang='lat' dir='ltr'>ut</span> <span class='ocrx_word' id='word_1_397' title='bbox 891 2369 956 2393; x_wconf 88' lang='lat' dir='ltr'>rem</span> <span class='ocrx_word' id='word_1_398' title='bbox 981 2369 1147 2400; x_wconf 88' lang='lat' dir='ltr'>nunquam</span> <span class='ocrx_word' id='word_1_399' title='bbox 1184 2366 1276 2390; x_wconf 85' lang='lat' dir='ltr'>antea</span> <span class='ocrx_word' id='word_1_400' title='bbox 1308 2367 1326 2389; x_wconf 86' lang='lat' dir='ltr'>a</span> 
     </span>
     <span class='ocr_line' id='line_1_52' title="bbox 317 2401 1325 2444; baseline -0.01 -4"><span class='ocrx_word' id='word_1_401' title='bbox 317 2418 370 2440; x_wconf 90' lang='lat' dir='ltr'>me</span> <span class='ocrx_word' id='word_1_402' title='bbox 394 2407 494 2440; x_wconf 77' lang='lat' dir='ltr'>visam</span> <span class='ocrx_word' id='word_1_403' title='bbox 516 2405 677 2444; x_wconf 76' lang='lat' dir='ltr'>miratus,</span> <span class='ocrx_word' id='word_1_404' title='bbox 698 2405 797 2437; x_wconf 85' lang='lat' dir='ltr'>Cavae</span> <span class='ocrx_word' id='word_1_405' title='bbox 817 2404 922 2438; x_wconf 89' lang='lat' dir='ltr'>imum</span> <span class='ocrx_word' id='word_1_406' title='bbox 945 2412 1098 2436; x_wconf 88' lang='lat' dir='ltr'>truncum</span> <span class='ocrx_word' id='word_1_407' title='bbox 1124 2401 1325 2443; x_wconf 87' lang='lat' dir='ltr'>aperuerim.</span> 
     </span>
     <span class='ocr_line' id='line_1_53' title="bbox 317 2443 1333 2495; baseline -0.007 -13"><span class='ocrx_word' id='word_1_408' title='bbox 317 2450 394 2495; x_wconf 64' lang='lat' dir='ltr'>Qa</span> <span class='ocrx_word' id='word_1_409' title='bbox 418 2449 528 2487; x_wconf 66' lang='lat' dir='ltr'>facto,</span> <span class='ocrx_word' id='word_1_410' title='bbox 554 2448 600 2481; x_wconf 90' lang='lat' dir='ltr'>vel</span> <span class='ocrx_word' id='word_1_411' title='bbox 626 2451 729 2489; x_wconf 81' lang='lat' dir='ltr'>magis</span> <span class='ocrx_word' id='word_1_412' title='bbox 749 2447 887 2480; x_wconf 85' lang='lat' dir='ltr'>miratus</span> <span class='ocrx_word' id='word_1_413' title='bbox 909 2447 1001 2479; x_wconf 86' lang='lat' dir='ltr'>sum.</span> <span class='ocrx_word' id='word_1_414' title='bbox 1025 2444 1117 2477; x_wconf 88' lang='lat' dir='ltr'>Nam</span> <span class='ocrx_word' id='word_1_415' title='bbox 1139 2454 1199 2486; x_wconf 88' lang='lat' dir='ltr'>pro</span> <span class='ocrx_word' id='word_1_416' title='bbox 1222 2443 1333 2476; x_wconf 70' lang='lat' dir='ltr'>Iliacae</span> 
     </span>
     <span class='ocr_line' id='line_1_54' title="bbox 319 2486 1329 2536; baseline -0.01 -8"><span class='ocrx_word' id='word_1_417' title='bbox 319 2494 388 2536; x_wconf 82' lang='lat' dir='ltr'>ejus</span> <span class='ocrx_word' id='word_1_418' title='bbox 412 2504 498 2526; x_wconf 86' lang='lat' dir='ltr'>venae</span> <span class='ocrx_word' id='word_1_419' title='bbox 522 2491 608 2525; x_wconf 82' lang='lat' dir='ltr'>ostio</span> <span class='ocrx_word' id='word_1_420' title='bbox 630 2492 746 2525; x_wconf 89' lang='lat' dir='ltr'>lineam</span> <span class='ocrx_word' id='word_1_421' title='bbox 770 2489 906 2528; x_wconf 87' lang='lat' dir='ltr'>inveni,</span> <span class='ocrx_word' id='word_1_422' title='bbox 924 2490 1027 2529; x_wconf 76' lang='lat' dir='ltr'>ipsius</span> <span class='ocrx_word' id='word_1_423' title='bbox 1049 2487 1210 2521; x_wconf 87' lang='lat' dir='ltr'>coalitum</span> <span class='ocrx_word' id='word_1_424' title='bbox 1241 2486 1329 2519; x_wconf 89' lang='lat' dir='ltr'>indi-</span> 
     </span>
     <span class='ocr_line' id='line_1_55' title="bbox 318 2529 1328 2577; baseline -0.008 -6"><span class='ocrx_word' id='word_1_425' title='bbox 318 2546 467 2572; x_wconf 86' lang='lat' dir='ltr'>cantem,</span> <span class='ocrx_word' id='word_1_426' title='bbox 491 2548 557 2577; x_wconf 85' lang='lat' dir='ltr'>qua</span> <span class='ocrx_word' id='word_1_427' title='bbox 578 2535 613 2567; x_wconf 88' lang='lat' dir='ltr'>in</span> <span class='ocrx_word' id='word_1_428' title='bbox 636 2535 719 2567; x_wconf 88' lang='lat' dir='ltr'>linea</span> <span class='ocrx_word' id='word_1_429' title='bbox 740 2533 830 2572; x_wconf 83' lang='lat' dir='ltr'>duo,</span> <span class='ocrx_word' id='word_1_430' title='bbox 855 2541 909 2565; x_wconf 83' lang='lat' dir='ltr'>aut</span> <span class='ocrx_word' id='word_1_431' title='bbox 934 2533 997 2565; x_wconf 88' lang='lat' dir='ltr'>tria</span> <span class='ocrx_word' id='word_1_432' title='bbox 1019 2542 1116 2574; x_wconf 85' lang='lat' dir='ltr'>parva</span> <span class='ocrx_word' id='word_1_433' title='bbox 1138 2539 1229 2563; x_wconf 89' lang='lat' dir='ltr'>erant</span> <span class='ocrx_word' id='word_1_434' title='bbox 1241 2529 1328 2563; x_wconf 69' lang='lat' dir='ltr'>oscu·</span> 
     </span>
     <span class='ocr_line' id='line_1_56' title="bbox 318 2573 1329 2619; baseline -0.008 -5"><span class='ocrx_word' id='word_1_435' title='bbox 318 2581 377 2619; x_wconf 82' lang='lat' dir='ltr'>la„</span> <span class='ocrx_word' id='word_1_436' title='bbox 395 2591 472 2614; x_wconf 91' lang='lat' dir='ltr'>cum</span> <span class='ocrx_word' id='word_1_437' title='bbox 498 2579 596 2613; x_wconf 85' lang='lat' dir='ltr'>Iliaca</span> <span class='ocrx_word' id='word_1_438' title='bbox 624 2589 702 2611; x_wconf 88' lang='lat' dir='ltr'>vena</span> <span class='ocrx_word' id='word_1_439' title='bbox 725 2575 1027 2610; x_wconf 66' lang='lat' dir='ltr'>communicantia¹</span> <span class='ocrx_word' id='word_1_440' title='bbox 1052 2574 1162 2614; x_wconf 79' lang='lat' dir='ltr'>Qam</span> <span class='ocrx_word' id='word_1_441' title='bbox 1185 2585 1260 2607; x_wconf 89' lang='lat' dir='ltr'>cum</span> <span class='ocrx_word' id='word_1_442' title='bbox 1284 2573 1329 2606; x_wconf 90' lang='lat' dir='ltr'>se-</span> 
     </span>
     <span class='ocr_line' id='line_1_57' title="bbox 317 2616 1324 2663; baseline -0.009 -5"><span class='ocrx_word' id='word_1_443' title='bbox 317 2624 461 2659; x_wconf 88' lang='lat' dir='ltr'>cundum</span> <span class='ocrx_word' id='word_1_444' title='bbox 484 2621 724 2663; x_wconf 83' lang='lat' dir='ltr'>longitudinem</span> <span class='ocrx_word' id='word_1_445' title='bbox 748 2618 953 2658; x_wconf 69' lang='lat' dir='ltr'>incidissem,</span> <span class='ocrx_word' id='word_1_446' title='bbox 976 2620 1008 2650; x_wconf 71' lang='grc' dir='ltr'>δι</span> <span class='ocrx_word' id='word_1_447' title='bbox 1032 2626 1145 2659; x_wconf 82' lang='lat' dir='ltr'>praeter</span> <span class='ocrx_word' id='word_1_448' title='bbox 1177 2616 1324 2651; x_wconf 86' lang='lat' dir='ltr'>filamen-</span> 
     </span>
     <span class='ocr_line' id='line_1_58' title="bbox 319 2659 1325 2709; baseline -0.009 -8"><span class='ocrx_word' id='word_1_449' title='bbox 319 2679 353 2703; x_wconf 81' lang='lat' dir='ltr'>ta</span> <span class='ocrx_word' id='word_1_450' title='bbox 378 2664 557 2709; x_wconf 53' lang='lat' dir='ltr'>pomposa,</span> <span class='ocrx_word' id='word_1_451' title='bbox 577 2664 738 2707; x_wconf 88' lang='lat' dir='ltr'>quendam</span> <span class='ocrx_word' id='word_1_452' title='bbox 762 2662 919 2697; x_wconf 87' lang='lat' dir='ltr'>fibrarum</span> <span class='ocrx_word' id='word_1_453' title='bbox 940 2659 1028 2704; x_wconf 85' lang='lat' dir='ltr'>quasi</span> <span class='ocrx_word' id='word_1_454' title='bbox 1053 2659 1240 2694; x_wconf 89' lang='lat' dir='ltr'>fasciculum</span> <span class='ocrx_word' id='word_1_455' title='bbox 1273 2662 1325 2692; x_wconf 88' lang='lat' dir='ltr'>in-</span> 
     </span>
     <span class='ocr_line' id='line_1_59' title="bbox 318 2701 1327 2749; baseline -0.006 -4"><span class='ocrx_word' id='word_1_456' title='bbox 318 2710 461 2746; x_wconf 85' lang='lat' dir='ltr'>trorsum</span> <span class='ocrx_word' id='word_1_457' title='bbox 484 2709 657 2744; x_wconf 81' lang='lat' dir='ltr'>exstantem</span> <span class='ocrx_word' id='word_1_458' title='bbox 682 2705 937 2749; x_wconf 79' lang='lat' dir='ltr'>conspexiffem3</span> <span class='ocrx_word' id='word_1_459' title='bbox 962 2715 1040 2738; x_wconf 87' lang='lat' dir='ltr'>mox</span> <span class='ocrx_word' id='word_1_460' title='bbox 1061 2701 1158 2737; x_wconf 88' lang='lat' dir='ltr'>facile</span> <span class='ocrx_word' id='word_1_461' title='bbox 1181 2705 1327 2739; x_wconf 86' lang='lat' dir='ltr'>animad-</span> 
     </span>
     <span class='ocr_line' id='line_1_60' title="bbox 319 2745 1325 2795; baseline -0.008 -8"><span class='ocrx_word' id='word_1_462' title='bbox 319 2755 404 2788; x_wconf 85' lang='lat' dir='ltr'>verti</span> <span class='ocrx_word' id='word_1_463' title='bbox 428 2764 514 2787; x_wconf 66' lang='lat' dir='ltr'>venae</span> <span class='ocrx_word' id='word_1_464' title='bbox 538 2753 673 2795; x_wconf 85' lang='lat' dir='ltr'>parietes</span> <span class='ocrx_word' id='word_1_465' title='bbox 696 2749 736 2783; x_wconf 91' lang='lat' dir='ltr'>ab</span> <span class='ocrx_word' id='word_1_466' title='bbox 762 2760 828 2783; x_wconf 91' lang='lat' dir='ltr'>uno</span> <span class='ocrx_word' id='word_1_467' title='bbox 850 2749 948 2784; x_wconf 89' lang='lat' dir='ltr'>latere</span> <span class='ocrx_word' id='word_1_468' title='bbox 969 2750 1056 2781; x_wconf 83' lang='lat' dir='ltr'>inter</span> <span class='ocrx_word' id='word_1_469' title='bbox 1080 2746 1109 2781; x_wconf 88' lang='lat' dir='ltr'>se</span> <span class='ocrx_word' id='word_1_470' title='bbox 1140 2745 1292 2781; x_wconf 72' lang='lat' dir='ltr'>coaluisse</span> <span class='ocrx_word' id='word_1_471' title='bbox 1315 2769 1325 2785; x_wconf 91' lang='lat'><em>‚</em></span> 
     </span>
     <span class='ocr_line' id='line_1_61' title="bbox 319 2790 1329 2841; baseline -0.008 -9"><span class='ocrx_word' id='word_1_472' title='bbox 319 2799 428 2841; x_wconf 84' lang='lat' dir='ltr'>fitque</span> <span class='ocrx_word' id='word_1_473' title='bbox 447 2807 522 2832; x_wconf 89' lang='lat' dir='ltr'>eum</span> <span class='ocrx_word' id='word_1_474' title='bbox 544 2795 732 2830; x_wconf 83' lang='lat' dir='ltr'>fasciculum</span> <span class='ocrx_word' id='word_1_475' title='bbox 756 2793 909 2832; x_wconf 89' lang='lat' dir='ltr'>mentiri,</span> <span class='ocrx_word' id='word_1_476' title='bbox 933 2790 1028 2834; x_wconf 72' lang='lat' dir='ltr'>cujus</span> <span class='ocrx_word' id='word_1_477' title='bbox 1051 2790 1166 2832; x_wconf 85' lang='lat' dir='ltr'>species</span> <span class='ocrx_word' id='word_1_478' title='bbox 1186 2815 1195 2831; x_wconf 85' lang='lat'><strong>,</strong></span> <span class='ocrx_word' id='word_1_479' title='bbox 1231 2801 1329 2824; x_wconf 82' lang='lat' dir='ltr'>manu.</span> 
     </span>
     <span class='ocr_line' id='line_1_62' title="bbox 319 2833 1327 2883; baseline -0.011 -7"><span class='ocrx_word' id='word_1_480' title='bbox 319 2851 458 2883; x_wconf 84' lang='lat' dir='ltr'>utraque</span> <span class='ocrx_word' id='word_1_481' title='bbox 480 2840 616 2881; x_wconf 85' lang='lat' dir='ltr'>parietes</span> <span class='ocrx_word' id='word_1_482' title='bbox 639 2836 869 2876; x_wconf 87' lang='lat' dir='ltr'>distrahendo;</span> <span class='ocrx_word' id='word_1_483' title='bbox 894 2846 996 2877; x_wconf 87' lang='lat' dir='ltr'>neque</span> <span class='ocrx_word' id='word_1_484' title='bbox 1020 2836 1104 2867; x_wconf 90' lang='lat' dir='ltr'>enim</span> <span class='ocrx_word' id='word_1_485' title='bbox 1129 2833 1327 2877; x_wconf 86' lang='lat' dir='ltr'>perdifficilis</span> 
     </span>
     <span class='ocr_line' id='line_1_63' title="bbox 320 2879 1330 2925; baseline -0.007 -8"><span class='ocrx_word' id='word_1_486' title='bbox 320 2894 389 2918; x_wconf 83' lang='lat' dir='ltr'>erat</span> <span class='ocrx_word' id='word_1_487' title='bbox 415 2883 577 2925; x_wconf 66' lang='lat' dir='ltr'>sejunctio</span> <span class='ocrx_word' id='word_1_488' title='bbox 587 2898 598 2921; x_wconf 64' lang='grc' dir='ltr'>ς,</span> <span class='ocrx_word' id='word_1_489' title='bbox 622 2879 750 2924; x_wconf 83' lang='lat' dir='ltr'>prorsus</span> <span class='ocrx_word' id='word_1_490' title='bbox 773 2879 1002 2914; x_wconf 84' lang='lat' dir='ltr'>evanescebat.</span> <span class='ocrx_word' id='word_1_491' title='bbox 1029 2879 1120 2912; x_wconf 88' lang='lat' dir='ltr'>Tum</span> <span class='ocrx_word' id='word_1_492' title='bbox 1146 2889 1221 2912; x_wconf 88' lang='lat' dir='ltr'>vero</span> <span class='ocrx_word' id='word_1_493' title='bbox 1244 2879 1330 2910; x_wconf 89' lang='lat' dir='ltr'>Cru-</span> 
     </span>
     <span class='ocr_line' id='line_1_64' title="bbox 320 2919 1327 2964; baseline -0.008 -2"><span class='ocrx_word' id='word_1_494' title='bbox 320 2927 613 2964; x_wconf 79' lang='lat' dir='ltr'>talibus-arteriis,</span> <span class='ocrx_word' id='word_1_495' title='bbox 636 2927 666 2957; x_wconf 76' lang='grc' dir='ltr'>δι</span> <span class='ocrx_word' id='word_1_496' title='bbox 692 2924 783 2957; x_wconf 87' lang='lat' dir='ltr'>venis</span> <span class='ocrx_word' id='word_1_497' title='bbox 805 2936 821 2957; x_wconf 88' lang='lat' dir='ltr'>a</span> <span class='ocrx_word' id='word_1_498' title='bbox 846 2934 959 2956; x_wconf 83' lang='lat' dir='ltr'>ventre</span> <span class='ocrx_word' id='word_1_499' title='bbox 983 2919 1082 2963; x_wconf 79' lang='lat' dir='ltr'>usque</span> <span class='ocrx_word' id='word_1_500' title='bbox 1105 2920 1143 2954; x_wconf 88' lang='lat' dir='ltr'>ad</span> <span class='ocrx_word' id='word_1_501' title='bbox 1167 2921 1327 2964; x_wconf 81' lang='lat' dir='ltr'>poplitem</span> 
     </span>
     <span class='ocr_line' id='line_1_65' title="bbox 319 2964 1328 3012; baseline -0.008 -8"><span class='ocrx_word' id='word_1_502' title='bbox 319 2980 460 3012; x_wconf 87' lang='lat' dir='ltr'>utroque</span> <span class='ocrx_word' id='word_1_503' title='bbox 483 2971 517 3001; x_wconf 88' lang='lat' dir='ltr'>in</span> <span class='ocrx_word' id='word_1_504' title='bbox 540 2969 660 3003; x_wconf 81' lang='lat' dir='ltr'>femore</span> <span class='ocrx_word' id='word_1_505' title='bbox 681 2966 839 3005; x_wconf 60' lang='lat' dir='ltr'>demeris,</span> <span class='ocrx_word' id='word_1_506' title='bbox 861 2967 985 3001; x_wconf 80' lang='lat' dir='ltr'>nullum</span> <span class='ocrx_word' id='word_1_507' title='bbox 1008 2965 1042 2997; x_wconf 92' lang='lat' dir='ltr'>in</span> <span class='ocrx_word' id='word_1_508' title='bbox 1067 2966 1191 2999; x_wconf 83' lang='lat' dir='ltr'>arteriis</span> <span class='ocrx_word' id='word_1_509' title='bbox 1213 2964 1328 2998; x_wconf 87' lang='lat' dir='ltr'>discri-</span> 
     </span>
     <span class='ocr_line' id='line_1_66' title="bbox 319 3008 1327 3051; baseline -0.007 -4"><span class='ocrx_word' id='word_1_510' title='bbox 319 3025 393 3048; x_wconf 88' lang='lat' dir='ltr'>men</span> <span class='ocrx_word' id='word_1_511' title='bbox 419 3012 446 3046; x_wconf 88' lang='lat' dir='ltr'>se</span> <span class='ocrx_word' id='word_1_512' title='bbox 470 3012 620 3050; x_wconf 89' lang='lat' dir='ltr'>obtulit;</span> <span class='ocrx_word' id='word_1_513' title='bbox 644 3022 723 3046; x_wconf 85' lang='lat' dir='ltr'>vena</span> <span class='ocrx_word' id='word_1_514' title='bbox 748 3020 856 3046; x_wconf 83' lang='lat' dir='ltr'>autern</span> <span class='ocrx_word' id='word_1_515' title='bbox 871 3035 881 3051; x_wconf 92' lang='lat'>‚</span> <span class='ocrx_word' id='word_1_516' title='bbox 905 3009 1036 3043; x_wconf 64' lang='lat' dir='ltr'>sinistrae</span> <span class='ocrx_word' id='word_1_517' title='bbox 1060 3010 1186 3042; x_wconf 88' lang='lat' dir='ltr'>arteriae</span> <span class='ocrx_word' id='word_1_518' title='bbox 1209 3008 1295 3042; x_wconf 87' lang='lat' dir='ltr'>socia</span> <span class='ocrx_word' id='word_1_519' title='bbox 1317 3031 1327 3047; x_wconf 89' lang='lat'>‚</span> 
     </span>
     <span class='ocr_line' id='line_1_67' title="bbox 318 3052 1325 3098; baseline -0.008 -7"><span class='ocrx_word' id='word_1_520' title='bbox 318 3059 418 3091; x_wconf 85' lang='lat' dir='ltr'>tertia</span> <span class='ocrx_word' id='word_1_521' title='bbox 442 3055 555 3089; x_wconf 87' lang='lat' dir='ltr'>saltem</span> <span class='ocrx_word' id='word_1_522' title='bbox 577 3063 666 3098; x_wconf 88' lang='lat' dir='ltr'>parte</span> <span class='ocrx_word' id='word_1_523' title='bbox 690 3054 853 3096; x_wconf 82' lang='lat' dir='ltr'>angustior</span> <span class='ocrx_word' id='word_1_524' title='bbox 877 3053 1052 3096; x_wconf 87' lang='lat' dir='ltr'>apparuit,</span> <span class='ocrx_word' id='word_1_525' title='bbox 1085 3063 1184 3095; x_wconf 90' lang='lat' dir='ltr'>quam</span> <span class='ocrx_word' id='word_1_526' title='bbox 1214 3052 1325 3085; x_wconf 85' lang='lat' dir='ltr'>dexte-</span> 
     </span>
     <span class='ocr_line' id='line_1_68' title="bbox 318 3095 1329 3143; baseline -0.009 -7"><span class='ocrx_word' id='word_1_527' title='bbox 318 3112 384 3136; x_wconf 78' lang='lat' dir='ltr'>1·ae:</span> <span class='ocrx_word' id='word_1_528' title='bbox 410 3102 441 3134; x_wconf 68' lang='grc' dir='ltr'>δε</span> <span class='ocrx_word' id='word_1_529' title='bbox 463 3100 614 3143; x_wconf 87' lang='lat' dir='ltr'>quamvis</span> <span class='ocrx_word' id='word_1_530' title='bbox 636 3099 869 3139; x_wconf 86' lang='lat' dir='ltr'>complicatos,</span> <span class='ocrx_word' id='word_1_531' title='bbox 893 3100 924 3130; x_wconf 83' lang='lat'>&amp;</span> <span class='ocrx_word' id='word_1_532' title='bbox 947 3095 1122 3129; x_wconf 84' lang='lat' dir='ltr'>coalescere</span> <span class='ocrx_word' id='word_1_533' title='bbox 1137 3095 1329 3138; x_wconf 82' lang='lat' dir='ltr'>incipientes.</span> 
     </span>
     <span class='ocr_line' id='line_1_69' title="bbox 317 3140 1327 3188; baseline -0.008 -10"><span class='ocrx_word' id='word_1_534' title='bbox 317 3145 455 3188; x_wconf 85' lang='lat' dir='ltr'>parietes</span> <span class='ocrx_word' id='word_1_535' title='bbox 464 3154 530 3176; x_wconf 89' lang='lat' dir='ltr'>non</span> <span class='ocrx_word' id='word_1_536' title='bbox 541 3141 827 3179; x_wconf 75' lang='lat' dir='ltr'>haberet3habebat</span> <span class='ocrx_word' id='word_1_537' title='bbox 840 3150 946 3175; x_wconf 84' lang='lat' dir='ltr'>tamen</span> <span class='ocrx_word' id='word_1_538' title='bbox 961 3140 1046 3172; x_wconf 90' lang='lat' dir='ltr'>inter</span> <span class='ocrx_word' id='word_1_539' title='bbox 1061 3141 1185 3173; x_wconf 89' lang='lat' dir='ltr'>tunicas</span> <span class='ocrx_word' id='word_1_540' title='bbox 1197 3141 1327 3181; x_wconf 81' lang='lat' dir='ltr'>nigrum</span> 
     </span>
     <span class='ocr_line' id='line_1_70' title="bbox 318 3182 1327 3230; baseline -0.006 -9"><span class='ocrx_word' id='word_1_541' title='bbox 318 3186 406 3230; x_wconf 81' lang='lat' dir='ltr'>quasi</span> <span class='ocrx_word' id='word_1_542' title='bbox 422 3186 609 3229; x_wconf 82' lang='lat' dir='ltr'>sanguinem</span> <span class='ocrx_word' id='word_1_543' title='bbox 623 3208 635 3225; x_wconf 92' lang='lat'>‚</span> <span class='ocrx_word' id='word_1_544' title='bbox 656 3188 687 3220; x_wconf 76' lang='grc' dir='ltr'>δι</span> <span class='ocrx_word' id='word_1_545' title='bbox 702 3183 886 3227; x_wconf 85' lang='lat' dir='ltr'>sanguinem</span> <span class='ocrx_word' id='word_1_546' title='bbox 902 3183 1038 3218; x_wconf 78' lang='lat' dir='ltr'>sortaffis</span> <span class='ocrx_word' id='word_1_547' title='bbox 1051 3182 1118 3221; x_wconf 86' lang='lat' dir='ltr'>‚sed</span> <span class='ocrx_word' id='word_1_548' title='bbox 1132 3194 1148 3216; x_wconf 89' lang='lat' dir='ltr'>a</span> <span class='ocrx_word' id='word_1_549' title='bbox 1159 3184 1258 3225; x_wconf 85' lang='lat' dir='ltr'>longo</span> <span class='ocrx_word' id='word_1_550' title='bbox 1271 3190 1327 3218; x_wconf 83' lang='lat' dir='ltr'>¹ut</span> 
     </span>
     <span class='ocr_line' id='line_1_71' title="bbox 320 3226 1326 3271; baseline -0.005 -7"><span class='ocrx_word' id='word_1_551' title='bbox 320 3230 515 3267; x_wconf 85' lang='lat' dir='ltr'>videbatur,</span> <span class='ocrx_word' id='word_1_552' title='bbox 538 3238 686 3271; x_wconf 88' lang='lat' dir='ltr'>tempore</span> <span class='ocrx_word' id='word_1_553' title='bbox 706 3238 897 3262; x_wconf 87' lang='lat' dir='ltr'>concretum</span> <span class='ocrx_word' id='word_1_554' title='bbox 919 3252 925 3259; x_wconf 94' lang='lat'><strong><em>.</em></strong></span> <span class='ocrx_word' id='word_1_555' title='bbox 964 3227 1027 3260; x_wconf 86' lang='lat' dir='ltr'>His</span> <span class='ocrx_word' id='word_1_556' title='bbox 1050 3227 1095 3259; x_wconf 88' lang='lat' dir='ltr'>ita</span> <span class='ocrx_word' id='word_1_557' title='bbox 1120 3226 1293 3268; x_wconf 70' lang='lat' dir='ltr'>perspeffis</span> <span class='ocrx_word' id='word_1_558' title='bbox 1314 3247 1326 3264; x_wconf 86' lang='lat'>‚</span> 
     </span>
     <span class='ocr_line' id='line_1_72' title="bbox 317 3268 1327 3311; baseline -0.006 -3"><span class='ocrx_word' id='word_1_559' title='bbox 317 3274 567 3308; x_wconf 86' lang='lat' dir='ltr'>claudicationis</span> <span class='ocrx_word' id='word_1_560' title='bbox 589 3272 739 3311; x_wconf 82' lang='lat' dir='ltr'>causam,</span> <span class='ocrx_word' id='word_1_561' title='bbox 762 3276 889 3306; x_wconf 71' lang='lat' dir='ltr'>retecto</span> <span class='ocrx_word' id='word_1_562' title='bbox 912 3269 1031 3304; x_wconf 80' lang='lat' dir='ltr'>sinistri</span> <span class='ocrx_word' id='word_1_563' title='bbox 1076 3268 1225 3303; x_wconf 89' lang='lat' dir='ltr'>femoris·</span> <span class='ocrx_word' id='word_1_564' title='bbox 1252 3279 1327 3303; x_wconf 92' lang='lat' dir='ltr'>cum</span> 
     </span>
     <span class='ocr_line' id='line_1_73' title="bbox 318 3311 1328 3357; baseline -0.006 -6"><span class='ocrx_word' id='word_1_565' title='bbox 318 3317 532 3351; x_wconf 84' lang='lat' dir='ltr'>Innominato</span> <span class='ocrx_word' id='word_1_566' title='bbox 555 3315 618 3350; x_wconf 80' lang='lat' dir='ltr'>osse</span> <span class='ocrx_word' id='word_1_567' title='bbox 643 3314 803 3354; x_wconf 85' lang='lat' dir='ltr'>articulo,</span> <span class='ocrx_word' id='word_1_568' title='bbox 826 3314 979 3357; x_wconf 77' lang='lat' dir='ltr'>quaesivi:</span> <span class='ocrx_word' id='word_1_569' title='bbox 1004 3315 1216 3356; x_wconf 83' lang='lat' dir='ltr'>occurritque</span> <span class='ocrx_word' id='word_1_570' title='bbox 1240 3311 1328 3346; x_wconf 86' lang='lat' dir='ltr'>osfe-</span> 
     </span>
     <span class='ocr_line' id='line_1_74' title="bbox 320 3357 1327 3401; baseline -0.005 -7"><span class='ocrx_word' id='word_1_571' title='bbox 320 3361 421 3394; x_wconf 84' lang='lat' dir='ltr'>moris</span> <span class='ocrx_word' id='word_1_572' title='bbox 445 3361 588 3399; x_wconf 87' lang='lat' dir='ltr'>cervice,</span> <span class='ocrx_word' id='word_1_573' title='bbox 611 3358 645 3392; x_wconf 68' lang='lat' dir='ltr'>dc</span> <span class='ocrx_word' id='word_1_574' title='bbox 669 3359 776 3401; x_wconf 87' lang='lat' dir='ltr'>capite</span> <span class='ocrx_word' id='word_1_575' title='bbox 798 3360 971 3392; x_wconf 89' lang='lat' dir='ltr'>orbatum.</span> <span class='ocrx_word' id='word_1_576' title='bbox 996 3357 1159 3398; x_wconf 67' lang='lat' dir='ltr'>Ercapur</span> <span class='ocrx_word' id='word_1_577' title='bbox 1194 3357 1327 3399; x_wconf 90' lang='lat' dir='ltr'>quidem</span> 
     </span>
     <span class='ocr_line' id='line_1_75' title="bbox 318 3400 1326 3442; baseline -0.004 -6"><span class='ocrx_word' id='word_1_578' title='bbox 318 3404 353 3437; x_wconf 89' lang='lat' dir='ltr'>in</span> <span class='ocrx_word' id='word_1_579' title='bbox 378 3404 435 3438; x_wconf 86' lang='lat' dir='ltr'>suo</span> <span class='ocrx_word' id='word_1_580' title='bbox 458 3403 629 3437; x_wconf 88' lang='lat' dir='ltr'>acetabulo</span> <span class='ocrx_word' id='word_1_581' title='bbox 651 3401 793 3436; x_wconf 80' lang='lat' dir='ltr'>haerebat</span> <span class='ocrx_word' id='word_1_582' title='bbox 820 3401 971 3438; x_wconf 81' lang='lat' dir='ltr'>affixum,</span> <span class='ocrx_word' id='word_1_583' title='bbox 994 3400 1183 3442; x_wconf 84' lang='lat' dir='ltr'>cartilagine</span> <span class='ocrx_word' id='word_1_584' title='bbox 1219 3410 1326 3434; x_wconf 89' lang='lat' dir='ltr'>tamen</span> 
     </span>
     <span class='ocr_line' id='line_1_76' title="bbox 317 3443 1325 3488; baseline -0.003 -8"><span class='ocrx_word' id='word_1_585' title='bbox 317 3458 382 3488; x_wconf 87' lang='lat' dir='ltr'>qua</span> <span class='ocrx_word' id='word_1_586' title='bbox 407 3445 525 3481; x_wconf 87' lang='lat' dir='ltr'>horum</span> <span class='ocrx_word' id='word_1_587' title='bbox 546 3456 720 3486; x_wconf 86' lang='lat' dir='ltr'>utrumque</span> <span class='ocrx_word' id='word_1_588' title='bbox 744 3445 959 3479; x_wconf 80' lang='lat' dir='ltr'>incrustatum</span> <span class='ocrx_word' id='word_1_589' title='bbox 982 3443 1087 3477; x_wconf 88' lang='lat' dir='ltr'>fuerat</span> <span class='ocrx_word' id='word_1_590' title='bbox 1104 3465 1113 3480; x_wconf 89' lang='lat'>‚</span> <span class='ocrx_word' id='word_1_591' title='bbox 1159 3444 1213 3478; x_wconf 88' lang='lat' dir='ltr'>hic</span> <span class='ocrx_word' id='word_1_592' title='bbox 1257 3443 1325 3477; x_wconf 84' lang='lat' dir='ltr'>illic</span> 
     </span>
     <span class='ocr_line' id='line_1_77' title="bbox 318 3486 1326 3533; baseline -0.003 -11"><span class='ocrx_word' id='word_1_593' title='bbox 318 3489 428 3523; x_wconf 81' lang='lat' dir='ltr'>exesa.-</span> <span class='ocrx_word' id='word_1_594' title='bbox 450 3491 531 3533; x_wconf 88' lang='lat' dir='ltr'>quin</span> <span class='ocrx_word' id='word_1_595' title='bbox 555 3488 637 3523; x_wconf 77' lang='lat' dir='ltr'>ossea</span> <span class='ocrx_word' id='word_1_596' title='bbox 661 3489 778 3529; x_wconf 86' lang='lat' dir='ltr'>capitis</span> <span class='ocrx_word' id='word_1_597' title='bbox 800 3487 898 3530; x_wconf 83' lang='lat' dir='ltr'>ipsius</span> <span class='ocrx_word' id='word_1_598' title='bbox 924 3486 1098 3521; x_wconf 84' lang='lat' dir='ltr'>substantia</span> <span class='ocrx_word' id='word_1_599' title='bbox 1121 3494 1191 3520; x_wconf 90' lang='lat' dir='ltr'>tum</span> <span class='ocrx_word' id='word_1_600' title='bbox 1213 3498 1275 3530; x_wconf 91' lang='lat' dir='ltr'>qua</span> <span class='ocrx_word' id='word_1_601' title='bbox 1288 3486 1326 3520; x_wconf 83' lang='lat' dir='ltr'>si-</span> 
     </span>
     <span class='ocr_line' id='line_1_78' title="bbox 320 3530 1326 3576; baseline -0.002 -10"><span class='ocrx_word' id='word_1_602' title='bbox 320 3532 458 3568; x_wconf 84' lang='lat' dir='ltr'>nistrum</span> <span class='ocrx_word' id='word_1_603' title='bbox 482 3533 641 3568; x_wconf 86' lang='lat' dir='ltr'>acetabuli</span> <span class='ocrx_word' id='word_1_604' title='bbox 664 3530 826 3574; x_wconf 76' lang='lat' dir='ltr'>spec&#39;tabat</span> <span class='ocrx_word' id='word_1_605' title='bbox 851 3532 1029 3576; x_wconf 82' lang='lat' dir='ltr'>parietem,</span> <span class='ocrx_word' id='word_1_606' title='bbox 1053 3539 1125 3564; x_wconf 86' lang='lat' dir='ltr'>tum</span> <span class='ocrx_word' id='word_1_607' title='bbox 1157 3542 1219 3574; x_wconf 89' lang='lat' dir='ltr'>qua</span> <span class='ocrx_word' id='word_1_608' title='bbox 1251 3541 1326 3566; x_wconf 90' lang='lat' dir='ltr'>cum</span> 
     </span>
    </p>
   </div>
   <div class='ocr_carea' id='block_1_3' title="bbox 382 3722 1235 3785">
    <p class='ocr_par' dir='ltr' id='par_1_5' title="bbox 382 3722 1235 3785">
     <span class='ocr_line' id='line_1_79' title="bbox 382 3722 1218 3757; baseline -0.002 -9"><span class='ocrx_word' id='word_1_609' title='bbox 382 3722 396 3750; x_wconf 90' lang='lat'><strong>(</strong></span> <span class='ocrx_word' id='word_1_610' title='bbox 411 3730 424 3746; x_wconf 73' lang='grc' dir='ltr'>ι</span> <span class='ocrx_word' id='word_1_611' title='bbox 441 3725 451 3748; x_wconf 84' lang='grc'><strong><em>&gt;</em></strong></span> <span class='ocrx_word' id='word_1_612' title='bbox 467 3722 519 3757; x_wconf 58' lang='lat' dir='ltr'>AQ-</span> <span class='ocrx_word' id='word_1_613' title='bbox 537 3726 571 3748; x_wconf 80' lang='lat' dir='ltr'>N.</span> <span class='ocrx_word' id='word_1_614' title='bbox 589 3726 619 3749; x_wconf 81' lang='lat' dir='ltr'>e.</span> <span class='ocrx_word' id='word_1_615' title='bbox 637 3726 712 3749; x_wconf 85' lang='lat' dir='ltr'>Tom.</span> <span class='ocrx_word' id='word_1_616' title='bbox 729 3732 752 3749; x_wconf 79' lang='lat'>2.</span> <span class='ocrx_word' id='word_1_617' title='bbox 770 3724 830 3751; x_wconf 78' lang='lat' dir='ltr'>Qbs.</span> <span class='ocrx_word' id='word_1_618' title='bbox 847 3728 901 3753; x_wconf 86' lang='lat'><strong>167.</strong></span> <span class='ocrx_word' id='word_1_619' title='bbox 964 3723 977 3750; x_wconf 91' lang='lat'>(</span> <span class='ocrx_word' id='word_1_620' title='bbox 993 3730 1008 3751; x_wconf 74' lang='grc' dir='ltr'><strong><em>Ρ</em></strong></span> <span class='ocrx_word' id='word_1_621' title='bbox 1023 3724 1037 3752; x_wconf 85' lang='grc'>)</span> <span class='ocrx_word' id='word_1_622' title='bbox 1053 3724 1135 3753; x_wconf 83' lang='lat' dir='ltr'>supra,</span> <span class='ocrx_word' id='word_1_623' title='bbox 1153 3731 1177 3747; x_wconf 90' lang='lat' dir='ltr'>n.</span> <span class='ocrx_word' id='word_1_624' title='bbox 1193 3732 1218 3751; x_wconf 70' lang='lat'>4.</span> 
     </span>
     <span class='ocr_line' id='line_1_80' title="bbox 394 3752 1235 3785; baseline 0 -7"><span class='ocrx_word' id='word_1_625' title='bbox 394 3752 402 3774; x_wconf 88' lang='lat' dir='ltr'>l</span> <span class='ocrx_word' id='word_1_626' title='bbox 416 3752 456 3783; x_wconf 73' lang='grc'>[3</span> <span class='ocrx_word' id='word_1_627' title='bbox 476 3755 533 3778; x_wconf 80' lang='lat' dir='ltr'>Vid.</span> <span class='ocrx_word' id='word_1_628' title='bbox 551 3754 626 3784; x_wconf 76' lang='lat' dir='ltr'>Epist.</span> <span class='ocrx_word' id='word_1_629' title='bbox 643 3762 680 3784; x_wconf 64' lang='grc' dir='ltr'>ῃ.</span> <span class='ocrx_word' id='word_1_630' title='bbox 697 3762 722 3779; x_wconf 88' lang='lat' dir='ltr'>n.</span> <span class='ocrx_word' id='word_1_631' title='bbox 740 3761 778 3781; x_wconf 84' lang='lat'>22.</span> <span class='ocrx_word' id='word_1_632' title='bbox 796 3754 837 3781; x_wconf 84' lang='lat' dir='ltr'>ubi</span> <span class='ocrx_word' id='word_1_633' title='bbox 854 3755 878 3780; x_wconf 72' lang='grc' dir='ltr'>δι</span> <span class='ocrx_word' id='word_1_634' title='bbox 892 3754 942 3780; x_wconf 81' lang='lat' dir='ltr'>haec</span> <span class='ocrx_word' id='word_1_635' title='bbox 956 3752 1054 3779; x_wconf 76' lang='lat' dir='ltr'>historia</span> <span class='ocrx_word' id='word_1_636' title='bbox 1069 3753 1235 3785; x_wconf 76' lang='lat' dir='ltr'>promittitur.</span> 
     </span>
    </p>
   </div>
   <div class='ocr_carea' id='block_1_4' title="bbox 1282 3721 1435 3752">
    <p class='ocr_par' dir='ltr' id='par_1_6' title="bbox 1282 3721 1435 3752">
     <span class='ocr_line' id='line_1_81' title="bbox 1282 3721 1435 3752; baseline -0.039 0"><span class='ocrx_word' id='word_1_637' title='bbox 1282 3723 1296 3752; x_wconf 91' lang='grc'>(</span> <span class='ocrx_word' id='word_1_638' title='bbox 1312 3731 1326 3752; x_wconf 71' lang='lat' dir='ltr'><em>q</em></span> <span class='ocrx_word' id='word_1_639' title='bbox 1342 3723 1355 3752; x_wconf 83' lang='grc'>)</span> <span class='ocrx_word' id='word_1_640' title='bbox 1372 3721 1435 3749; x_wconf 75' lang='lat' dir='ltr'>lbid.</span> 
     </span>
    </p>
   </div>
   <div class='ocr_carea' id='block_1_5' title="bbox 623 107 2105 214">
    <p class='ocr_par' dir='ltr' id='par_1_7' title="bbox 623 107 2105 216">
     <span class='ocr_line' id='line_1_82' title="bbox 623 107 2105 214; baseline -0.003 -10"><span class='ocrx_word' id='word_1_641' title='bbox 623 150 783 204; x_wconf 88' lang='lat' dir='ltr'>Liber</span> <span class='ocrx_word' id='word_1_642' title='bbox 797 150 891 202; x_wconf 83' lang='lat' dir='ltr'>IV.</span> <span class='ocrx_word' id='word_1_643' title='bbox 909 146 993 201; x_wconf 87' lang='lat' dir='ltr'>De</span> <span class='ocrx_word' id='word_1_644' title='bbox 1019 147 1221 200; x_wconf 86' lang='lat' dir='ltr'>Morbis</span> <span class='ocrx_word' id='word_1_645' title='bbox 1238 147 1561 214; x_wconf 81' lang='lat' dir='ltr'>Chirurgicis</span> <span class='ocrx_word' id='word_1_646' title='bbox 1577 184 1593 207; x_wconf 90' lang='lat'>,</span> <span class='ocrx_word' id='word_1_647' title='bbox 1628 146 1684 198; x_wconf 69' lang='grc' dir='ltr'>ὃ(</span> <span class='ocrx_word' id='word_1_648' title='bbox 1709 107 2105 199; x_wconf 81' lang='lat' dir='ltr'>Universalibus</span> 
     </span>
    </p>
   </div>
   <div class='ocr_carea' id='block_1_6' title="bbox 1383 224 2396 878">
    <p class='ocr_par' dir='ltr' id='par_1_8' title="bbox 1383 224 2396 878">
     <span class='ocr_line' id='line_1_83' title="bbox 1385 224 2387 272; baseline 0.003 -12"><span class='ocrx_word' id='word_1_649' title='bbox 1385 227 1511 261; x_wconf 86' lang='lat' dir='ltr'>cervice</span> <span class='ocrx_word' id='word_1_650' title='bbox 1530 227 1612 260; x_wconf 89' lang='lat' dir='ltr'>olim</span> <span class='ocrx_word' id='word_1_651' title='bbox 1633 224 1832 266; x_wconf 69' lang='lat' dir='ltr'>cohaeserat,</span> <span class='ocrx_word' id='word_1_652' title='bbox 1853 236 1918 259; x_wconf 89' lang='lat' dir='ltr'>non</span> <span class='ocrx_word' id='word_1_653' title='bbox 1941 234 2007 260; x_wconf 87' lang='lat' dir='ltr'>erat</span> <span class='ocrx_word' id='word_1_654' title='bbox 2038 227 2164 272; x_wconf 86' lang='lat' dir='ltr'>integra</span> <span class='ocrx_word' id='word_1_655' title='bbox 2184 233 2195 263; x_wconf 72' lang='grc' dir='ltr'>ζ</span> <span class='ocrx_word' id='word_1_656' title='bbox 2237 229 2387 266; x_wconf 82' lang='lat' dir='ltr'>Cervicis</span> 
     </span>
     <span class='ocr_line' id='line_1_84' title="bbox 1388 268 2393 315; baseline 0.005 -12"><span class='ocrx_word' id='word_1_657' title='bbox 1388 276 1496 304; x_wconf 87' lang='lat' dir='ltr'>autem</span> <span class='ocrx_word' id='word_1_658' title='bbox 1518 270 1687 313; x_wconf 83' lang='lat' dir='ltr'>vestigium</span> <span class='ocrx_word' id='word_1_659' title='bbox 1711 268 1871 312; x_wconf 86' lang='lat' dir='ltr'>supererat</span> <span class='ocrx_word' id='word_1_660' title='bbox 1895 271 2041 306; x_wconf 80' lang='lat' dir='ltr'>nullum,</span> <span class='ocrx_word' id='word_1_661' title='bbox 2076 270 2099 304; x_wconf 82' lang='lat' dir='ltr'>si</span> <span class='ocrx_word' id='word_1_662' title='bbox 2132 271 2216 306; x_wconf 84' lang='lat' dir='ltr'>ossea</span> <span class='ocrx_word' id='word_1_663' title='bbox 2247 273 2393 315; x_wconf 85' lang='lat' dir='ltr'>quaedam</span> 
     </span>
     <span class='ocr_line' id='line_1_85' title="bbox 1387 313 2393 357; baseline 0.004 -10"><span class='ocrx_word' id='word_1_664' title='bbox 1387 313 1567 356; x_wconf 79' lang='lat' dir='ltr'>fragmenta</span> <span class='ocrx_word' id='word_1_665' title='bbox 1591 315 1773 354; x_wconf 88' lang='lat' dir='ltr'>exciperes,</span> <span class='ocrx_word' id='word_1_666' title='bbox 1795 313 1977 355; x_wconf 81' lang='lat' dir='ltr'>ligamentis</span> <span class='ocrx_word' id='word_1_667' title='bbox 2000 313 2112 348; x_wconf 89' lang='lat' dir='ltr'>adnata</span> <span class='ocrx_word' id='word_1_668' title='bbox 2137 315 2227 349; x_wconf 86' lang='lat' dir='ltr'>valde</span> <span class='ocrx_word' id='word_1_669' title='bbox 2257 317 2359 351; x_wconf 79' lang='lat' dir='ltr'>eraffis</span> <span class='ocrx_word' id='word_1_670' title='bbox 2379 339 2393 357; x_wconf 87' lang='lat'><em>,</em></span> 
     </span>
     <span class='ocr_line' id='line_1_86' title="bbox 1387 354 2391 401; baseline 0.006 -12"><span class='ocrx_word' id='word_1_671' title='bbox 1387 358 1420 389; x_wconf 79' lang='grc' dir='ltr'>δι</span> <span class='ocrx_word' id='word_1_672' title='bbox 1441 356 1530 390; x_wconf 86' lang='lat' dir='ltr'>duris</span> <span class='ocrx_word' id='word_1_673' title='bbox 1544 382 1554 397; x_wconf 89' lang='lat'>,</span> <span class='ocrx_word' id='word_1_674' title='bbox 1578 358 1611 389; x_wconf 90' lang='lat' dir='ltr'>in</span> <span class='ocrx_word' id='word_1_675' title='bbox 1635 368 1710 398; x_wconf 81' lang='lat' dir='ltr'>quae</span> <span class='ocrx_word' id='word_1_676' title='bbox 1732 354 1894 398; x_wconf 86' lang='lat' dir='ltr'>capsulare</span> <span class='ocrx_word' id='word_1_677' title='bbox 1916 356 2004 398; x_wconf 88' lang='lat' dir='ltr'>quod</span> <span class='ocrx_word' id='word_1_678' title='bbox 2028 368 2146 392; x_wconf 89' lang='lat' dir='ltr'>vocant</span> <span class='ocrx_word' id='word_1_679' title='bbox 2177 358 2391 401; x_wconf 81' lang='lat' dir='ltr'>ligamentum</span> 
     </span>
     <span class='ocr_line' id='line_1_87' title="bbox 1389 399 2392 442; baseline 0.006 -10"><span class='ocrx_word' id='word_1_680' title='bbox 1389 399 1498 433; x_wconf 77' lang='lat' dir='ltr'>abiisle</span> <span class='ocrx_word' id='word_1_681' title='bbox 1521 399 1711 436; x_wconf 76' lang='lat' dir='ltr'>videbatur3</span> <span class='ocrx_word' id='word_1_682' title='bbox 1739 399 1806 433; x_wconf 85' lang='lat' dir='ltr'>haec</span> <span class='ocrx_word' id='word_1_683' title='bbox 1830 408 1915 433; x_wconf 85' lang='lat' dir='ltr'>certe</span> <span class='ocrx_word' id='word_1_684' title='bbox 1937 412 1953 434; x_wconf 87' lang='lat' dir='ltr'>a</span> <span class='ocrx_word' id='word_1_685' title='bbox 1978 403 2122 442; x_wconf 78' lang='lat' dir='ltr'>margine</span> <span class='ocrx_word' id='word_1_686' title='bbox 2157 403 2315 437; x_wconf 87' lang='lat' dir='ltr'>acetabuli</span> <span class='ocrx_word' id='word_1_687' title='bbox 2353 403 2392 438; x_wconf 89' lang='lat' dir='ltr'>ad</span> 
     </span>
     <span class='ocr_line' id='line_1_88' title="bbox 1389 440 2394 488; baseline 0 -11"><span class='ocrx_word' id='word_1_688' title='bbox 1389 454 1457 478; x_wconf 81' lang='lat' dir='ltr'>eam</span> <span class='ocrx_word' id='word_1_689' title='bbox 1482 453 1605 485; x_wconf 91' lang='lat' dir='ltr'>partem</span> <span class='ocrx_word' id='word_1_690' title='bbox 1628 443 1744 478; x_wconf 85' lang='lat' dir='ltr'>summi</span> <span class='ocrx_word' id='word_1_691' title='bbox 1767 442 1839 476; x_wconf 83' lang='lat' dir='ltr'>offis</span> <span class='ocrx_word' id='word_1_692' title='bbox 1861 440 1996 477; x_wconf 86' lang='lat' dir='ltr'>femoris</span> <span class='ocrx_word' id='word_1_693' title='bbox 2020 455 2058 478; x_wconf 86' lang='lat' dir='ltr'>ex</span> <span class='ocrx_word' id='word_1_694' title='bbox 2081 456 2145 487; x_wconf 86' lang='lat' dir='ltr'>qua</span> <span class='ocrx_word' id='word_1_695' title='bbox 2167 446 2394 488; x_wconf 86' lang='lat' dir='ltr'>olimincipie-</span> 
     </span>
     <span class='ocr_line' id='line_1_89' title="bbox 1388 485 2396 530; baseline 0.003 -9"><span class='ocrx_word' id='word_1_696' title='bbox 1388 486 1444 521; x_wconf 87' lang='lat' dir='ltr'>bat</span> <span class='ocrx_word' id='word_1_697' title='bbox 1468 489 1599 525; x_wconf 85' lang='lat' dir='ltr'>cervix,</span> <span class='ocrx_word' id='word_1_698' title='bbox 1622 487 1909 528; x_wconf 86' lang='lat' dir='ltr'>producebantur,</span> <span class='ocrx_word' id='word_1_699' title='bbox 1932 485 2104 530; x_wconf 85' lang='lat' dir='ltr'>femurque</span> <span class='ocrx_word' id='word_1_700' title='bbox 2129 488 2167 522; x_wconf 91' lang='lat' dir='ltr'>ad</span> <span class='ocrx_word' id='word_1_701' title='bbox 2203 501 2274 524; x_wconf 84' lang='lat' dir='ltr'>eum</span> <span class='ocrx_word' id='word_1_702' title='bbox 2311 501 2396 524; x_wconf 89' lang='lat' dir='ltr'>mar-</span> 
     </span>
     <span class='ocr_line' id='line_1_90' title="bbox 1388 531 2392 573; baseline 0.004 -10"><span class='ocrx_word' id='word_1_703' title='bbox 1388 532 1498 573; x_wconf 82' lang='lat' dir='ltr'>ginem</span> <span class='ocrx_word' id='word_1_704' title='bbox 1522 531 1697 573; x_wconf 84' lang='lat' dir='ltr'>alligabant</span> <span class='ocrx_word' id='word_1_705' title='bbox 1712 556 1719 563; x_wconf 90' lang='lat'>.</span> <span class='ocrx_word' id='word_1_706' title='bbox 1745 532 1783 571; x_wconf 82' lang='lat' dir='ltr'>In</span> <span class='ocrx_word' id='word_1_707' title='bbox 1807 541 1887 562; x_wconf 91' lang='lat' dir='ltr'>cavo</span> <span class='ocrx_word' id='word_1_708' title='bbox 1911 539 2018 565; x_wconf 86' lang='lat' dir='ltr'>autem</span> <span class='ocrx_word' id='word_1_709' title='bbox 2042 531 2130 573; x_wconf 90' lang='lat' dir='ltr'>quod</span> <span class='ocrx_word' id='word_1_710' title='bbox 2154 534 2288 567; x_wconf 81' lang='lat' dir='ltr'>cervicis</span> <span class='ocrx_word' id='word_1_711' title='bbox 2318 535 2392 568; x_wconf 92' lang='lat' dir='ltr'>loco</span> 
     </span>
     <span class='ocr_line' id='line_1_91' title="bbox 1387 572 2395 614; baseline -0.001 -8"><span class='ocrx_word' id='word_1_712' title='bbox 1387 574 1660 614; x_wconf 84' lang='lat' dir='ltr'>intercipiebant,</span> <span class='ocrx_word' id='word_1_713' title='bbox 1683 572 1880 608; x_wconf 83' lang='lat' dir='ltr'>craffiuscula</span> <span class='ocrx_word' id='word_1_714' title='bbox 1905 576 2007 607; x_wconf 85' lang='lat' dir='ltr'>inerat</span> <span class='ocrx_word' id='word_1_715' title='bbox 2032 578 2165 608; x_wconf 83' lang='lat' dir='ltr'>materia</span> <span class='ocrx_word' id='word_1_716' title='bbox 2188 586 2304 611; x_wconf 86' lang='lat' dir='ltr'>carneo</span> <span class='ocrx_word' id='word_1_717' title='bbox 2337 589 2395 611; x_wconf 87' lang='lat' dir='ltr'>co..</span> 
     </span>
     <span class='ocr_line' id='line_1_92' title="bbox 1386 615 2393 658; baseline 0.004 -8"><span class='ocrx_word' id='word_1_718' title='bbox 1386 617 1453 651; x_wconf 88' lang='lat' dir='ltr'>lore</span> <span class='ocrx_word' id='word_1_719' title='bbox 1471 643 1480 658; x_wconf 92' lang='lat'>,</span> <span class='ocrx_word' id='word_1_720' title='bbox 1503 617 1552 651; x_wconf 86' lang='lat' dir='ltr'>sed</span> <span class='ocrx_word' id='word_1_721' title='bbox 1576 616 1666 651; x_wconf 90' lang='lat' dir='ltr'>fusco</span> <span class='ocrx_word' id='word_1_722' title='bbox 1681 642 1690 654; x_wconf 89' lang='lat'><em>‚</em></span> <span class='ocrx_word' id='word_1_723' title='bbox 1713 620 1746 650; x_wconf 86' lang='lat'>&amp;</span> <span class='ocrx_word' id='word_1_724' title='bbox 1768 615 1941 653; x_wconf 81' lang='lat' dir='ltr'>obsoleto,</span> <span class='ocrx_word' id='word_1_725' title='bbox 1962 628 2030 654; x_wconf 75' lang='lat' dir='ltr'>‚non</span> <span class='ocrx_word' id='word_1_726' title='bbox 2054 615 2168 653; x_wconf 76' lang='lat' dir='ltr'>foetida</span> <span class='ocrx_word' id='word_1_727' title='bbox 2184 629 2308 656; x_wconf 80' lang='lat' dir='ltr'>tamen,</span> <span class='ocrx_word' id='word_1_728' title='bbox 2334 631 2393 654; x_wconf 88' lang='lat' dir='ltr'>nec</span> 
     </span>
     <span class='ocr_line' id='line_1_93' title="bbox 1387 660 2394 699; baseline 0.004 -6"><span class='ocrx_word' id='word_1_729' title='bbox 1387 660 1489 694; x_wconf 86' lang='lat' dir='ltr'>multa</span> <span class='ocrx_word' id='word_1_730' title='bbox 1506 685 1514 693; x_wconf 86' lang='lat'>.</span> <span class='ocrx_word' id='word_1_731' title='bbox 1539 664 1656 695; x_wconf 83' lang='lat' dir='ltr'>Praeter</span> <span class='ocrx_word' id='word_1_732' title='bbox 1679 661 1769 698; x_wconf 72' lang='lat' dir='ltr'>haec,</span> <span class='ocrx_word' id='word_1_733' title='bbox 1793 671 1829 693; x_wconf 89' lang='lat' dir='ltr'>os</span> <span class='ocrx_word' id='word_1_734' title='bbox 1866 662 2108 696; x_wconf 78' lang='lat' dir='ltr'>innominatum</span> <span class='ocrx_word' id='word_1_735' title='bbox 2143 663 2303 699; x_wconf 83' lang='lat' dir='ltr'>sinistrum</span> <span class='ocrx_word' id='word_1_736' title='bbox 2335 675 2394 699; x_wconf 87' lang='lat' dir='ltr'>an-</span> 
     </span>
     <span class='ocr_line' id='line_1_94' title="bbox 1385 704 2393 750; baseline 0.001 -13"><span class='ocrx_word' id='word_1_737' title='bbox 1385 704 1527 737; x_wconf 89' lang='lat' dir='ltr'>trorsum</span> <span class='ocrx_word' id='word_1_738' title='bbox 1552 705 1652 746; x_wconf 77' lang='lat' dir='ltr'>magis</span> <span class='ocrx_word' id='word_1_739' title='bbox 1675 704 2021 746; x_wconf 67' lang='lat' dir='ltr'>prominebat„quam</span> <span class='ocrx_word' id='word_1_740' title='bbox 2044 705 2239 744; x_wconf 80' lang='lat' dir='ltr'>dexterum3</span> <span class='ocrx_word' id='word_1_741' title='bbox 2266 718 2393 750; x_wconf 63' lang='lat' dir='ltr'>utpro,</span> 
     </span>
     <span class='ocr_line' id='line_1_95' title="bbox 1384 746 2394 793; baseline -0.001 -12"><span class='ocrx_word' id='word_1_742' title='bbox 1384 748 1467 782; x_wconf 88' lang='lat' dir='ltr'>clive</span> <span class='ocrx_word' id='word_1_743' title='bbox 1493 746 1565 781; x_wconf 70' lang='lat' dir='ltr'>esset</span> <span class='ocrx_word' id='word_1_744' title='bbox 1590 748 1769 790; x_wconf 77' lang='lat' dir='ltr'>suspicari,</span> <span class='ocrx_word' id='word_1_745' title='bbox 1791 749 2025 793; x_wconf 75' lang='lat' dir='ltr'>quaeexrerior</span> <span class='ocrx_word' id='word_1_746' title='bbox 2049 750 2205 785; x_wconf 73' lang='lat' dir='ltr'>violentia</span> <span class='ocrx_word' id='word_1_747' title='bbox 2229 751 2305 785; x_wconf 86' lang='lat' dir='ltr'>huic</span> <span class='ocrx_word' id='word_1_748' title='bbox 2331 751 2394 785; x_wconf 67' lang='grc' dir='ltr'>[σε-</span> 
     </span>
     <span class='ocr_line' id='line_1_96' title="bbox 1384 791 2394 834; baseline 0.003 -11"><span class='ocrx_word' id='word_1_749' title='bbox 1384 792 1501 829; x_wconf 79' lang='lat' dir='ltr'>minae‚</span> <span class='ocrx_word' id='word_1_750' title='bbox 1524 802 1600 827; x_wconf 87' lang='lat' dir='ltr'>cum</span> <span class='ocrx_word' id='word_1_751' title='bbox 1623 792 1760 830; x_wconf 86' lang='lat' dir='ltr'>tenella,</span> <span class='ocrx_word' id='word_1_752' title='bbox 1786 800 1842 824; x_wconf 90' lang='lat' dir='ltr'>aut</span> <span class='ocrx_word' id='word_1_753' title='bbox 1864 791 1975 834; x_wconf 68' lang='lat' dir='ltr'>junior</span> <span class='ocrx_word' id='word_1_754' title='bbox 1998 791 2071 826; x_wconf 88' lang='lat' dir='ltr'>esset</span> <span class='ocrx_word' id='word_1_755' title='bbox 2086 815 2095 829; x_wconf 90' lang='lat'><em>‚</em></span> <span class='ocrx_word' id='word_1_756' title='bbox 2119 791 2253 827; x_wconf 86' lang='lat' dir='ltr'>femoris</span> <span class='ocrx_word' id='word_1_757' title='bbox 2286 795 2394 827; x_wconf 83' lang='lat' dir='ltr'>cervi-</span> 
     </span>
     <span class='ocr_line' id='line_1_97' title="bbox 1383 833 2394 878; baseline 0.003 -10"><span class='ocrx_word' id='word_1_758' title='bbox 1383 846 1452 869; x_wconf 89' lang='lat' dir='ltr'>cem</span> <span class='ocrx_word' id='word_1_759' title='bbox 1477 833 1639 878; x_wconf 83' lang='lat' dir='ltr'>fregerat,</span> <span class='ocrx_word' id='word_1_760' title='bbox 1661 835 1791 871; x_wconf 85' lang='lat' dir='ltr'>eandem</span> <span class='ocrx_word' id='word_1_761' title='bbox 1815 845 1851 868; x_wconf 89' lang='lat' dir='ltr'>os</span> <span class='ocrx_word' id='word_1_762' title='bbox 1882 845 2014 878; x_wconf 85' lang='lat' dir='ltr'>quoque</span> <span class='ocrx_word' id='word_1_763' title='bbox 2060 836 2308 874; x_wconf 76' lang='lat' dir='ltr'>Innominatum</span> <span class='ocrx_word' id='word_1_764' title='bbox 2343 838 2394 871; x_wconf 89' lang='lat' dir='ltr'>lu-</span> 
     </span>
    </p>
   </div>
   <div class='ocr_carea' id='block_1_7' title="bbox 1372 878 1484 914">
    <p class='ocr_par' dir='ltr' id='par_1_9' title="bbox 1372 878 1484 914">
     <span class='ocr_line' id='line_1_98' title="bbox 1372 878 1484 914; baseline 0 -2"><span class='ocrx_word' id='word_1_765' title='bbox 1372 878 1465 914; x_wconf 52' lang='lat' dir='ltr'>1xaffe</span> <span class='ocrx_word' id='word_1_766' title='bbox 1476 902 1484 912; x_wconf 86' lang='lat'>.</span> 
     </span>
    </p>
   </div>
   <div class='ocr_carea' id='block_1_8' title="bbox 1375 919 2420 3531">
    <p class='ocr_par' dir='ltr' id='par_1_10' title="bbox 1377 919 2420 2303">
     <span class='ocr_line' id='line_1_99' title="bbox 1430 919 2393 967; baseline -0.003 -13"><span class='ocrx_word' id='word_1_767' title='bbox 1430 933 1480 958; x_wconf 78' lang='grc' dir='ltr'>ιι.</span> <span class='ocrx_word' id='word_1_768' title='bbox 1505 920 1813 957; x_wconf 59' lang='lat' dir='ltr'>&amp;Observationes</span> <span class='ocrx_word' id='word_1_769' title='bbox 1837 919 1892 955; x_wconf 90' lang='lat' dir='ltr'>has</span> <span class='ocrx_word' id='word_1_770' title='bbox 1913 921 1991 955; x_wconf 86' lang='lat' dir='ltr'>duas</span> <span class='ocrx_word' id='word_1_771' title='bbox 2013 920 2099 954; x_wconf 86' lang='lat' dir='ltr'>inter</span> <span class='ocrx_word' id='word_1_772' title='bbox 2131 922 2162 957; x_wconf 85' lang='lat' dir='ltr'>se</span> <span class='ocrx_word' id='word_1_773' title='bbox 2185 934 2393 967; x_wconf 69' lang='lat' dir='ltr'>compar-ave-</span> 
     </span>
     <span class='ocr_line' id='line_1_100' title="bbox 1386 962 2395 1010; baseline 0.003 -12"><span class='ocrx_word' id='word_1_774' title='bbox 1386 965 1453 1003; x_wconf 84' lang='lat' dir='ltr'>ris;</span> <span class='ocrx_word' id='word_1_775' title='bbox 1477 965 1511 999; x_wconf 88' lang='lat' dir='ltr'>in</span> <span class='ocrx_word' id='word_1_776' title='bbox 1536 977 1605 1000; x_wconf 86' lang='lat' dir='ltr'>eam</span> <span class='ocrx_word' id='word_1_777' title='bbox 1628 966 1820 1007; x_wconf 81' lang='lat' dir='ltr'>opinionem</span> <span class='ocrx_word' id='word_1_778' title='bbox 1845 962 1937 998; x_wconf 89' lang='lat' dir='ltr'>facile</span> <span class='ocrx_word' id='word_1_779' title='bbox 1961 964 2088 1002; x_wconf 87' lang='lat' dir='ltr'>venies,</span> <span class='ocrx_word' id='word_1_780' title='bbox 2110 975 2147 1000; x_wconf 91' lang='lat' dir='ltr'>ut</span> <span class='ocrx_word' id='word_1_781' title='bbox 2169 967 2256 1008; x_wconf 87' lang='lat' dir='ltr'>quod</span> <span class='ocrx_word' id='word_1_782' title='bbox 2281 966 2395 1010; x_wconf 88' lang='lat' dir='ltr'>Ruys-</span> 
     </span>
     <span class='ocr_line' id='line_1_101' title="bbox 1386 1006 2394 1051; baseline 0.001 -10"><span class='ocrx_word' id='word_1_783' title='bbox 1386 1006 1482 1043; x_wconf 85' lang='lat' dir='ltr'>chius</span> <span class='ocrx_word' id='word_1_784' title='bbox 1504 1013 1518 1050; x_wconf 89' lang='lat'>(</span> <span class='ocrx_word' id='word_1_785' title='bbox 1537 1009 1592 1051; x_wconf 83' lang='lat' dir='ltr'>p)</span> <span class='ocrx_word' id='word_1_786' title='bbox 1618 1008 1656 1044; x_wconf 86' lang='lat' dir='ltr'>de</span> <span class='ocrx_word' id='word_1_787' title='bbox 1681 1008 1782 1042; x_wconf 62' lang='lat' dir='ltr'>fracta</span> <span class='ocrx_word' id='word_1_788' title='bbox 1805 1011 1926 1043; x_wconf 90' lang='lat' dir='ltr'>cervice</span> <span class='ocrx_word' id='word_1_789' title='bbox 1949 1007 2100 1050; x_wconf 73' lang='lat' dir='ltr'>superesse</span> <span class='ocrx_word' id='word_1_790' title='bbox 2123 1008 2394 1051; x_wconf 74' lang='lat' dir='ltr'>nihildeprehen-</span> 
     </span>
     <span class='ocr_line' id='line_1_102' title="bbox 1387 1050 2391 1096; baseline 0.002 -11"><span class='ocrx_word' id='word_1_791' title='bbox 1387 1051 1498 1091; x_wconf 81' lang='lat' dir='ltr'>derit,</span> <span class='ocrx_word' id='word_1_792' title='bbox 1521 1052 1554 1086; x_wconf 91' lang='lat' dir='ltr'>id</span> <span class='ocrx_word' id='word_1_793' title='bbox 1580 1054 1680 1096; x_wconf 79' lang='lat' dir='ltr'>longo</span> <span class='ocrx_word' id='word_1_794' title='bbox 1703 1053 1844 1094; x_wconf 83' lang='lat' dir='ltr'>tempori</span> <span class='ocrx_word' id='word_1_795' title='bbox 1869 1052 2012 1090; x_wconf 83' lang='lat' dir='ltr'>tribuas,</span> <span class='ocrx_word' id='word_1_796' title='bbox 2035 1050 2221 1094; x_wconf 86' lang='lat' dir='ltr'>diutiusque</span> <span class='ocrx_word' id='word_1_797' title='bbox 2243 1055 2391 1095; x_wconf 79' lang='lat' dir='ltr'>repetitis</span> 
     </span>
     <span class='ocr_line' id='line_1_103' title="bbox 1387 1094 2393 1139; baseline 0.003 -11"><span class='ocrx_word' id='word_1_798' title='bbox 1387 1095 1623 1137; x_wconf 81' lang='lat' dir='ltr'>agitationibus</span> <span class='ocrx_word' id='word_1_799' title='bbox 1635 1120 1643 1134; x_wconf 92' lang='lat'>,</span> <span class='ocrx_word' id='word_1_800' title='bbox 1657 1098 1687 1129; x_wconf 75' lang='grc' dir='ltr'>δι</span> <span class='ocrx_word' id='word_1_801' title='bbox 1700 1094 1909 1130; x_wconf 63' lang='lat' dir='ltr'>frictionibus</span> <span class='ocrx_word' id='word_1_802' title='bbox 1924 1097 2010 1128; x_wconf 88' lang='lat' dir='ltr'>inter</span> <span class='ocrx_word' id='word_1_803' title='bbox 2027 1094 2055 1128; x_wconf 86' lang='lat' dir='ltr'>se</span> <span class='ocrx_word' id='word_1_804' title='bbox 2067 1095 2236 1139; x_wconf 75' lang='lat' dir='ltr'>fragilium</span> <span class='ocrx_word' id='word_1_805' title='bbox 2256 1098 2393 1132; x_wconf 87' lang='lat' dir='ltr'>cervicis</span> 
     </span>
     <span class='ocr_line' id='line_1_104' title="bbox 1385 1139 2390 1181; baseline 0.004 -10"><span class='ocrx_word' id='word_1_806' title='bbox 1385 1139 1541 1181; x_wconf 64' lang='lat' dir='ltr'>disruptae</span> <span class='ocrx_word' id='word_1_807' title='bbox 1552 1147 1773 1178; x_wconf 88' lang='lat' dir='ltr'>extremorum</span> <span class='ocrx_word' id='word_1_808' title='bbox 1787 1159 1796 1175; x_wconf 92' lang='lat'><em>‚</em></span> <span class='ocrx_word' id='word_1_809' title='bbox 1813 1148 2034 1181; x_wconf 71' lang='lat' dir='ltr'>praetereaque</span> <span class='ocrx_word' id='word_1_810' title='bbox 2058 1141 2204 1173; x_wconf 87' lang='lat' dir='ltr'>exedenti</span> <span class='ocrx_word' id='word_1_811' title='bbox 2219 1141 2252 1173; x_wconf 81' lang='lat' dir='ltr'>vi</span> <span class='ocrx_word' id='word_1_812' title='bbox 2265 1143 2390 1175; x_wconf 89' lang='lat' dir='ltr'>acrium</span> 
     </span>
     <span class='ocr_line' id='line_1_105' title="bbox 1384 1180 2393 1227; baseline 0.003 -12"><span class='ocrx_word' id='word_1_813' title='bbox 1384 1183 1642 1224; x_wconf 88' lang='lat' dir='ltr'>particularum,</span> <span class='ocrx_word' id='word_1_814' title='bbox 1664 1194 1679 1214; x_wconf 89' lang='lat' dir='ltr'>e</span> <span class='ocrx_word' id='word_1_815' title='bbox 1702 1180 1803 1221; x_wconf 82' lang='lat' dir='ltr'>laefis,</span> <span class='ocrx_word' id='word_1_816' title='bbox 1828 1182 2049 1227; x_wconf 76' lang='lat' dir='ltr'>vellicatisque</span> <span class='ocrx_word' id='word_1_817' title='bbox 2074 1182 2268 1218; x_wconf 82' lang='lat' dir='ltr'>membranis</span> <span class='ocrx_word' id='word_1_818' title='bbox 2281 1183 2393 1219; x_wconf 84' lang='lat' dir='ltr'>destil-</span> 
     </span>
     <span class='ocr_line' id='line_1_106' title="bbox 1382 1225 2392 1265; baseline 0.004 -6"><span class='ocrx_word' id='word_1_819' title='bbox 1382 1226 1546 1265; x_wconf 87' lang='lat' dir='ltr'>lantium,</span> <span class='ocrx_word' id='word_1_820' title='bbox 1569 1228 1601 1261; x_wconf 78' lang='grc' dir='ltr'>δι</span> <span class='ocrx_word' id='word_1_821' title='bbox 1622 1226 1740 1261; x_wconf 89' lang='lat' dir='ltr'>cariem</span> <span class='ocrx_word' id='word_1_822' title='bbox 1764 1236 1854 1259; x_wconf 87' lang='lat' dir='ltr'>mora</span> <span class='ocrx_word' id='word_1_823' title='bbox 1877 1225 2077 1261; x_wconf 71' lang='lat' dir='ltr'>afferentium</span> <span class='ocrx_word' id='word_1_824' title='bbox 2093 1249 2101 1258; x_wconf 88' lang='lat'>.</span> <span class='ocrx_word' id='word_1_825' title='bbox 2125 1226 2227 1264; x_wconf 80' lang='lat' dir='ltr'>Quod</span> <span class='ocrx_word' id='word_1_826' title='bbox 2252 1238 2329 1261; x_wconf 89' lang='lat' dir='ltr'>vero</span> <span class='ocrx_word' id='word_1_827' title='bbox 2352 1227 2392 1264; x_wconf 89' lang='lat' dir='ltr'>de</span> 
     </span>
     <span class='ocr_line' id='line_1_107' title="bbox 1379 1266 2395 1313; baseline -0.001 -8"><span class='ocrx_word' id='word_1_828' title='bbox 1379 1269 1527 1305; x_wconf 84' lang='lat' dir='ltr'>laceratis</span> <span class='ocrx_word' id='word_1_829' title='bbox 1550 1281 1565 1302; x_wconf 88' lang='lat' dir='ltr'>a</span> <span class='ocrx_word' id='word_1_830' title='bbox 1585 1266 1728 1302; x_wconf 65' lang='lat' dir='ltr'>fraetura</span> <span class='ocrx_word' id='word_1_831' title='bbox 1771 1268 1929 1310; x_wconf 86' lang='lat' dir='ltr'>periostiis</span> <span class='ocrx_word' id='word_1_832' title='bbox 1972 1272 2225 1304; x_wconf 83' lang='lat' dir='ltr'>commemoravi</span> <span class='ocrx_word' id='word_1_833' title='bbox 2271 1275 2281 1310; x_wconf 92' lang='lat'>(</span> <span class='ocrx_word' id='word_1_834' title='bbox 2304 1282 2323 1312; x_wconf 86' lang='lat' dir='ltr'><em>q</em></span> <span class='ocrx_word' id='word_1_835' title='bbox 2347 1275 2359 1312; x_wconf 87' lang='lat'><em>)</em></span> <span class='ocrx_word' id='word_1_836' title='bbox 2384 1296 2395 1313; x_wconf 92' lang='lat'>,</span> 
     </span>
     <span class='ocr_line' id='line_1_108' title="bbox 1386 1311 2396 1354; baseline 0.002 -8"><span class='ocrx_word' id='word_1_837' title='bbox 1386 1323 1453 1346; x_wconf 88' lang='lat' dir='ltr'>non</span> <span class='ocrx_word' id='word_1_838' title='bbox 1476 1324 1550 1348; x_wconf 89' lang='lat' dir='ltr'>raro</span> <span class='ocrx_word' id='word_1_839' title='bbox 1572 1312 1725 1347; x_wconf 88' lang='lat' dir='ltr'>videlicet</span> <span class='ocrx_word' id='word_1_840' title='bbox 1747 1312 1900 1351; x_wconf 85' lang='lat' dir='ltr'>duriora,</span> <span class='ocrx_word' id='word_1_841' title='bbox 1923 1315 1955 1345; x_wconf 83' lang='lat'>&amp;</span> <span class='ocrx_word' id='word_1_842' title='bbox 1978 1313 2127 1346; x_wconf 80' lang='lat' dir='ltr'>craffiora</span> <span class='ocrx_word' id='word_1_843' title='bbox 2149 1311 2220 1348; x_wconf 84' lang='lat' dir='ltr'>fieri</span> <span class='ocrx_word' id='word_1_844' title='bbox 2239 1336 2251 1354; x_wconf 84' lang='grc'>,</span> <span class='ocrx_word' id='word_1_845' title='bbox 2284 1314 2321 1348; x_wconf 86' lang='lat' dir='ltr'>id</span> <span class='ocrx_word' id='word_1_846' title='bbox 2351 1315 2396 1348; x_wconf 92' lang='lat' dir='ltr'>li-</span> 
     </span>
     <span class='ocr_line' id='line_1_109' title="bbox 1386 1354 2396 1400; baseline 0.004 -12"><span class='ocrx_word' id='word_1_847' title='bbox 1386 1359 1547 1400; x_wconf 78' lang='lat' dir='ltr'>gamentis</span> <span class='ocrx_word' id='word_1_848' title='bbox 1569 1367 1698 1399; x_wconf 88' lang='lat' dir='ltr'>quoque</span> <span class='ocrx_word' id='word_1_849' title='bbox 1721 1354 1885 1390; x_wconf 88' lang='lat' dir='ltr'>interdum</span> <span class='ocrx_word' id='word_1_850' title='bbox 1908 1356 2072 1395; x_wconf 88' lang='lat' dir='ltr'>accidere,</span> <span class='ocrx_word' id='word_1_851' title='bbox 2107 1367 2146 1391; x_wconf 88' lang='lat' dir='ltr'>ex</span> <span class='ocrx_word' id='word_1_852' title='bbox 2179 1356 2322 1391; x_wconf 86' lang='lat' dir='ltr'>secunda&#39;</span> <span class='ocrx_word' id='word_1_853' title='bbox 2344 1359 2396 1392; x_wconf 89' lang='lat' dir='ltr'>in-</span> 
     </span>
     <span class='ocr_line' id='line_1_110' title="bbox 1385 1399 2394 1443; baseline 0.004 -11"><span class='ocrx_word' id='word_1_854' title='bbox 1385 1400 1506 1442; x_wconf 79' lang='lat' dir='ltr'>telligis</span> <span class='ocrx_word' id='word_1_855' title='bbox 1528 1399 1784 1435; x_wconf 87' lang='lat' dir='ltr'>Observatione.</span> <span class='ocrx_word' id='word_1_856' title='bbox 1808 1400 1860 1434; x_wconf 82' lang='lat' dir='ltr'>Ex</span> <span class='ocrx_word' id='word_1_857' title='bbox 1882 1399 1992 1433; x_wconf 87' lang='lat' dir='ltr'>eadem</span> <span class='ocrx_word' id='word_1_858' title='bbox 2016 1399 2104 1442; x_wconf 85' lang='lat' dir='ltr'>quod</span> <span class='ocrx_word' id='word_1_859' title='bbox 2128 1399 2167 1433; x_wconf 89' lang='lat' dir='ltr'>de</span> <span class='ocrx_word' id='word_1_860' title='bbox 2211 1404 2394 1443; x_wconf 76' lang='lat' dir='ltr'>extenuatis</span> 
     </span>
     <span class='ocr_line' id='line_1_111' title="bbox 1383 1442 2394 1486; baseline 0.001 -9"><span class='ocrx_word' id='word_1_861' title='bbox 1383 1443 1483 1478; x_wconf 87' lang='lat' dir='ltr'>habet</span> <span class='ocrx_word' id='word_1_862' title='bbox 1506 1444 1614 1479; x_wconf 86' lang='lat' dir='ltr'>Iliacis</span> <span class='ocrx_word' id='word_1_863' title='bbox 1637 1445 1748 1482; x_wconf 88' lang='lat' dir='ltr'>venis,</span> <span class='ocrx_word' id='word_1_864' title='bbox 1771 1442 1846 1476; x_wconf 81' lang='lat' dir='ltr'>laeso</span> <span class='ocrx_word' id='word_1_865' title='bbox 1870 1444 1952 1478; x_wconf 89' lang='lat' dir='ltr'>artui</span> <span class='ocrx_word' id='word_1_866' title='bbox 1975 1444 2245 1486; x_wconf 86' lang='lat' dir='ltr'>respondentibus</span> <span class='ocrx_word' id='word_1_867' title='bbox 2268 1467 2280 1485; x_wconf 88' lang='lat'>,</span> <span class='ocrx_word' id='word_1_868' title='bbox 2310 1455 2394 1479; x_wconf 83' lang='lat' dir='ltr'>con-</span> 
     </span>
     <span class='ocr_line' id='line_1_112' title="bbox 1384 1485 2395 1528; baseline 0.002 -7"><span class='ocrx_word' id='word_1_869' title='bbox 1384 1486 1467 1522; x_wconf 85' lang='lat' dir='ltr'>feras</span> <span class='ocrx_word' id='word_1_870' title='bbox 1491 1487 1588 1522; x_wconf 84' lang='lat' dir='ltr'>velim</span> <span class='ocrx_word' id='word_1_871' title='bbox 1612 1498 1686 1523; x_wconf 90' lang='lat' dir='ltr'>cum</span> <span class='ocrx_word' id='word_1_872' title='bbox 1711 1485 1922 1526; x_wconf 72' lang='lat' dir='ltr'>diffeetione‚</span> <span class='ocrx_word' id='word_1_873' title='bbox 1944 1486 2020 1521; x_wconf 87' lang='lat' dir='ltr'>alias</span> <span class='ocrx_word' id='word_1_874' title='bbox 2065 1491 2078 1528; x_wconf 94' lang='lat'>(</span> <span class='ocrx_word' id='word_1_875' title='bbox 2101 1499 2116 1521; x_wconf 81' lang='lat' dir='ltr'>r</span> <span class='ocrx_word' id='word_1_876' title='bbox 2138 1490 2152 1527; x_wconf 89' lang='lat'>)</span> <span class='ocrx_word' id='word_1_877' title='bbox 2197 1487 2235 1522; x_wconf 90' lang='lat' dir='ltr'>ad</span> <span class='ocrx_word' id='word_1_878' title='bbox 2260 1497 2291 1522; x_wconf 90' lang='lat' dir='ltr'>te</span> <span class='ocrx_word' id='word_1_879' title='bbox 2314 1489 2395 1523; x_wconf 88' lang='lat' dir='ltr'>scri-</span> 
     </span>
     <span class='ocr_line' id='line_1_113' title="bbox 1385 1528 2395 1574; baseline 0.003 -9"><span class='ocrx_word' id='word_1_880' title='bbox 1385 1541 1463 1573; x_wconf 87' lang='lat' dir='ltr'>pta,</span> <span class='ocrx_word' id='word_1_881' title='bbox 1485 1531 1608 1565; x_wconf 79' lang='lat' dir='ltr'>claudae</span> <span class='ocrx_word' id='word_1_882' title='bbox 1631 1532 1760 1565; x_wconf 83' lang='lat' dir='ltr'>alterius</span> <span class='ocrx_word' id='word_1_883' title='bbox 1782 1528 1947 1564; x_wconf 80' lang='lat' dir='ltr'>foeminae.</span> <span class='ocrx_word' id='word_1_884' title='bbox 1974 1531 2130 1572; x_wconf 83' lang='lat' dir='ltr'>Reperies</span> <span class='ocrx_word' id='word_1_885' title='bbox 2153 1532 2240 1564; x_wconf 89' lang='lat' dir='ltr'>enirn</span> <span class='ocrx_word' id='word_1_886' title='bbox 2257 1558 2267 1574; x_wconf 89' lang='lat'><strong>‚</strong></span> <span class='ocrx_word' id='word_1_887' title='bbox 2301 1540 2395 1568; x_wconf 90' lang='lat' dir='ltr'>tenu-</span> 
     </span>
     <span class='ocr_line' id='line_1_114' title="bbox 1384 1572 2396 1618; baseline 0.003 -10"><span class='ocrx_word' id='word_1_888' title='bbox 1384 1575 1454 1609; x_wconf 85' lang='lat' dir='ltr'>iora</span> <span class='ocrx_word' id='word_1_889' title='bbox 1477 1573 1570 1615; x_wconf 75' lang='lat' dir='ltr'>fuisse</span> <span class='ocrx_word' id='word_1_890' title='bbox 1596 1575 1712 1609; x_wconf 86' lang='lat' dir='ltr'>Ialiaca</span> <span class='ocrx_word' id='word_1_891' title='bbox 1735 1572 1808 1608; x_wconf 86' lang='lat' dir='ltr'>vasa</span> <span class='ocrx_word' id='word_1_892' title='bbox 1832 1573 1870 1607; x_wconf 88' lang='lat' dir='ltr'>ad</span> <span class='ocrx_word' id='word_1_893' title='bbox 1893 1574 2045 1607; x_wconf 88' lang='lat' dir='ltr'>claudum</span> <span class='ocrx_word' id='word_1_894' title='bbox 2067 1584 2172 1607; x_wconf 89' lang='lat' dir='ltr'>artum</span> <span class='ocrx_word' id='word_1_895' title='bbox 2197 1574 2396 1618; x_wconf 61' lang='lat' dir='ltr'>speiflantia.</span> 
     </span>
     <span class='ocr_line' id='line_1_115' title="bbox 1384 1616 2394 1662; baseline 0.002 -11"><span class='ocrx_word' id='word_1_896' title='bbox 1384 1618 1512 1652; x_wconf 88' lang='lat' dir='ltr'>Venam</span> <span class='ocrx_word' id='word_1_897' title='bbox 1537 1627 1643 1653; x_wconf 87' lang='lat' dir='ltr'>autem</span> <span class='ocrx_word' id='word_1_898' title='bbox 1666 1629 1733 1651; x_wconf 89' lang='lat' dir='ltr'>non</span> <span class='ocrx_word' id='word_1_899' title='bbox 1756 1617 1855 1650; x_wconf 90' lang='lat' dir='ltr'>modo</span> <span class='ocrx_word' id='word_1_900' title='bbox 1877 1628 1933 1659; x_wconf 89' lang='lat' dir='ltr'>per</span> <span class='ocrx_word' id='word_1_901' title='bbox 1955 1616 2060 1651; x_wconf 80' lang='lat' dir='ltr'>femur</span> <span class='ocrx_word' id='word_1_902' title='bbox 2073 1617 2153 1650; x_wconf 89' lang='lat' dir='ltr'>adeo</span> <span class='ocrx_word' id='word_1_903' title='bbox 2164 1628 2368 1654; x_wconf 84' lang='lat' dir='ltr'>extenuatam</span> <span class='ocrx_word' id='word_1_904' title='bbox 2382 1645 2394 1662; x_wconf 85' lang='lat'><em>,</em></span> 
     </span>
     <span class='ocr_line' id='line_1_116' title="bbox 1384 1660 2389 1703; baseline 0.003 -8"><span class='ocrx_word' id='word_1_905' title='bbox 1384 1660 1436 1695; x_wconf 89' lang='lat' dir='ltr'>sed</span> <span class='ocrx_word' id='word_1_906' title='bbox 1459 1662 1493 1694; x_wconf 90' lang='lat' dir='ltr'>in</span> <span class='ocrx_word' id='word_1_907' title='bbox 1519 1671 1628 1697; x_wconf 87' lang='lat' dir='ltr'>ventre</span> <span class='ocrx_word' id='word_1_908' title='bbox 1651 1660 1902 1696; x_wconf 80' lang='lat' dir='ltr'>coalescentibus</span> <span class='ocrx_word' id='word_1_909' title='bbox 1925 1660 1965 1693; x_wconf 72' lang='lat' dir='ltr'>ab</span> <span class='ocrx_word' id='word_1_910' title='bbox 1988 1671 2055 1703; x_wconf 85' lang='lat' dir='ltr'>uno</span> <span class='ocrx_word' id='word_1_911' title='bbox 2079 1661 2180 1695; x_wconf 85' lang='lat' dir='ltr'>latere</span> <span class='ocrx_word' id='word_1_912' title='bbox 2225 1664 2312 1696; x_wconf 91' lang='lat' dir='ltr'>inter</span> <span class='ocrx_word' id='word_1_913' title='bbox 2358 1663 2389 1698; x_wconf 89' lang='lat' dir='ltr'>se</span> 
     </span>
     <span class='ocr_line' id='line_1_117' title="bbox 1383 1703 2393 1749; baseline 0.003 -11"><span class='ocrx_word' id='word_1_914' title='bbox 1383 1705 1564 1747; x_wconf 86' lang='lat' dir='ltr'>parietibus</span> <span class='ocrx_word' id='word_1_915' title='bbox 1584 1706 1805 1743; x_wconf 60' lang='lat' dir='ltr'>contradam,</span> <span class='ocrx_word' id='word_1_916' title='bbox 1829 1703 1869 1737; x_wconf 89' lang='lat' dir='ltr'>ad</span> <span class='ocrx_word' id='word_1_917' title='bbox 1892 1704 2009 1738; x_wconf 88' lang='lat' dir='ltr'>ostium</span> <span class='ocrx_word' id='word_1_918' title='bbox 2034 1714 2141 1738; x_wconf 90' lang='lat' dir='ltr'>autem</span> <span class='ocrx_word' id='word_1_919' title='bbox 2164 1716 2220 1747; x_wconf 89' lang='lat' dir='ltr'>per</span> <span class='ocrx_word' id='word_1_920' title='bbox 2245 1707 2333 1749; x_wconf 89' lang='lat' dir='ltr'>quod</span> <span class='ocrx_word' id='word_1_921' title='bbox 2356 1710 2393 1741; x_wconf 88' lang='lat' dir='ltr'>in</span> 
     </span>
     <span class='ocr_line' id='line_1_118' title="bbox 1382 1747 2393 1793; baseline 0 -14"><span class='ocrx_word' id='word_1_922' title='bbox 1382 1749 1508 1782; x_wconf 85' lang='lat' dir='ltr'>Cavam</span> <span class='ocrx_word' id='word_1_923' title='bbox 1532 1747 1667 1788; x_wconf 82' lang='lat' dir='ltr'>influit,</span> <span class='ocrx_word' id='word_1_924' title='bbox 1690 1747 1924 1791; x_wconf 85' lang='lat' dir='ltr'>propemodum</span> <span class='ocrx_word' id='word_1_925' title='bbox 1954 1757 2147 1781; x_wconf 82' lang='lat' dir='ltr'>occaecatam</span> <span class='ocrx_word' id='word_1_926' title='bbox 2192 1759 2256 1782; x_wconf 91' lang='lat' dir='ltr'>non</span> <span class='ocrx_word' id='word_1_927' title='bbox 2301 1760 2393 1793; x_wconf 83' lang='lat' dir='ltr'>repe-</span> 
     </span>
     <span class='ocr_line' id='line_1_119' title="bbox 1382 1790 2392 1835; baseline 0.004 -12"><span class='ocrx_word' id='word_1_928' title='bbox 1382 1792 1466 1824; x_wconf 79' lang='lat' dir='ltr'>ries.</span> <span class='ocrx_word' id='word_1_929' title='bbox 1493 1793 1624 1826; x_wconf 83' lang='lat' dir='ltr'>Perrara</span> <span class='ocrx_word' id='word_1_930' title='bbox 1649 1793 1735 1825; x_wconf 89' lang='lat' dir='ltr'>enim</span> <span class='ocrx_word' id='word_1_931' title='bbox 1759 1790 1804 1824; x_wconf 86' lang='lat' dir='ltr'>est</span> <span class='ocrx_word' id='word_1_932' title='bbox 1826 1801 1899 1828; x_wconf 65' lang='grc' dir='ltr'>τες,</span> <span class='ocrx_word' id='word_1_933' title='bbox 1931 1800 1988 1824; x_wconf 88' lang='lat' dir='ltr'>nec</span> <span class='ocrx_word' id='word_1_934' title='bbox 2019 1791 2203 1825; x_wconf 69' lang='lat' dir='ltr'>·intelle6tu</span> <span class='ocrx_word' id='word_1_935' title='bbox 2247 1792 2355 1827; x_wconf 86' lang='lat' dir='ltr'>facilis</span> <span class='ocrx_word' id='word_1_936' title='bbox 2378 1817 2392 1835; x_wconf 85' lang='lat'>‚</span> 
     </span>
     <span class='ocr_line' id='line_1_120' title="bbox 1381 1832 2420 1877; baseline 0.003 -10"><span class='ocrx_word' id='word_1_937' title='bbox 1381 1843 1455 1868; x_wconf 87' lang='lat' dir='ltr'>artu</span> <span class='ocrx_word' id='word_1_938' title='bbox 1479 1845 1518 1868; x_wconf 86' lang='lat' dir='ltr'>ex</span> <span class='ocrx_word' id='word_1_939' title='bbox 1542 1846 1609 1877; x_wconf 87' lang='lat' dir='ltr'>quo</span> <span class='ocrx_word' id='word_1_940' title='bbox 1631 1833 1779 1874; x_wconf 89' lang='lat' dir='ltr'>redibat,</span> <span class='ocrx_word' id='word_1_941' title='bbox 1801 1832 1962 1868; x_wconf 86' lang='lat' dir='ltr'>cedemate</span> <span class='ocrx_word' id='word_1_942' title='bbox 2008 1834 2145 1875; x_wconf 87' lang='lat' dir='ltr'>quidem</span> <span class='ocrx_word' id='word_1_943' title='bbox 2189 1834 2357 1871; x_wconf 86' lang='lat' dir='ltr'>laborante</span> <span class='ocrx_word' id='word_1_944' title='bbox 2380 1859 2392 1875; x_wconf 89' lang='lat'><strong>,</strong></span> <span class='ocrx_word' id='word_1_945' title='bbox 2413 1859 2420 1861; x_wconf 95' lang='lat'>-</span> 
     </span>
     <span class='ocr_line' id='line_1_121' title="bbox 1378 1875 2393 1924; baseline 0.003 -13"><span class='ocrx_word' id='word_1_946' title='bbox 1378 1877 1430 1912; x_wconf 85' lang='lat' dir='ltr'>sed</span> <span class='ocrx_word' id='word_1_947' title='bbox 1453 1886 1561 1912; x_wconf 89' lang='lat' dir='ltr'>tamen</span> <span class='ocrx_word' id='word_1_948' title='bbox 1586 1881 1743 1917; x_wconf 83' lang='lat' dir='ltr'>vivente;</span> <span class='ocrx_word' id='word_1_949' title='bbox 1765 1875 1889 1910; x_wconf 84' lang='lat' dir='ltr'>etiarnsi</span> <span class='ocrx_word' id='word_1_950' title='bbox 1914 1889 1930 1909; x_wconf 92' lang='lat' dir='ltr'>a</span> <span class='ocrx_word' id='word_1_951' title='bbox 1955 1887 2100 1919; x_wconf 87' lang='lat' dir='ltr'>tempore</span> <span class='ocrx_word' id='word_1_952' title='bbox 2122 1888 2188 1911; x_wconf 89' lang='lat' dir='ltr'>non</span> <span class='ocrx_word' id='word_1_953' title='bbox 2212 1878 2393 1924; x_wconf 85' lang='lat' dir='ltr'>longorem</span> 
     </span>
     <span class='ocr_line' id='line_1_122' title="bbox 1379 1920 2392 1965; baseline 0.004 -10"><span class='ocrx_word' id='word_1_954' title='bbox 1379 1933 1417 1955; x_wconf 92' lang='lat' dir='ltr'>eo</span> <span class='ocrx_word' id='word_1_955' title='bbox 1440 1921 1597 1956; x_wconf 68' lang='lat' dir='ltr'>redac&#39;tam</span> <span class='ocrx_word' id='word_1_956' title='bbox 1623 1931 1802 1965; x_wconf 78' lang='lat' dir='ltr'>ponamus.</span> <span class='ocrx_word' id='word_1_957' title='bbox 1936 1921 2104 1955; x_wconf 69' lang='lat' dir='ltr'>Caeterum</span> <span class='ocrx_word' id='word_1_958' title='bbox 2128 1922 2163 1955; x_wconf 87' lang='lat' dir='ltr'>in</span> <span class='ocrx_word' id='word_1_959' title='bbox 2186 1920 2247 1956; x_wconf 90' lang='lat' dir='ltr'>hac</span> <span class='ocrx_word' id='word_1_960' title='bbox 2272 1925 2392 1959; x_wconf 88' lang='lat' dir='ltr'>mulie-</span> 
     </span>
     <span class='ocr_line' id='line_1_123' title="bbox 1378 1963 2391 2007; baseline 0.003 -8"><span class='ocrx_word' id='word_1_961' title='bbox 1378 1975 1412 1999; x_wconf 88' lang='lat' dir='ltr'>re</span> <span class='ocrx_word' id='word_1_962' title='bbox 1435 1975 1472 1997; x_wconf 87' lang='lat' dir='ltr'>os</span> <span class='ocrx_word' id='word_1_963' title='bbox 1494 1963 1627 1998; x_wconf 85' lang='lat' dir='ltr'>femoris</span> <span class='ocrx_word' id='word_1_964' title='bbox 1650 1966 1694 1998; x_wconf 91' lang='lat' dir='ltr'>ob</span> <span class='ocrx_word' id='word_1_965' title='bbox 1717 1963 1885 2005; x_wconf 83' lang='lat' dir='ltr'>alligantia</span> <span class='ocrx_word' id='word_1_966' title='bbox 1910 1964 2037 1997; x_wconf 84' lang='lat' dir='ltr'>vincula</span> <span class='ocrx_word' id='word_1_967' title='bbox 2060 1965 2157 2007; x_wconf 86' lang='lat' dir='ltr'>longe</span> <span class='ocrx_word' id='word_1_968' title='bbox 2179 1966 2219 1999; x_wconf 88' lang='lat' dir='ltr'>ab</span> <span class='ocrx_word' id='word_1_969' title='bbox 2236 1968 2391 2002; x_wconf 83' lang='lat' dir='ltr'>acetabu-</span> 
     </span>
     <span class='ocr_line' id='line_1_124' title="bbox 1377 2006 2391 2053; baseline 0.003 -11"><span class='ocrx_word' id='word_1_970' title='bbox 1377 2007 1580 2053; x_wconf 24' lang='lat' dir='ltr'>lolrecedere</span> <span class='ocrx_word' id='word_1_971' title='bbox 1602 2018 1666 2041; x_wconf 90' lang='lat' dir='ltr'>non</span> <span class='ocrx_word' id='word_1_972' title='bbox 1693 2015 1861 2049; x_wconf 88' lang='lat' dir='ltr'>potuerat.</span> <span class='ocrx_word' id='word_1_973' title='bbox 1887 2006 1951 2040; x_wconf 90' lang='lat' dir='ltr'>Vir</span> <span class='ocrx_word' id='word_1_974' title='bbox 1977 2017 2084 2041; x_wconf 88' lang='lat' dir='ltr'>autern</span> <span class='ocrx_word' id='word_1_975' title='bbox 2117 2008 2157 2041; x_wconf 87' lang='lat' dir='ltr'>de</span> <span class='ocrx_word' id='word_1_976' title='bbox 2201 2019 2268 2051; x_wconf 88' lang='lat' dir='ltr'>quo</span> <span class='ocrx_word' id='word_1_977' title='bbox 2314 2021 2391 2045; x_wconf 88' lang='lat' dir='ltr'>ante</span> 
     </span>
     <span class='ocr_line' id='line_1_125' title="bbox 1377 2049 2391 2093; baseline 0.004 -9"><span class='ocrx_word' id='word_1_978' title='bbox 1377 2052 1477 2093; x_wconf 80' lang='lat' dir='ltr'>ipsam</span> <span class='ocrx_word' id='word_1_979' title='bbox 1501 2051 1627 2085; x_wconf 61' lang='lat' dir='ltr'>dietum</span> <span class='ocrx_word' id='word_1_980' title='bbox 1652 2052 1719 2089; x_wconf 81' lang='lat' dir='ltr'>est,</span> <span class='ocrx_word' id='word_1_981' title='bbox 1742 2061 1817 2085; x_wconf 85' lang='lat' dir='ltr'>cum</span> <span class='ocrx_word' id='word_1_982' title='bbox 1843 2049 1964 2091; x_wconf 87' lang='lat' dir='ltr'>semper</span> <span class='ocrx_word' id='word_1_983' title='bbox 2007 2050 2165 2085; x_wconf 74' lang='lat' dir='ltr'>cubuisset</span> <span class='ocrx_word' id='word_1_984' title='bbox 2190 2074 2199 2089; x_wconf 94' lang='lat'><strong>,</strong></span> <span class='ocrx_word' id='word_1_985' title='bbox 2243 2065 2281 2086; x_wconf 88' lang='lat' dir='ltr'>eo</span> <span class='ocrx_word' id='word_1_986' title='bbox 2326 2053 2391 2088; x_wconf 77' lang='lat' dir='ltr'>osse</span> 
     </span>
     <span class='ocr_line' id='line_1_126' title="bbox 1379 2092 2408 2134; baseline 0.002 -6"><span class='ocrx_word' id='word_1_987' title='bbox 1379 2093 1514 2133; x_wconf 84' lang='lat' dir='ltr'>utendi,</span> <span class='ocrx_word' id='word_1_988' title='bbox 1538 2094 1630 2134; x_wconf 89' lang='lat' dir='ltr'>eique</span> <span class='ocrx_word' id='word_1_989' title='bbox 1654 2094 1817 2129; x_wconf 81' lang='lat' dir='ltr'>insistendi</span> <span class='ocrx_word' id='word_1_990' title='bbox 1841 2092 2043 2127; x_wconf 81' lang='lat' dir='ltr'>occasionem</span> <span class='ocrx_word' id='word_1_991' title='bbox 2066 2105 2130 2127; x_wconf 90' lang='lat' dir='ltr'>non</span> <span class='ocrx_word' id='word_1_992' title='bbox 2143 2095 2257 2129; x_wconf 86' lang='lat' dir='ltr'>habuit</span> <span class='ocrx_word' id='word_1_993' title='bbox 2289 2097 2408 2133; x_wconf 68' lang='lat' dir='ltr'>Nuncv</span> 
     </span>
     <span class='ocr_line' id='line_1_127' title="bbox 1378 2137 2388 2183; baseline 0.006 -14"><span class='ocrx_word' id='word_1_994' title='bbox 1378 2139 1483 2180; x_wconf 81' lang='lat' dir='ltr'>igitur</span> <span class='ocrx_word' id='word_1_995' title='bbox 1506 2138 1540 2171; x_wconf 90' lang='lat' dir='ltr'>in</span> <span class='ocrx_word' id='word_1_996' title='bbox 1563 2137 1664 2171; x_wconf 87' lang='lat' dir='ltr'>altera</span> <span class='ocrx_word' id='word_1_997' title='bbox 1688 2138 2011 2179; x_wconf 31' lang='lat' dir='ltr'>muliere‚-itemque</span> <span class='ocrx_word' id='word_1_998' title='bbox 2034 2138 2068 2171; x_wconf 92' lang='lat' dir='ltr'>in</span> <span class='ocrx_word' id='word_1_999' title='bbox 2092 2139 2198 2171; x_wconf 85' lang='lat' dir='ltr'>altero</span> <span class='ocrx_word' id='word_1_1000' title='bbox 2209 2141 2306 2182; x_wconf 80' lang='lat' dir='ltr'>viro,</span> <span class='ocrx_word' id='word_1_1001' title='bbox 2328 2143 2388 2183; x_wconf 86' lang='lat' dir='ltr'>qui</span> 
     </span>
     <span class='ocr_line' id='line_1_128' title="bbox 1379 2178 2388 2224; baseline 0.005 -10"><span class='ocrx_word' id='word_1_1002' title='bbox 1379 2181 1514 2223; x_wconf 85' lang='lat' dir='ltr'>elapso,</span> <span class='ocrx_word' id='word_1_1003' title='bbox 1538 2192 1596 2215; x_wconf 88' lang='lat' dir='ltr'>nec</span> <span class='ocrx_word' id='word_1_1004' title='bbox 1619 2181 1760 2224; x_wconf 77' lang='lat' dir='ltr'>repofito</span> <span class='ocrx_word' id='word_1_1005' title='bbox 1786 2178 1920 2213; x_wconf 86' lang='lat' dir='ltr'>femoris</span> <span class='ocrx_word' id='word_1_1006' title='bbox 1942 2182 2050 2223; x_wconf 86' lang='lat' dir='ltr'>capite</span> <span class='ocrx_word' id='word_1_1007' title='bbox 2088 2180 2134 2214; x_wconf 87' lang='lat' dir='ltr'>ufi</span> <span class='ocrx_word' id='word_1_1008' title='bbox 2172 2181 2264 2222; x_wconf 90' lang='lat' dir='ltr'>sunt,</span> <span class='ocrx_word' id='word_1_1009' title='bbox 2311 2184 2388 2219; x_wconf 90' lang='lat' dir='ltr'>diu-</span> 
     </span>
     <span class='ocr_line' id='line_1_129' title="bbox 1378 2222 2391 2272; baseline 0.004 -14"><span class='ocrx_word' id='word_1_1010' title='bbox 1378 2226 1443 2259; x_wconf 88' lang='lat' dir='ltr'>tius</span> <span class='ocrx_word' id='word_1_1011' title='bbox 1465 2224 1569 2260; x_wconf 88' lang='lat' dir='ltr'>eidem</span> <span class='ocrx_word' id='word_1_1012' title='bbox 1592 2224 1787 2263; x_wconf 83' lang='lat' dir='ltr'>insistentes,</span> <span class='ocrx_word' id='word_1_1013' title='bbox 1813 2222 2223 2268; x_wconf 88' lang='lat' dir='ltr'>quiddeprehenderimus,</span> <span class='ocrx_word' id='word_1_1014' title='bbox 2245 2238 2391 2272; x_wconf 86' lang='lat' dir='ltr'>expona-</span> 
     </span>
     <span class='ocr_line' id='line_1_130' title="bbox 1378 2279 1470 2303; baseline -0.022 0"><span class='ocrx_word' id='word_1_1015' title='bbox 1378 2279 1449 2303; x_wconf 85' lang='lat' dir='ltr'>mus</span> <span class='ocrx_word' id='word_1_1016' title='bbox 1462 2293 1470 2301; x_wconf 87' lang='lat'><strong>.</strong></span> 
     </span>
    </p>

    <p class='ocr_par' dir='ltr' id='par_1_11' title="bbox 1375 2310 2392 3531">
     <span class='ocr_line' id='line_1_131' title="bbox 1424 2310 2392 2359; baseline 0.003 -13"><span class='ocrx_word' id='word_1_1017' title='bbox 1424 2323 1474 2346; x_wconf 83' lang='lat'>12.</span> <span class='ocrx_word' id='word_1_1018' title='bbox 1498 2311 1625 2347; x_wconf 81' lang='lat' dir='ltr'>ANUS</span> <span class='ocrx_word' id='word_1_1019' title='bbox 1647 2311 1781 2350; x_wconf 87' lang='lat' dir='ltr'>clauda,</span> <span class='ocrx_word' id='word_1_1020' title='bbox 1803 2310 1869 2354; x_wconf 79' lang='lat' dir='ltr'>jam</span> <span class='ocrx_word' id='word_1_1021' title='bbox 1892 2310 2092 2353; x_wconf 70' lang='lat' dir='ltr'>o&amp;ogefimo</span> <span class='ocrx_word' id='word_1_1022' title='bbox 2115 2322 2201 2346; x_wconf 87' lang='lat' dir='ltr'>anno</span> <span class='ocrx_word' id='word_1_1023' title='bbox 2224 2321 2291 2347; x_wconf 80' lang='lat' dir='ltr'>erat</span> <span class='ocrx_word' id='word_1_1024' title='bbox 2312 2326 2392 2359; x_wconf 89' lang='lat' dir='ltr'>pro-</span> 
     </span>
     <span class='ocr_line' id='line_1_132' title="bbox 1376 2354 2390 2402; baseline 0.003 -12"><span class='ocrx_word' id='word_1_1025' title='bbox 1376 2355 1488 2396; x_wconf 82' lang='lat' dir='ltr'>xima,</span> <span class='ocrx_word' id='word_1_1026' title='bbox 1510 2366 1585 2388; x_wconf 90' lang='lat' dir='ltr'>cum</span> <span class='ocrx_word' id='word_1_1027' title='bbox 1610 2357 1778 2398; x_wconf 83' lang='lat' dir='ltr'>apoplexia</span> <span class='ocrx_word' id='word_1_1028' title='bbox 1812 2364 1960 2397; x_wconf 88' lang='lat' dir='ltr'>correpta</span> <span class='ocrx_word' id='word_1_1029' title='bbox 1986 2381 1996 2395; x_wconf 91' lang='lat'>‚</span> <span class='ocrx_word' id='word_1_1030' title='bbox 2030 2354 2115 2389; x_wconf 90' lang='lat' dir='ltr'>haud</span> <span class='ocrx_word' id='word_1_1031' title='bbox 2162 2357 2270 2390; x_wconf 81' lang='lat' dir='ltr'>multo</span> <span class='ocrx_word' id='word_1_1032' title='bbox 2314 2358 2390 2402; x_wconf 88' lang='lat' dir='ltr'>post</span> 
     </span>
     <span class='ocr_line' id='line_1_133' title="bbox 1381 2396 2391 2441; baseline 0.004 -8"><span class='ocrx_word' id='word_1_1033' title='bbox 1381 2411 1447 2433; x_wconf 89' lang='lat' dir='ltr'>non</span> <span class='ocrx_word' id='word_1_1034' title='bbox 1471 2408 1537 2432; x_wconf 88' lang='lat' dir='ltr'>tam</span> <span class='ocrx_word' id='word_1_1035' title='bbox 1560 2409 1601 2433; x_wconf 86' lang='lat' dir='ltr'>ex</span> <span class='ocrx_word' id='word_1_1036' title='bbox 1622 2410 1676 2438; x_wconf 82' lang='lat' dir='ltr'>ea,</span> <span class='ocrx_word' id='word_1_1037' title='bbox 1699 2410 1795 2441; x_wconf 89' lang='lat' dir='ltr'>quam</span> <span class='ocrx_word' id='word_1_1038' title='bbox 1820 2409 1857 2432; x_wconf 87' lang='lat' dir='ltr'>ex</span> <span class='ocrx_word' id='word_1_1039' title='bbox 1868 2396 1936 2440; x_wconf 84' lang='lat' dir='ltr'>ejus</span> <span class='ocrx_word' id='word_1_1040' title='bbox 1958 2400 2065 2433; x_wconf 88' lang='lat' dir='ltr'>minus</span> <span class='ocrx_word' id='word_1_1041' title='bbox 2079 2400 2303 2435; x_wconf 87' lang='lat' dir='ltr'>animadverso</span> <span class='ocrx_word' id='word_1_1042' title='bbox 2314 2401 2391 2436; x_wconf 86' lang='lat' dir='ltr'>effe-</span> 
     </span>
     <span class='ocr_line' id='line_1_134' title="bbox 1382 2442 2386 2488; baseline 0.003 -13"><span class='ocrx_word' id='word_1_1043' title='bbox 1382 2444 1437 2477; x_wconf 75' lang='grc' dir='ltr'>ἐὶιι</span> <span class='ocrx_word' id='word_1_1044' title='bbox 1459 2451 1590 2476; x_wconf 89' lang='lat' dir='ltr'>mortua</span> <span class='ocrx_word' id='word_1_1045' title='bbox 1614 2442 1676 2477; x_wconf 82' lang='lat' dir='ltr'>est.</span> <span class='ocrx_word' id='word_1_1046' title='bbox 1701 2443 1791 2476; x_wconf 86' lang='lat' dir='ltr'>Nam</span> <span class='ocrx_word' id='word_1_1047' title='bbox 1814 2453 1907 2479; x_wconf 89' lang='lat' dir='ltr'>cum,</span> <span class='ocrx_word' id='word_1_1048' title='bbox 1933 2443 2076 2476; x_wconf 89' lang='lat' dir='ltr'>resoluta</span> <span class='ocrx_word' id='word_1_1049' title='bbox 2100 2442 2208 2477; x_wconf 82' lang='lat' dir='ltr'>veficae</span> <span class='ocrx_word' id='word_1_1050' title='bbox 2244 2446 2274 2476; x_wconf 91' lang='lat' dir='ltr'>vi</span> <span class='ocrx_word' id='word_1_1051' title='bbox 2320 2457 2386 2488; x_wconf 87' lang='lat' dir='ltr'>qua</span> 
     </span>
     <span class='ocr_line' id='line_1_135' title="bbox 1380 2485 2390 2527; baseline 0.004 -9"><span class='ocrx_word' id='word_1_1052' title='bbox 1380 2485 1502 2519; x_wconf 90' lang='lat' dir='ltr'>lotium</span> <span class='ocrx_word' id='word_1_1053' title='bbox 1527 2494 1598 2518; x_wconf 90' lang='lat' dir='ltr'>tum</span> <span class='ocrx_word' id='word_1_1054' title='bbox 1620 2487 1792 2526; x_wconf 88' lang='lat' dir='ltr'>retineret,</span> <span class='ocrx_word' id='word_1_1055' title='bbox 1818 2496 1888 2519; x_wconf 91' lang='lat' dir='ltr'>tum</span> <span class='ocrx_word' id='word_1_1056' title='bbox 1900 2486 2108 2527; x_wconf 88' lang='lat' dir='ltr'>extruderet,</span> <span class='ocrx_word' id='word_1_1057' title='bbox 2132 2486 2293 2521; x_wconf 84' lang='lat' dir='ltr'>affidentes</span> <span class='ocrx_word' id='word_1_1058' title='bbox 2317 2499 2390 2522; x_wconf 88' lang='lat' dir='ltr'>mu-</span> 
     </span>
     <span class='ocr_line' id='line_1_136' title="bbox 1380 2527 2390 2576; baseline 0.003 -14"><span class='ocrx_word' id='word_1_1059' title='bbox 1380 2527 1662 2576; x_wconf 29' lang='lat' dir='ltr'>lieres‘stillicidio</span> <span class='ocrx_word' id='word_1_1060' title='bbox 1685 2529 1843 2572; x_wconf 67' lang='lat' dir='ltr'>deceptae,</span> <span class='ocrx_word' id='word_1_1061' title='bbox 1866 2539 1995 2563; x_wconf 86' lang='lat' dir='ltr'>tantum</span> <span class='ocrx_word' id='word_1_1062' title='bbox 2019 2530 2094 2563; x_wconf 87' lang='lat' dir='ltr'>lotii</span> <span class='ocrx_word' id='word_1_1063' title='bbox 2117 2531 2205 2564; x_wconf 83' lang='lat' dir='ltr'>exire</span> <span class='ocrx_word' id='word_1_1064' title='bbox 2228 2553 2237 2568; x_wconf 90' lang='lat'>‚</span> <span class='ocrx_word' id='word_1_1065' title='bbox 2284 2542 2390 2574; x_wconf 90' lang='lat' dir='ltr'>quan-</span> 
     </span>
     <span class='ocr_line' id='line_1_137' title="bbox 1380 2573 2389 2614; baseline 0.004 -10"><span class='ocrx_word' id='word_1_1066' title='bbox 1380 2581 1452 2606; x_wconf 92' lang='lat' dir='ltr'>tum</span> <span class='ocrx_word' id='word_1_1067' title='bbox 1474 2574 1595 2614; x_wconf 78' lang='lat' dir='ltr'>jugiter</span> <span class='ocrx_word' id='word_1_1068' title='bbox 1618 2574 1653 2605; x_wconf 88' lang='lat' dir='ltr'>in</span> <span class='ocrx_word' id='word_1_1069' title='bbox 1678 2573 1814 2607; x_wconf 86' lang='lat' dir='ltr'>vesicam</span> <span class='ocrx_word' id='word_1_1070' title='bbox 1838 2573 2037 2607; x_wconf 87' lang='lat' dir='ltr'>descenderet</span> <span class='ocrx_word' id='word_1_1071' title='bbox 2061 2597 2073 2613; x_wconf 83' lang='lat'><em>‚</em></span> <span class='ocrx_word' id='word_1_1072' title='bbox 2107 2573 2352 2608; x_wconf 86' lang='lat' dir='ltr'>arbitrabantur</span> <span class='ocrx_word' id='word_1_1073' title='bbox 2378 2597 2389 2613; x_wconf 89' lang='lat'>,</span> 
     </span>
     <span class='ocr_line' id='line_1_138' title="bbox 1380 2616 2387 2659; baseline 0.002 -9"><span class='ocrx_word' id='word_1_1074' title='bbox 1380 2627 1457 2650; x_wconf 88' lang='lat' dir='ltr'>anus</span> <span class='ocrx_word' id='word_1_1075' title='bbox 1479 2625 1587 2649; x_wconf 89' lang='lat' dir='ltr'>autem</span> <span class='ocrx_word' id='word_1_1076' title='bbox 1610 2617 1786 2651; x_wconf 86' lang='lat' dir='ltr'>immanem</span> <span class='ocrx_word' id='word_1_1077' title='bbox 1809 2616 1905 2659; x_wconf 86' lang='lat' dir='ltr'>hujus</span> <span class='ocrx_word' id='word_1_1078' title='bbox 1927 2616 2156 2650; x_wconf 87' lang='lat' dir='ltr'>distentionem</span> <span class='ocrx_word' id='word_1_1079' title='bbox 2182 2626 2239 2651; x_wconf 89' lang='lat' dir='ltr'>aut</span> <span class='ocrx_word' id='word_1_1080' title='bbox 2286 2618 2387 2652; x_wconf 88' lang='lat' dir='ltr'>senti-</span> 
     </span>
     <span class='ocr_line' id='line_1_139' title="bbox 1378 2658 2387 2703; baseline 0.003 -10"><span class='ocrx_word' id='word_1_1081' title='bbox 1378 2671 1430 2697; x_wconf 80' lang='lat' dir='ltr'>re,</span> <span class='ocrx_word' id='word_1_1082' title='bbox 1459 2668 1521 2693; x_wconf 49' lang='lat' dir='ltr'>aut*</span> <span class='ocrx_word' id='word_1_1083' title='bbox 1537 2659 1716 2701; x_wconf 82' lang='lat' dir='ltr'>significare</span> <span class='ocrx_word' id='word_1_1084' title='bbox 1738 2670 1805 2693; x_wconf 87' lang='lat' dir='ltr'>non</span> <span class='ocrx_word' id='word_1_1085' title='bbox 1826 2658 1946 2702; x_wconf 68' lang='lat' dir='ltr'>possets</span> <span class='ocrx_word' id='word_1_1086' title='bbox 1972 2659 2076 2693; x_wconf 87' lang='lat' dir='ltr'>eidem</span> <span class='ocrx_word' id='word_1_1087' title='bbox 2100 2660 2188 2703; x_wconf 91' lang='lat' dir='ltr'>quod</span> <span class='ocrx_word' id='word_1_1088' title='bbox 2232 2663 2265 2694; x_wconf 87' lang='lat'>&amp;</span> <span class='ocrx_word' id='word_1_1089' title='bbox 2310 2663 2387 2697; x_wconf 87' lang='lat' dir='ltr'>aliis</span> 
     </span>
     <span class='ocr_line' id='line_1_140' title="bbox 1378 2701 2391 2746; baseline -0.007 1"><span class='ocrx_word' id='word_1_1090' title='bbox 1378 2703 1458 2746; x_wconf 74' lang='lat' dir='ltr'>(s)</span> <span class='ocrx_word' id='word_1_1091' title='bbox 1480 2702 1526 2737; x_wconf 92' lang='lat' dir='ltr'>ob</span> <span class='ocrx_word' id='word_1_1092' title='bbox 1547 2701 1679 2736; x_wconf 88' lang='lat' dir='ltr'>eandem</span> <span class='ocrx_word' id='word_1_1093' title='bbox 1710 2702 1869 2737; x_wconf 86' lang='lat' dir='ltr'>fallaciam</span> <span class='ocrx_word' id='word_1_1094' title='bbox 1907 2703 2045 2743; x_wconf 86' lang='lat' dir='ltr'>accidit,</span> <span class='ocrx_word' id='word_1_1095' title='bbox 2068 2712 2105 2736; x_wconf 90' lang='lat' dir='ltr'>ut</span> <span class='ocrx_word' id='word_1_1096' title='bbox 2127 2704 2225 2737; x_wconf 87' lang='lat' dir='ltr'>citius</span> <span class='ocrx_word' id='word_1_1097' title='bbox 2249 2715 2391 2740; x_wconf 89' lang='lat' dir='ltr'>morere-</span> 
     </span>
     <span class='ocr_line' id='line_1_141' title="bbox 1378 2746 2379 2789; baseline 0.004 -10"><span class='ocrx_word' id='word_1_1098' title='bbox 1378 2756 1450 2780; x_wconf 90' lang='lat' dir='ltr'>tur.</span> <span class='ocrx_word' id='word_1_1099' title='bbox 1582 2746 1848 2780; x_wconf 86' lang='lat' dir='ltr'>CADAVERE</span> <span class='ocrx_word' id='word_1_1100' title='bbox 1871 2747 1958 2779; x_wconf 88' lang='lat' dir='ltr'>enim</span> <span class='ocrx_word' id='word_1_1101' title='bbox 1983 2748 2022 2779; x_wconf 41' lang='lat' dir='ltr'>in*</span> <span class='ocrx_word' id='word_1_1102' title='bbox 2043 2746 2226 2781; x_wconf 85' lang='lat' dir='ltr'>Theatrum</span> <span class='ocrx_word' id='word_1_1103' title='bbox 2249 2747 2379 2789; x_wconf 90' lang='lat' dir='ltr'>delato,</span> 
     </span>
     <span class='ocr_line' id='line_1_142' title="bbox 1378 2789 2386 2834; baseline 0.004 -11"><span class='ocrx_word' id='word_1_1104' title='bbox 1378 2799 1414 2824; x_wconf 88' lang='lat' dir='ltr'>ut</span> <span class='ocrx_word' id='word_1_1105' title='bbox 1439 2790 1624 2823; x_wconf 88' lang='lat' dir='ltr'>Anatomen</span> <span class='ocrx_word' id='word_1_1106' title='bbox 1648 2789 1774 2824; x_wconf 88' lang='lat' dir='ltr'>tradere</span> <span class='ocrx_word' id='word_1_1107' title='bbox 1799 2791 1971 2832; x_wconf 80' lang='lat' dir='ltr'>inciperem</span> <span class='ocrx_word' id='word_1_1108' title='bbox 1991 2790 2152 2834; x_wconf 87' lang='lat' dir='ltr'>Januario</span> <span class='ocrx_word' id='word_1_1109' title='bbox 2188 2791 2293 2824; x_wconf 84' lang='lat' dir='ltr'>mense</span> <span class='ocrx_word' id='word_1_1110' title='bbox 2339 2794 2386 2827; x_wconf 88' lang='lat' dir='ltr'>A.</span> 
     </span>
     <span class='ocr_line' id='line_1_143' title="bbox 1381 2833 2389 2877; baseline 0.005 -11"><span class='ocrx_word' id='word_1_1111' title='bbox 1381 2842 1476 2875; x_wconf 86' lang='lat'><em>1735.</em></span> <span class='ocrx_word' id='word_1_1112' title='bbox 1500 2845 1534 2866; x_wconf 88' lang='lat' dir='ltr'>ea</span> <span class='ocrx_word' id='word_1_1113' title='bbox 1558 2834 1673 2866; x_wconf 88' lang='lat' dir='ltr'>mortis</span> <span class='ocrx_word' id='word_1_1114' title='bbox 1695 2833 1790 2867; x_wconf 92' lang='lat' dir='ltr'>causa</span> <span class='ocrx_word' id='word_1_1115' title='bbox 1813 2835 1898 2866; x_wconf 89' lang='lat' dir='ltr'>inter</span> <span class='ocrx_word' id='word_1_1116' title='bbox 1924 2835 2018 2867; x_wconf 82' lang='lat' dir='ltr'>initia</span> <span class='ocrx_word' id='word_1_1117' title='bbox 2043 2836 2075 2866; x_wconf 90' lang='lat' dir='ltr'>in</span> <span class='ocrx_word' id='word_1_1118' title='bbox 2099 2833 2306 2877; x_wconf 64' lang='lat' dir='ltr'>conspectum</span> <span class='ocrx_word' id='word_1_1119' title='bbox 2330 2848 2389 2871; x_wconf 92' lang='lat' dir='ltr'>ve-</span> 
     </span>
     <span class='ocr_line' id='line_1_144' title="bbox 1380 2877 2386 2922; baseline 0.005 -13"><span class='ocrx_word' id='word_1_1120' title='bbox 1380 2879 1449 2914; x_wconf 86' lang='lat' dir='ltr'>nit,</span> <span class='ocrx_word' id='word_1_1121' title='bbox 1473 2877 1694 2919; x_wconf 74' lang='lat' dir='ltr'>doetrinaeque</span> <span class='ocrx_word' id='word_1_1122' title='bbox 1717 2877 1866 2910; x_wconf 89' lang='lat' dir='ltr'>ordinem</span> <span class='ocrx_word' id='word_1_1123' title='bbox 1889 2879 2056 2911; x_wconf 77' lang='lat' dir='ltr'>turbavit.</span> <span class='ocrx_word' id='word_1_1124' title='bbox 2089 2878 2223 2911; x_wconf 86' lang='lat' dir='ltr'>Scilicet</span> <span class='ocrx_word' id='word_1_1125' title='bbox 2272 2890 2386 2922; x_wconf 86' lang='lat' dir='ltr'>aperto</span> 
     </span>
     <span class='ocr_line' id='line_1_145' title="bbox 1376 2919 2385 2963; baseline 0.002 -10"><span class='ocrx_word' id='word_1_1126' title='bbox 1376 2921 1531 2960; x_wconf 78' lang='lat' dir='ltr'>Ventre,</span> <span class='ocrx_word' id='word_1_1127' title='bbox 1553 2919 1581 2953; x_wconf 90' lang='lat' dir='ltr'>se</span> <span class='ocrx_word' id='word_1_1128' title='bbox 1604 2921 1632 2954; x_wconf 87' lang='lat' dir='ltr'>se</span> <span class='ocrx_word' id='word_1_1129' title='bbox 1654 2920 1778 2955; x_wconf 91' lang='lat' dir='ltr'>obtulit</span> <span class='ocrx_word' id='word_1_1130' title='bbox 1801 2919 1900 2954; x_wconf 83' lang='lat' dir='ltr'>vesica</span> <span class='ocrx_word' id='word_1_1131' title='bbox 1924 2921 2008 2953; x_wconf 85' lang='lat' dir='ltr'>lotio</span> <span class='ocrx_word' id='word_1_1132' title='bbox 2032 2920 2111 2954; x_wconf 88' lang='lat' dir='ltr'>adeo</span> <span class='ocrx_word' id='word_1_1133' title='bbox 2134 2920 2271 2955; x_wconf 87' lang='lat' dir='ltr'>distenta</span> <span class='ocrx_word' id='word_1_1134' title='bbox 2290 2945 2303 2963; x_wconf 80' lang='lat'><em>,</em></span> <span class='ocrx_word' id='word_1_1135' title='bbox 2327 2944 2328 2947; x_wconf 58' lang='lat'><em>=</em></span> <span class='ocrx_word' id='word_1_1136' title='bbox 2347 2933 2385 2958; x_wconf 86' lang='lat' dir='ltr'>ut</span> 
     </span>
     <span class='ocr_line' id='line_1_146' title="bbox 1377 2962 2390 3010; baseline 0.002 -12"><span class='ocrx_word' id='word_1_1137' title='bbox 1377 2963 1415 2998; x_wconf 84' lang='lat' dir='ltr'>ad</span> <span class='ocrx_word' id='word_1_1138' title='bbox 1438 2964 1632 2998; x_wconf 84' lang='lat' dir='ltr'>umbilicum</span> <span class='ocrx_word' id='word_1_1139' title='bbox 1655 2965 1855 3005; x_wconf 86' lang='lat' dir='ltr'>perveniret,</span> <span class='ocrx_word' id='word_1_1140' title='bbox 1877 2967 1908 2998; x_wconf 62' lang='grc' dir='ltr'>ὃ(</span> <span class='ocrx_word' id='word_1_1141' title='bbox 1931 2965 2024 2997; x_wconf 88' lang='lat' dir='ltr'>ilium</span> <span class='ocrx_word' id='word_1_1142' title='bbox 2049 2962 2226 3008; x_wconf 78' lang='lat' dir='ltr'>utrumque</span> <span class='ocrx_word' id='word_1_1143' title='bbox 2247 2978 2390 3010; x_wconf 88' lang='lat' dir='ltr'>occupa-</span> 
     </span>
     <span class='ocr_line' id='line_1_147' title="bbox 1377 3007 2386 3050; baseline 0.004 -10"><span class='ocrx_word' id='word_1_1144' title='bbox 1377 3016 1446 3046; x_wconf 84' lang='lat' dir='ltr'>ret,</span> <span class='ocrx_word' id='word_1_1145' title='bbox 1468 3007 1626 3041; x_wconf 88' lang='lat' dir='ltr'>intestinis</span> <span class='ocrx_word' id='word_1_1146' title='bbox 1650 3008 1773 3042; x_wconf 76' lang='lat' dir='ltr'>sursum</span> <span class='ocrx_word' id='word_1_1147' title='bbox 1796 3009 1842 3042; x_wconf 90' lang='lat' dir='ltr'>ita</span> <span class='ocrx_word' id='word_1_1148' title='bbox 1864 3007 2058 3050; x_wconf 81' lang='lat' dir='ltr'>compulsis,</span> <span class='ocrx_word' id='word_1_1149' title='bbox 2082 3018 2119 3041; x_wconf 89' lang='lat' dir='ltr'>ut</span> <span class='ocrx_word' id='word_1_1150' title='bbox 2141 3009 2219 3042; x_wconf 84' lang='lat' dir='ltr'>hinc</span> <span class='ocrx_word' id='word_1_1151' title='bbox 2233 3007 2386 3050; x_wconf 85' lang='lat' dir='ltr'>jecur‚&amp;</span> 
     </span>
     <span class='ocr_line' id='line_1_148' title="bbox 1377 3049 2385 3093; baseline 0.003 -9"><span class='ocrx_word' id='word_1_1152' title='bbox 1377 3050 1587 3093; x_wconf 85' lang='lat' dir='ltr'>diaphragma</span> <span class='ocrx_word' id='word_1_1153' title='bbox 1611 3049 1757 3085; x_wconf 79' lang='lat' dir='ltr'>altiffime</span> <span class='ocrx_word' id='word_1_1154' title='bbox 1782 3061 1955 3093; x_wconf 82' lang='lat' dir='ltr'>urgerent,</span> <span class='ocrx_word' id='word_1_1155' title='bbox 1982 3052 2055 3084; x_wconf 86' lang='lat' dir='ltr'>inde</span> <span class='ocrx_word' id='word_1_1156' title='bbox 2079 3063 2155 3085; x_wconf 87' lang='lat' dir='ltr'>vero</span> <span class='ocrx_word' id='word_1_1157' title='bbox 2178 3053 2320 3093; x_wconf 87' lang='lat' dir='ltr'>lienem,</span> <span class='ocrx_word' id='word_1_1158' title='bbox 2352 3057 2385 3087; x_wconf 88' lang='lat'>&amp;</span> 
     </span>
     <span class='ocr_line' id='line_1_149' title="bbox 1378 3093 2384 3138; baseline 0.006 -13"><span class='ocrx_word' id='word_1_1159' title='bbox 1378 3095 1594 3128; x_wconf 86' lang='lat' dir='ltr'>ventriculum</span> <span class='ocrx_word' id='word_1_1160' title='bbox 1616 3093 1780 3136; x_wconf 83' lang='lat' dir='ltr'>adigerent</span> <span class='ocrx_word' id='word_1_1161' title='bbox 1804 3095 1946 3129; x_wconf 87' lang='lat' dir='ltr'>medium</span> <span class='ocrx_word' id='word_1_1162' title='bbox 1991 3093 2097 3128; x_wconf 87' lang='lat' dir='ltr'>versus</span> <span class='ocrx_word' id='word_1_1163' title='bbox 2140 3095 2346 3138; x_wconf 72' lang='lat' dir='ltr'>epigastrium</span> <span class='ocrx_word' id='word_1_1164' title='bbox 2373 3122 2384 3131; x_wconf 80' lang='grc'><strong>.</strong></span> 
     </span>
     <span class='ocr_line' id='line_1_150' title="bbox 1378 3138 2382 3181; baseline 0.004 -11"><span class='ocrx_word' id='word_1_1165' title='bbox 1378 3138 1540 3172; x_wconf 87' lang='lat' dir='ltr'>Virebant</span> <span class='ocrx_word' id='word_1_1166' title='bbox 1564 3148 1693 3176; x_wconf 82' lang='lat' dir='ltr'>autem,</span> <span class='ocrx_word' id='word_1_1167' title='bbox 1714 3140 1744 3171; x_wconf 74' lang='grc' dir='ltr'>δε</span> <span class='ocrx_word' id='word_1_1168' title='bbox 1769 3148 1863 3180; x_wconf 79' lang='lat' dir='ltr'>grave</span> <span class='ocrx_word' id='word_1_1169' title='bbox 1886 3139 2018 3172; x_wconf 88' lang='lat' dir='ltr'>olebant</span> <span class='ocrx_word' id='word_1_1170' title='bbox 2042 3138 2161 3173; x_wconf 88' lang='lat' dir='ltr'>viscera</span> <span class='ocrx_word' id='word_1_1171' title='bbox 2198 3141 2348 3181; x_wconf 87' lang='lat' dir='ltr'>pleraque</span> <span class='ocrx_word' id='word_1_1172' title='bbox 2370 3153 2382 3177; x_wconf 77' lang='lat'><em>3</em></span> 
     </span>
     <span class='ocr_line' id='line_1_151' title="bbox 1381 3181 2390 3226; baseline 0.002 -11"><span class='ocrx_word' id='word_1_1173' title='bbox 1381 3191 1419 3216; x_wconf 91' lang='lat' dir='ltr'>ut</span> <span class='ocrx_word' id='word_1_1174' title='bbox 1441 3183 1552 3216; x_wconf 88' lang='lat' dir='ltr'>omnia</span> <span class='ocrx_word' id='word_1_1175' title='bbox 1574 3183 1675 3215; x_wconf 86' lang='lat' dir='ltr'>eximi</span> <span class='ocrx_word' id='word_1_1176' title='bbox 1697 3183 1803 3216; x_wconf 85' lang='lat' dir='ltr'>statim</span> <span class='ocrx_word' id='word_1_1177' title='bbox 1827 3193 1843 3214; x_wconf 88' lang='lat' dir='ltr'>e</span> <span class='ocrx_word' id='word_1_1178' title='bbox 1866 3192 1975 3217; x_wconf 88' lang='lat' dir='ltr'>ventre</span> <span class='ocrx_word' id='word_1_1179' title='bbox 1998 3181 2163 3226; x_wconf 81' lang='lat' dir='ltr'>jusserim,</span> <span class='ocrx_word' id='word_1_1180' title='bbox 2186 3185 2215 3217; x_wconf 49' lang='grc' dir='ltr'>ὃς</span> <span class='ocrx_word' id='word_1_1181' title='bbox 2239 3184 2273 3216; x_wconf 80' lang='lat' dir='ltr'>in</span> <span class='ocrx_word' id='word_1_1182' title='bbox 2285 3184 2390 3226; x_wconf 75' lang='lat' dir='ltr'>sepul-</span> 
     </span>
     <span class='ocr_line' id='line_1_152' title="bbox 1378 3224 2384 3268; baseline 0.003 -11"><span class='ocrx_word' id='word_1_1183' title='bbox 1378 3224 1494 3259; x_wconf 87' lang='lat' dir='ltr'>chrum</span> <span class='ocrx_word' id='word_1_1184' title='bbox 1540 3226 1653 3260; x_wconf 80' lang='lat' dir='ltr'>inserti</span> <span class='ocrx_word' id='word_1_1185' title='bbox 1678 3250 1686 3259; x_wconf 88' lang='lat'>.</span> <span class='ocrx_word' id='word_1_1186' title='bbox 1733 3225 1817 3263; x_wconf 81' lang='lat' dir='ltr'>Quae</span> <span class='ocrx_word' id='word_1_1187' title='bbox 1861 3225 1964 3267; x_wconf 80' lang='lat' dir='ltr'>igitur</span> <span class='ocrx_word' id='word_1_1188' title='bbox 2007 3227 2041 3258; x_wconf 90' lang='lat' dir='ltr'>in</span> <span class='ocrx_word' id='word_1_1189' title='bbox 2086 3225 2239 3260; x_wconf 87' lang='lat' dir='ltr'>Thorace</span> <span class='ocrx_word' id='word_1_1190' title='bbox 2282 3250 2295 3268; x_wconf 82' lang='grc'>,</span> <span class='ocrx_word' id='word_1_1191' title='bbox 2351 3229 2384 3260; x_wconf 86' lang='lat'>&amp;</span> 
     </span>
     <span class='ocr_line' id='line_1_153' title="bbox 1378 3269 2389 3312; baseline 0.003 -11"><span class='ocrx_word' id='word_1_1192' title='bbox 1378 3269 1480 3302; x_wconf 91' lang='lat' dir='ltr'>Collo</span> <span class='ocrx_word' id='word_1_1193' title='bbox 1503 3289 1514 3306; x_wconf 83' lang='lat'>‚</span> <span class='ocrx_word' id='word_1_1194' title='bbox 1545 3271 1577 3302; x_wconf 83' lang='lat'>&amp;</span> <span class='ocrx_word' id='word_1_1195' title='bbox 1600 3269 1747 3302; x_wconf 87' lang='lat' dir='ltr'>Artubus</span> <span class='ocrx_word' id='word_1_1196' title='bbox 1778 3269 2064 3304; x_wconf 84' lang='lat' dir='ltr'>animadverterim</span> <span class='ocrx_word' id='word_1_1197' title='bbox 2101 3280 2215 3312; x_wconf 86' lang='lat' dir='ltr'>praeter</span> <span class='ocrx_word' id='word_1_1198' title='bbox 2262 3281 2389 3305; x_wconf 63' lang='lat' dir='ltr'>naturae</span> 
     </span>
     <span class='ocr_line' id='line_1_154' title="bbox 1377 3312 2388 3357; baseline 0.001 -12"><span class='ocrx_word' id='word_1_1199' title='bbox 1377 3312 1511 3357; x_wconf 65' lang='lat' dir='ltr'>modum</span> <span class='ocrx_word' id='word_1_1200' title='bbox 1535 3312 1566 3347; x_wconf 87' lang='lat' dir='ltr'>se</span> <span class='ocrx_word' id='word_1_1201' title='bbox 1589 3312 1760 3351; x_wconf 85' lang='lat' dir='ltr'>habentia,</span> <span class='ocrx_word' id='word_1_1202' title='bbox 1785 3312 1848 3347; x_wconf 88' lang='lat' dir='ltr'>huc</span> <span class='ocrx_word' id='word_1_1203' title='bbox 1873 3313 1986 3347; x_wconf 87' lang='lat' dir='ltr'>addam</span> <span class='ocrx_word' id='word_1_1204' title='bbox 2010 3325 2020 3351; x_wconf 85' lang='lat'><em>3</em></span> <span class='ocrx_word' id='word_1_1205' title='bbox 2054 3324 2154 3353; x_wconf 80' lang='lat' dir='ltr'>nam,</span> <span class='ocrx_word' id='word_1_1206' title='bbox 2176 3314 2310 3348; x_wconf 64' lang='lat' dir='ltr'>meliora</span> <span class='ocrx_word' id='word_1_1207' title='bbox 2335 3315 2388 3346; x_wconf 85' lang='lat' dir='ltr'>in-</span> 
     </span>
     <span class='ocr_line' id='line_1_155' title="bbox 1378 3356 2386 3399; baseline 0.001 -10"><span class='ocrx_word' id='word_1_1208' title='bbox 1378 3365 1459 3389; x_wconf 84' lang='lat' dir='ltr'>terea</span> <span class='ocrx_word' id='word_1_1209' title='bbox 1484 3366 1619 3398; x_wconf 87' lang='lat' dir='ltr'>corpora</span> <span class='ocrx_word' id='word_1_1210' title='bbox 1644 3356 1750 3394; x_wconf 63' lang='lat' dir='ltr'>madii,</span> <span class='ocrx_word' id='word_1_1211' title='bbox 1772 3357 1884 3399; x_wconf 87' lang='lat' dir='ltr'>Caput</span> <span class='ocrx_word' id='word_1_1212' title='bbox 1907 3368 1972 3390; x_wconf 86' lang='lat' dir='ltr'>non</span> <span class='ocrx_word' id='word_1_1213' title='bbox 1996 3358 2187 3398; x_wconf 78' lang='lat' dir='ltr'>attigimus.</span> <span class='ocrx_word' id='word_1_1214' title='bbox 2326 3359 2386 3390; x_wconf 76' lang='lat' dir='ltr'>i&#39;e-</span> 
     </span>
     <span class='ocr_line' id='line_1_156' title="bbox 1377 3398 2385 3443; baseline 0.002 -12"><span class='ocrx_word' id='word_1_1215' title='bbox 1377 3398 1552 3434; x_wconf 80' lang='lat' dir='ltr'>iicardium</span> <span class='ocrx_word' id='word_1_1216' title='bbox 1597 3411 1671 3433; x_wconf 88' lang='lat' dir='ltr'>cum</span> <span class='ocrx_word' id='word_1_1217' title='bbox 1716 3401 1871 3434; x_wconf 83' lang='lat' dir='ltr'>anteriore</span> <span class='ocrx_word' id='word_1_1218' title='bbox 1916 3400 2115 3443; x_wconf 82' lang='lat' dir='ltr'>Magnorum</span> <span class='ocrx_word' id='word_1_1219' title='bbox 2161 3399 2308 3435; x_wconf 86' lang='lat' dir='ltr'>vasorum</span> <span class='ocrx_word' id='word_1_1220' title='bbox 2324 3424 2331 3436; x_wconf 65' lang='lat'><em>„</em></span> <span class='ocrx_word' id='word_1_1221' title='bbox 2355 3402 2385 3433; x_wconf 68' lang='grc' dir='ltr'>δέ</span> 
     </span>
     <span class='ocr_line' id='line_1_157' title="bbox 1376 3441 2377 3486; baseline 0 -11"><span class='ocrx_word' id='word_1_1222' title='bbox 1376 3442 1482 3476; x_wconf 86' lang='lat' dir='ltr'>cordis</span> <span class='ocrx_word' id='word_1_1223' title='bbox 1525 3442 1621 3484; x_wconf 79' lang='lat' dir='ltr'>ipsius</span> <span class='ocrx_word' id='word_1_1224' title='bbox 1666 3441 1748 3476; x_wconf 89' lang='lat' dir='ltr'>facie</span> <span class='ocrx_word' id='word_1_1225' title='bbox 1781 3454 1964 3477; x_wconf 87' lang='lat' dir='ltr'>connexum</span> <span class='ocrx_word' id='word_1_1226' title='bbox 1989 3453 2058 3477; x_wconf 89' lang='lat' dir='ltr'>erat</span> <span class='ocrx_word' id='word_1_1227' title='bbox 2080 3466 2092 3483; x_wconf 88' lang='lat'><strong><em>,</em></strong></span> <span class='ocrx_word' id='word_1_1228' title='bbox 2125 3456 2200 3478; x_wconf 80' lang='lat' dir='ltr'>cum</span> <span class='ocrx_word' id='word_1_1229' title='bbox 2225 3445 2281 3477; x_wconf 74' lang='lat' dir='ltr'>illa</span> <span class='ocrx_word' id='word_1_1230' title='bbox 2305 3444 2377 3486; x_wconf 89' lang='lat' dir='ltr'>qui-</span> 
     </span>
     <span class='ocr_line' id='line_1_158' title="bbox 1375 3485 2385 3531; baseline -0.002 -11"><span class='ocrx_word' id='word_1_1231' title='bbox 1375 3486 1448 3520; x_wconf 90' lang='lat' dir='ltr'>dem</span> <span class='ocrx_word' id='word_1_1232' title='bbox 1471 3497 1526 3529; x_wconf 89' lang='lat' dir='ltr'>per</span> <span class='ocrx_word' id='word_1_1233' title='bbox 1549 3485 1816 3525; x_wconf 80' lang='lat' dir='ltr'>filamenta‚cum</span> <span class='ocrx_word' id='word_1_1234' title='bbox 1848 3486 1905 3521; x_wconf 86' lang='lat' dir='ltr'>hac</span> <span class='ocrx_word' id='word_1_1235' title='bbox 1930 3499 2006 3521; x_wconf 87' lang='lat' dir='ltr'>vero</span> <span class='ocrx_word' id='word_1_1236' title='bbox 2030 3498 2085 3529; x_wconf 89' lang='lat' dir='ltr'>per</span> <span class='ocrx_word' id='word_1_1237' title='bbox 2111 3487 2141 3521; x_wconf 89' lang='lat' dir='ltr'>se</span> <span class='ocrx_word' id='word_1_1238' title='bbox 2164 3488 2385 3531; x_wconf 55' lang='lat' dir='ltr'>ipsumquanv</span> 
     </span>
    </p>
   </div>
   <div class='ocr_carea' id='block_1_9' title="bbox 1376 3530 2383 3604">
    <p class='ocr_par' dir='ltr' id='par_1_12' title="bbox 1376 3530 2383 3604">
     <span class='ocr_line' id='line_1_159' title="bbox 1376 3530 2383 3578; baseline 0.002 -14"><span class='ocrx_word' id='word_1_1239' title='bbox 1376 3539 1448 3564; x_wconf 86' lang='lat' dir='ltr'>tum</span> <span class='ocrx_word' id='word_1_1240' title='bbox 1472 3531 1539 3564; x_wconf 89' lang='lat' dir='ltr'>duo</span> <span class='ocrx_word' id='word_1_1241' title='bbox 1561 3530 1726 3564; x_wconf 86' lang='lat' dir='ltr'>transversi</span> <span class='ocrx_word' id='word_1_1242' title='bbox 1748 3532 1848 3574; x_wconf 84' lang='lat' dir='ltr'>digiti</span> <span class='ocrx_word' id='word_1_1243' title='bbox 1871 3540 1942 3565; x_wconf 90' lang='lat' dir='ltr'>tum</span> <span class='ocrx_word' id='word_1_1244' title='bbox 1965 3532 1998 3563; x_wconf 90' lang='lat' dir='ltr'>in</span> <span class='ocrx_word' id='word_1_1245' title='bbox 2022 3531 2262 3574; x_wconf 79' lang='lat' dir='ltr'>longitudinem</span> <span class='ocrx_word' id='word_1_1246' title='bbox 2277 3553 2287 3569; x_wconf 85' lang='lat'>‚</span> <span class='ocrx_word' id='word_1_1247' title='bbox 2310 3537 2383 3578; x_wconf 80' lang='lat' dir='ltr'>tum</span> 
     </span>
     <span class='ocr_line' id='line_1_160' title="bbox 2306 3582 2340 3604; baseline 0.029 -1"><span class='ocrx_word' id='word_1_1248' title='bbox 2306 3582 2340 3604; x_wconf 79' lang='lat' dir='ltr'>in</span> 
     </span>
    </p>
   </div>
   <div class='ocr_carea' id='block_1_10' title="bbox 1750 3661 2370 3675">
    <p class='ocr_par' dir='ltr' id='par_1_13' title="bbox 1750 3661 2370 3675">
     <span class='ocr_line' id='line_1_161' title="bbox 1750 3661 2370 3675; baseline 0 400"><span class='ocrx_word' id='word_1_1249' title='bbox 1750 3661 2370 3675; x_wconf 95' lang='lat' dir='ltr'> </span> 
     </span>
    </p>
   </div>
   <div class='ocr_carea' id='block_1_11' title="bbox 1496 3718 1805 3755">
    <p class='ocr_par' dir='ltr' id='par_1_14' title="bbox 1496 3718 1805 3755">
     <span class='ocr_line' id='line_1_162' title="bbox 1496 3718 1805 3755; baseline -0.003 -9"><span class='ocrx_word' id='word_1_1250' title='bbox 1496 3723 1513 3752; x_wconf 73' lang='grc' dir='ltr'>ζ</span> <span class='ocrx_word' id='word_1_1251' title='bbox 1526 3720 1562 3753; x_wconf 75' lang='lat' dir='ltr'>r)</span> <span class='ocrx_word' id='word_1_1252' title='bbox 1581 3718 1653 3752; x_wconf 65' lang='lat' dir='ltr'>Epist.</span> <span class='ocrx_word' id='word_1_1253' title='bbox 1671 3727 1710 3755; x_wconf 74' lang='lat'>46.</span> <span class='ocrx_word' id='word_1_1254' title='bbox 1727 3731 1752 3747; x_wconf 87' lang='lat' dir='ltr'>n.</span> <span class='ocrx_word' id='word_1_1255' title='bbox 1771 3730 1805 3753; x_wconf 87' lang='lat'>17.</span> 
     </span>
    </p>
   </div>
  </div>
 </body>
</html>
