2498 4075
451 103 543 155 144

387 166 582 212 manifestam
602 174 705 209 atque>
719 168 890 203 evidentem
904 189 914 205 ‚
937 165 1022 199 nullo
1053 162 1181 198 interim
1203 163 1259 198 hoc
1279 163 1382 205 viscus

391 212 553 254 infestante
575 210 678 243 morbo
701 211 760 245 fibi
774 212 890 244 intueri
912 206 1046 252 licuiffe,
1069 207 1222 241 affirmat.
1248 208 1306 240 Ille
1330 218 1380 239 ve-

388 267 427 289 ro
451 258 484 287 in
504 253 609 295 puella
633 254 732 287 decem
755 265 849 287 armos
871 261 944 287 nata
967 276 977 291 ‚
1008 251 1189 294 ventrisque
1218 249 1384 284 doloribus

387 298 612 334 atrocissimis,
637 299 666 329 δε.
690 298 805 330 deinde
827 294 1111 332 convulfionibus,
1134 306 1169 327 ac
1191 294 1319 327 vomitu
1334 293 1389 326 de-

386 344 487 384 nique
510 339 677 380 contem,
700 342 755 374 etsi
779 342 855 373 alias
879 339 955 372 alibi
979 337 1170 371 morborum
1190 337 1297 371 causas
1318 337 1388 369 ani-

386 384 589 419 >iiiiadvertit3
613 384 726 418 tamen
740 394 828 417 renes
850 392 981 424 quoque
1003 381 1148 415 duriores
1168 403 1180 420 ‚
1213 383 1390 422 eorumque

393 429 529 462 alterum
555 425 707 467 inufitatae
726 425 833 469 figurae
856 426 1001 462 invenit,
1024 425 1056 457 in
1074 423 1182 465 plures
1198 422 1321 465 scilicet
1342 421 1390 456 lo-

391 473 444 505 hos
462 468 588 515 fijjitm.
611 471 659 502 At
681 471 703 504 si
738 470 817 503 hanc
849 477 982 510 propter
1015 468 1116 500 varias
1148 466 1219 499 illas
1251 465 1357 500 causas
1380 489 1390 504 ‚

391 524 560 555 utramque
585 521 691 546 autem
716 521 848 555 propter
872 521 996 544 :etatem
1031 511 1136 543 minus
1169 508 1310 544 adultam
1343 507 1390 540 se-

389 568 513 600 ponas;
537 567 637 598 neque
661 558 747 590 enim
771 555 850 588 adeo
873 556 991 588 miri-im
1015 554 1089 587 esset
1111 574 1122 591 ,
1158 551 1180 585 si
1205 552 1302 595 paulo
1322 559 1388 584 tar-

388 602 460 634 dius
487 602 519 633 in
544 600 707 632 nonnullis
730 609 818 632 renes
841 598 958 634 ambo,
983 607 1038 630 aut
1061 607 1171 630 eorum
1196 597 1276 629 alter
1300 594 1390 638 puel-

392 645 490 679 larem
511 643 869 685 illaminaequalitatem
882 642 1090 677 amitterent5
1113 651 1152 673 ex
1174 641 1298 673 caeteris
1310 648 1389 681 quas

391 699 478 722 nunc
500 687 632 729 quidem
656 686 858 720 meminerim
883 696 899 717 a
917 695 967 718 me
991 683 1088 718 ieaas
1110 681 1168 716 effe
1183 700 1209 722 ‚-
1227 682 1389 715 Observa-

386 732 533 767 tionibus
546 739 711 772 quatuor,
734 728 819 762 haud
831 728 990 769 amplius,
1014 726 1087 760 sunt
1102 747 1112 763 ,
1134 724 1389 767 Ruyschjiuna,

388 774 539 809 Petrucci
564 775 685 810 altera,
710 771 913 806 Manchartii
936 771 1033 804 tertia
1048 792 1058 807 ,
1081 770 1210 802 Trewii'
1242 768 1356 802 ultima
1380 791 1389 798 .

390 822 431 853 Et
455 830 492 850 cx
516 816 638 850 duabus
661 816 793 858 quidem
806 815 917 858 primis
932 837 945 854 ‚
968 813 991 846 si
1014 812 1162 856 adjuneta
1182 810 1326 859 quaedam
1343 819 1393 844 at-

385 861 576 897 tendamus,
599 860 699 893 uri-uae
723 860 813 892 vitiis
839 856 993 891 laborasse
1024 856 1121 896 illos,
1143 856 1354 897 conjiciemus
1378 878 1387 894 ,

386 907 420 940 iu
445 905 563 947 quibus
585 901 742 945 ejusmodi
767 912 856 936 renes
879 902 1003 934 inventi
1037 899 1111 933 sunt
1131 923 1140 932 .
1172 899 1262 933 Nain
1293 899 1387 940 Ruy-

385 949 491 983 {chius
513 947 595 981 olim
617 945 801 989 priusquam
824 944 912 979 casus
934 945 1008 977 illos
1019 944 1098 977 duos
1111 951 1306 984 proponeret
1328 942 1387 984 qui

385 995 477 1027 nobis
500 990 568 1024 haec
602 989 818 1034 perpendendi
853 987 1054 1021 occasionem
1088 985 1243 1020 dederunt
1268 1011 1279 1027 ‚
1311 996 1386 1019 cum

385 1036 518 1071 eandem
541 1036 575 1067 in
600 1035 713 1068 adulto
735 1034 819 1067 renis
843 1032 1032 1064 strufmram
1055 1028 1239 1064 offendisset
1253 1053 1262 1069 ,
1284 1039 1386 1071 quan-

384 1092 484 1124 quam
509 1077 591 1112 nihil
614 1077 651 1111 de
674 1075 743 1119 ejus
767 1075 889 1109 morbis
923 1075 1037 1117 attigit
1057 1085 1071 1114 ,·
1104 1082 1211 1105 tamen
1234 1074 1267 1105 i'n
1302 1073 1387 1105 renis

386 1125 476 1158 illius
498 1122 714 1155 delineatione
744 1118 825 1163 (l)
862 1118 1044 1161 supremum
1079 1119 1212 1150 ureteris
1245 1115 1386 1149 tractum

385 1169 539 1202 latiorem
562 1165 657 1198 nobis
682 1163 881 1202 delineavit,
903 1172 1002 1203 quam
1035 1170 1090 1202 per
1106 1158 1152 1208 'se
1187 1157 1246 1192 esse
1278 1160 1313 1190 in
1344 1159 1384 1191 iis

384 1212 463 1245 solet
486 1210 541 1253 qui
566 1219 677 1242 earum
700 1208 841 1249 partium
865 1206 985 1238 morbis
1007 1203 1115 1237 affecti
1137 1201 1269 1236 fuerunt
1302 1211 1385 1234 nun-

386 1265 506 1297 quam.
533 1254 717 1284 Petruccius
753 1258 862 1282 autem
896 1259 968 1280 cum
1003 1246 1169 1288 Spicilegii
1204 1245 1249 1278 sui
1282 1247 1384 1284 (m)

383 1298 514 1332 Tabula
540 1297 585 1329 ΙΙ.
611 1306 698 1327 renes
723 1295 835 1334 pingat
860 1289 1050 1324 monstrosos
1073 1313 1082 1327 ,
1116 1288 1148 1321 id
1173 1289 1216 1322 est
1245 1298 1282 1322 ex
1310 1287 1384 1329 plu-

384 1343 477 1375 rimis
498 1338 657 1383 glandulis
679 1335 915 1378 conglomeratis
938 1332 1107 1372 constantes
1128 1333 1167 1365 ad
1189 1331 1282 1371 instar
1315 1341 1383 1363 ton·

381 1383 535 1427 cepcaculi
556 1392 706 1420 ovoruim
729 1379 849 1422 pelvim
873 1378 996 1410 dexteri
1019 1387 1112 1418 aequo
1149 1376 1250 1417 magis
1280 1374 1384 1407 latum

384 1438 479 1471 atque
511 1435 696 1463 extantem,
720 1428 877 1457 ureterem
901 1430 1007 1455 autem
1031 1418 1144 1452 sinistri
1167 1416 1319 1461 craffitie,
1343 1418 1384 1451 (ff

381 1471 610 1513 amplitudine.
636 1478 672 1503 ut
703 1466 771 1509 ipse
805 1465 953 1507 loquitur
975 1489 984 1504 ‚
1016 1461 1235 1511 monstruosum
1267 1471 1385 1503 reprae-

383 1516 504 1549 sentat.
531 1515 571 1546 In
598 1509 917 1546 Manchartiiautem
930 1506 1171 1540 Observatione
1195 1505 1248 1547 (n
1271 1508 1281 1543 )
1305 1515 1394 1537 con--

383 1559 503 1603 jeftura
535 1568 615 1599 opus
648 1567 713 1588 non
746 1553 817 1593 est,
841 1561 877 1585 ut
894 1549 1131 1600 assequamur,
1154 1550 1266 1581 Senem
1283 1570 1297 1597 ³.
1329 1549 1383 1580 cui

383 1612 470 1636 renes
492 1599 646 1639 maximi,
669 1596 796 1633 bubuli,
824 1595 866 1628 ἕν
888 1592 1054 1640 inaequales
1076 1601 1188 1630 erant,
1213 1591 1383 1640 pluribus,

381 1657 439 1679 nec
464 1645 606 1678 levibus,
629 1644 728 1675 urinae
753 1644 783 1673 δέ
807 1640 949 1681 partium
973 1648 1040 1679 ejus
1062 1635 1153 1670 causa
1178 1634 1383 1668 conditarum

381 1690 471 1724 vitiis
496 1685 667 1720 laborasse.
695 1683 927 1726 Nephriticum
940 1684 1026 1715 enim
1038 1690 1136 1712 annos
1157 1678 1282 1720 aliquot
1306 1676 1386 1711 fuis-

383 1733 432 1770 se,
460 1733 609 1767 constat,
631 1727 746 1761 deinde
769 1726 945 1759 §sebui-iam
971 1723 1037 1757 fere
1062 1732 1250 1763 perpetuam
1273 1745 1283 1760 ‚
1316 1731 1386 1755 tum

381 1786 437 1820 per
460 1774 628 1808 intervalla
653 1772 753 1803 urinae
766 1769 1040 1803 incontinentiam
1065 1763 1256 1802 successisse,
1279 1765 1386 1797 illam-

382 1831 445 1862 que
468 1819 604 1852 fimilem
629 1814 705 1849 larii
728 1812 891 1855 ebutyrato
913 1818 1070 1854 repertam
1102 1808 1161 1842 esse
1193 1809 1280 1840 intra
1315 1819 1385 1841 ure-

381 1872 464 1897 tercs
480 1887 488 1901 ,
510 1860 656 1895 intestini
681 1858 741 1890 liei
765 1856 861 1889 instar
886 1855 1064 1890 distentos,
1090 1862 1165 1885 cum
1191 1851 1295 1900 pelves
1327 1862 1388 1884 un-

380 1908 419 1940 de
444 1904 674 1949 proveniebant
689 1926 698 1941 ,
722 1901 1001 1942 ovicapacitatem
1020 1902 1182 1938 aequarent
1195 1902 1313 1941 ,antra
1335 1905 1388 1927 ve-

384 1951 481 1984 iicam
505 1950 642 1990 denique
666 1945 884 1982 contradam,
908 1939 1061 1979 crassam,
1082 1941 1113 1971 &
1136 1938 1223 1979 quasi
1235 1930 1387 1970 callosam

382 1995 504 2036 lapides
530 1992 635 2031 duos,
658 1998 800 2031 quorum
825 1985 905 2019 alter
928 1993 1083 2029 magnus,
1116 1988 1233 2023 praeter
1265 1980 1387 2013 multos

383 2039 468 2080 q'uos
490 2036 573 2069 olim
597 2034 732 2077 ejecerat
748 2056 757 2071 ,
781 2027 952 2064 substitisse
976 2051 986 2060 .
1019 2027 1070 2059 Sic
1093 2025 1193 2057 etiam
1219 2024 1318 2069 Senex
1341 2024 1387 2056 al-

381 2091 430 2116 ter
446 2107 453 2118 ,
477 2081 511 2113 in
533 2090 600 2122 quo
624 2088 677 2111 reu
702 2083 838 2115 uterque
861 2087 877 2106 a
901 2071 1009 2105 Praecl.
1034 2068 1166 2117 Trefw'io
1188 2069 1208 2115 (.
1224 2066 1275 2108 o)
1308 2077 1387 2115 conf

380 2126 509 2166 {peetus
542 2122 606 2157 fuit
648 2116 818 2161 manifestis
851 2116 883 2149 in
916 2113 1035 2148 lohulos
1066 2109 1266 2154 dzvzfiomhbus
1288 2133 1299 2149 ,
1335 2117 1385 2143 utc

383 2169 464 2202 alsa:
487 2169 519 2201 in
539 2165 646 2209 pueris
670 2169 793 2196 tantum
810 2158 891 2202 solet
911 2181 925 2199 ,
956 2163 1109 2205 notatus-3
1136 2163 1250 2187 renum
1280 2153 1386 2186 calcu-

385 2215 424 2246 lis
440 2209 667 2244 diuobnoxius
678 2207 824 2243 vixerat,
849 2212 950 2243 quos,
974 2196 1388 2247 mictu-interdumeruen-

383 2266 420 2290 to
443 2255 622 2288 comitante
644 2276 653 2287 .
689 2247 878 2282 excernebat
902 2268 911 2284 ,
944 2245 1044 2277 donec
1068 2239 1204 2275 secunda
1227 2250 1329 2274 urmae
1352 2249 1388 2272 in

384 2299 484 2334 vesica
510 2294 717 2339 suppreffione
742 2288 906 2325 confeffilus
929 2287 989 2321 est.
1013 2285 1119 2334 ,Nunc
1143 2284 1169 2318 fi
1192 2279 1277 2317 forte
1299 2293 1388 2331 quae-

385 2355 433 2377 ras
460 2367 470 2382 ‚
500 2340 581 2383 quid
601 2335 666 2378 'ego
689 2334 954 2370 observaverim3
977 2330 1033 2363 etli
1064 2326 1321 2376 quotiescunque
1352 2336 1387 2358 in

386 2397 472 2420 renes
495 2383 595 2418 incidi
619 2375 676 2423 qui
700 2380 739 2413 ad
762 2378 857 2411 istam
868 2373 1044 2416 superficiei
1069 2370 1390 2420 inaequalitatemac-

356 2427 360 2430 ⁴
385 2430 534 2464 cedei-ent
561 2450 569 2465 ‚
602 2426 636 2458 id
659 2424 692 2456 in
717 2420 907 2465 pauperibus
932 2416 996 2449 fuit
1020 2416 1207 2462 plerumque
1240 2422 1387 2461 ignotis,

387 2474 444 2516 qui
470 2473 547 2505 dum
560 2470 725 2502 viverent,
748 2464 868 2506 quibus
888 2458 987 2495 essent
997 2460 1135 2505 obnoxi-1
1158 2456 1303 2495 morbis,
1328 2454 1390 2488 sci-

388 2530 420 2550 re
446 2524 637 2559 propterea,
661 2518 714 2543 aut
740 2509 811 2541 satis
844 2503 921 2539 scire
944 2513 1009 2536 non
1033 2510 1126 2543 potui
1149 2510 1162 2540 ;
1195 2498 1257 2532 hoc
1282 2508 1390 2549 tamen

389 2561 497 2594 dicam
525 2581 533 2595 ‚
566 2568 606 2590 ex
639 2553 770 2587 indiciis
799 2547 990 2592 quibusdam
1011 2568 1025 2585 ‚
1056 2554 1121 2577 non
1165 2541 1252 2589 secus
1284 2553 1319 2576 ac
1352 2552 1388 2574 in

388 2602 553 2646 Ruyschii
570 2623 578 2638 ‚
603 2602 633 2632 δε
656 2588 1137 2630 PetrucciObservationibuS,
1169 2587 1388 2635 conjecturam

389 2648 492 2681 facere
515 2641 658 2682 licuisse,
682 2649 794 2673 eorum
819 2628 1123 2670 neminemcaruiffe
1137 2629 1259 2662 morbis
1270 2627 1308 2662 ad
1321 2640 1390 2675 uri-

394 2702 443 2724 ηπ
463 2700 584 2724 oroana
610 2683 843 2719 attinentibus.
868 2674 1120 2726 Quodffieipse,
1145 2682 1181 2705 ut
1204 2671 1317 2721 sperno,
1342 2674 1392 2721 ia-

388 2736 449 2769 cile
473 2716 655 2773 inielliges,
681 2729 706 2761 fi
730 2725 784 2760 has
806 2734 884 2766 quas
907 2721 1084 2768 subjicio..
1099 2726 1210 2764 eorum
1242 2714 1391 2749 historias

388 2774 635 2813 consideraveris
649 2796 658 2812 ‚
682 2770 733 2804 sed
756 2765 938 2803 universas-3
960 2765 1005 2796 ita
1035 2771 1121 2811 enim
1143 2757 1310 2801 disponam
1325 2779 1333 2794 ‚
1355 2766 1391 2792 ut

390 2822 513 2855 indicia
536 2819 591 2852 illa
616 2815 741 2857 magis,
766 2809 930 2854 magisque
953 2815 1062 2857 augeri
1086 2802 1211 2843 videas,
1234 2805 1265 2836 &
1287 2813 1325 2834 ex
1347 2801 1392 2835 le-

392 2865 540 2898 vioribus
572 2859 751 2894 ordinatim
775 2854 844 2888 fieri
867 2861 1038 2895 gravrora.

435 2917 486 2940 21.
513 2901 746 2939 MULIERIS
765 2923 773 2939 ‚
795 2899 829 2930 in
854 2896 1059 2929 Noiocomio
1071 2890 1133 2925 hoc
1157 2898 1292 2923 mortuae
1307 2913 1316 2926 ,
1342 2889 1391 2921 vi-

392 2951 476 2985 scera
499 2948 645 2991 quaedam
669 2965 678 2980 ‚
711 2946 741 2975 ὅ(
763 2949 858 2983 caput
881 2941 913 2972 in
938 2935 1154 2979 Gymnafium
1186 2933 1274 2966 illata
1297 2932 1393 2971 sunt,

391 3005 466 3029 cum
492 2993 678 3025 Auatomen
703 2986 851 3018 haberem
875 2983 918 3016 A.
948 2982 1038 3023 1726.
1167 2975 1391 3028 ‘CEREssRJ

393 3037 479 3072 fusca
505 3043 571 3068 erat
596 3030 776 3065 medullaris
800 3026 992 3063 substantia,
1016 3026 1046 3057 δι
1069 3021 1190 3055 crebris
1214 3019 1392 3061 sanguineis

394 3080 520 3123 punifftis
545 3076 715 3110 distineia:
743 3070 884 3103 laterales
918 3065 1093 3102 ventriculi
1127 3075 1192 3098 non
1217 3062 1280 3112 sirie
1312 3073 1393 3103 aqua

394 3128 484 3158 intro
509 3120 627 3155 effusa:
653 3115 845 3151 cerebellum
858 3112 1042 3154 praemolle.
1177 3108 1229 3139 Ut
1252 3117 1286 3152 iq
1299 3105 1393 3138 Tho-

395 3169 478 3201 racis
499 3175 602 3201 cavo,
626 3159 666 3194 sic
691 3161 789 3193 etiam
812 3167 846 3189 in
872 3156 998 3200 Ventije
1021 3161 1193 3199 aqua-non
1227 3149 1396 3185 desuerat,

395 3222 495 3252 (aque
517 3208 627 3243 foeda.
655 3204 751 3238 Uteri
783 3200 891 3233 Tubae
916 3208 1015 3238 maius
1050 3196 1214 3243 orificium
1239 3191 1396 3241 habebant

395 3251 565 3287 occlusum
591 3272 599 3286 ,
632 3250 754 3291 quippe
778 3253 922 3277 extremo
944 3242 1003 3274 illo
1027 3241 1065 3273 ad
1088 3248 1238 3271 ovarium
1262 3239 1398 3284 firmiter

399 3296 629 3339 agoiutinato.
658 3292 728 3323 Fun
755 3297 887 3328 uterque
911 3285 1063 3325 inaequali
1096 3291 1161 3314 erat
1196 3278 1362 3328 superficie
1386 3299 1395 3313 ,

398 3324 584 3374 &inacuiis
609 3334 689 3367 albis
713 3333 765 3365 hic
789 3331 857 3363 illic
881 3340 943 3370 qua
979 3325 1179 3370 subsidebat<²
1204 3331 1361 3372 variegata
1388 3331 1400 3357 3

398 3395 436 3417 ut
461 3380 719 3422 inas-qualitatem
746 3376 836 3409 illam
863 3385 877 3405 a
902 3382 1014 3418 natura
1038 3379 1104 3417 non
1128 3367 1209 3406 esse,
1233 3365 1326 3399 facile
1349 3374 1399 3396 in-

400 3426 579 3467 telligeres.
609 3419 763 3453 Urinaria
789 3426 895 3450 autem
919 3416 1016 3448 vesica
1039 3421 1126 3444 intus
1149 3410 1301 3443 rubebat.
1345 3450 1349 3455 ¹

446 3479 494 3501 22.
522 3464 655 3500 §ENis
679 3462 845 3502 cujusdam
871 3461 998 3496 Partes,
1022 3454 1198 3499 praesertim
1233 3454 1367 3486 Ventris
1390 3470 1418 3501 ³,

399 3594 1018 3612 —.......---—----—-—---—-·-

464 3674 469 3696 ί
487 3674 495 3696 l
513 3674 520 3702 )
538 3671 597 3695 obs.
617 3673 689 3695 Anat.
706 3667 776 3693 chit.
794 3668 832 3690 80.
847 3665 899 3694 Fig.
916 3667 956 3693 64.

462 3703 477 3732 ί
490 3711 502 3726 o
518 3701 532 3730 )
549 3703 685 3728 Commerc.
704 3698 790 3724 Litter.
807 3698 839 3720 A.
858 3703 923 3726 ¹743·
941 3694 1019 3719 Hebd.
1035 3702 1072 3725 ³3·
1091 3703 1114 3718 n.
1132 3703 1155 3724 3*-

1020 3667 1035 3693 (
1049 3672 1073 3687 m
1090 3664 1104 3693 )
1119 3666 1155 3688 De
1171 3662 1261 3688 Struss.
1278 3660 1400 3689 Carsular.
1417 3660 1506 3686 Renal.

1223 3693 1237 3721 (
1250 3699 1267 3722 P
1284 3696 1295 3719 )
1312 3693 1384 3721 Epist.
1400 3700 1439 3716 ιο.
1456 3699 1479 3716 n.
1496 3698 1534 3721 37.

1015 85 1172 139 Liber
1203 83 1292 138 IF.
1325 85 1411 137 De
1441 82 1650 136 Morbis
1684 82 1898 135 Ventris

1431 163 1465 195 in
1489 161 1599 196 eodem
1620 160 1827 196 Nosoeornio
1851 159 1998 195 studiosis
2037 161 2154 194 nostris
2177 161 2439 200 Adelescemibus

1431 204 1671 239 ostendebamus
1694 203 1749 237 sub
1773 204 1867 238 finem
1893 205 1936 237 A.
1973 212 2068 246 1742.
2092 215 2165 238 cum
2199 208 2283 237 inter
2319 204 2389 238 illas
2420 221 2436 242 a

1436 248 1585 282 consueta
1608 257 1730 281 naturae
1750 257 1861 281 norma
1884 246 1941 281 has
1963 246 2108 280 aberrare
2130 270 2140 284 ,
2176 248 2397 284 adnotavimus
2420 273 2430 284 .

1565 291 1726 324 TESTIS
1749 291 1876 325 alterius
1896 290 2067 332 Vaginalis
2091 293 2196 323 tunica
2223 302 2336 332 aquam
2359 304 2436 327 cori-

1438 334 1562 368 tinebat
1585 346 1648 378 non
1673 345 1828 376 paucam,
1851 344 1983 375 eamque
2005 333 2191 367 turbidam.-
2225 344 2262 366 ex
2293 335 2436 378 Albugi-

1439 389 1496 412 nea
1520 388 1625 411 autem
1647 378 1704 419 qui
1728 382 1826 418 prope
1847 376 1982 419 globum
2008 377 2204 418 epididymis
2217 376 2432 419 superiorem,

1439 421 1622 455 testiculum
1654 420 1870 453 convestiebat
1895 443 1904 458 ,
1938 418 2166 461 corpusculum
2199 419 2434 455 subrotundum

1439 464 1579 498 exstabat
1593 487 1602 500 ,
1625 463 1818 505 Albugineae
1839 463 2013 497 concolor.
2038 463 2165 497 Arteria
2189 464 2313 504 Magna
2325 463 2380 497 ubi
2403 466 2437 498 in

1440 508 1554 542 Iliacas
1577 506 1607 541 se
1627 505 1817 546 dividebat,
1844 505 1973 540 officula
2004 507 2091 540 inter
2125 508 2249 542 tunicas
2278 506 2436 541 condebat

1441 551 1529 586 suas.
1552 550 1611 585 Sed
1634 547 1697 583 hoc
1721 548 1803 583 nihil
1825 560 1892 583 erat
1916 560 1977 590 prae
2000 550 2117 583 arteria
2130 550 2295 594 Splenica‚
2316 561 2386 591 quae
2397 553 2437 585 ab

1441 596 1542 628 initio
1564 593 1602 627 ad
1634 592 1807 634 ingressum
1831 593 1983 639 usquein
2016 593 2131 627 lienem
2162 603 2233 627 tota
2266 604 2437 636 propemo-

1441 638 1519 672 dum
1554 635 1721 670 constabat
1752 646 1792 668 ex
1825 636 1973 673 ollibus:
2005 646 2136 679 eratque
2159 646 2310 680 praeterea
2333 639 2437 672 multo

1440 692 1537 723 quam
1562 680 1682 717 soleat,
1703 679 1823 713 latior.
1849 679 1942 721 Splen
1976 689 2080 721 tamen
2103 704 2112 719 ,
2143 691 2301 723 quantum
2333 680 2436 715 sensus

1441 723 1583 767 judicare
1607 732 1779 765 poterant,
1803 723 1892 755 sanus
1924 732 2021 761 erati.
2052 723 2146 757 Fellis
2178 723 2313 758 vesicula
2342 736 2436 766 aequo

1444 768 1551 801 minor
1575 765 1659 800 fuit.
1684 767 1791 801 Renes
1815 776 1873 808 pro
1897 764 2016 799 statura
2040 769 2129 809 parvi
2144 779 2154 799 .-
2186 769 2217 800 &
2250 775 2434 811 quanquam

1442 811 1579 844 interius
1603 809 1669 842 sani
1691 807 1913 844 videbanturs
1930 809 2084 844 exteriore
2116 820 2223 844 tamen
2246 810 2327 844 facie
2358 812 2436 845 inae-

1437 855 1547 898 quali.
1572 853 1730 886 Urinaria
1754 861 1862 885 autem
1886 850 1984 886 vesica
2017 864 2131 896 magna
2154 877 2163 893 ‚
2195 856 2225 887 δι
2257 854 2436 896 parietibus

1438 896 1530 932 valde
1563 897 1666 932 craffis
1689 919 1701 936 ‚
1732 895 1840 937 quales
1872 894 1905 926 iri
1938 895 1979 928 iis
2012 895 2069 930 esse
2103 896 2338 931 consueverunt
2376 898 2434 940 qui

1438 954 1478 976 ex
1509 940 1634 975 calculo
1656 964 1667 981 ,
1699 939 1799 973 aliave
1831 938 1922 971 causa
1959 939 2061 973 urinae
2084 939 2273 975 difficultate
2306 941 2433 976 labora-

1438 994 1516 1020 runt
1532 1009 1540 1018 .

1481 1039 1532 1071 23.
1558 1026 1709 1062 SENEX
1732 1026 1836 1066 aiter,
1859 1035 1956 1058 annos
1980 1035 2092 1062 natus,
2114 1027 2436 1070 quantumaestima-

1436 1073 1464 1106 ri
1487 1079 1637 1114 poterat,
1660 1069 1845 1111 sexaginta,
1870 1068 2033 1103 mendicus
2046 1069 2146 1106 adeo,
2172 1080 2206 1104 ut
2230 1070 2288 1104 fibi
2312 1072 2437 1104 vietum

1436 1114 1665 1158 quaereretvel
1701 1124 1739 1146 ex
1762 1112 1922 1159 melo-num
1944 1113 2144 1154 corticibus,
2166 1116 2196 1146 δι
2227 1115 2252 1148 fi
2275 1124 2347 1155 quae
2373 1114 2436 1148 alia

1435 1157 1593 1201 ejusmodi
1628 1158 1661 1190 in
1687 1157 1752 1188 vias
1775 1157 2016 1198 proficiuntur,
2043 1167 2106 1189 non
2148 1155 2241 1191 semel
2277 1166 2367 1189 antea
2400 1159 2436 1190 in

1437 1200 1679 1235 Nosocomium
1701 1199 1764 1232 hoc
1788 1208 1916 1231 venerat
1935 1199 1979 1232 ob
2002 1198 2152 1239 febrem,
2175 1203 2208 1234 δε
2229 1198 2448 1242 oppreffionis,

1435 1244 1558 1279 sensum
1583 1246 1617 1277 in
1640 1241 1793 1279 thorace,
1817 1253 1911 1283 quem
1932 1241 2071 1276 difficilis
2096 1242 2289 1285 respiratio,
2321 1241 2437 1277 debilis

1435 1287 1565 1332 pulsus,
1590 1291 1621 1320 &
1644 1285 1787 1327 tufficula
1799 1285 2016 1319 comitabatur
2026 1283 2142 1319 assidua
2157 1311 2167 1326 ,
2188 1286 2277 1328 spu'ta
2300 1285 2437 1320 educens

1435 1343 1507 1375 quae
1527 1339 1647 1364 vocant
1671 1328 1885 1363 catarrhalia.
1909 1330 1978 1361 Ubi
2003 1328 2168 1372 paululum
2192 1330 2251 1363 fibi·
2264 1328 2439 1365 videbatur

1434 1377 1581 1414 levatus‚·
1602 1374 1636 1406 in
1656 1375 1727 1406 vias
1749 1372 1869 1407 iterum
1892 1373 1998 1416 exibat
2013 1393 2023 1407 ‚
2046 1383 2104 1406 nec
2128 1372 2234 1406 multo
2258 1364 2328 1416 post
2353 1383 2437 1407 tem-

1435 1431 1510 1462 pore
1534 1417 1775 1451 Nosocomium
1798 1415 1982 1458 repetebat.
2007 1415 2188 1449 Noviffime
2210 1425 2319 1452 autem
2350 1419 2439 1451 circa

1435 1461 1578 1496 medium
1597 1461 1790 1504 januarium
1812 1461 1859 1493 A.
1885 1467 1981 1502 1747.
2006 1459 2050 1492 ita
2070 1460 2270 1497 emaciatus‚
2293 1462 2336 1495 δι’
2350 1469 2439 1494 rnor-

1434 1506 1499 1544 bo,
1521 1504 1664 1548 frigore,
1689 1503 1795 1537 inedia
1820 1501 1987 1536 confertus
2011 1501 2128 1542 red-iit,
2152 1511 2188 1537 ut
2220 1504 2317 1547 paulo
2350 1502 2440 1545 post—

1434 1560 1531 1591 quam
1555 1555 1683 1582 venerat
1708 1572 1717 1586 ,
1751 1555 1888 1580 mortem
1912 1547 2039 1580 obiret.
2169 1547 2438 1581 CADAVERE

1437 1594 1471 1625 in
1497 1593 1625 1634 publica
1648 1593 1811 1624 Anatome
1836 1589 1905 1623 usus
1928 1589 2019 1625 sum,
2041 1588 2142 1623 donec
2176 1590 2322 1624 melioris
2344 1592 2439 1632 copia

1438 1636 1527 1669 fieret
1542 1662 1549 1668 .
1574 1638 1688 1677 itaque
1710 1638 1741 1667 &
1765 1633 1924 1674 Ventris,
1947 1635 1978 1666 &
2003 1632 2163 1667 Thoracis
2184 1632 2303 1667 viscera
2331 1635 2440 1676 periti·
2485 1648 2488 1651 ·

1435 1678 1603 1712 stravimus
1618 1702 1626 1710 .
1650 1678 1702 1710 Ut
1736 1677 1775 1711 de
1799 1675 1886 1710 hisce
1910 1677 2051 1719 primum
2074 1675 2138 1710 hic·
2151 1676 2280 1714 dicam,
2303 1687 2342 1710 ex
2364 1679 2440 1720 qui-

1437 1721 1495 1755 bus
1529 1723 1766 1764 praecipuorum
1797 1718 1939 1753 hominis
1971 1718 2160 1753 morborum
2200 1720 2308 1754 causas
2337 1731 2440 1762 agno-

1437 1764 1523 1802 scas;
1547 1764 1705 1802 Thorax,
1730 1774 1767 1797 ut
1790 1763 2005 1805 pericardium
2031 1773 2185 1806 quoque,
2208 1761 2339 1798 effusam
2363 1766 2439 1807 qui-

1435 1808 1508 1842 dem
1543 1807 1658 1842 habuit
1682 1817 1818 1849 aquarn,
1843 1806 1891 1839 sed
1914 1816 2048 1847 paucam
2072 1830 2080 1838 .
2116 1807 2162 1840 At
2195 1807 2365 1851 pulmones
2399 1807 2440 1843 ad

1438 1852 1558 1889 latera,
1581 1854 1613 1886 &
1634 1851 1764 1883 dorsum
1788 1850 1928 1884 valenter
1953 1850 2067 1883 annexi
2090 1860 2180 1884 erant
2204 1849 2223 1882 .·’
2247 1851 2327 1893 quin
2361 1849 2441 1885 dex-

1439 1904 1509 1934 ter,
1529 1905 1604 1929 cum
1627 1891 1882 1932 abstraheretur,
1905 1892 2065 1935 quandam
2088 1894 2176 1935 quasi
2189 1895 2333 1928 tunicam
2357 1905 2439 1936 opa-

1438 1949 1532 1979 cam,
1554 1936 1683 1971 craffam
1708 1959 1717 1974 ‚
1752 1937 1880 1970 [ii-mam
1895 1958 1903 1973 ‚
1928 1937 1958 1968 &
1981 1936 2136 1978 aequalem
2159 1937 2292 1980 reliquit
2315 1960 2327 1978 ,
2357 1936 2440 1971 ‘tho-

1438 1983 1518 2014 racis
1542 1980 1718 2023 parietibus
1741 1979 1980 2017 adhaerentem,
2003 1981 2042 2013 ab
2075 1980 2144 2014 imo
2175 1980 2258 2013 ultra
2291 1979 2436 2014 medium

1438 2024 1505 2067 ejus
1530 2024 1764 2065 longitudinis,
1788 2027 1818 2055 δι
1843 2036 1858 2056 a
1884 2023 1978 2065 Spina
2001 2022 2103 2057 sei-me
2127 2023 2164 2057 ad
2177 2023 2316 2057 sternum
2339 2025 2440 2066 usque

1439 2068 1600 2102 extensam
1624 2091 1633 2106 ‚
1664 2078 1736 2108 quae
1770 2066 1809 2099 ab
1829 2078 1894 2099 uno
1915 2076 2086 2108 extreme,
2109 2070 2141 2101 δε
2165 2067 2205 2101 ab
2227 2079 2265 2101 eo
2288 2067 2440 2110 deinceps

1439 2111 1569 2151 avulsa,
1590 2113 1717 2152 integra
1742 2110 1848 2142 secuta
1871 2108 1935 2142 est:
1958 2122 1992 2143 ea
2016 2121 2117 2152 neque
2136 2111 2174 2144 ad
2197 2111 2362 2153 pleuram,
2384 2123 2440 2144 ne-

1437 2155 1501 2198 qu'e
1523 2155 1560 2187 ad
1586 2154 1805 2187 membranam
1827 2153 1985 2186 attinebat
2008 2153 2193 2194 pulmonis,
2218 2156 2341 2198 quippe
2362 2165 2439 2188 cum

1438 2208 1575 2239 utraque
1600 2197 1714 2231 harum
1740 2197 1791 2230 sua
1815 2197 1848 2229 in
1873 2195 1940 2229 sede
1971 2195 2159 2235 restitisset-3
2190 2199 2299 2240 itaque
2331 2198 2369 2231 de
2402 2209 2441 2230 eo

1439 2252 1553 2284 genere
1575 2238 1668 2274 fuiffe
1691 2239 1798 2274 censui
1821 2239 1908 2281 quod
1936 2240 1996 2272 tibi
2024 2241 2100 2274 alias
2124 2245 2134 2280 (
2156 2240 2215 2283 p)
2248 2241 2409 2275 declaravi
2430 2265 2442 2275 .

1440 2284 1612 2318 Pulmones
1641 2283 1700 2326 ipsi
1733 2294 1797 2316 non
1820 2285 1944 2324 optime
1967 2284 1996 2315 se
2029 2282 2188 2318 habebant
2210 2297 2220 2317 .·
2251 2286 2320 2319 imo
2356 2285 2442 2317 intra

1440 2328 1600 2361 summam
1622 2326 1755 2360 alterius
1779 2336 1901 2369 partein
1924 2329 1997 2360 duri
2022 2328 2146 2370 aliquid
2168 2339 2354 2371 perceptum
2379 2327 2439 2361 est.

1440 2371 1499 2405 Sed
1522 2371 1592 2413 plus
1616 2371 1650 2404 iti
1672 2369 1769 2403 corde
1799 2369 1959 2404 malorum
1979 2372 2045 2403 fuit
2069 2396 2078 2404 .
2115 2373 2195 2404 Erat
2218 2370 2320 2414 duplo
2344 2382 2441 2414 gran·

1439 2414 1515 2448 dius
1537 2423 1636 2455 quam
1660 2424 1716 2456 par
1737 2411 1866 2446 fuisset:
1894 2423 1950 2446 nec
1985 2412 2170 2456 sanguinem
2202 2424 2308 2450 tamen
2333 2415 2445 2448 conti-

1441 2458 1559 2494 nebat,
1585 2456 1635 2489 sed
1658 2456 1878 2490 concretiones
1902 2456 2074 2499 polyposas
2096 2457 2268 2492 dumtaxat
2286 2480 2299 2497 ,
2328 2456 2441 2499 easque

1442 2500 1642 2539 mediocres,
1663 2502 1697 2532 &
1720 2509 1852 2540 paucas.
1876 2499 2004 2533 Verum
2028 2500 2101 2534 cur‘ii
2126 2510 2263 2543 uterque
2278 2500 2350 2535 esset
2365 2511 2443 2534 ven-

1440 2542 1577 2576 triculus
1598 2542 1773 2579 dilatatum
1797 2541 1941 2582 dexteri,
1965 2552 2000 2575 ut
2026 2545 2175 2578 auriculae
2209 2544 2276 2586 ejus
2301 2547 2441 2587 pariter,

1440 2598 1512 2629 quae
1536 2588 1569 2618 δι
1590 2586 1657 2627 ipsa
1679 2584 1814 2619 dilatata
1836 2594 1929 2624 erat,
1953 2587 2090 2627 parietes
2112 2597 2204 2620 erant
2240 2598 2406 2629 pertenues
2427 2598 2442 2627 ‚·

1441 2627 1561 2666 finistri
1593 2638 1706 2662 contra
1739 2626 1897 2663 craffiores
1928 2639 2066 2668 omnes,
2101 2632 2130 2662 δι
2162 2630 2309 2666 duriores
2344 2640 2443 2674 quam

1442 2682 1572 2715 aequum
1594 2671 1687 2706 esset.
1712 2671 1862 2706 Mitrales
1888 2671 2023 2706 valvulae
2045 2672 2121 2716 ipsae
2154 2685 2286 2717 quoque
2324 2675 2442 2716 ampli-

1444 2715 1548 2749 ficatae
1569 2737 1584 2755 ‚
1618 2718 1650 2748 δε
1675 2715 1764 2748 valde
1787 2713 1914 2753 crassae,
1937 2717 2013 2749 imis
2044 2725 2134 2750 erant
2168 2718 2236 2750 oris
2262 2717 2442 2752 tuberosae.

1445 2761 1491 2793 Et
1524 2757 1701 2801 Sigmoides
1731 2758 1862 2801 quidem
1898 2760 2002 2792 minus
2040 2758 2167 2792 fueraut
2201 2760 2313 2795 molles
2345 2757 2442 2804 quarn

1444 2813 1574 2845 aequurn
1597 2803 1661 2839 fit3
1685 2800 1735 2836 sed
1759 2803 1798 2834 iis
1822 2802 1928 2834 minus
1959 2800 2084 2836 flexiles
2106 2803 2347 2843 Semilunare53'
2362 2806 2443 2846 quin

1445 2846 1560 2880 harum
1583 2847 1688 2888 aliqua
1712 2843 1927 2879 adinferioris
1951 2847 2090 2879 ambitus
2115 2856 2237 2889 partein
2261 2847 2329 2890 jam
2340 2847 2444 2882 ossea.

1444 2890 1578 2923 Arteria
1602 2889 1724 2931 Magna
1749 2899 1830 2923 antei
1850 2898 2055 2923 curvaturam
2079 2901 2172 2932 aequo
2195 2891 2292 2926 latior
2312 2905 2322 2929 3
2358 2893 2445 2925 inte-

1444 2934 1530 2967 riore
1553 2942 1660 2966 autem
1685 2931 1765 2965 facie
1788 2930 1951 2972 universa,
1974 2934 2043 2966 imo
2082 2936 2115 2966 iri
2139 2934 2246 2967 Iliacis
2279 2947 2409 2979 quoque
2435 2961 2444 2974 ‚

1444 2977 1524 3009 albis
1549 2976 1681 3021 maculis
1705 2975 1812 3018 paffim
1831 2974 2001 3012 distin&a.
2024 2978 2146 3010 Earum
2170 2979 2368 3013 macularum
2382 2978 2445 3012 ali..

1445 3031 1517 3062 quae
1540 3022 1714 3064 introrsum
1739 3018 1988 3061 prominebant,
2013 3032 2083 3063 quae
2106 3019 2251 3055 duriores
2277 3032 2391 3062 erant,
2414 3024 2446 3054 &

1444 3061 1534 3096 osseae
1549 3084 1561 3101 ,
1585 3063 1759 3106 praeiertim
1783 3062 1840 3095 ubi
1873 3072 1932 3094 una
1956 3075 1994 3097 ex
2015 3063 2226 3098 inferioribus
2252 3064 2446 3099 [otei-costa-

1446 3106 1530 3139 libus
1553 3106 1739 3142 oriebatur,
1761 3104 1852 3147 cujus
1874 3105 2037 3141 orificium
2061 3116 2097 3140 ut
2121 3105 2208 3141 forte
2231 3115 2298 3142 erat
2320 3110 2353 3142 in
2379 3120 2445 3153 ma-

1447 3150 1527 3183 culae
1561 3159 1692 3186 centro,
1717 3148 1865 3182 circulari
1889 3151 2017 3184 ambitu
2041 3151 2257 3193 prominentis
2273 3174 2282 3190 ‚
2307 3151 2348 3186 fic
2372 3163 2447 3192 pro-

1448 3202 1557 3235 pterea
1580 3194 1778 3227 coarfiatum
1797 3191 1906 3238 *fuerat
1929 3216 1939 3231 ‚
1976 3203 2012 3227 ut
2047 3191 2140 3228 fimul
2163 3206 2237 3228 curn
2274 3197 2395 3230 macula
2429 3207 2445 3228 a

1447 3237 1557 3277 primo
1579 3235 1709 3270 referret
1739 3246 1895 3277 majorem
1919 3236 2080 3279 quandam
2103 3237 2288 3279 glandulam
2312 3240 2446 3273 lenticu-

1450 3281 1566 3312 larem.
1591 3281 1803 3322 thuoniam
1825 3280 1863 3311 de
1876 3280 1984 3314 lliacis
1997 3281 2321 3324 mentioneminjeci3
2347 3280 2444 3324 prius-

1448 3333 1546 3364 quam
1576 3333 1686 3357 caetera
1721 3323 1760 3356 de
1794 3323 1919 3355 Ventre
1954 3333 2095 3357 attexam
2117 3346 2127 3361 ‚
2167 3336 2232 3357 non
2271 3326 2413 3358 reticebo
2435 3349 2444 3363 ‚

1448 3365 1540 3400 fuisse
1575 3368 1688 3399 Iliacas
1711 3366 1840 3412 arterias
1862 3378 1972 3401 omnes
1995 3389 2005 3404 ,
2038 3379 2101 3401 non
2136 3366 2222 3401 secus
2255 3381 2290 3402 ac
2324 3368 2446 3409 spleni-

1450 3420 1519 3442 cam
1536 3409 1699 3448 videmus,
1723 3407 1904 3443 flexuosas:
1930 3411 2046 3444 Iliacas
2059 3420 2167 3445 autem
2192 3422 2304 3450 venas,
2330 3413 2448 3453 primas

1452 3453 1701 3492 tantummodo,
1724 3453 1759 3487 id
1772 3453 1814 3486 est
1827 3453 1864 3487 ad
1888 3465 1998 3487 earum
2020 3453 2119 3497 usque
2129 3455 2338 3498 partitionem
2353 3478 2360 3492 ‚
2374 3465 2448 3487 coi·-

2238 3507 2405 3539 rugatione

2298 3588 2419 3598 --v——q-

1568 3662 1583 3691 (
1597 3669 1613 3685 η
1628 3662 1640 3694 )
1657 3659 1717 3689 Eph.
1736 3662 1769 3687 N.
1786 3665 1817 3689 c.
1835 3663 1904 3686 Cent-
1923 3663 1947 3685 8.
1966 3660 2021 3685 Obs.
2039 3665 2079 3690 με.
