2498 4075
474 33 505 86 8
1040 30 1197 83 Liber
1232 32 1272 84 l.
1307 29 1393 83 De

401 110 535 151 rabam,
556 107 759 144 exAuuoris
782 105 906 148 inedito
930 106 1050 148 scripto
1061 106 1274 141 Vallisnerius
1299 117 1410 148 protu-

400 153 508 192 lisset3
532 151 614 187 illud
639 150 771 185 fortasse
794 153 879 185 inter
900 158 1014 185 caetera
1037 149 1120 184 scitu
1142 160 1206 183 non
1239 150 1407 192 indignum

399 196 554 231 novissem
568 219 578 235 ,
603 205 642 229 an
662 205 730 237 quae
754 195 892 228 felicitas
913 194 948 229 in
971 192 1082 226 dolore
1092 193 1237 227 tollendo
1260 194 1344 232 suit,
1359 205 1408 227 ea-

397 240 472 275 dem
494 242 528 274 in
552 239 690 273 reserato
715 238 792 271 Sinu
816 235 992 271 claudendo
1015 234 1089 269 esset
1101 237 1407 274 consecuta.Quam

397 283 531 318 difficile
554 283 642 316 enim
663 280 696 313 id
720 279 928 324 perficiatur,
951 278 1177 313 animadvertit
1201 282 1304 314 Corn.
1329 281 1406 314 Cel-

398 329 451 364 sus
474 327 558 369 (k),
583 327 616 359 &
640 322 710 366 post
732 335 804 359 eum
826 322 986 365 Chirurgi
1009 334 1027 356 a
1050 322 1187 356 Palfinio
1218 323 1276 366 (l)
1298 324 1404 358 lauda-

395 373 448 406 ti.-
471 368 675 405 difficultatis
700 377 805 401 autem
828 366 952 404 causas,
979 368 1012 399 δε
1034 377 1142 408 graves
1166 378 1182 399 a
1208 368 1285 400 Sinu
1318 366 1404 401 haud

391 413 524 450 occluso
546 423 648 447 noxas
670 410 755 445 idem
765 409 919 443 Palfinius
933 431 942 447 ‚
968 412 1001 442 &
1022 421 1116 452 quem
1140 409 1196 443 has
1210 411 1349 444 Litteras
1361 422 1407 443 re-

390 458 519 495 censens
541 455 634 496 vidi,
658 455 755 489 etiam
779 452 951 487 Archiater
967 453 1235 488 Praestantiffimus
1247 453 1405 488 Nicolaus

390 501 552 537 Rosenius
574 504 588 540 (
609 509 641 535 m
661 502 676 539 )
700 497 895 531 adnotarunt
917 508 924 527 :
961 507 1000 529 ex
1031 497 1146 539 quibus
1180 495 1310 530 habebis
1332 509 1403 540 quae

389 545 503 589 religas
515 567 526 584 ,
547 553 622 578 cum
645 540 856 583 Verheyenio
878 540 895 582 (
902 543 948 580 n)
968 540 1024 582 qui
1047 539 1180 574 eundem
1205 550 1239 572 ac
1252 540 1401 574 Palfinius

388 585 679 633 pharmacopolam
701 584 864 627 designare
885 583 1032 621 videtur,
1057 581 1252 617 conferenda
1274 605 1283 620 ,
1307 585 1337 616 δι
1363 583 1401 617 ad

389 644 424 665 ea
446 643 518 675 quae
541 631 631 673 super
652 627 738 662 Celsi
761 627 984 661 observatione
1006 626 1062 660 illa
1085 626 1206 669 protuli
1230 626 1322 668 (o),
1346 627 1401 660 ad..

388 675 546 719 jicienda.
572 676 738 707 Caeterum
771 670 795 705 fi
819 670 880 704 alia
912 669 996 703 forte
1021 669 1164 711 exempla
1187 671 1306 711 quaeris
1329 681 1398 703 ver-

386 721 491 753 mium
515 720 601 753 intra
623 719 788 751 cranium,
813 723 849 748 ut
874 713 999 756 ajebant
1014 736 1027 753 ,
1048 722 1247 754 repertorum
1270 734 1279 749 ,
1302 723 1357 747 aut
1380 725 1396 746 e

385 764 513 796 narium
537 760 699 795 receffibus
721 758 920 801 vestorum,
944 755 1398 797 utrorumqueinveniesinter

383 808 443 840 illa
465 818 536 850 quae
549 804 664 838 Daniel
677 803 826 838 Clericus
847 803 944 842 (p),
967 810 1022 832 nec
1044 798 1107 832 fine
1130 799 1319 842 interposito
1329 801 1397 843 ple-

384 861 519 892 rumque
542 847 685 889 judicio,
711 844 886 882 recensuit,
912 842 1123 877 secundorum
1136 844 1342 878 auteminter
1362 856 1396 877 ea

381 905 455 937 quae
478 893 517 925 ab
535 892 659 935 Joanne
681 889 891 923 Saltzmanno
914 891 926 928 (
949 897 969 929 q
992 890 1003 926 )
1025 896 1275 920 commemorata
1300 887 1392 926 sunt,

377 945 436 972 aut
459 933 644 979 proposita,
667 935 726 977 qui
749 942 851 976 neque
874 941 984 964 eorum
1006 929 1261 975 indicia,neque
1274 931 1393 965 auxilia

378 992 437 1024 per
462 990 535 1023 quae
558 977 631 1012 sunt
653 976 788 1015 excuffi,
811 972 1033 1018 praetermifit.

430 1034 477 1058 ιο.
500 1023 577 1069 Jam
599 1032 676 1056 vero
697 1030 760 1055 tres
783 1029 913 1064 quoque
935 1029 1020 1052 meas
1042 1017 1106 1051 tibi
1129 1019 1305 1053 describam
1327 1018 1386 1052 ob-

377 1067 573 1102 servationes
584 1067 617 1099 in
632 1066 737 1108 capite
749 1064 875 1098 habitas
889 1061 1003 1095 dolore
1012 1070 1128 1095 vexato
1139 1073 1192 1098 aut
1212 1072 1283 1096 ante
1292 1072 1387 1096 caete-

376 1124 412 1146 ra
425 1135 438 1153 ,
461 1119 515 1145 aut
539 1112 678 1144 maxima
701 1110 787 1142 inter
807 1106 1137 1142 caeteraincommoda
1150 1131 1159 1139 .
1248 1107 1386 1140 ANTE

376 1155 467 1197 haec,
489 1164 575 1188 certe
599 1155 706 1187 vexari
730 1153 864 1186 solitum
887 1158 952 1182 erat
975 1150 1009 1182 in
1030 1150 1100 1182 viro
1124 1150 1273 1184 mendico
1291 1173 1301 1189 ,
1326 1149 1385 1193 qui

372 1199 496 1242 semper
507 1198 636 1238 fatuus,
660 1197 821 1231 noviffime
844 1204 949 1228 autem
974 1192 1051 1226 adeo
1074 1192 1209 1234 stultus,
1232 1202 1268 1227 ut
1291 1204 1384 1237 quem

373 1245 533 1285 petierat,
560 1252 673 1284 panem
696 1239 851 1284 abjiceret
862 1253 878 1278 ,·
900 1238 933 1269 in
957 1235 1197 1271 Nosocomium
1230 1247 1383 1279 exceptus

371 1286 495 1321 fuerat.
519 1284 694 1319 Constabat
717 1284 823 1317 dolori
835 1282 951 1324 capitis
973 1278 1063 1313 fuisse
1086 1281 1262 1316 obnoxium
1276 1303 1284 1317 ,
1307 1291 1382 1314 tunc

371 1341 480 1366 autem
505 1331 537 1362 &
558 1329 680 1363 ventris
703 1324 973 1361 obstruffionibus
997 1323 1156 1356 laborare.
1260 1325 1383 1359 MOR-

369 1376 463 1411 TUI
486 1384 526 1407 ex
557 1371 645 1406 febre
677 1371 783 1405 nescio
816 1381 878 1413 qua
901 1367 1068 1402 accedente
1101 1368 1232 1402 cadaver
1260 1370 1293 1400 in
1318 1368 1381 1401 hoc

370 1416 608 1454 Anatomicum
632 1415 817 1450 Theatrum
840 1416 883 1447 A.
911 1422 923 1444 1
953 1412 1004 1444 28.
1033 1411 1161 1445 illatum
1185 1411 1226 1445 est
1243 1435 1256 1452 ,
1281 1414 1381 1444 maci-

371 1464 495 1497 lentum
512 1487 520 1501 ,
545 1472 601 1494 nec
622 1461 656 1494 in
680 1461 827 1499 Ventre‚
849 1459 881 1490 &
901 1457 935 1489 T
961 1466 1054 1489 orace
1078 1454 1253 1499 quidquam
1278 1455 1380 1488 osten-

364 1507 465 1546 dens;
488 1505 511 1540 fi
533 1505 732 1539 obstructum
755 1503 870 1536 lienem
893 1501 1052 1543 excipias;
1077 1499 1168 1549 quod
1190 1509 1301 1542 praeter
1325 1511 1379 1532 na-

371 1561 477 1586 turam
500 1550 530 1583 se
551 1548 682 1582 haberet
696 1574 703 1580 .
730 1545 792 1580 Sed
814 1542 1057 1580 circumseeftum
1069 1545 1226 1576 Cranium
1251 1552 1379 1576 cumat-

365 1596 559 1633 tolleretur,
582 1590 843 1627 animadversum,
857 1589 902 1622 est
918 1611 929 1629 ,
951 1586 1029 1621 huic
1043 1589 1075 1620 in
1087 1586 1185 1619 latere
1208 1585 1326 1621 frontis
1339 1586 1379 1619 si-

364 1638 469 1674 nistro
479 1635 650 1671 firmiffime
665 1634 792 1668 affixam
802 1632 860 1667 esse
872 1635 997 1667 Duram
1012 1631 1190 1673 meningem
1202 1654 1213 1671 ,
1235 1642 1306 1674 quae
1330 1630 1378 1663 ibi

363 1684 406 1717 ad
430 1680 597 1715 modicum
620 1679 759 1723 spatium
774 1701 788 1718 ‚
808 1676 895 1721 quasi
929 1674 1055 1717 ellypsis
1087 1675 1208 1708 ambitu
1241 1676 1379 1708 circum-

367 1726 546 1764 scriptum,
561 1734 632 1757 non
656 1721 914 1761 membraneam,
939 1718 990 1752 sed
1013 1717 1150 1751 mediam
1173 1719 1256 1751 inter
1275 1729 1311 1751 os
1346 1719 1378 1750 δε

365 1765 579 1808 ligamentum
604 1776 750 1800 naturam
774 1764 931 1798 habebat.
956 1766 1044 1796 Cum
1055 1762 1256 1795 Cerebellum
1280 1761 1378 1794 molle

366 1809 588 1849 &haccidum
599 1810 673 1844 esset
686 1834 698 1851 ,
721 1808 866 1843 Medulla
879 1815 985 1842 autem
997 1805 1185 1847 Oblongata
1199 1815 1309 1848 parum
1321 1803 1379 1855 fir-

366 1869 437 1895 ma,
462 1856 576 1891 durum
589 1853 773 1893 cerebrum,
799 1861 835 1886 ut
859 1851 936 1893 saepe
959 1852 993 1883 in
1015 1849 1118 1883 stultis
1130 1848 1230 1889 solet,
1246 1850 1379 1887 inven13

366 1901 491 1936 tametsi
516 1898 719 1933 Lateralibus
744 1896 933 1930 ventriculis
957 1893 1092 1936 limpida
1117 1905 1217 1936 aqua,
1241 1892 1378 1935 sedpau-

365 1959 400 1981 ca
414 1968 422 1982 ‚
446 1944 577 1983 inesset,
598 1954 671 1976 cum
697 1940 844 1984 plexibus
865 1939 1090 1977 decoloribus,
1114 1947 1252 1984 quorum
1276 1936 1377 1978 poste-

367 1989 448 2025 riori
461 1989 547 2031 parti
560 1985 700 2020 vesiculae
714 2010 722 2025 ‚
747 1995 801 2016 nec
814 1993 918 2016 tamen
942 1983 1052 2015 multae
1068 2004 1079 2021 ‚
1097 1980 1301 2026 insidebant,
1324 1991 1375 2011 ea-

365 2036 437 2068 dem
462 2044 541 2075 aqua
568 2031 667 2072 plenae
690 2054 697 2060 .
731 2028 880 2070 Denique
912 2027 1063 2059 anteriori
1088 2025 1182 2057 faciei
1216 2023 1375 2064 glandulae

366 2077 505 2112 Pinealis
528 2073 697 2117 quidpiam
724 2070 905 2105 adhaerebat
930 2069 1025 2108 flavi,
1047 2068 1230 2113 quodinter
1252 2068 1376 2109 digitos

363 2117 601 2162 compressum,
624 2114 711 2159 quasi
736 2125 841 2148 arenas
863 2113 1054 2147 intermistas
1079 2109 1192 2145 habere
1208 2136 1216 2151 ‚
1240 2110 1314 2144 sensi
1329 2135 1336 2143 .

412 2173 460 2196 11.
486 2158 616 2196 Horum
640 2159 700 2192 alia
724 2160 790 2192 alio
814 2159 952 2190 attinent
975 2180 987 2197 ‚
1020 2166 1056 2190 ut
1091 2154 1204 2191 nostrae
1228 2155 1375 2198 quaedam

362 2206 467 2252 postea
491 2203 696 2239 declarabunt
721 2201 879 2244 Epistolae
903 2202 966 2243 (r).
991 2199 1078 2234 Illud
1100 2210 1221 2237 unum,
1244 2208 1281 2233 ut
1303 2201 1377 2241 opi-

363 2262 446 2291 nor,
470 2249 510 2283 ad
534 2248 650 2290 capitis
672 2246 840 2285 dolorem,
862 2245 993 2288 quodin
1006 2242 1113 2277 Craffa
1129 2244 1276 2284 meninge
1288 2254 1376 2277 com..

362 2303 492 2339 pertum
514 2292 575 2325 est.
601 2290 810 2331 Quaecunque
835 2290 920 2321 enim
943 2286 1031 2321 causa
1055 2286 1152 2333 fuerit
1185 2285 1245 2319 five
1276 2288 1376 2320 inter-

362 2350 403 2372 na
424 2361 436 2377 ,
457 2336 520 2369 sive
542 2342 669 2370 externa
691 2345 702 2371 5
735 2343 919 2375 quanquam
942 2331 1065 2365 nullum
1088 2329 1183 2372 hujus
1207 2329 1375 2373 vestigium

362 2377 600 2416 animadversi,-
623 2388 679 2409 cur
703 2386 738 2408 ea
764 2387 833 2417 pars
859 2375 1018 2417 meningis
1041 2375 1075 2406 in
1099 2372 1168 2406 ossis
1191 2384 1269 2413 pene
1303 2386 1372 2407 mo-

361 2425 440 2460 dum
462 2419 677 2458 induruisset,
703 2419 844 2462 proclive
867 2417 909 2451 est
931 2417 1132 2459 intelligere,
1156 2416 1373 2459 quotiescum-

362 2481 426 2513 que
449 2467 576 2508 sanguis
600 2472 653 2497 aut
676 2464 794 2504 copia,
820 2471 872 2496 aut
897 2462 1062 2503 turgentia
1085 2481 1097 2499 ,
1120 2468 1173 2493 aut
1198 2460 1371 2494 accelerato

361 2522 419 2555 per
442 2518 537 2553 caput
562 2516 655 2541 motu
679 2507 745 2539 vim
769 2505 892 2539 afferret
915 2505 992 2552 vasis
1012 2528 1020 2543 ,
1045 2515 1112 2537 earn
1136 2512 1257 2545 partem
1269 2505 1373 2538 versus

361 2553 567 2590 tendentibus
593 2574 605 2591 ‚
636 2550 777 2584 restitare
811 2550 873 2583 illo
895 2549 1025 2591 objeffto
1048 2547 1282 2589 impedimento
1305 2548 1373 2582 san-

363 2600 495 2639 guinem
519 2592 677 2632 debuisse,
701 2596 734 2628 &
756 2592 978 2635 circumjec‘tas
1001 2590 1078 2625 vasis
1102 2590 1194 2623 fibras
1218 2592 1375 2635 meningis

362 2639 555 2677 distendere.
580 2639 700 2681 Neque
724 2637 819 2671 aliam
844 2637 881 2670 ad
904 2635 1026 2674 causam
1050 2634 1158 2668 referri
1182 2634 1305 2669 videbis
1341 2638 1375 2668 in

367 2684 576 2728 Sepulchreto
597 2681 658 2724 (s)
681 2680 771 2725 quod
792 2679 987 2723 cephalalgiae
1008 2678 1186 2721 miserrimae
1199 2678 1260 2726 ‘illi
1284 2677 1376 2722 effent

362 2729 517 2767 obnoxii,
549 2728 583 2759 in
616 2725 735 2769 quibus
766 2733 900 2767 utraque
924 2723 1053 2756 meninx
1082 2732 1140 2764 per
1160 2719 1285 2771 alzqtfod
1300 2722 1375 2765 spa-

361 2774 467 2813 tium,
485 2772 564 2815 saepe
587 2770 663 2803 duos
686 2769 802 2812 digitos
825 2767 926 2801 latum
949 2767 993 2800 ita
1017 2765 1202 2800 coaluerant
1226 2774 1310 2797 inter
1334 2765 1375 2805 se,

361 2825 399 2852 ut
422 2815 566 2858 vasorum
588 2811 689 2854 oscula
708 2812 836 2854 penitus
859 2810 1071 2853 obserarentur
1095 2833 1102 2840 .
1138 2808 1217 2841 Veri
1250 2820 1375 2852 quoque

362 2859 463 2894 fimile
487 2856 553 2897 est,
577 2855 736 2898 ejusmodi
759 2854 917 2888 obstacula
935 2879 943 2892 ‚
978 2862 1133 2896 quatenus
1165 2850 1194 2883 se
1228 2862 1280 2885 aut
1306 2851 1374 2885 san-

363 2903 455 2941 guini
475 2926 483 2939 ‚
508 2911 562 2934 aut
585 2900 657 2932 aliis
681 2899 798 2939 pariter
819 2906 989 2940 opponunt
1013 2896 1112 2929 succis
1135 2905 1189 2937 per
1210 2897 1372 2936 meninges

363 2943 486 2991 *jugiter
500 2942 738 2977 transeuntibus
749 2964 757 2979 ‚
783 2940 982 2974 occasionem
993 2939 1153 2972 interdum
1166 2939 1302 2980 praebere
1312 2939 1372 2971 do-

362 2990 485 3024 loribus
509 2998 565 3030 per
587 2986 741 3019 circuitus
764 2984 995 3018 recurrentibus
1015 3008 1028 3026 ‚
1058 2984 1153 3015 toties
1183 2981 1332 3015 videlicet
1357 3007 1366 3022 ,

363 3035 490 3077 quoties
501 3038 590 3064 tanta
605 3030 715 3072 portio
726 3026 815 3061 haefit
828 3027 991 3061 succorum
1003 3051 1012 3067 ,
1030 3034 1066 3060 ut
1077 3026 1168 3068 copia
1180 3024 1364 3075 distendere,

365 3087 421 3111 aut
444 3075 584 3114 tandiu,
608 3082 647 3107 ut
670 3072 785 3106 vitiosa
809 3071 852 3103 ob
875 3082 998 3105 moram
1024 3069 1108 3103 fa&a
1140 3070 1268 3102 irritare
1301 3081 1369 3103 me..

362 3123 473 3163 ninges
484 3117 598 3162 poffit,
621 3127 757 3160 quarum
769 3114 856 3148 fibris
870 3115 898 3149 se
923 3122 1089 3157 propterea
1100 3111 1367 3146 contrahentibus

358 3163 529 3207 postquam
553 3161 656 3204 prima
679 3160 735 3192 illa
758 3160 870 3200 portio
892 3160 923 3190 vi
950 3159 983 3190 in
1008 3155 1202 3198 angustiores
1225 3156 1367 3189 laterales

358 3205 553 3240 canaliculos
575 3203 722 3237 contrusa
745 3201 805 3240 est,
830 3213 911 3235 nova
925 3200 1066 3235 succedat
1089 3211 1158 3242 quae
1169 3199 1206 3232 ad
1229 3199 1365 3232 eundem

359 3248 621 3285 modumhaereat
645 3250 676 3280 δε
702 3245 899 3289 expellatur,
924 3245 1033 3287 &post
1057 3244 1138 3277 hanc
1151 3243 1238 3291 aliaf
1263 3254 1363 3285 neque

357 3294 432 3327 finis
455 3301 545 3326 antea
569 3290 624 3322 fiat
647 3301 743 3333 quam
768 3290 911 3322 laterales
934 3289 983 3321 illi
1006 3287 1174 3321 canaliculi
1207 3286 1247 3318 sic
1271 3286 1362 3334 deni-

350 3349 415 3381 que
437 3337 550 3378 saepius
573 3335 700 3366 iteratis
721 3332 909 3376 impulsibus
933 3341 1061 3374 pateant
1085 3355 1097 3371 ‚
1127 3340 1164 3363 ut
1188 3329 1270 3369 nihil
1295 3341 1360 3372 jam

347 3381 485 3416 haereat.
510 3377 570 3412 Sed
594 3387 648 3411 aut
673 3375 832 3411 funestum
867 3377 1005 3419 denique
1038 3374 1258 3417 praenunciant
1291 3374 1360 3406 exi-

1429 31 1623 84 Morbis
1656 31 1865 98 Capitis

1463 114 1532 139 tum
1556 109 1639 145 (t),
1661 118 1718 141 aut
1738 107 1900 142 difficilem
1923 117 1987 140 non
2012 118 2084 142 raro
2115 109 2314 144 curationem
2345 111 2465 148 habent

1459 148 1651 192 ejuscemodi
1674 151 1821 191 dolores,
1844 162 1945 194 eoque
1970 152 2090 193 magis,
2113 164 2180 195 quo
2202 154 2397 190 constantius
2413 165 2464 188 ea·

1462 194 1535 226 dem
1560 203 1727 227 recurrunt
1750 194 1853 233 hora,-
1879 207 1917 227 an
1942 194 2029 237 quod
2055 197 2099 228 ita
2123 195 2316 239 significetur
2338 224 2347 239 ‚
2383 199 2463 231 late-

1459 236 1535 269 rales
1552 237 1751 273 ‚canaliculos
1774 238 1932 271 valentius
1955 236 2088 272 resistere
2110 239 2261 282 impulsui
2286 241 2463 275 dilatanti?

1459 279 1598 312 Memini
1622 291 1671 312 me
1694 280 1923 316 adolescentem
1949 283 1981 314 in
2006 282 2110 315 Patria
2134 282 2327 318 medicinam
2360 287 2461 319 facere

1457 332 1483 353 ae
1510 323 1575 355 uali
1607 330 1680 356 meo
1704 325 1878 358 Laurentio
1901 325 2107 367 Bagattrinio
2136 336 2261 359 externa
2294 328 2425 371 quidem
2448 350 2459 365 ,

1456 364 1485 397 se
1532 366 1721 399 acerbissima
1740 390 1754 408 ,
1787 365 1980 402 hemicrania
2012 369 2096 402 haud
2128 369 2173 401 ita
2200 372 2330 411 pridem
2353 382 2461 405 corre-

1458 416 1538 451 pto,
1560 420 1631 452 quae
1655 421 1744 443 mane
1766 410 1915 454 quotidie
1936 412 2043 446 eadem
2065 411 2163 452 hora,
2185 421 2221 446 ut
2244 416 2318 447 Itali
2351 425 2461 448 nume-

1455 462 1583 491 ramus,
1606 453 1796 488 duodecima
1819 455 2031 489 revertebatur
2051 480 2059 487 .
2098 455 2269 499 Qudquid
2302 470 2423 499 agerem
2446 478 2461 496 ,

1457 504 1512 528 aut
1544 494 1649 538 nihil,
1672 506 1725 531 aut
1764 509 1801 530 eo
1823 497 1987 532 dumtaxat
2009 498 2230 538 conducebat,
2259 510 2294 532 ut
2317 500 2458 539 brevior,

1455 537 1620 584 leviorque
1641 542 1801 574 cruciatus
1823 540 1936 581 fieret3
1961 554 2032 575 nam
2054 543 2109 575 illa
2132 543 2199 585 ipsa
2221 542 2297 575 hora
2334 544 2458 578 redibat

1454 590 1581 616 tamen:
1605 585 1683 627 quin
1707 584 1730 617 fi
1753 584 1831 626 quid
1854 586 1970 618 erroris
1992 586 2076 619 forte
2087 586 2244 622 accederet
2259 612 2267 626 ,
2291 587 2456 629 velpristi-

1451 635 1491 672 na
1515 625 1732 663 vehementia.
1760 626 1883 661 frustra
1908 628 2062 663 adhibitis
2091 630 2240 663 omnibus
2275 630 2455 672 complures

1449 680 1514 711 Jarn
1536 669 1604 704 dies
1629 672 1757 706 auxiliis
1780 672 1923 709 caeteris,
1948 683 2012 705 non
2038 674 2124 715 prius
2148 674 2234 711 vici,
2259 684 2354 717 quam
2365 674 2454 707 tenui

1447 713 1612 756 lignorum
1628 715 1767 756 decqtffffi.
1782 715 1908 748 modice
1931 717 2080 757 agitatis,
2105 717 2454 760 impulsisquecircum-

1447 758 1596 792 euntibus
1622 758 1720 798 succis
1738 782 1747 797 ‚
1772 757 1899 791 sudores
1923 760 2102 799 movissem,
2127 761 2162 794 id
2193 760 2279 804 quod
2303 760 2454 793 Ballonio

1448 802 1463 838 (
1485 810 1504 832 u
1524 802 1540 842 )
1566 813 1692 844 quoque
1717 800 1856 834 feliciter
1877 802 1986 836 ceffifl‘e
2010 804 2145 845 legeram
2179 806 2213 836 in
2247 803 2453 837 hemicraniis

1445 844 1721 883 intolerabilibus,
1748 846 1780 877 &
1803 845 1949 887 quotidie
1973 856 2060 879 mane
2084 856 2166 881 certa
2190 846 2269 880 hora
2294 858 2453 881 recurren-

1444 886 1550 921 tibus.
1575 890 1723 921 Omnino
1746 896 1811 920 erat
1834 889 1868 920 in
1893 902 1930 922 eo
1947 889 2067 933 Juvene
2089 891 2211 933 aliquid
2233 890 2451 924 haereditarii.

1445 930 1534 964 Nam
1558 934 1590 965 &
1613 943 1745 975 parens,
1769 930 1967 975 septuaginta
1992 935 2079 967 annis
2105 932 2227 977 major,
2254 943 2345 968 tanto
2355 934 2451 978 idque

1443 976 1542 1017 paulo
1565 984 1655 1009 antea
1679 975 1795 1018 capitis
1818 974 1931 1009 dolore
1955 975 2103 1017 prehensa
2127 977 2252 1016 fuerat,
2277 988 2312 1011 ut
2337 977 2452 1011 viden-

1441 1017 1476 1051 di
1498 1020 1600 1052 altero
1622 1020 1719 1054 oculo
1749 1018 1900 1053 facultate
1924 1019 2030 1053 amissa
2052 1044 2065 1061 ‚
2087 1022 2211 1063 magnis
2234 1021 2452 1055 nihilominus

1440 1072 1496 1105 per
1519 1074 1572 1096 eos
1597 1062 1663 1097 dies
1689 1063 1893 1097 redeuntibus
1916 1063 2046 1097 subinde
2079 1064 2246 1098 doloribus
2279 1063 2451 1098 confliffir—

1438 1116 1544 1140 retur.
1571 1107 1630 1140 Sed
1653 1118 1728 1140 cum
1751 1106 1789 1140 hi
1812 1115 1915 1148 tamen
1939 1117 2041 1151 neque
2062 1119 2101 1141 ex
2124 1107 2233 1142 eodem
2256 1108 2377 1150 semper
2400 1108 2450 1141 lo-

1437 1161 1478 1183 co
1500 1151 1703 1192 inciperent,
1729 1150 1779 1183 sed
1803 1150 1900 1184 modo
1922 1162 1962 1184 ex
1987 1152 2128 1190 vertice,
2150 1153 2250 1185 modo
2263 1152 2451 1187 exinterio-

1437 1205 1469 1227 re
1491 1193 1568 1227 naso
1584 1216 1592 1230 ,
1615 1202 1652 1227 ut
1686 1193 1827 1227 calidum
1852 1194 1900 1227 lac
1924 1193 2052 1228 naribus
2076 1194 2233 1229 attrahere
2258 1195 2412 1238 prodesset
2438 1218 2450 1235 ,

1437 1249 1538 1281 neque
1561 1245 1751 1271 reverterent
1775 1235 1884 1276 eadem
1908 1235 2009 1274 hora,
2036 1238 2202 1281 aliquanto
2225 1238 2355 1273 facilius
2388 1240 2449 1272 mi-

1435 1281 1470 1315 hi
1496 1281 1559 1315 fuit
1585 1279 1678 1324 hujus
1694 1303 1704 1319 ,
1728 1291 1822 1323 quam
1846 1279 1930 1319 filii,
1952 1279 2099 1313 dolorem
2111 1283 2244 1315 tollere:
2267 1283 2443 1325 queneto,

1434 1324 1561 1358 videndi
1583 1326 1680 1357 etiam
1707 1326 1754 1357 vis
1778 1324 1934 1365 paulatim
1956 1323 2099 1358 restituta
2123 1325 2183 1358 est.
2204 1326 2339 1370 Juverat
2363 1327 2448 1358 inter

1434 1380 1545 1403 caetera
1570 1370 1695 1411 sanguis
1718 1380 1734 1401 e
1756 1366 1911 1407 brachio,
1937 1378 2000 1399 non
2025 1376 2090 1400 tam
2115 1369 2191 1411 qui.
2216 1380 2265 1401 me
2289 1370 2447 1412 imperan-
2472 1408 2475 1409 ⁷

1433 1422 1464 1446 te
1479 1437 1488 1452 ‚
1513 1413 1622 1446 missus
1645 1412 1711 1450 est,
1733 1421 1828 1454 quarn
1851 1412 1878 1443 is
1901 1412 1981 1453 qui,
2004 1410 2110 1444 laxata
2134 1411 2230 1456 fascia
2253 1413 2336 1445 inter
2369 1412 2448 1446 dor-

1435 1456 1597 1490 miendum
1614 1479 1626 1497 ,
1651 1466 1713 1489 non
1739 1455 1833 1496 paulo
1857 1454 1973 1498 majori
1996 1456 2089 1496 copia
2114 1456 2269 1494 effluxit,
2294 1465 2330 1489 ut
2341 1455 2446 1489 fclici-

1431 1510 1478 1532 ter
1500 1501 1546 1533 vel
1571 1502 1605 1532 in
1630 1498 1765 1532 foemina
1787 1497 1821 1531 id
1844 1501 1947 1532 aetatis
1970 1496 2054 1531 idem
2079 1498 2310 1542 propemodum
2324 1499 2446 1533 accide.

1431 1546 1494 1583 rit,
1516 1543 1605 1586 quod
1639 1544 1671 1575 in
1704 1543 1901 1588 sexagenaria
1933 1540 2112 1574 observavit
2143 1542 2246 1584 postea
2283 1544 2446 1577 Vallisne-

1431 1589 1498 1622 rius
1519 1591 1612 1627 (x).
1635 1585 1693 1619 Sed
1716 1585 1754 1618 ad
1777 1585 1976 1618 disseffiones
2001 1585 2179 1619 redeamus.

1480 1641 1527 1663 12.
1551 1628 2001 1668 ADOLESCENTULA,
2025 1630 2217 1672 Epilepticae
2241 1629 2307 1663 filia
2328 1652 2337 1667 ,
2364 1641 2444 1672 pau-

1431 1676 1514 1717 peris
1537 1685 1642 1713 uxor,
1667 1684 1740 1706 cum
1764 1671 1938 1705 Februario
1960 1672 2063 1705 mense
2088 1674 2251 1707 exitinere
2274 1674 2445 1707 vehemen-

1430 1727 1479 1752 ter
1501 1715 1699 1752 incaluisset,
1726 1726 1842 1757 maguo
1864 1715 1980 1756 capitis
2002 1715 2112 1749 dolore
2128 1739 2139 1756 ‚
2162 1719 2194 1749 ἃ
2230 1726 2320 1751 acuta
2355 1717 2443 1750 febre

1429 1771 1575 1804 correpta
1592 1761 1654 1795 est.
1681 1760 1766 1799 His,
1790 1759 1851 1792 sine
1863 1758 2003 1799 delirio,
2027 1759 2307 1801 saepiustaciturna
2322 1786 2331 1801 ,
2356 1762 2443 1794 intra

1429 1805 1576 1839 triduum
1595 1826 1604 1841 ‚
1628 1812 1683 1838 aut
1706 1802 1917 1846 quatriduum
1941 1811 2103 1845 perempta
2127 1802 2169 1837 est
2193 1829 2202 1837 .
2232 1806 2318 1837 Cum
2342 1804 2443 1838 laeta-

1432 1857 1504 1889 ret,
1528 1858 1622 1891 atque
1633 1850 1666 1881 in
1677 1846 1841 1881 menstruis
1866 1856 1971 1879 tamen
1999 1847 2095 1887 esset,
2118 1846 2230 1881 tandiu
2253 1847 2443 1880 distulerant

1429 1904 1516 1927 venae
1539 1892 1733 1927 sectionem,
1757 1900 1793 1923 ut
1817 1890 1951 1932 denique
1973 1902 2046 1924 cum
2070 1892 2196 1933 gravius
2221 1889 2250 1922 se
2272 1889 2404 1924 habenti
2428 1912 2440 1929 ,

1429 1937 1618 1970 arteriarum
1642 1945 1746 1968 tamen
1763 1933 1862 1974 'pulsu
1875 1957 1883 1971 ,
1908 1933 2093 1976 viribusque
2116 1933 2357 1975 constantibus,
2373 1934 2438 1967 san-

1428 1981 1536 2023 guinis
1552 2005 1560 2019 ,
1583 1980 1640 2023 qui
1665 1989 1743 2011 mox
1766 1978 1904 2020 impense
1928 1979 2109 2016 concrevit,
2144 1977 2290 2011 selibram
2315 1990 2331 2010 e
2352 1977 2439 2023 pede

1428 2023 1599 2059 misissent,
1626 2022 1769 2055 fortuito
1793 2021 1944 2054 acciderit
1979 2030 2015 2055 ut
2049 2021 2198 2063 protinus
2223 2030 2401 2055 moreretur
2426 2046 2438 2056 .

1426 2067 1590 2100 CAPUT
1613 2066 1648 2098 in
1673 2063 1875 2105 Theatrum,
1898 2075 1934 2098 ut
1957 2063 2024 2107 ejus
2047 2066 2120 2098 anni
2136 2065 2228 2107 1738.
2253 2067 2439 2099 Anatomen

1426 2110 1643 2149 absolverem
1666 2119 1729 2143 non
1751 2118 1859 2141 caetera
1882 2119 2010 2152 quoque
2024 2117 2094 2154 ‚Qut
2108 2108 2271 2149 cupiebam
2285 2123 2294 2147 ;
2306 2109 2439 2142 allatum

1427 2154 1488 2187 est.
1513 2154 1669 2186 Calvariae
1694 2153 1829 2185 interior
1852 2151 1948 2186 facies
1973 2164 2011 2185 ex
2035 2152 2192 2185 iubrubro
2214 2151 2324 2190 susca3
2348 2162 2437 2186 exte-

1428 2198 1499 2231 rior
1522 2206 1627 2229 autem
1652 2195 1747 2229 facies
1771 2197 1928 2241 meningis
1939 2196 2063 2229 Tenuis
2086 2207 2149 2238 qua
2171 2194 2335 2237 supernam
2359 2200 2438 2238 ope'-

1429 2240 1534 2274 riebat
1557 2240 1677 2273 cerebri
1703 2248 1850 2279 partem,
1873 2240 2006 2272 materia
2039 2240 2177 2282 quadam
2209 2248 2274 2271 erat
2296 2240 2399 2272 oblita
2422 2262 2437 2280 ‚

1427 2294 1493 2318 non
1508 2284 1610 2317 multa
1633 2282 1765 2326 quidem
1779 2304 1787 2319 ‚
1811 2281 1863 2315 sed
1877 2282 2045 2326 aequaliter
2066 2282 2187 2326 ubique
2210 2281 2304 2316 dueta
2316 2282 2438 2318 subfla-

1426 2338 1488 2367 va,
1512 2326 1726 2365 craffiuscula,
1750 2337 1846 2367 eaque
1872 2327 2007 2359 omnino
2023 2325 2144 2368 specie,
2167 2334 2204 2358 ut
2227 2328 2374 2368 quamvis
2385 2328 2437 2360 in-

1426 2370 1523 2403 odora
1547 2369 1642 2409 esset,
1666 2380 1723 2410 pus
1746 2377 1852 2401 tamen
1877 2371 1909 2402 &
1932 2368 2049 2407 nobis,
2072 2371 2104 2401 &
2127 2370 2169 2401 iis
2192 2372 2250 2411 qui
2278 2369 2436 2410 aderant,

1422 2412 1583 2450 Medicis,
1605 2416 1636 2447 δε
1661 2412 1832 2454 Chirurgis
1856 2410 1913 2446 esse
1935 2410 2114 2445 videretur.
2139 2412 2263 2445 Verum
2287 2423 2387 2455 neque
2400 2413 2435 2446 in

1422 2457 1647 2499 menfflgibus,
1670 2467 1770 2498 neque
1793 2458 1827 2488 in
1851 2455 1983 2489 cerebro
2006 2477 2018 2494 ‚
2048 2453 2136 2496 quod
2167 2453 2297 2488 decolor
2331 2456 2398 2490 fuit
2423 2479 2432 2492 ‚

1422 2501 1526 2534 ullum
1548 2501 1682 2544 usquam
1705 2500 1822 2533 vitium
1845 2522 1857 2538 ‚
1891 2499 2031 2534 ullumve
2055 2498 2161 2531 locum
2184 2497 2324 2532 undeea
2355 2511 2432 2543 pro-

1423 2544 1530 2578 diisset
1553 2544 1684 2577 materia
1708 2544 1874 2584 potuimus
1896 2542 2058 2575 invenire.
2257 2578 2259 2580 ³

1476 2598 1522 2630 13.
1549 2588 1580 2620 Si
1606 2599 1663 2629 pus
1687 2585 1770 2623 fuit;
1795 2594 1832 2618 an
1856 2595 1894 2619 ex
1916 2586 1976 2620 alia
1999 2585 2104 2627 aliqua
2127 2586 2272 2627 corporis
2296 2585 2364 2619 sede
2377 2598 2432 2630 per

1428 2630 1604 2673 sanguifera
1627 2629 1696 2663 vasa
1721 2627 1867 2663 haustum
1892 2653 1905 2669 ,
1936 2632 1968 2662 &
1991 2629 2024 2661 in
2046 2629 2135 2662 illam
2158 2629 2345 2663 translatum
2379 2631 2432 2664 di-

1426 2686 1533 2709 cemus
1557 2674 1724 2708 secundum
1748 2685 1780 2705 ea
1803 2684 1872 2714 quae
1894 2672 1931 2705 de
1955 2672 2092 2714 quodam
2115 2673 2230 2714 capitis
2251 2673 2362 2706 dolore
2397 2675 2432 2707 in

1427 2718 1636 2761 Sepulchreto
1658 2721 1728 2758 (y)
1752 2714 1960 2749 indicantur?
1981 2717 2057 2747 Sane
2080 2715 2161 2748 hanc
2184 2717 2281 2749 etiam
2304 2718 2347 2750 ob
2357 2728 2429 2751 cau-

1427 2762 1491 2795 sam
1513 2764 1626 2803 aegrius
1650 2761 1766 2794 ferrem
1788 2784 1800 2799 ,
1824 2771 1887 2792 non
1912 2758 2005 2792 fuisse
2029 2759 2146 2802 reliqui
2180 2761 2325 2802 corporis
2347 2784 2361 2801 ,
2394 2761 2429 2794 in

1426 2817 1493 2848 quo
1517 2806 1551 2839 id
1574 2815 1744 2848 quaererem
1769 2829 1777 2842 ‚
1809 2805 1936 2845 copiam
1961 2802 2076 2836 faetam
2100 2814 2110 2840 3
2142 2802 2200 2835 nisi
2225 2814 2329 2836 rerum
2353 2802 2427 2837 esset

1428 2849 1534 2888 dispar
1557 2850 1641 2881 ratio
1668 2871 1676 2885 ‚
1702 2848 1835 2887 aliaeque
1857 2846 1939 2879 mihi
1963 2855 2048 2879 notae
2071 2845 2165 2879 essent
2188 2845 2328 2880 historiae
2351 2872 2360 2886 ‚
2393 2849 2426 2881 in

1422 2892 1538 2936 quibus
1561 2893 1646 2925 velut
1670 2893 1703 2923 in
1727 2903 1759 2923 ea
1785 2890 1942 2922 Valsalvae
1966 2901 2036 2931 quae
2059 2889 2199 2931 superius
2224 2890 2427 2933 (z)prolata

1424 2936 1466 2969 est
1489 2934 1586 2969 sanies
1610 2935 1761 2976 nusquam
1786 2932 1868 2970 fuit,
1892 2943 1985 2974 quam
2007 2933 2046 2967 ad
2067 2933 2228 2966 cerebrum
2261 2935 2390 2971 inventa
2412 2958 2426 2975 ,

1421 2977 1555 3022 quod&
1570 2979 1674 3021 ipsum
1697 2978 1821 3019 alioqui
1845 2975 1916 3009 esset
1941 2976 2065 3010 sanum.
2091 2977 2343 3019 Numigiturex
2358 2989 2425 3011 me-

1421 3024 1554 3064 ningum
1578 3022 1680 3055 visum
1702 3019 1927 3062 effugientibus
1950 3018 2175 3058 foraminulis,
2201 3019 2283 3053 unde
2305 3018 2424 3055 humor

1419 3065 1591 3100 secundum
1612 3075 1759 3098 naturam
1783 3066 1815 3096 &
1840 3074 1975 3106 paucus,
1999 3067 2032 3098 &
2054 3063 2209 3105 limpidus
2232 3063 2425 3106 isquoipsae

1419 3109 1546 3143 madent
1562 3134 1571 3149 ,
1596 3110 1681 3142 exire
1702 3107 1781 3140 solet
1806 3129 1814 3144 ‚
1851 3107 1906 3140 illa
1931 3107 2119 3147 puriformis
2142 3107 2296 3148 materia,
2320 3116 2357 3140 ut
2379 3119 2420 3142 ex

1420 3154 1516 3186 Reeti
1540 3152 1703 3188 intestini,
1724 3152 1757 3183 ὃ(
1779 3149 1885 3184 veficae
1906 3150 2111 3191 glandulisin
2123 3149 2283 3190 tenesm0,
2307 3149 2424 3193 &dys-

1421 3198 1490 3230 uria
1515 3197 1592 3238 saepe
1618 3195 1756 3232 accidit,
1779 3194 1810 3227 vi
1834 3194 1942 3227 morbi
1964 3194 2101 3237 expressa
2124 3192 2191 3227 est?
2214 3195 2311 3228 Certe
2334 3196 2421 3228 enim

1417 3240 1522 3274 morbi
1548 3248 1688 3281 expertes
1713 3235 1802 3272 fuisse
1826 3238 2008 3280 meninges,
2031 3249 2131 3280 neque
2151 3236 2207 3270 ille
2230 3245 2338 3271 tantus
2369 3250 2421 3271 ca-

1413 3285 1491 3325 pitis
1513 3284 1608 3316 dolor
1630 3282 1758 3315 credere
1780 3292 1838 3314 nos
1861 3280 1935 3314 sinit
1957 3304 1968 3321 ‚
1999 3291 2097 3324 neque
2129 3281 2157 3314 is
2179 3281 2235 3322 qui
2258 3282 2292 3314 in
2315 3281 2419 3315 calva-

1411 3328 1467 3360 riae
1490 3326 1573 3360 facie
1596 3337 1644 3359 eas
1668 3326 1874 3363 contingente
1896 3335 1960 3358 erat
1984 3325 2099 3358 color.

1457 3380 1505 3413 14.
1531 3362 1961 3407 ALTERIUS'mulieris,
1988 3369 2030 3401 ob
2053 3378 2123 3401 eum
2139 3366 2304 3408 colorem,
2328 3369 2415 3417 venit

2341 3420 2377 3442 in

371 3465 2379 3494 ..--.-.-.---.----—-—-—————-—-—-————-—-———-—-—----

516 3530 553 3552 De
568 3527 693 3553 Medicina
707 3529 725 3552 1.
743 3528 767 3551 8.
783 3533 806 3551 ι.
822 3534 846 3555 4·

519 3561 593 3582 Anat.
611 3566 676 3587 corp.
694 3558 761 3583 hum.
778 3558 796 3581 1.
814 3565 834 3581 1.
852 3561 882 3580 tr.
897 3565 919 3585 4.
938 3563 958 3580 c.
977 3559 1016 3580 16.

516 3589 610 3612 Differt.
627 3590 656 3613 de
671 3590 761 3613 Verrue
776 3586 876 3612 naribus
890 3586 985 3611 excusso
1004 3584 1026 3616 §.
1042 3594 1067 3615 ⁴·
1087 3593 1108 3615 5.
1123 3587 1148 3608 6.
1168 3590 1206 3608 ιι.
1223 3582 1246 3606 lt
1261 3581 1324 3610 seqq.

510 3618 565 3642 Vid.
583 3618 644 3646 Eph.
661 3620 697 3643 N.
715 3622 742 3644 C.
762 3620 834 3643 Cent.
851 3627 873 3647 3·
888 3616 948 3642 Obs.
966 3624 1005 3643 14.
1023 3624 1046 3639 n.
1065 3623 1086 3640 1.
1103 3614 1126 3638 8:
1143 3622 1165 3645 3.
1183 3613 1206 3637 8:
1221 3614 1281 3637 Dec,
1300 3620 1321 3640 3·
1340 3613 1371 3635 A.

423 3529 440 3588 ἓ

421 3589 434 3680 ἱ(
509 3650 571 3679 Eph.
588 3651 624 3676 N.
639 3650 670 3675 C„
690 3651 762 3675 cent.
779 3657 800 3680 5.
816 3647 875 3674 Obs.
893 3656 919 3678 7.

915 3526 949 3555 (1
966 3526 980 3554 )
994 3526 1068 3550 Anat.
1084 3523 1117 3549 du
1132 3529 1208 3555 corps·
1216 3521 1285 3555 hum.
1301 3520 1319 3544 l.
1338 3529 1360 3543 a.
1376 3524 1410 3544 tr.
1426 3527 1451 3548 4.
1469 3518 1506 3542 ch.
1525 3524 1566 3548 ις.

1075 3555 1091 3585 (
1106 3563 1118 3578 o
1134 3554 1149 3583 )
1164 3552 1240 3581 Epist.
1257 3559 1282 3574 in
1298 3551 1363 3575 Cels.
1380 3560 1404 3579 4.

979 3648 994 3677 (
1006 3655 1023 3678 1
1038 3646 1052 3677 )
1068 3645 1132 3672 8εῆ-
1155 3644 1200 3670 hac
1217 3651 1241 3672 ι.
1264 3641 1323 3668 Obs.
1340 3650 1379 3672 40·

1631 3516 1639 3541 s
1659 3525 1683 3540 m
1702 3516 1711 3545 )
1727 3514 1824 3540 Dissert.
1843 3515 1871 3539 de
1887 3515 1937 3540 off.
1954 3517 2049 3540 calvar.
2064 3515 2092 3538 Ρ.
2109 3516 2131 3538 r.
2148 3521 2173 3538 n.
2190 3516 2228 3540 28-

1466 3550 1478 3577 (
1494 3555 1510 3583 p
1528 3546 1536 3577 )
1559 3547 1623 3572 Hist.
1640 3548 1723 3571 Later.
1739 3545 1865 3571 Lumbric.
1881 3553 1903 3570 c.
1925 3554 1960 3574 13·
2091 3574 2103 3599 f

1387 3579 1545 3642 §sitista
1555 3580 1671 3639 {1233ss
1682 3577 1795 3638 staff(
1810 3576 1830 3607 s
1841 3575 2406 3639 ³<225³s2¹1¹30⁰m¹nssl³22thamnam.

1441 3640 1592 3672 (z)n-²·
