<?xml version="1.0" encoding="UTF-8"?>
<!DOCTYPE html PUBLIC "-//W3C//DTD XHTML 1.0 Transitional//EN"
    "http://www.w3.org/TR/xhtml1/DTD/xhtml1-transitional.dtd">
<html xmlns="http://www.w3.org/1999/xhtml" xml:lang="en" lang="en">
 <head>
  <title>
</title>
<meta http-equiv="Content-Type" content="text/html;charset=utf-8" />
  <meta name='ocr-system' content='tesseract 3.04.00' />
  <meta name='ocr-capabilities' content='ocr_page ocr_carea ocr_par ocr_line ocrx_word'/>
</head>
<body>
  <div class='ocr_page' id='page_1' title='image "./desedibusetcausi00morg_0011.png"; bbox 0 0 2458 4058; ppageno 0'>
   <div class='ocr_carea' id='block_1_1' title="bbox 2087 256 2126 293">
    <p class='ocr_par' dir='ltr' id='par_1_1' title="bbox 2087 256 2126 293">
     <span class='ocr_line' id='line_1_1' title="bbox 2087 256 2126 293; baseline 0 0"><span class='ocrx_word' id='word_1_1' title='bbox 2087 256 2126 293; x_wconf 88' lang='lat' dir='ltr'><strong>X</strong></span> 
     </span>
    </p>
   </div>
   <div class='ocr_carea' id='block_1_2' title="bbox 250 381 2069 731">
    <p class='ocr_par' dir='ltr' id='par_1_2' title="bbox 250 381 2069 731">
     <span class='ocr_line' id='line_1_2' title="bbox 250 381 2069 503; baseline 0.007 -12"><span class='ocrx_word' id='word_1_2' title='bbox 250 381 1070 498; x_wconf 80' lang='lat' dir='ltr'>BENIGNE</span> <span class='ocrx_word' id='word_1_3' title='bbox 1182 383 2069 503; x_wconf 84' lang='lat' dir='ltr'>LECTURO</span> 
     </span>
     <span class='ocr_line' id='line_1_3' title="bbox 663 609 1695 731; baseline 0.006 -6"><span class='ocrx_word' id='word_1_4' title='bbox 663 638 749 725; x_wconf 82' lang='lat' dir='ltr'><strong>A</strong></span> <span class='ocrx_word' id='word_1_5' title='bbox 831 644 924 729; x_wconf 88' lang='lat' dir='ltr'><strong>U</strong></span> <span class='ocrx_word' id='word_1_6' title='bbox 1014 642 1089 728; x_wconf 90' lang='lat' dir='ltr'><strong>c</strong></span> <span class='ocrx_word' id='word_1_7' title='bbox 1161 609 1262 726; x_wconf 84' lang='lat' dir='ltr'>T</span> <span class='ocrx_word' id='word_1_8' title='bbox 1352 643 1440 729; x_wconf 88' lang='lat' dir='ltr'><strong>o</strong></span> <span class='ocrx_word' id='word_1_9' title='bbox 1533 643 1695 731; x_wconf 39' lang='grc' dir='ltr'><strong>ΗΔ</strong></span> 
     </span>
    </p>
   </div>
   <div class='ocr_carea' id='block_1_3' title="bbox 120 983 2233 3577">
    <p class='ocr_par' dir='ltr' id='par_1_3' title="bbox 335 983 2201 1208">
     <span class='ocr_line' id='line_1_4' title="bbox 482 983 2200 1045; baseline 0.003 -18.86"><span class='ocrx_word' id='word_1_10' title='bbox 482 983 596 1028; x_wconf 86' lang='lat' dir='ltr'><strong>UAE</strong></span> <span class='ocrx_word' id='word_1_11' title='bbox 627 983 717 1028; x_wconf 88' lang='lat' dir='ltr'><strong>duo</strong></span> <span class='ocrx_word' id='word_1_12' title='bbox 746 984 799 1026; x_wconf 90' lang='lat' dir='ltr'><strong>C.</strong></span> <span class='ocrx_word' id='word_1_13' title='bbox 831 983 1056 1038; x_wconf 78' lang='lat' dir='ltr'>Lucilius,</span> <span class='ocrx_word' id='word_1_14' title='bbox 1086 994 1135 1028; x_wconf 91' lang='lat' dir='ltr'><strong>ut</strong></span> <span class='ocrx_word' id='word_1_15' title='bbox 1162 984 1222 1026; x_wconf 89' lang='lat' dir='ltr'><strong>est</strong></span> <span class='ocrx_word' id='word_1_16' title='bbox 1251 986 1369 1042; x_wconf 89' lang='lat' dir='ltr'><strong>apud</strong></span> <span class='ocrx_word' id='word_1_17' title='bbox 1400 984 1601 1031; x_wconf 86' lang='lat' dir='ltr'><strong>Tullium</strong></span> <span class='ocrx_word' id='word_1_18' title='bbox 1643 989 1656 1038; x_wconf 91' lang='lat'><strong>(</strong></span> <span class='ocrx_word' id='word_1_19' title='bbox 1685 1002 1708 1031; x_wconf 75' lang='lat' dir='ltr'><strong>a</strong></span> <span class='ocrx_word' id='word_1_20' title='bbox 1740 992 1777 1041; x_wconf 86' lang='lat'><strong>)‚</strong></span> <span class='ocrx_word' id='word_1_21' title='bbox 1807 990 1952 1034; x_wconf 80' lang='lat' dir='ltr'>dicere</span> <span class='ocrx_word' id='word_1_22' title='bbox 1992 989 2155 1033; x_wconf 75' lang='lat' dir='ltr'>solebat</span> <span class='ocrx_word' id='word_1_23' title='bbox 2184 997 2200 1045; x_wconf 79' lang='grc'><strong>,’</strong></span> 
     </span>
     <span class='ocr_line' id='line_1_5' title="bbox 500 1035 2201 1103; baseline 0.004 -22"><span class='ocrx_word' id='word_1_24' title='bbox 500 1055 543 1082; x_wconf 77' lang='lat' dir='ltr'><strong>ea</strong></span> <span class='ocrx_word' id='word_1_25' title='bbox 568 1055 646 1095; x_wconf 78' lang='lat' dir='ltr'><strong>quae</strong></span> <span class='ocrx_word' id='word_1_26' title='bbox 677 1035 886 1097; x_wconf 61' lang='lat' dir='ltr'><strong>scriberet,</strong></span> <span class='ocrx_word' id='word_1_27' title='bbox 918 1056 1039 1097; x_wconf 78' lang='lat' dir='ltr'><strong>neque</strong></span> <span class='ocrx_word' id='word_1_28' title='bbox 1069 1040 1120 1083; x_wconf 80' lang='lat' dir='ltr'><strong>ab</strong></span> <span class='ocrx_word' id='word_1_29' title='bbox 1149 1035 1448 1099; x_wconf 53' lang='lat' dir='ltr'><strong>izzdoffiffimis,</strong></span> <span class='ocrx_word' id='word_1_30' title='bbox 1476 1060 1589 1100; x_wconf 72' lang='lat' dir='ltr'><strong>neque</strong></span> <span class='ocrx_word' id='word_1_31' title='bbox 1618 1042 1669 1086; x_wconf 78' lang='lat' dir='ltr'><strong>ab</strong></span> <span class='ocrx_word' id='word_1_32' title='bbox 1697 1041 1924 1103; x_wconf 56' lang='lat' dir='ltr'><strong>dofflz&#39;ſjhm&#39;s</strong></span> <span class='ocrx_word' id='word_1_33' title='bbox 1948 1045 2022 1101; x_wconf 82' lang='lat' dir='ltr'><strong>legi</strong></span> <span class='ocrx_word' id='word_1_34' title='bbox 2060 1045 2201 1098; x_wconf 75' lang='lat' dir='ltr'><strong>velle,</strong></span> 
     </span>
     <span class='ocr_line' id='line_1_6' title="bbox 499 1096 2201 1159; baseline 0.003 -21"><span class='ocrx_word' id='word_1_35' title='bbox 499 1096 661 1139; x_wconf 89' lang='lat' dir='ltr'><strong>horum</strong></span> <span class='ocrx_word' id='word_1_36' title='bbox 693 1110 773 1151; x_wconf 83' lang='lat' dir='ltr'><strong>ego</strong></span> <span class='ocrx_word' id='word_1_37' title='bbox 802 1099 965 1154; x_wconf 88' lang='lat' dir='ltr'><strong>pariter</strong></span> <span class='ocrx_word' id='word_1_38' title='bbox 1004 1107 1244 1152; x_wconf 87' lang='lat' dir='ltr'><strong>utrumque</strong></span> <span class='ocrx_word' id='word_1_39' title='bbox 1273 1098 1347 1140; x_wconf 90' lang='lat' dir='ltr'><strong>hic</strong></span> <span class='ocrx_word' id='word_1_40' title='bbox 1376 1099 1594 1153; x_wconf 84' lang='lat' dir='ltr'>dicerem,</span> <span class='ocrx_word' id='word_1_41' title='bbox 1624 1100 1655 1142; x_wconf 80' lang='lat' dir='ltr'><strong>si</strong></span> <span class='ocrx_word' id='word_1_42' title='bbox 1687 1110 1737 1159; x_wconf 81' lang='lat' dir='ltr'><strong>ut</strong></span> <span class='ocrx_word' id='word_1_43' title='bbox 1768 1101 1921 1155; x_wconf 85' lang='lat' dir='ltr'><strong>juvare</strong></span> <span class='ocrx_word' id='word_1_44' title='bbox 1949 1103 2080 1159; x_wconf 88' lang='lat' dir='ltr'><strong>cupio</strong></span> <span class='ocrx_word' id='word_1_45' title='bbox 2109 1115 2201 1144; x_wconf 90' lang='lat' dir='ltr'><strong>non</strong></span> 
     </span>
     <span class='ocr_line' id='line_1_7' title="bbox 335 1151 2201 1208; baseline 0.004 -17"><span class='ocrx_word' id='word_1_46' title='bbox 335 1195 366 1205; x_wconf 58' lang='lat'><strong><em>„</em></strong></span> <span class='ocrx_word' id='word_1_47' title='bbox 501 1151 835 1205; x_wconf 70' lang='lat' dir='ltr'><strong>indoe&#39;tiffimos‚</strong></span> <span class='ocrx_word' id='word_1_48' title='bbox 866 1153 924 1196; x_wconf 86' lang='lat' dir='ltr'><strong>fic</strong></span> <span class='ocrx_word' id='word_1_49' title='bbox 954 1167 1024 1196; x_wconf 89' lang='lat' dir='ltr'><strong>me</strong></span> <span class='ocrx_word' id='word_1_50' title='bbox 1053 1154 1234 1195; x_wconf 84' lang='lat' dir='ltr'><strong>viciffim</strong></span> <span class='ocrx_word' id='word_1_51' title='bbox 1264 1153 1321 1196; x_wconf 91' lang='lat' dir='ltr'><strong>ab</strong></span> <span class='ocrx_word' id='word_1_52' title='bbox 1349 1154 1598 1199; x_wconf 71' lang='lat' dir='ltr'><strong>doetiffimis</strong></span> <span class='ocrx_word' id='word_1_53' title='bbox 1628 1155 1832 1208; x_wconf 80' lang='lat' dir='ltr'><strong>adjuvari</strong></span> <span class='ocrx_word' id='word_1_54' title='bbox 1861 1172 1948 1201; x_wconf 87' lang='lat' dir='ltr'><strong>non</strong></span> <span class='ocrx_word' id='word_1_55' title='bbox 1978 1171 2158 1201; x_wconf 81' lang='lat' dir='ltr'><strong>averem</strong></span> <span class='ocrx_word' id='word_1_56' title='bbox 2188 1188 2201 1199; x_wconf 94' lang='lat'>.</span> 
     </span>
    </p>

    <p class='ocr_par' dir='ltr' id='par_1_4' title="bbox 122 1204 2233 1938">
     <span class='ocr_line' id='line_1_8' title="bbox 310 1206 2203 1268; baseline 0.003 -19"><span class='ocrx_word' id='word_1_57' title='bbox 310 1207 313 1210; x_wconf 78' lang='grc'><strong>’</strong></span> <span class='ocrx_word' id='word_1_58' title='bbox 337 1204 407 1260; x_wconf 49' lang='lat'><strong>¹¹42·</strong></span> <span class='ocrx_word' id='word_1_59' title='bbox 427 1214 448 1262; x_wconf 89' lang='grc' dir='ltr'>Ξ</span> <span class='ocrx_word' id='word_1_60' title='bbox 501 1207 605 1251; x_wconf 89' lang='lat' dir='ltr'><strong>Duo</strong></span> <span class='ocrx_word' id='word_1_61' title='bbox 633 1209 753 1251; x_wconf 89' lang='lat' dir='ltr'><strong>enim</strong></span> <span class='ocrx_word' id='word_1_62' title='bbox 782 1209 891 1252; x_wconf 88' lang='lat' dir='ltr'><strong>mihi</strong></span> <span class='ocrx_word' id='word_1_63' title='bbox 921 1210 965 1252; x_wconf 89' lang='lat' dir='ltr'><strong>in</strong></span> <span class='ocrx_word' id='word_1_64' title='bbox 998 1209 1066 1252; x_wconf 90' lang='lat' dir='ltr'><strong>his</strong></span> <span class='ocrx_word' id='word_1_65' title='bbox 1097 1208 1275 1252; x_wconf 80' lang='lat' dir='ltr'><strong>edendis</strong></span> <span class='ocrx_word' id='word_1_66' title='bbox 1306 1211 1479 1267; x_wconf 80' lang='lat' dir='ltr'><strong>Scriptis</strong></span> <span class='ocrx_word' id='word_1_67' title='bbox 1504 1212 1729 1268; x_wconf 82' lang='lat' dir='ltr'><strong>proposui,</strong></span> <span class='ocrx_word' id='word_1_68' title='bbox 1760 1212 1954 1257; x_wconf 88' lang='lat' dir='ltr'><strong>alterum</strong></span> <span class='ocrx_word' id='word_1_69' title='bbox 1984 1213 2120 1265; x_wconf 80' lang='lat' dir='ltr'><strong>illud,</strong></span> <span class='ocrx_word' id='word_1_70' title='bbox 2151 1224 2203 1256; x_wconf 88' lang='lat' dir='ltr'><strong>ut</strong></span> 
     </span>
     <span class='ocr_line' id='line_1_9' title="bbox 409 1262 2201 1323; baseline 0.005 -19"><span class='ocrx_word' id='word_1_71' title='bbox 409 1262 448 1287; x_wconf 51' lang='lat' dir='ltr'><em>f</em></span> <span class='ocrx_word' id='word_1_72' title='bbox 500 1263 707 1307; x_wconf 83' lang='lat' dir='ltr'><strong>Studiosae</strong></span> <span class='ocrx_word' id='word_1_73' title='bbox 728 1265 987 1318; x_wconf 75' lang='lat' dir='ltr'><strong>juventuti,</strong></span> <span class='ocrx_word' id='word_1_74' title='bbox 1016 1263 1206 1307; x_wconf 89' lang='lat' dir='ltr'><strong>alterum</strong></span> <span class='ocrx_word' id='word_1_75' title='bbox 1238 1266 1346 1318; x_wconf 88' lang='lat' dir='ltr'><strong>hoc,</strong></span> <span class='ocrx_word' id='word_1_76' title='bbox 1377 1270 1419 1308; x_wconf 83' lang='lat'>&amp;</span> <span class='ocrx_word' id='word_1_77' title='bbox 1450 1268 1743 1323; x_wconf 79' lang='lat' dir='ltr'><strong>praecipuum,</strong></span> <span class='ocrx_word' id='word_1_78' title='bbox 1774 1280 1825 1312; x_wconf 91' lang='lat' dir='ltr'><strong>ut</strong></span> <span class='ocrx_word' id='word_1_79' title='bbox 1854 1269 2084 1322; x_wconf 85' lang='lat' dir='ltr'><strong>omnibus,</strong></span> <span class='ocrx_word' id='word_1_80' title='bbox 2126 1268 2201 1312; x_wconf 87' lang='lat' dir='ltr'><strong>sed</strong></span> 
     </span>
     <span class='ocr_line' id='line_1_10' title="bbox 122 1314 2198 1419; baseline 0.003 -56"><span class='ocrx_word' id='word_1_81' title='bbox 122 1314 624 1419; x_wconf 54' lang='lat' dir='ltr'><strong>dodigrum‘accedente</strong></span> <span class='ocrx_word' id='word_1_82' title='bbox 663 1321 832 1364; x_wconf 79' lang='lat' dir='ltr'><strong>auxilio</strong></span> <span class='ocrx_word' id='word_1_83' title='bbox 854 1349 869 1373; x_wconf 88' lang='lat'><strong>,</strong></span> <span class='ocrx_word' id='word_1_84' title='bbox 912 1320 1157 1377; x_wconf 84' lang='lat' dir='ltr'><strong>prodeffem</strong></span> <span class='ocrx_word' id='word_1_85' title='bbox 1182 1352 1192 1361; x_wconf 93' lang='lat'>.</span> <span class='ocrx_word' id='word_1_86' title='bbox 1234 1320 1286 1363; x_wconf 88' lang='lat' dir='ltr'><strong>ld</strong></span> <span class='ocrx_word' id='word_1_87' title='bbox 1327 1322 1456 1378; x_wconf 87' lang='lat' dir='ltr'><strong>quale</strong></span> <span class='ocrx_word' id='word_1_88' title='bbox 1498 1323 1549 1366; x_wconf 85' lang='lat' dir='ltr'><strong>fit</strong></span> <span class='ocrx_word' id='word_1_89' title='bbox 1571 1353 1585 1377; x_wconf 91' lang='lat'><strong>,</strong></span> <span class='ocrx_word' id='word_1_90' title='bbox 1626 1338 1683 1366; x_wconf 83' lang='lat' dir='ltr'><strong>ex</strong></span> <span class='ocrx_word' id='word_1_91' title='bbox 1714 1323 1973 1370; x_wconf 83' lang='lat' dir='ltr'><strong>Praefatione</strong></span> <span class='ocrx_word' id='word_1_92' title='bbox 2007 1326 2090 1369; x_wconf 88' lang='lat' dir='ltr'><strong>hac</strong></span> <span class='ocrx_word' id='word_1_93' title='bbox 2119 1339 2198 1383; x_wconf 91' lang='lat' dir='ltr'><strong>ap-</strong></span> 
     </span>
     <span class='ocr_line' id='line_1_11' title="bbox 183 1387 319 1420; baseline -0.007 -1"><span class='ocrx_word' id='word_1_94' title='bbox 183 1390 228 1419; x_wconf 75' lang='lat' dir='ltr'><strong>re</strong></span> <span class='ocrx_word' id='word_1_95' title='bbox 262 1387 319 1420; x_wconf 84' lang='lat' dir='ltr'><strong>it.</strong></span> 
     </span>
     <span class='ocr_line' id='line_1_12' title="bbox 125 1390 2207 1492; baseline 0.002 -16"><span class='ocrx_word' id='word_1_96' title='bbox 125 1390 219 1476; x_wconf 65' lang='lat' dir='ltr'>paz.</span> <span class='ocrx_word' id='word_1_97' title='bbox 254 1432 530 1487; x_wconf 83' lang='lat' dir='ltr'><strong>Theophilus</strong></span> <span class='ocrx_word' id='word_1_98' title='bbox 560 1432 752 1476; x_wconf 80' lang='lat' dir='ltr'><strong>Bonetus</strong></span> <span class='ocrx_word' id='word_1_99' title='bbox 782 1430 838 1475; x_wconf 86' lang='lat' dir='ltr'><strong>de</strong></span> <span class='ocrx_word' id='word_1_100' title='bbox 868 1432 1051 1475; x_wconf 85' lang='lat' dir='ltr'><strong>Medica</strong></span> <span class='ocrx_word' id='word_1_101' title='bbox 1081 1431 1329 1486; x_wconf 87' lang='lat' dir='ltr'><strong>Facultate,</strong></span> <span class='ocrx_word' id='word_1_102' title='bbox 1357 1444 1488 1492; x_wconf 87' lang='lat' dir='ltr'><strong>atque</strong></span> <span class='ocrx_word' id='word_1_103' title='bbox 1518 1435 1628 1480; x_wconf 88' lang='lat' dir='ltr'><strong>adeo</strong></span> <span class='ocrx_word' id='word_1_104' title='bbox 1655 1437 1710 1480; x_wconf 91' lang='lat' dir='ltr'><strong>de</strong></span> <span class='ocrx_word' id='word_1_105' title='bbox 1739 1436 1946 1479; x_wconf 84' lang='lat' dir='ltr'><strong>universo</strong></span> <span class='ocrx_word' id='word_1_106' title='bbox 1970 1438 2207 1481; x_wconf 83' lang='lat' dir='ltr'><strong>hominum&#39;</strong></span> 
     </span>
     <span class='ocr_line' id='line_1_13' title="bbox 123 1487 2202 1549; baseline 0.003 -18"><span class='ocrx_word' id='word_1_107' title='bbox 123 1502 284 1544; x_wconf 79' lang='lat' dir='ltr'><strong>genere</strong></span> <span class='ocrx_word' id='word_1_108' title='bbox 313 1489 513 1543; x_wconf 81' lang='lat' dir='ltr'><strong>egregie,</strong></span> <span class='ocrx_word' id='word_1_109' title='bbox 541 1488 672 1545; x_wconf 90' lang='lat' dir='ltr'><strong>s1quis</strong></span> <span class='ocrx_word' id='word_1_110' title='bbox 701 1487 837 1542; x_wconf 89' lang='lat' dir='ltr'><strong>alius,</strong></span> <span class='ocrx_word' id='word_1_111' title='bbox 869 1490 1056 1532; x_wconf 87' lang='lat' dir='ltr'><strong>meritus</strong></span> <span class='ocrx_word' id='word_1_112' title='bbox 1089 1488 1176 1541; x_wconf 88' lang='lat' dir='ltr'><strong>est,</strong></span> <span class='ocrx_word' id='word_1_113' title='bbox 1205 1503 1308 1532; x_wconf 89' lang='lat' dir='ltr'><strong>cum</strong></span> <span class='ocrx_word' id='word_1_114' title='bbox 1338 1504 1455 1534; x_wconf 85' lang='lat' dir='ltr'><strong>anno</strong></span> <span class='ocrx_word' id='word_1_115' title='bbox 1487 1500 1606 1545; x_wconf 83' lang='lat'>1679.</span> <span class='ocrx_word' id='word_1_116' title='bbox 1638 1491 1770 1536; x_wconf 91' lang='lat' dir='ltr'><strong>libros</strong></span> <span class='ocrx_word' id='word_1_117' title='bbox 1801 1493 1878 1547; x_wconf 88' lang='lat' dir='ltr'><strong>qui</strong></span> <span class='ocrx_word' id='word_1_118' title='bbox 1910 1492 2202 1549; x_wconf 60' lang='lat' dir='ltr'><strong>Sepulchrum</strong></span> 
     </span>
     <span class='ocr_line' id='line_1_14' title="bbox 126 1544 2207 1606; baseline 0.003 -19"><span class='ocrx_word' id='word_1_119' title='bbox 126 1544 452 1597; x_wconf 81' lang='lat' dir='ltr'><strong>inscribuntur,</strong></span> <span class='ocrx_word' id='word_1_120' title='bbox 486 1544 709 1598; x_wconf 76' lang='lat' dir='ltr'><strong>vulgavit.</strong></span> <span class='ocrx_word' id='word_1_121' title='bbox 744 1544 912 1588; x_wconf 82' lang='lat' dir='ltr'><strong>Eorum</strong></span> <span class='ocrx_word' id='word_1_122' title='bbox 941 1545 1060 1587; x_wconf 88' lang='lat' dir='ltr'><strong>enim</strong></span> <span class='ocrx_word' id='word_1_123' title='bbox 1088 1557 1198 1600; x_wconf 86' lang='lat' dir='ltr'><strong>quos</strong></span> <span class='ocrx_word' id='word_1_124' title='bbox 1228 1546 1371 1588; x_wconf 87' lang='lat' dir='ltr'><strong>morbi</strong></span> <span class='ocrx_word' id='word_1_125' title='bbox 1402 1546 1664 1591; x_wconf 87' lang='lat' dir='ltr'><strong>sustulerant</strong></span> <span class='ocrx_word' id='word_1_126' title='bbox 1686 1579 1700 1602; x_wconf 89' lang='lat'><strong>,</strong></span> <span class='ocrx_word' id='word_1_127' title='bbox 1740 1547 2045 1602; x_wconf 59' lang='lat' dir='ltr'><strong>dissediiones,</strong></span> <span class='ocrx_word' id='word_1_128' title='bbox 2076 1560 2207 1606; x_wconf 85' lang='lat' dir='ltr'><strong>quot-</strong></span> 
     </span>
     <span class='ocr_line' id='line_1_15' title="bbox 128 1600 2209 1659; baseline 0.002 -16"><span class='ocrx_word' id='word_1_129' title='bbox 128 1611 238 1659; x_wconf 85' lang='lat' dir='ltr'><strong>quot</strong></span> <span class='ocrx_word' id='word_1_130' title='bbox 270 1602 441 1657; x_wconf 83' lang='lat' dir='ltr'><strong>potuit,</strong></span> <span class='ocrx_word' id='word_1_131' title='bbox 470 1600 707 1655; x_wconf 84' lang='lat' dir='ltr'><strong>colligens,</strong></span> <span class='ocrx_word' id='word_1_132' title='bbox 738 1604 781 1645; x_wconf 69' lang='grc' dir='ltr'><strong>δε</strong></span> <span class='ocrx_word' id='word_1_133' title='bbox 812 1602 859 1643; x_wconf 91' lang='lat' dir='ltr'><strong>in</strong></span> <span class='ocrx_word' id='word_1_134' title='bbox 888 1600 1095 1644; x_wconf 84' lang='lat' dir='ltr'><strong>ordinem</strong></span> <span class='ocrx_word' id='word_1_135' title='bbox 1124 1600 1348 1654; x_wconf 79' lang='lat' dir='ltr'><strong>redigens,</strong></span> <span class='ocrx_word' id='word_1_136' title='bbox 1379 1616 1538 1659; x_wconf 84' lang='lat' dir='ltr'><strong>corpus</strong></span> <span class='ocrx_word' id='word_1_137' title='bbox 1567 1617 1626 1648; x_wconf 85' lang='lat' dir='ltr'><strong>ex</strong></span> <span class='ocrx_word' id='word_1_138' title='bbox 1654 1605 1858 1649; x_wconf 85' lang='lat' dir='ltr'><strong>omnibus</strong></span> <span class='ocrx_word' id='word_1_139' title='bbox 1890 1619 2029 1647; x_wconf 86' lang='lat' dir='ltr'><strong>unum</strong></span> <span class='ocrx_word' id='word_1_140' title='bbox 2059 1606 2209 1648; x_wconf 85' lang='lat' dir='ltr'><strong>confe-</strong></span> 
     </span>
     <span class='ocr_line' id='line_1_16' title="bbox 124 1655 2211 1717; baseline 0.002 -17"><span class='ocrx_word' id='word_1_141' title='bbox 124 1659 213 1706; x_wconf 84' lang='lat' dir='ltr'><strong>cit,·</strong></span> <span class='ocrx_word' id='word_1_142' title='bbox 246 1669 294 1700; x_wconf 87' lang='lat' dir='ltr'><strong>ut</strong></span> <span class='ocrx_word' id='word_1_143' title='bbox 328 1669 427 1713; x_wconf 81' lang='lat' dir='ltr'><strong>quae</strong></span> <span class='ocrx_word' id='word_1_144' title='bbox 457 1671 535 1713; x_wconf 89' lang='lat' dir='ltr'><strong>per</strong></span> <span class='ocrx_word' id='word_1_145' title='bbox 566 1659 795 1700; x_wconf 84' lang='lat' dir='ltr'><strong>innumera</strong></span> <span class='ocrx_word' id='word_1_146' title='bbox 825 1656 1078 1700; x_wconf 54' lang='lat' dir='ltr'><strong>Austorum</strong></span> <span class='ocrx_word' id='word_1_147' title='bbox 1108 1655 1342 1700; x_wconf 87' lang='lat' dir='ltr'><strong>volumina</strong></span> <span class='ocrx_word' id='word_1_148' title='bbox 1370 1659 1569 1717; x_wconf 86' lang='lat' dir='ltr'><strong>dispersae</strong></span> <span class='ocrx_word' id='word_1_149' title='bbox 1598 1675 1686 1704; x_wconf 87' lang='lat' dir='ltr'><strong>non</strong></span> <span class='ocrx_word' id='word_1_150' title='bbox 1718 1674 1925 1714; x_wconf 80' lang='lat' dir='ltr'><strong>magnam</strong></span> <span class='ocrx_word' id='word_1_151' title='bbox 1964 1660 2211 1705; x_wconf 84' lang='lat' dir='ltr'><strong>afferebant</strong></span> 
     </span>
     <span class='ocr_line' id='line_1_17' title="bbox 123 1712 2210 1774; baseline 0.002 -18"><span class='ocrx_word' id='word_1_152' title='bbox 123 1712 389 1765; x_wconf 86' lang='lat' dir='ltr'><strong>utilitatem,</strong></span> <span class='ocrx_word' id='word_1_153' title='bbox 420 1712 694 1768; x_wconf 60' lang='lat' dir='ltr'><strong>conjunffle,</strong></span> <span class='ocrx_word' id='word_1_154' title='bbox 721 1713 1022 1770; x_wconf 82' lang='lat' dir='ltr'><strong>ordinataeque</strong></span> <span class='ocrx_word' id='word_1_155' title='bbox 1053 1713 1295 1755; x_wconf 84' lang='lat' dir='ltr'><strong>maximam</strong></span> <span class='ocrx_word' id='word_1_156' title='bbox 1325 1714 1557 1759; x_wconf 80' lang='lat' dir='ltr'><strong>afferrent.</strong></span> <span class='ocrx_word' id='word_1_157' title='bbox 1589 1718 1710 1760; x_wconf 88' lang='lat' dir='ltr'><strong>Cum</strong></span> <span class='ocrx_word' id='word_1_158' title='bbox 1740 1718 1912 1760; x_wconf 86' lang='lat' dir='ltr'><strong>editum</strong></span> <span class='ocrx_word' id='word_1_159' title='bbox 1952 1718 2073 1772; x_wconf 83' lang='lat' dir='ltr'><strong>Opus</strong></span> <span class='ocrx_word' id='word_1_160' title='bbox 2118 1718 2210 1774; x_wconf 79' lang='lat' dir='ltr'><strong>ple-</strong></span> 
     </span>
     <span class='ocr_line' id='line_1_18' title="bbox 123 1767 2211 1829; baseline 0.002 -17"><span class='ocrx_word' id='word_1_161' title='bbox 123 1771 268 1825; x_wconf 88' lang='lat' dir='ltr'><strong>risque</strong></span> <span class='ocrx_word' id='word_1_162' title='bbox 299 1769 527 1823; x_wconf 84' lang='lat' dir='ltr'><strong>omnibus,</strong></span> <span class='ocrx_word' id='word_1_163' title='bbox 559 1778 608 1812; x_wconf 91' lang='lat' dir='ltr'><strong>ut</strong></span> <span class='ocrx_word' id='word_1_164' title='bbox 647 1783 728 1824; x_wconf 84' lang='lat' dir='ltr'><strong>par</strong></span> <span class='ocrx_word' id='word_1_165' title='bbox 767 1780 861 1812; x_wconf 86' lang='lat' dir='ltr'><strong>erat</strong></span> <span class='ocrx_word' id='word_1_166' title='bbox 891 1800 905 1821; x_wconf 85' lang='lat'>‚</span> <span class='ocrx_word' id='word_1_167' title='bbox 947 1767 1290 1825; x_wconf 83' lang='lat' dir='ltr'><strong>perplacuisset;</strong></span> <span class='ocrx_word' id='word_1_168' title='bbox 1332 1771 1487 1825; x_wconf 88' lang='lat' dir='ltr'><strong>idem,</strong></span> <span class='ocrx_word' id='word_1_169' title='bbox 1528 1772 1604 1816; x_wconf 90' lang='lat' dir='ltr'><strong>sed</strong></span> <span class='ocrx_word' id='word_1_170' title='bbox 1644 1783 1766 1829; x_wconf 87' lang='lat' dir='ltr'><strong>parte</strong></span> <span class='ocrx_word' id='word_1_171' title='bbox 1803 1773 2038 1816; x_wconf 85' lang='lat' dir='ltr'><strong>minimum</strong></span> <span class='ocrx_word' id='word_1_172' title='bbox 2080 1776 2211 1816; x_wconf 82' lang='lat' dir='ltr'><strong>tertia</strong></span> 
     </span>
     <span class='ocr_line' id='line_1_19' title="bbox 122 1823 2211 1884; baseline 0.002 -15"><span class='ocrx_word' id='word_1_173' title='bbox 122 1826 324 1878; x_wconf 70' lang='lat' dir='ltr'><strong>auffius,</strong></span> <span class='ocrx_word' id='word_1_174' title='bbox 354 1826 517 1881; x_wconf 87' lang='lat' dir='ltr'><strong>prodiit</strong></span> <span class='ocrx_word' id='word_1_175' title='bbox 546 1838 665 1868; x_wconf 90' lang='lat' dir='ltr'><strong>anno</strong></span> <span class='ocrx_word' id='word_1_176' title='bbox 700 1840 820 1872; x_wconf 66' lang='lat'><em>1700.</em></span> <span class='ocrx_word' id='word_1_177' title='bbox 851 1838 986 1878; x_wconf 86' lang='lat' dir='ltr'><strong>cura,</strong></span> <span class='ocrx_word' id='word_1_178' title='bbox 1014 1827 1057 1868; x_wconf 87' lang='lat'>&amp;</span> <span class='ocrx_word' id='word_1_179' title='bbox 1084 1823 1224 1868; x_wconf 86' lang='lat' dir='ltr'><strong>studio</strong></span> <span class='ocrx_word' id='word_1_180' title='bbox 1249 1823 1317 1875; x_wconf 87' lang='lat' dir='ltr'><strong>Jo.</strong></span> <span class='ocrx_word' id='word_1_181' title='bbox 1354 1826 1515 1877; x_wconf 90' lang='lat' dir='ltr'><strong>Jacobi</strong></span> <span class='ocrx_word' id='word_1_182' title='bbox 1559 1829 1763 1884; x_wconf 78' lang='lat' dir='ltr'><strong>Mangeti</strong></span> <span class='ocrx_word' id='word_1_183' title='bbox 1788 1861 1798 1870; x_wconf 93' lang='lat'>.</span> <span class='ocrx_word' id='word_1_184' title='bbox 1842 1827 1911 1871; x_wconf 85' lang='lat' dir='ltr'><strong>De</strong></span> <span class='ocrx_word' id='word_1_185' title='bbox 1952 1829 2036 1871; x_wconf 86' lang='lat' dir='ltr'><strong>hac</strong></span> <span class='ocrx_word' id='word_1_186' title='bbox 2078 1831 2211 1884; x_wconf 79' lang='lat' dir='ltr'><strong>igitur</strong></span> 
     </span>
     <span class='ocr_line' id='line_1_20' title="bbox 123 1880 2233 1938; baseline 0.001 -13"><span class='ocrx_word' id='word_1_187' title='bbox 123 1896 229 1935; x_wconf 85' lang='lat' dir='ltr'><strong>nos,</strong></span> <span class='ocrx_word' id='word_1_188' title='bbox 258 1881 551 1938; x_wconf 79' lang='lat' dir='ltr'><strong>utpleniori,</strong></span> <span class='ocrx_word' id='word_1_189' title='bbox 582 1880 775 1924; x_wconf 89' lang='lat' dir='ltr'><strong>editione</strong></span> <span class='ocrx_word' id='word_1_190' title='bbox 804 1880 1063 1938; x_wconf 87' lang='lat' dir='ltr'><strong>loquemur.</strong></span> <span class='ocrx_word' id='word_1_191' title='bbox 2009 1913 2012 1915; x_wconf 96' lang='lat'>-</span> <span class='ocrx_word' id='word_1_192' title='bbox 2229 1924 2233 1927; x_wconf 76' lang='grc'>,</span> 
     </span>
    </p>

    <p class='ocr_par' dir='ltr' id='par_1_5' title="bbox 124 1936 2214 2495">
     <span class='ocr_line' id='line_1_21' title="bbox 184 1936 2213 1995; baseline 0.004 -16"><span class='ocrx_word' id='word_1_193' title='bbox 184 1952 219 1992; x_wconf 83' lang='lat'><strong>3.</strong></span> <span class='ocrx_word' id='word_1_194' title='bbox 254 1939 310 1980; x_wconf 84' lang='lat' dir='ltr'><strong>Et</strong></span> <span class='ocrx_word' id='word_1_195' title='bbox 341 1940 535 1993; x_wconf 82' lang='lat' dir='ltr'><strong>primurn</strong></span> <span class='ocrx_word' id='word_1_196' title='bbox 565 1937 676 1993; x_wconf 90' lang='lat' dir='ltr'><strong>fiqui</strong></span> <span class='ocrx_word' id='word_1_197' title='bbox 706 1938 806 1981; x_wconf 87' lang='lat' dir='ltr'><strong>sunt</strong></span> <span class='ocrx_word' id='word_1_198' title='bbox 835 1939 912 1994; x_wconf 92' lang='lat' dir='ltr'><strong>qui</strong></span> <span class='ocrx_word' id='word_1_199' title='bbox 940 1936 1167 1993; x_wconf 85' lang='lat' dir='ltr'><strong>utriusque</strong></span> <span class='ocrx_word' id='word_1_200' title='bbox 1200 1936 1379 1982; x_wconf 86' lang='lat' dir='ltr'><strong>illorum</strong></span> <span class='ocrx_word' id='word_1_201' title='bbox 1408 1939 1641 1984; x_wconf 80' lang='lat' dir='ltr'><strong>consilium</strong></span> <span class='ocrx_word' id='word_1_202' title='bbox 1670 1972 1684 1995; x_wconf 88' lang='lat'><strong>,</strong></span> <span class='ocrx_word' id='word_1_203' title='bbox 1725 1942 1927 1986; x_wconf 88' lang='lat' dir='ltr'><strong>animum</strong></span> <span class='ocrx_word' id='word_1_204' title='bbox 1959 1975 1970 1993; x_wconf 85' lang='lat'><strong><em>‚</em></strong></span> <span class='ocrx_word' id='word_1_205' title='bbox 2012 1941 2213 1989; x_wconf 80' lang='lat' dir='ltr'><strong>laborem</strong></span> 
     </span>
     <span class='ocr_line' id='line_1_22' title="bbox 127 1989 2214 2049; baseline 0.003 -12"><span class='ocrx_word' id='word_1_206' title='bbox 127 1999 295 2049; x_wconf 81' lang='lat' dir='ltr'><strong>magnis</strong></span> <span class='ocrx_word' id='word_1_207' title='bbox 326 1994 517 2037; x_wconf 83' lang='lat' dir='ltr'><strong>efferant</strong></span> <span class='ocrx_word' id='word_1_208' title='bbox 546 1993 783 2047; x_wconf 80' lang='lat' dir='ltr'><strong>laudibus,</strong></span> <span class='ocrx_word' id='word_1_209' title='bbox 813 2007 917 2036; x_wconf 89' lang='lat' dir='ltr'><strong>cum</strong></span> <span class='ocrx_word' id='word_1_210' title='bbox 947 1995 1016 2036; x_wconf 88' lang='lat' dir='ltr'><strong>his</strong></span> <span class='ocrx_word' id='word_1_211' title='bbox 1046 1992 1164 2036; x_wconf 86' lang='lat' dir='ltr'><strong>ultro</strong></span> <span class='ocrx_word' id='word_1_212' title='bbox 1194 1989 1408 2048; x_wconf 74' lang='lat' dir='ltr'><strong>facimus,</strong></span> <span class='ocrx_word' id='word_1_213' title='bbox 1440 2000 1482 2040; x_wconf 62' lang='grc' dir='ltr'><strong>δε</strong></span> <span class='ocrx_word' id='word_1_214' title='bbox 1525 1997 1782 2043; x_wconf 87' lang='lat' dir='ltr'><strong>faciendum</strong></span> <span class='ocrx_word' id='word_1_215' title='bbox 1824 1994 2049 2043; x_wconf 68' lang='lat' dir='ltr'><strong>censemus</strong></span> <span class='ocrx_word' id='word_1_216' title='bbox 2082 2036 2089 2043; x_wconf 92' lang='lat'><strong>.</strong></span> <span class='ocrx_word' id='word_1_217' title='bbox 2133 2002 2214 2046; x_wconf 83' lang='lat' dir='ltr'><strong>Sed</strong></span> 
     </span>
     <span class='ocr_line' id='line_1_23' title="bbox 126 2044 2214 2112; baseline 0.003 -20"><span class='ocrx_word' id='word_1_218' title='bbox 126 2065 230 2093; x_wconf 84' lang='lat' dir='ltr'><strong>cum</strong></span> <span class='ocrx_word' id='word_1_219' title='bbox 261 2051 380 2107; x_wconf 87' lang='lat' dir='ltr'><strong>apud</strong></span> <span class='ocrx_word' id='word_1_220' title='bbox 412 2051 569 2104; x_wconf 80' lang='lat' dir='ltr'><strong>Viros,</strong></span> <span class='ocrx_word' id='word_1_221' title='bbox 599 2052 870 2108; x_wconf 73' lang='lat' dir='ltr'><strong>caeteroquin</strong></span> <span class='ocrx_word' id='word_1_222' title='bbox 905 2044 1274 2093; x_wconf 79' lang='lat' dir='ltr'><strong>Praestantiffimos</strong></span> <span class='ocrx_word' id='word_1_223' title='bbox 1302 2080 1315 2104; x_wconf 94' lang='lat'><strong>,</strong></span> <span class='ocrx_word' id='word_1_224' title='bbox 1355 2051 1540 2107; x_wconf 82' lang='lat' dir='ltr'><strong>legimus</strong></span> <span class='ocrx_word' id='word_1_225' title='bbox 1572 2084 1585 2107; x_wconf 82' lang='lat'>‚</span> <span class='ocrx_word' id='word_1_226' title='bbox 1627 2054 1962 2112; x_wconf 79' lang='lat' dir='ltr'><strong>Sepulchretum</strong></span> <span class='ocrx_word' id='word_1_227' title='bbox 2004 2055 2214 2112; x_wconf 68' lang='lat' dir='ltr'><strong>diligentia</strong></span> 
     </span>
     <span class='ocr_line' id='line_1_24' title="bbox 128 2103 2214 2167; baseline 0.003 -18"><span class='ocrx_word' id='word_1_228' title='bbox 128 2105 453 2161; x_wconf 54' lang='lat' dir='ltr'><strong>incomparabili,</strong></span> <span class='ocrx_word' id='word_1_229' title='bbox 482 2123 532 2148; x_wconf 85' lang='lat' dir='ltr'><strong>ex</strong></span> <span class='ocrx_word' id='word_1_230' title='bbox 560 2104 733 2149; x_wconf 74' lang='lat' dir='ltr'><strong>omnibus</strong></span> <span class='ocrx_word' id='word_1_231' title='bbox 761 2112 909 2161; x_wconf 63' lang='lat' dir='ltr'><strong>optima</strong></span> <span class='ocrx_word' id='word_1_232' title='bbox 937 2103 1150 2160; x_wconf 74' lang='lat' dir='ltr'><strong>colligendo</strong></span> <span class='ocrx_word' id='word_1_233' title='bbox 1170 2134 1183 2157; x_wconf 88' lang='lat'><strong>,</strong></span> <span class='ocrx_word' id='word_1_234' title='bbox 1221 2110 1279 2148; x_wconf 60' lang='grc' dir='ltr'><strong>(φ</strong></span> <span class='ocrx_word' id='word_1_235' title='bbox 1315 2108 1512 2164; x_wconf 70' lang='lat' dir='ltr'><strong>redigendo</strong></span> <span class='ocrx_word' id='word_1_236' title='bbox 1540 2111 1590 2152; x_wconf 74' lang='lat' dir='ltr'><strong>ad</strong></span> <span class='ocrx_word' id='word_1_237' title='bbox 1620 2114 1776 2165; x_wconf 75' lang='lat' dir='ltr'><strong>capita,</strong></span> <span class='ocrx_word' id='word_1_238' title='bbox 1806 2112 1890 2154; x_wconf 81' lang='lat' dir='ltr'><strong>effe</strong></span> <span class='ocrx_word' id='word_1_239' title='bbox 1930 2112 2214 2167; x_wconf 59' lang='lat' dir='ltr'><strong>confestum,</strong></span> 
     </span>
     <span class='ocr_line' id='line_1_25' title="bbox 125 2157 2213 2222; baseline 0.005 -18"><span class='ocrx_word' id='word_1_240' title='bbox 125 2173 258 2218; x_wconf 84' lang='lat' dir='ltr'><strong>atque</strong></span> <span class='ocrx_word' id='word_1_241' title='bbox 287 2162 373 2205; x_wconf 87' lang='lat' dir='ltr'><strong>alia</strong></span> <span class='ocrx_word' id='word_1_242' title='bbox 404 2157 691 2217; x_wconf 55' lang='lat' dir='ltr'><strong>hujusmodi?</strong></span> <span class='ocrx_word' id='word_1_243' title='bbox 714 2162 888 2204; x_wconf 87' lang='lat' dir='ltr'><strong>utinam</strong></span> <span class='ocrx_word' id='word_1_244' title='bbox 919 2161 964 2202; x_wconf 87' lang='lat' dir='ltr'><strong>in</strong></span> <span class='ocrx_word' id='word_1_245' title='bbox 995 2162 1063 2203; x_wconf 90' lang='lat' dir='ltr'><strong>his</strong></span> <span class='ocrx_word' id='word_1_246' title='bbox 1089 2173 1264 2217; x_wconf 86' lang='lat' dir='ltr'><strong>quoque</strong></span> <span class='ocrx_word' id='word_1_247' title='bbox 1296 2164 1551 2220; x_wconf 84' lang='lat' dir='ltr'><strong>adstipulari</strong></span> <span class='ocrx_word' id='word_1_248' title='bbox 1582 2168 1822 2222; x_wconf 72' lang='lat' dir='ltr'><strong>possemus.</strong></span> <span class='ocrx_word' id='word_1_249' title='bbox 1858 2168 1955 2210; x_wconf 87' lang='lat' dir='ltr'><strong>Cur</strong></span> <span class='ocrx_word' id='word_1_250' title='bbox 1995 2183 2103 2213; x_wconf 87' lang='lat' dir='ltr'><strong>vero</strong></span> <span class='ocrx_word' id='word_1_251' title='bbox 2142 2184 2213 2213; x_wconf 80' lang='lat' dir='ltr'><strong>me</strong></span> 
     </span>
     <span class='ocr_line' id='line_1_26' title="bbox 124 2216 2213 2283; baseline 0.004 -22"><span class='ocrx_word' id='word_1_252' title='bbox 124 2218 306 2275; x_wconf 86' lang='lat' dir='ltr'><strong>quidem</strong></span> <span class='ocrx_word' id='word_1_253' title='bbox 338 2232 430 2261; x_wconf 83' lang='lat' dir='ltr'><strong>non</strong></span> <span class='ocrx_word' id='word_1_254' title='bbox 473 2218 612 2275; x_wconf 76' lang='lat' dir='ltr'><strong>posse,</strong></span> <span class='ocrx_word' id='word_1_255' title='bbox 641 2219 850 2268; x_wconf 83' lang='lat' dir='ltr'><strong>credam,</strong></span> <span class='ocrx_word' id='word_1_256' title='bbox 880 2229 993 2259; x_wconf 85' lang='lat' dir='ltr'><strong>mox</strong></span> <span class='ocrx_word' id='word_1_257' title='bbox 1032 2216 1267 2268; x_wconf 81' lang='lat' dir='ltr'><strong>indicabO,</strong></span> <span class='ocrx_word' id='word_1_258' title='bbox 1306 2218 1475 2276; x_wconf 85' lang='lat' dir='ltr'><strong>semper</strong></span> <span class='ocrx_word' id='word_1_259' title='bbox 1505 2231 1662 2264; x_wconf 86' lang='lat' dir='ltr'><strong>tamen</strong></span> <span class='ocrx_word' id='word_1_260' title='bbox 1702 2236 1860 2265; x_wconf 84' lang='lat' dir='ltr'><strong>eorum</strong></span> <span class='ocrx_word' id='word_1_261' title='bbox 1902 2237 2074 2268; x_wconf 86' lang='lat' dir='ltr'><strong>memor</strong></span> <span class='ocrx_word' id='word_1_262' title='bbox 2112 2240 2213 2283; x_wconf 78' lang='lat' dir='ltr'><strong>quae</strong></span> 
     </span>
     <span class='ocr_line' id='line_1_27' title="bbox 125 2272 2213 2335; baseline 0.005 -19"><span class='ocrx_word' id='word_1_263' title='bbox 125 2275 261 2317; x_wconf 87' lang='lat' dir='ltr'><strong>modo</strong></span> <span class='ocrx_word' id='word_1_264' title='bbox 291 2272 409 2316; x_wconf 87' lang='lat' dir='ltr'><strong>ultro</strong></span> <span class='ocrx_word' id='word_1_265' title='bbox 439 2273 566 2325; x_wconf 86' lang='lat' dir='ltr'><strong>dedi,</strong></span> <span class='ocrx_word' id='word_1_266' title='bbox 597 2277 639 2317; x_wconf 64' lang='grc' dir='ltr'><strong>δέ</strong></span> <span class='ocrx_word' id='word_1_267' title='bbox 667 2282 879 2329; x_wconf 69' lang='lat' dir='ltr'><strong>praeterea</strong></span> <span class='ocrx_word' id='word_1_268' title='bbox 910 2285 1035 2314; x_wconf 83' lang='lat' dir='ltr'><strong>novae</strong></span> <span class='ocrx_word' id='word_1_269' title='bbox 1060 2301 1073 2324; x_wconf 87' lang='lat'><strong>,</strong></span> <span class='ocrx_word' id='word_1_270' title='bbox 1114 2284 1166 2314; x_wconf 87' lang='lat' dir='ltr'><strong>ac</strong></span> <span class='ocrx_word' id='word_1_271' title='bbox 1214 2273 1342 2316; x_wconf 82' lang='lat' dir='ltr'><strong>vastae</strong></span> <span class='ocrx_word' id='word_1_272' title='bbox 1384 2277 1494 2318; x_wconf 86' lang='lat' dir='ltr'><strong>adeo</strong></span> <span class='ocrx_word' id='word_1_273' title='bbox 1531 2277 1738 2332; x_wconf 67' lang='lat' dir='ltr'><strong>susceptae</strong></span> <span class='ocrx_word' id='word_1_274' title='bbox 1778 2279 2017 2333; x_wconf 67' lang='lat' dir='ltr'><strong>provinciae</strong></span> <span class='ocrx_word' id='word_1_275' title='bbox 2059 2283 2168 2326; x_wconf 83' lang='lat' dir='ltr'><strong>duos</strong></span> <span class='ocrx_word' id='word_1_276' title='bbox 2198 2313 2213 2335; x_wconf 86' lang='lat'><strong>,</strong></span> 
     </span>
     <span class='ocr_line' id='line_1_28' title="bbox 125 2327 2212 2392; baseline 0.005 -20"><span class='ocrx_word' id='word_1_277' title='bbox 125 2330 246 2372; x_wconf 86' lang='lat' dir='ltr'><strong>haud</strong></span> <span class='ocrx_word' id='word_1_278' title='bbox 287 2327 500 2384; x_wconf 87' lang='lat' dir='ltr'><strong>amplius,</strong></span> <span class='ocrx_word' id='word_1_279' title='bbox 532 2329 732 2371; x_wconf 86' lang='lat' dir='ltr'><strong>homines</strong></span> <span class='ocrx_word' id='word_1_280' title='bbox 761 2358 775 2381; x_wconf 93' lang='lat'><strong>,</strong></span> <span class='ocrx_word' id='word_1_281' title='bbox 819 2329 1109 2384; x_wconf 86' lang='lat' dir='ltr'><strong>quantumvis</strong></span> <span class='ocrx_word' id='word_1_282' title='bbox 1142 2327 1398 2384; x_wconf 83' lang='lat' dir='ltr'><strong>industrios,</strong></span> <span class='ocrx_word' id='word_1_283' title='bbox 1429 2336 1516 2374; x_wconf 88' lang='lat' dir='ltr'><strong>non</strong></span> <span class='ocrx_word' id='word_1_284' title='bbox 1545 2333 1628 2375; x_wconf 83' lang='lat' dir='ltr'><strong>effe</strong></span> <span class='ocrx_word' id='word_1_285' title='bbox 1645 2345 1790 2389; x_wconf 76' lang='lat' dir='ltr'><strong>pares,·</strong></span> <span class='ocrx_word' id='word_1_286' title='bbox 1823 2335 2212 2392; x_wconf 79' lang='lat' dir='ltr'><strong>quandoquidem,</strong></span> 
     </span>
     <span class='ocr_line' id='line_1_29' title="bbox 125 2380 2212 2445; baseline 0.005 -17"><span class='ocrx_word' id='word_1_287' title='bbox 125 2397 177 2429; x_wconf 85' lang='lat' dir='ltr'><strong>ut</strong></span> <span class='ocrx_word' id='word_1_288' title='bbox 207 2384 267 2428; x_wconf 85' lang='lat' dir='ltr'><strong>est</strong></span> <span class='ocrx_word' id='word_1_289' title='bbox 298 2386 343 2426; x_wconf 90' lang='lat' dir='ltr'><strong>in</strong></span> <span class='ocrx_word' id='word_1_290' title='bbox 376 2384 551 2437; x_wconf 64' lang='lat' dir='ltr'><strong>iliadis,</strong></span> <span class='ocrx_word' id='word_1_291' title='bbox 578 2384 757 2440; x_wconf 84' lang='lat' dir='ltr'><strong>opinor,</strong></span> <span class='ocrx_word' id='word_1_292' title='bbox 787 2393 974 2440; x_wconf 81' lang='lat' dir='ltr'><strong>quarto,</strong></span> <span class='ocrx_word' id='word_1_293' title='bbox 1005 2399 1075 2427; x_wconf 76' lang='lat' dir='ltr'><strong>non</strong></span> <span class='ocrx_word' id='word_1_294' title='bbox 1093 2380 1220 2445; x_wconf 78' lang='lat' dir='ltr'><strong>fimul</strong></span> <span class='ocrx_word' id='word_1_295' title='bbox 1248 2390 1377 2430; x_wconf 66' lang='lat' dir='ltr'><strong>omnia</strong></span> <span class='ocrx_word' id='word_1_296' title='bbox 1394 2386 1662 2432; x_wconf 70' lang='lat' dir='ltr'><strong>Diidedermzt</strong></span> <span class='ocrx_word' id='word_1_297' title='bbox 1692 2389 1932 2444; x_wconf 65' lang='lat' dir='ltr'><strong>hominibus,</strong></span> <span class='ocrx_word' id='word_1_298' title='bbox 1963 2394 2005 2435; x_wconf 67' lang='grc' dir='ltr'><strong>ἅς</strong></span> <span class='ocrx_word' id='word_1_299' title='bbox 2039 2394 2082 2437; x_wconf 93' lang='lat' dir='ltr'><strong>in</strong></span> <span class='ocrx_word' id='word_1_300' title='bbox 2102 2396 2212 2439; x_wconf 86' lang='lat' dir='ltr'><strong>duo-</strong></span> 
     </span>
     <span class='ocr_line' id='line_1_30' title="bbox 124 2439 1031 2495; baseline -0.004 -10"><span class='ocrx_word' id='word_1_301' title='bbox 124 2443 321 2494; x_wconf 80' lang='lat' dir='ltr'><strong>decimo,</strong></span> <span class='ocrx_word' id='word_1_302' title='bbox 348 2440 562 2483; x_wconf 70' lang='lat' dir='ltr'><strong>multorum</strong></span> <span class='ocrx_word' id='word_1_303' title='bbox 592 2453 722 2482; x_wconf 70' lang='lat' dir='ltr'><strong>autem</strong></span> <span class='ocrx_word' id='word_1_304' title='bbox 751 2455 839 2495; x_wconf 67' lang='lat' dir='ltr'><strong>opus</strong></span> <span class='ocrx_word' id='word_1_305' title='bbox 869 2439 1031 2483; x_wconf 65' lang='lat' dir='ltr'><strong>melius.</strong></span> 
     </span>
    </p>

    <p class='ocr_par' dir='ltr' id='par_1_6' title="bbox 120 2495 2222 3577">
     <span class='ocr_line' id='line_1_31' title="bbox 180 2495 2211 2568; baseline 0.009 -32"><span class='ocrx_word' id='word_1_306' title='bbox 180 2514 219 2545; x_wconf 82' lang='lat'><strong>4-</strong></span> <span class='ocrx_word' id='word_1_307' title='bbox 253 2497 370 2554; x_wconf 64' lang='lat' dir='ltr'><strong>Quae</strong></span> <span class='ocrx_word' id='word_1_308' title='bbox 399 2496 569 2539; x_wconf 81' lang='lat' dir='ltr'><strong>tametsi</strong></span> <span class='ocrx_word' id='word_1_309' title='bbox 594 2495 730 2539; x_wconf 86' lang='lat' dir='ltr'><strong>libens</strong></span> <span class='ocrx_word' id='word_1_310' title='bbox 762 2500 804 2539; x_wconf 69' lang='grc' dir='ltr'><strong>δε</strong></span> <span class='ocrx_word' id='word_1_311' title='bbox 835 2497 1046 2550; x_wconf 77' lang='lat' dir='ltr'><strong>agnosco,</strong></span> <span class='ocrx_word' id='word_1_312' title='bbox 1080 2501 1122 2541; x_wconf 85' lang='lat'>&amp;</span> <span class='ocrx_word' id='word_1_313' title='bbox 1152 2499 1315 2551; x_wconf 67' lang='lat' dir='ltr'><strong>fateor-3</strong></span> <span class='ocrx_word' id='word_1_314' title='bbox 1349 2511 1498 2544; x_wconf 88' lang='lat' dir='ltr'><strong>tamen</strong></span> <span class='ocrx_word' id='word_1_315' title='bbox 1529 2501 1560 2544; x_wconf 86' lang='lat' dir='ltr'><strong>si</strong></span> <span class='ocrx_word' id='word_1_316' title='bbox 1591 2502 1713 2559; x_wconf 88' lang='lat' dir='ltr'><strong>Opus</strong></span> <span class='ocrx_word' id='word_1_317' title='bbox 1743 2513 1835 2547; x_wconf 86' lang='lat' dir='ltr'><strong>tam</strong></span> <span class='ocrx_word' id='word_1_318' title='bbox 1865 2504 1974 2550; x_wconf 89' lang='lat' dir='ltr'><strong>utile</strong></span> <span class='ocrx_word' id='word_1_319' title='bbox 2005 2506 2211 2568; x_wconf 81' lang='lat' dir='ltr'><strong>deinceps</strong></span> 
     </span>
     <span class='ocr_line' id='line_1_32' title="bbox 126 2552 2222 2621; baseline 0.007 -25"><span class='ocrx_word' id='word_1_320' title='bbox 126 2553 279 2597; x_wconf 83' lang='lat' dir='ltr'><strong>utilius</strong></span> <span class='ocrx_word' id='word_1_321' title='bbox 311 2552 583 2595; x_wconf 80' lang='lat' dir='ltr'><strong>reddendum</strong></span> <span class='ocrx_word' id='word_1_322' title='bbox 613 2552 702 2603; x_wconf 81' lang='lat' dir='ltr'><strong>est3</strong></span> <span class='ocrx_word' id='word_1_323' title='bbox 734 2552 911 2594; x_wconf 86' lang='lat' dir='ltr'><strong>reticeri</strong></span> <span class='ocrx_word' id='word_1_324' title='bbox 942 2567 1031 2596; x_wconf 90' lang='lat' dir='ltr'><strong>non</strong></span> <span class='ocrx_word' id='word_1_325' title='bbox 1060 2555 1213 2611; x_wconf 82' lang='lat' dir='ltr'><strong>debet,</strong></span> <span class='ocrx_word' id='word_1_326' title='bbox 1243 2558 1457 2613; x_wconf 80' lang='lat' dir='ltr'><strong>superesse</strong></span> <span class='ocrx_word' id='word_1_327' title='bbox 1488 2558 1603 2614; x_wconf 84' lang='lat' dir='ltr'><strong>apud</strong></span> <span class='ocrx_word' id='word_1_328' title='bbox 1639 2559 1859 2604; x_wconf 64' lang='lat' dir='ltr'><strong>Audiores</strong></span> <span class='ocrx_word' id='word_1_329' title='bbox 1888 2572 1985 2606; x_wconf 81' lang='lat' dir='ltr'><strong>tum</strong></span> <span class='ocrx_word' id='word_1_330' title='bbox 2016 2575 2222 2621; x_wconf 65' lang='lat' dir='ltr'><strong>veteres,</strong></span> 
     </span>
     <span class='ocr_line' id='line_1_33' title="bbox 126 2607 2210 2676; baseline 0.007 -25"><span class='ocrx_word' id='word_1_331' title='bbox 126 2620 223 2652; x_wconf 85' lang='lat' dir='ltr'><strong>tum</strong></span> <span class='ocrx_word' id='word_1_332' title='bbox 267 2611 328 2652; x_wconf 88' lang='lat' dir='ltr'><strong>ita</strong></span> <span class='ocrx_word' id='word_1_333' title='bbox 369 2619 592 2661; x_wconf 85' lang='lat' dir='ltr'><strong>recentes,</strong></span> <span class='ocrx_word' id='word_1_334' title='bbox 622 2619 671 2652; x_wconf 88' lang='lat' dir='ltr'><strong>ut</strong></span> <span class='ocrx_word' id='word_1_335' title='bbox 701 2618 801 2651; x_wconf 89' lang='lat' dir='ltr'><strong>ante</strong></span> <span class='ocrx_word' id='word_1_336' title='bbox 843 2607 1030 2652; x_wconf 86' lang='lat' dir='ltr'><strong>alteram</strong></span> <span class='ocrx_word' id='word_1_337' title='bbox 1071 2612 1345 2669; x_wconf 80' lang='lat' dir='ltr'><strong>Sepulchreti</strong></span> <span class='ocrx_word' id='word_1_338' title='bbox 1386 2615 1624 2657; x_wconf 88' lang='lat' dir='ltr'><strong>editionem</strong></span> <span class='ocrx_word' id='word_1_339' title='bbox 1665 2624 1869 2660; x_wconf 81' lang='lat' dir='ltr'><strong>extarent</strong></span> <span class='ocrx_word' id='word_1_340' title='bbox 1895 2648 1907 2671; x_wconf 93' lang='lat'><strong>,</strong></span> <span class='ocrx_word' id='word_1_341' title='bbox 1949 2619 2166 2675; x_wconf 72' lang='lat' dir='ltr'><strong>superesse</strong></span> <span class='ocrx_word' id='word_1_342' title='bbox 2194 2653 2210 2676; x_wconf 95' lang='lat'><strong>,</strong></span> 
     </span>
     <span class='ocr_line' id='line_1_34' title="bbox 127 2663 2209 2732; baseline 0.006 -24"><span class='ocrx_word' id='word_1_343' title='bbox 127 2667 338 2722; x_wconf 85' lang='lat' dir='ltr'><strong>inquam,</strong></span> <span class='ocrx_word' id='word_1_344' title='bbox 369 2675 417 2707; x_wconf 86' lang='lat' dir='ltr'><strong>ut</strong></span> <span class='ocrx_word' id='word_1_345' title='bbox 456 2664 644 2708; x_wconf 86' lang='lat' dir='ltr'><strong>aliorum</strong></span> <span class='ocrx_word' id='word_1_346' title='bbox 674 2666 746 2721; x_wconf 89' lang='lat' dir='ltr'><strong>qui</strong></span> <span class='ocrx_word' id='word_1_347' title='bbox 795 2663 853 2706; x_wconf 90' lang='lat' dir='ltr'><strong>ibi</strong></span> <span class='ocrx_word' id='word_1_348' title='bbox 886 2679 940 2708; x_wconf 89' lang='lat' dir='ltr'><strong>ne</strong></span> <span class='ocrx_word' id='word_1_349' title='bbox 971 2669 1256 2714; x_wconf 81' lang='lat' dir='ltr'><strong>nominantur</strong></span> <span class='ocrx_word' id='word_1_350' title='bbox 1284 2669 1464 2727; x_wconf 86' lang='lat' dir='ltr'><strong>quidem</strong></span> <span class='ocrx_word' id='word_1_351' title='bbox 1492 2700 1505 2723; x_wconf 85' lang='lat'><strong>,</strong></span> <span class='ocrx_word' id='word_1_352' title='bbox 1550 2670 1608 2712; x_wconf 76' lang='lat' dir='ltr'><strong>sic</strong></span> <span class='ocrx_word' id='word_1_353' title='bbox 1637 2671 1829 2715; x_wconf 89' lang='lat' dir='ltr'><strong>aliorum</strong></span> <span class='ocrx_word' id='word_1_354' title='bbox 1859 2675 1994 2718; x_wconf 82' lang='lat' dir='ltr'><strong>etiam</strong></span> <span class='ocrx_word' id='word_1_355' title='bbox 2025 2679 2100 2732; x_wconf 86' lang='lat' dir='ltr'><strong>qui</strong></span> <span class='ocrx_word' id='word_1_356' title='bbox 2131 2693 2209 2722; x_wconf 83' lang='lat' dir='ltr'><strong>no-</strong></span> 
     </span>
     <span class='ocr_line' id='line_1_35' title="bbox 125 2721 2210 2783; baseline 0.003 -12"><span class='ocrx_word' id='word_1_357' title='bbox 125 2723 377 2773; x_wconf 80' lang='lat' dir='ltr'><strong>minantur,</strong></span> <span class='ocrx_word' id='word_1_358' title='bbox 411 2721 746 2765; x_wconf 69' lang='lat' dir='ltr'><strong>Observationes</strong></span> <span class='ocrx_word' id='word_1_359' title='bbox 777 2721 897 2764; x_wconf 78' lang='lat' dir='ltr'><strong>haud</strong></span> <span class='ocrx_word' id='word_1_360' title='bbox 940 2723 1002 2764; x_wconf 88' lang='lat' dir='ltr'><strong>ita</strong></span> <span class='ocrx_word' id='word_1_361' title='bbox 1043 2737 1198 2779; x_wconf 82' lang='lat' dir='ltr'><strong>paucas</strong></span> <span class='ocrx_word' id='word_1_362' title='bbox 1228 2756 1242 2778; x_wconf 81' lang='lat'><strong>,</strong></span> <span class='ocrx_word' id='word_1_363' title='bbox 1284 2727 1440 2780; x_wconf 81' lang='lat' dir='ltr'><strong>dignas</strong></span> <span class='ocrx_word' id='word_1_364' title='bbox 1480 2727 1581 2770; x_wconf 86' lang='lat' dir='ltr'><strong>sane</strong></span> <span class='ocrx_word' id='word_1_365' title='bbox 1611 2741 1711 2783; x_wconf 80' lang='lat' dir='ltr'><strong>quae</strong></span> <span class='ocrx_word' id='word_1_366' title='bbox 1740 2730 1921 2773; x_wconf 88' lang='lat' dir='ltr'><strong>minime</strong></span> <span class='ocrx_word' id='word_1_367' title='bbox 1952 2729 2210 2778; x_wconf 77' lang='lat' dir='ltr'><strong>omitteren-</strong></span> 
     </span>
     <span class='ocr_line' id='line_1_36' title="bbox 120 2777 2208 2839; baseline 0.003 -19"><span class='ocrx_word' id='word_1_368' title='bbox 120 2789 230 2820; x_wconf 69' lang='lat' dir='ltr'><strong>tur:</strong></span> <span class='ocrx_word' id='word_1_369' title='bbox 261 2787 417 2819; x_wconf 89' lang='lat' dir='ltr'><strong>contra</strong></span> <span class='ocrx_word' id='word_1_370' title='bbox 447 2788 622 2829; x_wconf 86' lang='lat' dir='ltr'><strong>autem,</strong></span> <span class='ocrx_word' id='word_1_371' title='bbox 651 2777 920 2820; x_wconf 85' lang='lat' dir='ltr'><strong>omittendas</strong></span> <span class='ocrx_word' id='word_1_372' title='bbox 950 2777 1077 2822; x_wconf 77' lang='lat' dir='ltr'><strong>fuiss‘e</strong></span> <span class='ocrx_word' id='word_1_373' title='bbox 1118 2791 1215 2824; x_wconf 87' lang='lat' dir='ltr'><strong>tum</strong></span> <span class='ocrx_word' id='word_1_374' title='bbox 1255 2797 1353 2838; x_wconf 82' lang='lat' dir='ltr'><strong>quae</strong></span> <span class='ocrx_word' id='word_1_375' title='bbox 1394 2782 1525 2825; x_wconf 89' lang='lat' dir='ltr'><strong>semel</strong></span> <span class='ocrx_word' id='word_1_376' title='bbox 1561 2782 1650 2838; x_wconf 86' lang='lat' dir='ltr'><strong>jam</strong></span> <span class='ocrx_word' id='word_1_377' title='bbox 1695 2784 1840 2839; x_wconf 83' lang='lat' dir='ltr'><strong>positae</strong></span> <span class='ocrx_word' id='word_1_378' title='bbox 1870 2815 1884 2839; x_wconf 87' lang='lat'><strong>,</strong></span> <span class='ocrx_word' id='word_1_379' title='bbox 1929 2788 1975 2831; x_wconf 86' lang='lat' dir='ltr'><strong>in</strong></span> <span class='ocrx_word' id='word_1_380' title='bbox 2015 2804 2105 2833; x_wconf 89' lang='lat' dir='ltr'><strong>una</strong></span> <span class='ocrx_word' id='word_1_381' title='bbox 2135 2806 2208 2835; x_wconf 75' lang='lat' dir='ltr'><strong>ea-</strong></span> 
     </span>
     <span class='ocr_line' id='line_1_37' title="bbox 127 2834 2210 2900; baseline 0.008 -24"><span class='ocrx_word' id='word_1_382' title='bbox 127 2834 318 2890; x_wconf 83' lang='lat' dir='ltr'><strong>demque</strong></span> <span class='ocrx_word' id='word_1_383' title='bbox 347 2834 565 2886; x_wconf 69' lang='lat' dir='ltr'><strong>Seffione,</strong></span> <span class='ocrx_word' id='word_1_384' title='bbox 607 2837 650 2876; x_wconf 59' lang='grc' dir='ltr'><strong>δέ</strong></span> <span class='ocrx_word' id='word_1_385' title='bbox 694 2846 1011 2888; x_wconf 89' lang='lat' dir='ltr'><strong>nonnunquam</strong></span> <span class='ocrx_word' id='word_1_386' title='bbox 1052 2837 1095 2877; x_wconf 88' lang='lat' dir='ltr'><strong>in</strong></span> <span class='ocrx_word' id='word_1_387' title='bbox 1134 2851 1221 2880; x_wconf 86' lang='lat' dir='ltr'><strong>una</strong></span> <span class='ocrx_word' id='word_1_388' title='bbox 1261 2849 1393 2897; x_wconf 88' lang='lat' dir='ltr'><strong>atque</strong></span> <span class='ocrx_word' id='word_1_389' title='bbox 1434 2838 1588 2882; x_wconf 88' lang='lat' dir='ltr'><strong>eadem</strong></span> <span class='ocrx_word' id='word_1_390' title='bbox 1629 2843 1786 2896; x_wconf 80' lang='lat' dir='ltr'><strong>pagina</strong></span> <span class='ocrx_word' id='word_1_391' title='bbox 1818 2871 1831 2895; x_wconf 89' lang='lat'><strong>,</strong></span> <span class='ocrx_word' id='word_1_392' title='bbox 1873 2858 1950 2900; x_wconf 90' lang='lat' dir='ltr'><strong>per</strong></span> <span class='ocrx_word' id='word_1_393' title='bbox 1990 2846 2210 2892; x_wconf 84' lang='lat' dir='ltr'><strong>incuriam</strong></span> 
     </span>
     <span class='ocr_line' id='line_1_38' title="bbox 129 2888 2208 2952; baseline 0.007 -19"><span class='ocrx_word' id='word_1_394' title='bbox 129 2900 414 2947; x_wconf 79' lang='lat' dir='ltr'><strong>repetuntur,</strong></span> <span class='ocrx_word' id='word_1_395' title='bbox 448 2902 544 2932; x_wconf 83' lang='lat' dir='ltr'><strong>tum</strong></span> <span class='ocrx_word' id='word_1_396' title='bbox 587 2888 825 2945; x_wconf 62' lang='lat' dir='ltr'><strong>praesertim</strong></span> <span class='ocrx_word' id='word_1_397' title='bbox 865 2903 963 2945; x_wconf 78' lang='lat' dir='ltr'><strong>quae</strong></span> <span class='ocrx_word' id='word_1_398' title='bbox 1005 2905 1031 2934; x_wconf 92' lang='lat' dir='ltr'><strong>a</strong></span> <span class='ocrx_word' id='word_1_399' title='bbox 1072 2894 1251 2937; x_wconf 79' lang='lat' dir='ltr'><strong>versuto</strong></span> <span class='ocrx_word' id='word_1_400' title='bbox 1292 2896 1487 2952; x_wconf 86' lang='lat' dir='ltr'><strong>quodam</strong></span> <span class='ocrx_word' id='word_1_401' title='bbox 1527 2895 1742 2952; x_wconf 83' lang='lat' dir='ltr'><strong>Scriptore</strong></span> <span class='ocrx_word' id='word_1_402' title='bbox 1783 2899 1844 2940; x_wconf 78' lang='lat' dir='ltr'><strong>ita</strong></span> <span class='ocrx_word' id='word_1_403' title='bbox 1886 2902 2208 2947; x_wconf 75' lang='lat' dir='ltr'><strong>transformatae</strong></span> 
     </span>
     <span class='ocr_line' id='line_1_39' title="bbox 129 2945 2207 3016; baseline 0.007 -26"><span class='ocrx_word' id='word_1_404' title='bbox 129 2947 255 2998; x_wconf 85' lang='lat' dir='ltr'><strong>sunt,</strong></span> <span class='ocrx_word' id='word_1_405' title='bbox 287 2956 337 2988; x_wconf 88' lang='lat' dir='ltr'><strong>ut</strong></span> <span class='ocrx_word' id='word_1_406' title='bbox 368 2945 397 2988; x_wconf 79' lang='lat' dir='ltr'>fi</span> <span class='ocrx_word' id='word_1_407' title='bbox 430 2959 645 3000; x_wconf 79' lang='lat' dir='ltr'><strong>aegrorum</strong></span> <span class='ocrx_word' id='word_1_408' title='bbox 686 2946 894 2997; x_wconf 85' lang='lat' dir='ltr'><strong>nomina,</strong></span> <span class='ocrx_word' id='word_1_409' title='bbox 930 2949 973 2989; x_wconf 59' lang='grc' dir='ltr'>ἃ</span> <span class='ocrx_word' id='word_1_410' title='bbox 1003 2950 1305 2994; x_wconf 85' lang='lat' dir='ltr'><strong>conditionem</strong></span> <span class='ocrx_word' id='word_1_411' title='bbox 1334 2980 1348 3003; x_wconf 88' lang='lat'><strong>,</strong></span> <span class='ocrx_word' id='word_1_412' title='bbox 1389 2955 1432 2994; x_wconf 59' lang='grc' dir='ltr'><strong>δέ</strong></span> <span class='ocrx_word' id='word_1_413' title='bbox 1470 2950 1702 2995; x_wconf 87' lang='lat' dir='ltr'><strong>civitatem</strong></span> <span class='ocrx_word' id='word_1_414' title='bbox 1743 2953 1929 3010; x_wconf 71' lang='lat' dir='ltr'><strong>specstes,</strong></span> <span class='ocrx_word' id='word_1_415' title='bbox 1961 2973 2087 3003; x_wconf 63' lang='lat' dir='ltr'><strong>novae</strong></span> <span class='ocrx_word' id='word_1_416' title='bbox 2129 2975 2207 3016; x_wconf 75' lang='lat' dir='ltr'><strong>ap-</strong></span> 
     </span>
     <span class='ocr_line' id='line_1_40' title="bbox 131 3000 2208 3062; baseline 0.005 -18"><span class='ocrx_word' id='word_1_417' title='bbox 131 3011 336 3060; x_wconf 88' lang='lat' dir='ltr'><strong>pareant;</strong></span> <span class='ocrx_word' id='word_1_418' title='bbox 367 3012 412 3044; x_wconf 90' lang='lat' dir='ltr'><strong>at</strong></span> <span class='ocrx_word' id='word_1_419' title='bbox 444 3002 474 3045; x_wconf 85' lang='lat' dir='ltr'><strong>si</strong></span> <span class='ocrx_word' id='word_1_420' title='bbox 505 3015 572 3045; x_wconf 86' lang='lat' dir='ltr'><strong>res</strong></span> <span class='ocrx_word' id='word_1_421' title='bbox 614 3000 748 3057; x_wconf 88' lang='lat' dir='ltr'><strong>ipsas,</strong></span> <span class='ocrx_word' id='word_1_422' title='bbox 779 3011 913 3058; x_wconf 83' lang='lat' dir='ltr'><strong>atque</strong></span> <span class='ocrx_word' id='word_1_423' title='bbox 955 3003 1243 3060; x_wconf 80' lang='lat' dir='ltr'><strong>sententiam,</strong></span> <span class='ocrx_word' id='word_1_424' title='bbox 1272 3008 1478 3051; x_wconf 88' lang='lat' dir='ltr'><strong>continuo</strong></span> <span class='ocrx_word' id='word_1_425' title='bbox 1519 3007 1732 3062; x_wconf 85' lang='lat' dir='ltr'><strong>intelligas</strong></span> <span class='ocrx_word' id='word_1_426' title='bbox 1759 3038 1774 3062; x_wconf 85' lang='lat'><strong>,</strong></span> <span class='ocrx_word' id='word_1_427' title='bbox 1812 3014 1985 3056; x_wconf 87' lang='lat' dir='ltr'><strong>easdem</strong></span> <span class='ocrx_word' id='word_1_428' title='bbox 2028 3018 2208 3059; x_wconf 74' lang='lat' dir='ltr'><strong>omnino</strong></span> 
     </span>
     <span class='ocr_line' id='line_1_41' title="bbox 131 3057 2209 3126; baseline 0.005 -24"><span class='ocrx_word' id='word_1_429' title='bbox 131 3059 212 3102; x_wconf 84' lang='lat' dir='ltr'><strong>effe</strong></span> <span class='ocrx_word' id='word_1_430' title='bbox 240 3070 340 3114; x_wconf 83' lang='lat' dir='ltr'><strong>quae</strong></span> <span class='ocrx_word' id='word_1_431' title='bbox 379 3072 436 3101; x_wconf 79' lang='lat' dir='ltr'><strong>ex</strong></span> <span class='ocrx_word' id='word_1_432' title='bbox 476 3058 593 3101; x_wconf 88' lang='lat' dir='ltr'><strong>veris</strong></span> <span class='ocrx_word' id='word_1_433' title='bbox 624 3057 898 3101; x_wconf 69' lang='lat' dir='ltr'><strong>Auetoribus</strong></span> <span class='ocrx_word' id='word_1_434' title='bbox 940 3059 1069 3115; x_wconf 90' lang='lat' dir='ltr'><strong>supra</strong></span> <span class='ocrx_word' id='word_1_435' title='bbox 1097 3060 1303 3115; x_wconf 84' lang='lat' dir='ltr'><strong>leguntur</strong></span> <span class='ocrx_word' id='word_1_436' title='bbox 1334 3095 1343 3104; x_wconf 90' lang='lat'>.</span> <span class='ocrx_word' id='word_1_437' title='bbox 1389 3063 1495 3106; x_wconf 82' lang='lat' dir='ltr'><strong>Huc</strong></span> <span class='ocrx_word' id='word_1_438' title='bbox 1534 3077 1606 3107; x_wconf 86' lang='lat' dir='ltr'><strong>eas</strong></span> <span class='ocrx_word' id='word_1_439' title='bbox 1645 3065 1757 3108; x_wconf 82' lang='lat' dir='ltr'><strong>adde</strong></span> <span class='ocrx_word' id='word_1_440' title='bbox 1781 3098 1795 3122; x_wconf 85' lang='lat'>‚</span> <span class='ocrx_word' id='word_1_441' title='bbox 1849 3071 1895 3112; x_wconf 81' lang='lat' dir='ltr'><strong>in</strong></span> <span class='ocrx_word' id='word_1_442' title='bbox 1935 3073 2094 3126; x_wconf 77' lang='lat' dir='ltr'><strong>quibus</strong></span> <span class='ocrx_word' id='word_1_443' title='bbox 2134 3070 2209 3115; x_wconf 82' lang='lat' dir='ltr'><strong>vei</strong></span> 
     </span>
     <span class='ocr_line' id='line_1_42' title="bbox 134 3113 2207 3174; baseline 0.006 -16"><span class='ocrx_word' id='word_1_444' title='bbox 134 3113 416 3158; x_wconf 82' lang='lat' dir='ltr'><strong>mediocriter</strong></span> <span class='ocrx_word' id='word_1_445' title='bbox 446 3115 490 3156; x_wconf 89' lang='lat' dir='ltr'><strong>in</strong></span> <span class='ocrx_word' id='word_1_446' title='bbox 534 3114 764 3166; x_wconf 84' lang='lat' dir='ltr'><strong>sanorum,</strong></span> <span class='ocrx_word' id='word_1_447' title='bbox 793 3114 1183 3174; x_wconf 87' lang='lat' dir='ltr'><strong>morbidorumque</strong></span> <span class='ocrx_word' id='word_1_448' title='bbox 1224 3133 1458 3174; x_wconf 84' lang='lat' dir='ltr'><strong>corporum</strong></span> <span class='ocrx_word' id='word_1_449' title='bbox 1501 3120 1765 3166; x_wconf 63' lang='lat' dir='ltr'><strong>sestionibus</strong></span> <span class='ocrx_word' id='word_1_450' title='bbox 1803 3129 2035 3170; x_wconf 79' lang='lat' dir='ltr'><strong>exercitati</strong></span> <span class='ocrx_word' id='word_1_451' title='bbox 2076 3127 2207 3171; x_wconf 85' lang='lat' dir='ltr'><strong>facile</strong></span> 
     </span>
     <span class='ocr_line' id='line_1_43' title="bbox 132 3169 2209 3238; baseline 0.007 -25"><span class='ocrx_word' id='word_1_452' title='bbox 132 3169 396 3224; x_wconf 81' lang='lat' dir='ltr'><strong>agnoscant,</strong></span> <span class='ocrx_word' id='word_1_453' title='bbox 426 3180 503 3213; x_wconf 89' lang='lat' dir='ltr'><strong>aut</strong></span> <span class='ocrx_word' id='word_1_454' title='bbox 532 3183 631 3228; x_wconf 83' lang='lat' dir='ltr'><strong>quae</strong></span> <span class='ocrx_word' id='word_1_455' title='bbox 671 3169 915 3212; x_wconf 89' lang='lat' dir='ltr'><strong>secundum</strong></span> <span class='ocrx_word' id='word_1_456' title='bbox 955 3182 1160 3216; x_wconf 83' lang='lat' dir='ltr'><strong>naturam</strong></span> <span class='ocrx_word' id='word_1_457' title='bbox 1200 3174 1327 3226; x_wconf 85' lang='lat' dir='ltr'><strong>sunt,</strong></span> <span class='ocrx_word' id='word_1_458' title='bbox 1358 3189 1435 3230; x_wconf 79' lang='lat' dir='ltr'><strong>pro</strong></span> <span class='ocrx_word' id='word_1_459' title='bbox 1474 3176 1682 3220; x_wconf 77' lang='lat' dir='ltr'><strong>morbosis</strong></span> <span class='ocrx_word' id='word_1_460' title='bbox 1705 3210 1718 3232; x_wconf 83' lang='lat'><strong>,</strong></span> <span class='ocrx_word' id='word_1_461' title='bbox 1757 3191 1833 3224; x_wconf 88' lang='lat' dir='ltr'><strong>aut</strong></span> <span class='ocrx_word' id='word_1_462' title='bbox 1873 3196 1971 3238; x_wconf 77' lang='lat' dir='ltr'><strong>quae</strong></span> <span class='ocrx_word' id='word_1_463' title='bbox 2012 3184 2069 3228; x_wconf 78' lang='lat' dir='ltr'><strong>ad</strong></span> <span class='ocrx_word' id='word_1_464' title='bbox 2111 3198 2209 3227; x_wconf 84' lang='lat' dir='ltr'><strong>cer-</strong></span> 
     </span>
     <span class='ocr_line' id='line_1_44' title="bbox 130 3224 2208 3296; baseline 0.008 -28"><span class='ocrx_word' id='word_1_465' title='bbox 130 3237 230 3268; x_wconf 88' lang='lat' dir='ltr'><strong>tum</strong></span> <span class='ocrx_word' id='word_1_466' title='bbox 259 3224 482 3282; x_wconf 79' lang='lat' dir='ltr'><strong>quoddam</strong></span> <span class='ocrx_word' id='word_1_467' title='bbox 525 3226 746 3283; x_wconf 89' lang='lat' dir='ltr'><strong>pertinent</strong></span> <span class='ocrx_word' id='word_1_468' title='bbox 789 3225 966 3271; x_wconf 77' lang='lat' dir='ltr'><strong>laefionis</strong></span> <span class='ocrx_word' id='word_1_469' title='bbox 1007 3243 1171 3283; x_wconf 82' lang='lat' dir='ltr'><strong>genus,</strong></span> <span class='ocrx_word' id='word_1_470' title='bbox 1200 3245 1279 3287; x_wconf 89' lang='lat' dir='ltr'><strong>pro</strong></span> <span class='ocrx_word' id='word_1_471' title='bbox 1308 3231 1434 3285; x_wconf 80' lang='lat' dir='ltr'><strong>longe</strong></span> <span class='ocrx_word' id='word_1_472' title='bbox 1464 3230 1603 3276; x_wconf 83' lang='lat' dir='ltr'><strong>altero</strong></span> <span class='ocrx_word' id='word_1_473' title='bbox 1643 3234 1722 3278; x_wconf 85' lang='lat' dir='ltr'><strong>esse</strong></span> <span class='ocrx_word' id='word_1_474' title='bbox 1752 3238 1993 3294; x_wconf 83' lang='lat' dir='ltr'><strong>proposita,</strong></span> <span class='ocrx_word' id='word_1_475' title='bbox 2023 3251 2073 3283; x_wconf 91' lang='lat' dir='ltr'><strong>ut</strong></span> <span class='ocrx_word' id='word_1_476' title='bbox 2103 3251 2208 3296; x_wconf 77' lang='lat' dir='ltr'><strong>puta</strong></span> 
     </span>
     <span class='ocr_line' id='line_1_45' title="bbox 132 3281 2208 3349; baseline 0.006 -23"><span class='ocrx_word' id='word_1_477' title='bbox 132 3282 397 3334; x_wconf 82' lang='lat' dir='ltr'><strong>aneurysma</strong></span> <span class='ocrx_word' id='word_1_478' title='bbox 438 3296 516 3336; x_wconf 90' lang='lat' dir='ltr'><strong>pro</strong></span> <span class='ocrx_word' id='word_1_479' title='bbox 556 3281 775 3325; x_wconf 78' lang='lat' dir='ltr'><strong>abscessu:</strong></span> <span class='ocrx_word' id='word_1_480' title='bbox 803 3296 901 3338; x_wconf 84' lang='lat' dir='ltr'><strong>quae</strong></span> <span class='ocrx_word' id='word_1_481' title='bbox 933 3285 1144 3328; x_wconf 88' lang='lat' dir='ltr'><strong>nimirum</strong></span> <span class='ocrx_word' id='word_1_482' title='bbox 1175 3287 1513 3331; x_wconf 83' lang='lat' dir='ltr'><strong>Observationes</strong></span> <span class='ocrx_word' id='word_1_483' title='bbox 1541 3300 1618 3332; x_wconf 82' lang='lat' dir='ltr'><strong>aut</strong></span> <span class='ocrx_word' id='word_1_484' title='bbox 1646 3294 1911 3349; x_wconf 63' lang='lat' dir='ltr'><strong>accipiendae</strong></span> <span class='ocrx_word' id='word_1_485' title='bbox 1940 3310 2026 3340; x_wconf 89' lang='lat' dir='ltr'><strong>non</strong></span> <span class='ocrx_word' id='word_1_486' title='bbox 2056 3307 2208 3349; x_wconf 86' lang='lat' dir='ltr'><strong>erant,</strong></span> 
     </span>
     <span class='ocr_line' id='line_1_46' title="bbox 131 3337 2207 3407; baseline 0.006 -26"><span class='ocrx_word' id='word_1_487' title='bbox 131 3348 209 3381; x_wconf 84' lang='lat' dir='ltr'><strong>aut</strong></span> <span class='ocrx_word' id='word_1_488' title='bbox 246 3347 363 3381; x_wconf 89' lang='lat' dir='ltr'><strong>certe</strong></span> <span class='ocrx_word' id='word_1_489' title='bbox 405 3350 497 3379; x_wconf 88' lang='lat' dir='ltr'><strong>non</strong></span> <span class='ocrx_word' id='word_1_490' title='bbox 540 3338 628 3380; x_wconf 85' lang='lat' dir='ltr'><strong>fine</strong></span> <span class='ocrx_word' id='word_1_491' title='bbox 667 3337 815 3394; x_wconf 87' lang='lat' dir='ltr'><strong>aliqua</strong></span> <span class='ocrx_word' id='word_1_492' title='bbox 846 3338 1040 3396; x_wconf 65' lang='lat' dir='ltr'><strong>subjeeta</strong></span> <span class='ocrx_word' id='word_1_493' title='bbox 1085 3342 1357 3386; x_wconf 85' lang='lat' dir='ltr'><strong>dubitatione</strong></span> <span class='ocrx_word' id='word_1_494' title='bbox 1399 3346 1629 3399; x_wconf 63' lang='lat' dir='ltr'><strong>ponendae.</strong></span> <span class='ocrx_word' id='word_1_495' title='bbox 1665 3348 1803 3392; x_wconf 84' lang='lat' dir='ltr'><strong>Mitto</strong></span> <span class='ocrx_word' id='word_1_496' title='bbox 1832 3364 1931 3407; x_wconf 83' lang='lat' dir='ltr'><strong>quae</strong></span> <span class='ocrx_word' id='word_1_497' title='bbox 1958 3353 2015 3395; x_wconf 86' lang='lat' dir='ltr'><strong>ad</strong></span> <span class='ocrx_word' id='word_1_498' title='bbox 2056 3352 2164 3394; x_wconf 90' lang='lat' dir='ltr'><strong>illud</strong></span> <span class='ocrx_word' id='word_1_499' title='bbox 2193 3379 2207 3405; x_wconf 84' lang='lat'><strong>,</strong></span> 
     </span>
     <span class='ocr_line' id='line_1_47' title="bbox 131 3392 2210 3465; baseline 0.006 -28"><span class='ocrx_word' id='word_1_500' title='bbox 131 3394 190 3438; x_wconf 87' lang='lat' dir='ltr'><strong>ad</strong></span> <span class='ocrx_word' id='word_1_501' title='bbox 219 3394 338 3454; x_wconf 90' lang='lat' dir='ltr'><strong>quod</strong></span> <span class='ocrx_word' id='word_1_502' title='bbox 380 3392 623 3437; x_wconf 81' lang='lat' dir='ltr'><strong>attinebant</strong></span> <span class='ocrx_word' id='word_1_503' title='bbox 643 3405 818 3457; x_wconf 18' lang='lat' dir='ltr'><strong>‚scaput</strong></span> <span class='ocrx_word' id='word_1_504' title='bbox 858 3410 945 3438; x_wconf 88' lang='lat' dir='ltr'><strong>non</strong></span> <span class='ocrx_word' id='word_1_505' title='bbox 985 3397 1085 3440; x_wconf 91' lang='lat' dir='ltr'><strong>sunt</strong></span> <span class='ocrx_word' id='word_1_506' title='bbox 1116 3399 1329 3452; x_wconf 52' lang='lat' dir='ltr'><strong>redanae,</strong></span> <span class='ocrx_word' id='word_1_507' title='bbox 1371 3413 1470 3456; x_wconf 79' lang='lat' dir='ltr'><strong>quae</strong></span> <span class='ocrx_word' id='word_1_508' title='bbox 1501 3400 1616 3444; x_wconf 86' lang='lat' dir='ltr'><strong>male</strong></span> <span class='ocrx_word' id='word_1_509' title='bbox 1645 3418 1702 3446; x_wconf 80' lang='lat' dir='ltr'><strong>ex</strong></span> <span class='ocrx_word' id='word_1_510' title='bbox 1732 3411 2005 3465; x_wconf 79' lang='lat' dir='ltr'><strong>autographo</strong></span> <span class='ocrx_word' id='word_1_511' title='bbox 2046 3408 2210 3451; x_wconf 85' lang='lat' dir='ltr'><strong>descri-</strong></span> 
     </span>
     <span class='ocr_line' id='line_1_48' title="bbox 131 3451 2208 3517; baseline 0.008 -26"><span class='ocrx_word' id='word_1_512' title='bbox 131 3460 246 3507; x_wconf 76' lang='lat' dir='ltr'><strong>ptae,</strong></span> <span class='ocrx_word' id='word_1_513' title='bbox 276 3462 374 3506; x_wconf 83' lang='lat' dir='ltr'><strong>quae</strong></span> <span class='ocrx_word' id='word_1_514' title='bbox 415 3464 472 3492; x_wconf 82' lang='lat' dir='ltr'><strong>ex</strong></span> <span class='ocrx_word' id='word_1_515' title='bbox 513 3464 602 3504; x_wconf 89' lang='lat' dir='ltr'><strong>quo</strong></span> <span class='ocrx_word' id='word_1_516' title='bbox 642 3455 722 3492; x_wconf 80' lang='lat' dir='ltr'><strong>11nt</strong></span> <span class='ocrx_word' id='word_1_517' title='bbox 765 3451 990 3505; x_wconf 57' lang='lat' dir='ltr'><strong>Auffeore,</strong></span> <span class='ocrx_word' id='word_1_518' title='bbox 1022 3454 1186 3497; x_wconf 87' lang='lat' dir='ltr'><strong>nescias</strong></span> <span class='ocrx_word' id='word_1_519' title='bbox 1220 3485 1233 3507; x_wconf 85' lang='lat'><strong>,</strong></span> <span class='ocrx_word' id='word_1_520' title='bbox 1272 3466 1350 3498; x_wconf 87' lang='lat' dir='ltr'><strong>aut</strong></span> <span class='ocrx_word' id='word_1_521' title='bbox 1393 3469 1501 3512; x_wconf 82' lang='lat' dir='ltr'><strong>quas</strong></span> <span class='ocrx_word' id='word_1_522' title='bbox 1531 3457 1624 3512; x_wconf 84' lang='lat' dir='ltr'><strong>ejus</strong></span> <span class='ocrx_word' id='word_1_523' title='bbox 1654 3459 1780 3515; x_wconf 86' lang='lat' dir='ltr'><strong>cujus</strong></span> <span class='ocrx_word' id='word_1_524' title='bbox 1812 3477 1899 3505; x_wconf 90' lang='lat' dir='ltr'><strong>non</strong></span> <span class='ocrx_word' id='word_1_525' title='bbox 1939 3465 2037 3507; x_wconf 89' lang='lat' dir='ltr'><strong>sunt</strong></span> <span class='ocrx_word' id='word_1_526' title='bbox 2066 3494 2079 3517; x_wconf 90' lang='lat'><strong>,</strong></span> <span class='ocrx_word' id='word_1_527' title='bbox 2120 3464 2208 3509; x_wconf 79' lang='lat' dir='ltr'><strong>effe</strong></span> 
     </span>
     <span class='ocr_line' id='line_1_49' title="bbox 131 3505 2210 3577; baseline 0.008 -29"><span class='ocrx_word' id='word_1_528' title='bbox 131 3505 316 3548; x_wconf 85' lang='lat' dir='ltr'><strong>credas:</strong></span> <span class='ocrx_word' id='word_1_529' title='bbox 350 3519 404 3547; x_wconf 89' lang='lat' dir='ltr'><strong>ne</strong></span> <span class='ocrx_word' id='word_1_530' title='bbox 434 3505 576 3548; x_wconf 90' lang='lat' dir='ltr'><strong>multa</strong></span> <span class='ocrx_word' id='word_1_531' title='bbox 603 3536 617 3559; x_wconf 85' lang='lat'><strong>,</strong></span> <span class='ocrx_word' id='word_1_532' title='bbox 657 3506 875 3564; x_wconf 86' lang='lat' dir='ltr'><strong>quidquid</strong></span> <span class='ocrx_word' id='word_1_533' title='bbox 907 3520 1117 3563; x_wconf 81' lang='lat' dir='ltr'><strong>praeterea</strong></span> <span class='ocrx_word' id='word_1_534' title='bbox 1146 3524 1384 3567; x_wconf 80' lang='lat' dir='ltr'><strong>operarum</strong></span> <span class='ocrx_word' id='word_1_535' title='bbox 1414 3514 1623 3567; x_wconf 78' lang='lat' dir='ltr'><strong>incuriae,</strong></span> <span class='ocrx_word' id='word_1_536' title='bbox 1654 3526 1732 3558; x_wconf 87' lang='lat' dir='ltr'><strong>aut</strong></span> <span class='ocrx_word' id='word_1_537' title='bbox 1775 3518 1958 3562; x_wconf 80' lang='lat' dir='ltr'><strong>inscitiae</strong></span> <span class='ocrx_word' id='word_1_538' title='bbox 1990 3522 2210 3577; x_wconf 84' lang='lat' dir='ltr'><strong>imputare</strong></span> 
     </span>
    </p>
   </div>
   <div class='ocr_carea' id='block_1_4' title="bbox 134 3559 2208 3682">
    <p class='ocr_par' dir='ltr' id='par_1_7' title="bbox 134 3559 2208 3682">
     <span class='ocr_line' id='line_1_50' title="bbox 134 3559 2208 3632; baseline 0.006 -28"><span class='ocrx_word' id='word_1_539' title='bbox 134 3559 370 3614; x_wconf 83' lang='lat' dir='ltr'><strong>malueris,</strong></span> <span class='ocrx_word' id='word_1_540' title='bbox 400 3559 588 3605; x_wconf 89' lang='lat' dir='ltr'><strong>libenter</strong></span> <span class='ocrx_word' id='word_1_541' title='bbox 619 3563 776 3614; x_wconf 88' lang='lat' dir='ltr'><strong>mitto;</strong></span> <span class='ocrx_word' id='word_1_542' title='bbox 808 3576 1066 3624; x_wconf 87' lang='lat' dir='ltr'><strong>quanquam</strong></span> <span class='ocrx_word' id='word_1_543' title='bbox 1097 3580 1189 3609; x_wconf 88' lang='lat' dir='ltr'><strong>non</strong></span> <span class='ocrx_word' id='word_1_544' title='bbox 1217 3569 1453 3612; x_wconf 86' lang='lat' dir='ltr'><strong>emendata</strong></span> <span class='ocrx_word' id='word_1_545' title='bbox 1483 3569 1528 3611; x_wconf 87' lang='lat' dir='ltr'><strong>in</strong></span> <span class='ocrx_word' id='word_1_546' title='bbox 1570 3573 1840 3625; x_wconf 81' lang='lat' dir='ltr'><strong>gravissimos</strong></span> <span class='ocrx_word' id='word_1_547' title='bbox 1869 3588 2038 3619; x_wconf 88' lang='lat' dir='ltr'><strong>errores</strong></span> <span class='ocrx_word' id='word_1_548' title='bbox 2068 3577 2208 3632; x_wconf 73' lang='lat' dir='ltr'><strong>conji-</strong></span> 
     </span>
     <span class='ocr_line' id='line_1_51' title="bbox 243 3616 2154 3682; baseline 0.005 -23"><span class='ocrx_word' id='word_1_549' title='bbox 243 3619 463 3674; x_wconf 65' lang='lat' dir='ltr'><strong>Morgagni</strong></span> <span class='ocrx_word' id='word_1_550' title='bbox 476 3619 520 3659; x_wconf 68' lang='lat' dir='ltr'><strong>cie</strong></span> <span class='ocrx_word' id='word_1_551' title='bbox 536 3616 626 3660; x_wconf 77' lang='lat' dir='ltr'><strong>Sed.</strong></span> <span class='ocrx_word' id='word_1_552' title='bbox 641 3621 699 3660; x_wconf 55' lang='grc' dir='ltr'><strong>Θ*</strong></span> <span class='ocrx_word' id='word_1_553' title='bbox 714 3618 828 3682; x_wconf 80' lang='lat' dir='ltr'><strong>Cch.</strong></span> <span class='ocrx_word' id='word_1_554' title='bbox 845 3619 986 3662; x_wconf 75' lang='lat' dir='ltr'><strong>Morh.</strong></span> <span class='ocrx_word' id='word_1_555' title='bbox 1003 3622 1131 3665; x_wconf 87' lang='lat' dir='ltr'><strong>Tom.</strong></span> <span class='ocrx_word' id='word_1_556' title='bbox 1149 3623 1182 3665; x_wconf 89' lang='lat' dir='ltr'><strong>l.</strong></span> <span class='ocrx_word' id='word_1_557' title='bbox 1762 3629 1789 3671; x_wconf 88' lang='lat' dir='ltr'><strong>b</strong></span> <span class='ocrx_word' id='word_1_558' title='bbox 2052 3646 2154 3675; x_wconf 76' lang='lat' dir='ltr'><strong>cere</strong></span> 
     </span>
    </p>
   </div>
   <div class='ocr_carea' id='block_1_5' title="bbox 160 3720 2204 3817">
    <p class='ocr_par' dir='ltr' id='par_1_8' title="bbox 160 3720 2204 3817">
     <span class='ocr_line' id='line_1_52' title="bbox 160 3720 2204 3746; baseline 0.004 -14"><span class='ocrx_word' id='word_1_559' title='bbox 160 3720 2204 3746; x_wconf 31' lang='lat' dir='ltr'><strong>&amp;mmm—„m-</strong></span> 
     </span>
     <span class='ocr_line' id='line_1_53' title="bbox 219 3778 572 3817; baseline 0.003 -7"><span class='ocrx_word' id='word_1_560' title='bbox 219 3781 230 3815; x_wconf 84' lang='lat'>(</span> <span class='ocrx_word' id='word_1_561' title='bbox 254 3790 271 3810; x_wconf 87' lang='lat' dir='ltr'><strong>a</strong></span> <span class='ocrx_word' id='word_1_562' title='bbox 294 3781 307 3817; x_wconf 84' lang='lat'>)</span> <span class='ocrx_word' id='word_1_563' title='bbox 330 3778 349 3812; x_wconf 87' lang='lat' dir='ltr'><strong>l.</strong></span> <span class='ocrx_word' id='word_1_564' title='bbox 373 3790 400 3811; x_wconf 91' lang='lat' dir='ltr'><strong>z.</strong></span> <span class='ocrx_word' id='word_1_565' title='bbox 423 3780 459 3811; x_wconf 84' lang='lat' dir='ltr'><strong>de</strong></span> <span class='ocrx_word' id='word_1_566' title='bbox 482 3779 572 3811; x_wconf 55' lang='lat' dir='ltr'><strong>Orat⁹</strong></span> 
     </span>
    </p>
   </div>
   <div class='ocr_carea' id='block_1_6' title="bbox 120 967 474 1311">
    <p class='ocr_par' dir='ltr' id='par_1_9' title="bbox 120 967 474 1311">
     <span class='ocr_line' id='line_1_54' title="bbox 120 967 474 1311; baseline 0 2747"><span class='ocrx_word' id='word_1_567' title='bbox 120 967 474 1311; x_wconf 95' lang='lat' dir='ltr'><strong> </strong></span> 
     </span>
    </p>
   </div>
  </div>
 </body>
</html>
