2498 4075
470 263 629 331 Epist:
665 263 827 319 Anat.
861 265 1065 320 Medica

62 343 96 376 δι
121 341 161 376 ab
184 341 223 377 iis
245 341 303 385 qui
325 342 361 377 in
379 344 547 388 >posterum
569 345 602 376 in
614 344 703 380 casus
733 344 929 388 ejuscemodi
972 344 1059 379 forte

68 385 238 424 incident,
263 388 397 430 εκρεᾶο
419 389 498 428 (ι’).

108 431 156 468 36.
182 430 283 472 Qod
307 432 385 464 vero
408 432 475 465 dixi
500 429 539 464 de
561 430 721 473 impedito
734 431 1062 467 musculorutmver-

64 472 172 505 tebras
195 473 257 506 sive
281 474 548 514 extendentium,
570 474 634 507 five
658 474 944 513 flefflentiumfflut
958 483 1063 507 verte-

60 514 358 561 brarum-ipsarum
382 528 691 556 motu,‘commune
703 519 820 553 offibus
843 518 914 551 aliis
936 516 981 550 est
992 526 1064 558 quae

61 559 178 593 mobili
200 561 351 601 Junfmra
375 562 462 595 inter
486 562 515 595 se
537 562 793 596 committuntur
813 586 822 595 .
855 560 945 594 Nam
974 558 1064 602 quod

61 603 102 636 ad
125 601 286 636 musculos
309 607 425 637 attinet
446 629 457 645 ,
489 603 595 638 videre
618 616 656 638 ex
693 605 800 639 nostra
823 604 1064 645 Observatione

59 645 153 687 supra
176 649 190 685 (
212 645 231 685 Ις
251 649 265 686 )
288 647 445 688 potuisti,
467 658 560 688 erm,
584 648 722 691 exempli
745 649 848 691 gratia
870 673 880 687 ,
911 645 1060 680 inflexile

59 687 153 722 fuisse
176 698 309 731 propter
342 692 474 724 nimiam
499 691 719 725 musculorum
751 690 855 734 ipsum
886 688 1061 724 extenden-

59 732 164 771 tium,
185 734 450 772 contentionem,
473 746 537 778 qua
560 734 764 768 ssestentium
788 734 873 768 afflo
904 732 1060 774 impedie-

60 774 180 811 batur.
202 776 246 808 Et
269 786 404 817 contra,
426 790 465 812 ex
486 777 620 821 Caspari
635 775 832 812 Hoffmanni
856 775 915 817 (l)
938 775 1061 809 Obser-

60 819 212 856 vatione,
233 821 265 852 &
289 821 416 854 monito
438 823 618 865 intelliges,
640 831 713 855 crus
735 818 908 864 aliquando
933 818 1062 853 extendi

60 871 128 896 non
151 860 258 905 posse,
282 862 530 905 prohibentibus
552 864 711 908 oppositis
734 864 885 904 musculis
905 884 915 901 ‚
937 865 995 906 qui
1017 863 1062 895 ob

61 904 250 954 argitiffimas
271 907 484 950 deligationes
505 908 748 951 Chirurgorum
771 909 896 941 incuria
910 931 921 947 ,
943 907 978 940 in
1002 918 1062 948 po-

62 947 146 990 plite
180 948 382 984 exsiccantur
417 952 555 994 denique
587 955 620 985 in
652 951 768 986 durum
794 949 915 985 nodum
937 973 945 981 .
980 948 1062 982 Non

61 990 228 1033 impeditis
262 1002 372 1028 autem
400 995 549 1031 musculis
571 995 725 1037 impediri
759 1003 886 1028 motum
917 992 1062 1035 ipsorum

61 1034 177 1069 offium
201 1045 369 1080 propterea
392 1041 468 1081 quia
492 1050 567 1073 cum
579 1040 670 1082 plura
692 1038 752 1073 else
763 1038 935 1075 deberent,
960 1047 1062 1070 unum

59 1076 170 1121 fiunt,
192 1080 338 1123 exempla
360 1080 457 1116 habes
477 1083 512 1116 in
536 1082 893 1125 SepulchretiSeotione
915 1079 975 1114 hac
999 1080 1061 1112 VI.

60 1124 77 1161 (
99 1133 130 1155 m
151 1126 166 1163 )
187 1133 252 1157 non
277 1124 375 1159 modo
398 1127 432 1159 in
458 1137 564 1169 genu,
588 1125 640 1161 sed
663 1127 763 1160 etiam
785 1127 820 1158 in
831 1125 968 1162 cubito,
995 1125 1064 1157 imo

61 1167 99 1198 in
121 1167 275 1202 omnibus
297 1180 313 1201 a
337 1169 444 1210 capite
466 1171 505 1204 ad
528 1179 689 1204 extremos
711 1169 808 1212 usque
831 1169 950 1210 pedum
975 1167 1065 1209 digi-

61 1216 115 1242 tos
138 1211 278 1245 universi
302 1210 408 1246 senilis
440 1214 586 1256 corporis
608 1213 751 1248 articulis
773 1237 781 1246 .
816 1213 896 1256 Qo
927 1211 962 1243 in
986 1211 1064 1244 Sene

61 1263 138 1286 curn
161 1254 317 1288 vertebrae
338 1256 424 1290 inter
449 1258 478 1290 se
501 1267 566 1290 non
589 1256 675 1291 secus
698 1268 732 1289 ac
744 1264 858 1289 caetera
879 1252 964 1290 offa,
988 1266 1063 1287 coa-

62 1294 194 1330 luissent
214 1308 227 1336 3
254 1307 326 1332 tum
349 1300 383 1333 in
409 1300 480 1334 aliis
503 1299 636 1334 Senibus
659 1300 817 1342 peculiare
840 1297 875 1332 id
906 1299 1064 1332 vertebris

63 1338 130 1373 fuit
152 1351 193 1374 ex
217 1343 338 1376 Paawii
365 1347 375 1382 (
400 1344 455 1386 n)
479 1344 717 1377 Observatione
732 1367 740 1377 .
766 1343 818 1376 Sic
840 1341 897 1376 diu
921 1349 994 1375 ante
1016 1342 1066 1384 ip-

62 1383 157 1422 sum,
177 1386 211 1418 in
234 1385 423 1421 lumborum
447 1388 599 1421 vertebris
621 1386 816 1421 nominatim
838 1385 964 1420 viderat
986 1386 1066 1418 Cat-

62 1435 116 1461 tUS
137 1430 152 1467 (
173 1439 191 1461 ⁰
210 1431 246 1468 >2
273 1429 459 1474 Falloppius
489 1440 595 1464 autem
629 1429 732 1465 noster
755 1434 765 1469 (
786 1438 810 1471 p
831 1432 850 1472 3
869 1427 1032 1462 vertebras
1053 1450 1067 1468 ‚

56 1469 215 1514 facientes
234 1471 477 1515 gibbofitatem‚
493 1472 628 1518 succeffu
651 1473 804 1515 temporis
834 1473 881 1505 ita
906 1470 1002 1514 simul
1024 1471 1067 1505 li-

59 1514 155 1556 gari,
178 1514 365 1558 scripserat,
388 1524 425 1550 ut
447 1528 507 1550 una
525 1516 652 1559 prorsus
678 1514 914 1555 ἀητνενῖεόνα,
935 1515 1064 1549 &nul-

62 1557 131 1590 tum
152 1566 312 1592 remaneat
334 1560 496 1602 vestigium
517 1562 630 1593 commi
654 1570 715 1593 urae
741 1585 750 1592 .
782 1559 875 1596 Quas
898 1557 1063 1592 Observa-

61 1601 169 1634 tiones
191 1612 258 1635 non
281 1610 351 1636 tam
373 1605 477 1636 miror
501 1603 711 1645 Sepulchreto
735 1612 799 1635 non
822 1601 882 1636 esse
906 1601 1031 1636 additas
1052 1625 1066 1643 ,

61 1655 161 1687 quam
186 1646 426 1685 mirabiliores,
449 1645 657 1689 notioresque
681 1643 843 1689 Ruyschii
866 1647 881 1684 (
903 1656 922 1687 q
945 1648 983 1685 ),
1007 1648 1065 1688 qui

61 1688 97 1720 in
119 1687 263 1729 gibbosis
286 1699 352 1723 non
377 1688 412 1722 id
435 1690 535 1725 modo
561 1711 572 1727 ‚
605 1700 718 1723 verum
741 1692 838 1723 etiam
861 1687 925 1722 hoc
945 1687 1066 1729 pluries

60 1730 293 1766 animadvertit
304 1757 313 1773 ,
336 1732 559 1768 vertebrarum
582 1732 765 1767 antrorsum
775 1741 982 1767 curvatarum
992 1742 1066 1765 cor-

62 1784 141 1817 pora
165 1775 198 1807 in
223 1786 325 1810 unum
349 1775 429 1810 adeo
451 1774 544 1810 fuisse
568 1777 736 1817 compasta
751 1801 760 1816 ‚
784 1785 820 1809 ut
853 1774 1003 1818 quaedam
1025 1786 1066 1809 ex

58 1820 104 1851 iis
123 1818 316 1861 corporibus
338 1820 373 1852 in
395 1818 537 1854 nihilum
559 1820 672 1854 abiiss'e
694 1818 905 1859 viderentur,
927 1820 959 1851 &
982 1829 1066 1852 non—

59 1872 228 1904 nunquam
249 1873 388 1906 corpora
412 1873 574 1907 quatuor,
597 1874 637 1897 an
660 1862 783 1907 septem
813 1860 972 1905 ejusmodi
995 1874 1067 1896 ver-

55 1905 228 1940 tebrarum
250 1917 352 1941 unum
375 1917 416 1939 os
438 1906 545 1946 faeta,
567 1908 624 1940 vix
647 1916 685 1940 ut
710 1909 805 1941 unius
828 1906 983 1940 vertebrae
993 1916 1064 1939 cor-

60 1959 121 1993 pus
144 1960 329 1992 aequarent.
357 1949 431 1983 Post
452 1960 554 1993 quas,
578 1949 677 1984 sciens
698 1951 824 1984 omitto
847 1950 923 1982 alias
947 1971 956 1987 ,
982 1961 1063 1991 prae-

61 1992 175 2027 sertim
198 2004 277 2035 quas
300 1993 381 2027 alibi
404 1994 422 2035 (
448 2004 464 2025 ν
485 1997 496 2032 )
521 1993 615 2027 simul
636 2004 712 2027 cum
735 1992 786 2027 his
810 1992 1029 2034 Ruyschianis
1051 2014 1062 2030 ,

60 2035 119 2072 sed
138 2035 287 2079 pressius,
310 2036 473 2077 indicavi,
497 2045 568 2071 turn
589 2038 748 2071 Veterum
763 2061 773 2078 ‚
795 2045 867 2069 turn
888 2036 1065 2069 Recentio-

62 2090 136 2115 rum
158 2078 346 2122 junEtarum
367 2081 404 2113 in
427 2090 529 2115 unum
552 2080 772 2114 vertebrarum
794 2078 1065 2119 Observationes,

59 2123 180 2157 nedum
204 2122 344 2157 nostram
365 2123 424 2166 qui
449 2123 492 2156 sic
506 2123 695 2166 conjunetas
717 2123 1063 2166 quinquelumborurn

59 2167 248 2204 vertebras,
271 2168 306 2201 in
328 2168 520 2201 coemeterio
544 2166 639 2209 hujus
656 2166 1064 2206 Nosocomiirepertas,&

59 2209 256 2244 aMediavia
277 2210 388 2245 nostro
410 2208 603 2249 asservatas,
627 2208 871 2251 conspeximus.
897 2208 987 2243 Nam
1009 2209 1067 2243 ha-

58 2254 172 2288 &enus
204 2252 323 2296 scripta
353 2253 392 2287 de
415 2253 543 2288 Offium
566 2254 728 2287 Fraffuris
748 2276 758 2292 ‚
791 2252 1032 2287 Luxationibus
1055 2274 1065 2290 ,

58 2297 199 2376 {liiisque
222 2298 338 2376 vitxitisl,
360 2298 469 2331 motui
490 2296 709 2333 officientibus
732 2297 808 2333 satis
820 2297 886 2331 tibi
906 2293 1001 2337 fore,
1016 2306 1067 2331 ar-

98 2349 223 2376 tramur
233 2364 242 2373 .
301 2351 317 2374 a
331 2352 348 2375 e
362 2365 374 2375 .

103 2483 157 2518 37.
179 2471 292 2506 HAEC
313 2470 501 2515 scripseram
521 2474 533 2512 3
562 2482 637 2507 cum
659 2471 747 2505 inter
770 2470 877 2513 plures
900 2467 1057 2503 Disserta-

59 2517 187 2555 tiones,
209 2526 290 2559 quas
314 2517 452 2559 benigne
476 2539 486 2557 ,
519 2524 556 2550 ut
579 2515 660 2550 solet
680 2537 690 2553 ,
715 2514 753 2549 ad
776 2524 826 2547 me
848 2524 952 2556 nuper
974 2510 1058 2546 misit

59 2560 197 2595 illustris
218 2560 284 2593 Vir
304 2560 460 2594 Albertus
484 2558 635 2594 Hallerus
658 2568 755 2592 unam
778 2557 974 2600 perlibenter
996 2556 1061 2598 legi

58 2604 99 2639 ad
122 2604 178 2638 illa
203 2605 418 2646 pertinentem
441 2612 514 2645 quae
536 2603 634 2646 paulo
657 2611 730 2635 ante
754 2602 851 2643 attigi
885 2600 924 2634 de
957 2608 1061 2633 verte-

58 2649 193 2683 brarum
215 2647 405 2683 laxatione,
428 2646 594 2689 Tubingae
618 2644 740 2680 editam
763 2657 780 2678 a
800 2644 871 2677 Cel.
896 2641 1059 2677 Professo-

58 2703 94 2726 τε
115 2689 315 2725 Mancharto
340 2692 384 2725 A.
410 2699 505 2732 1747.
529 2689 570 2723 In
593 2701 628 2723 ea
649 2700 725 2723 cum
747 2688 813 2722 Vir
835 2684 1076 2721 Solertiffimuss

56 2735 265 2768 luxationem
285 2733 410 2774 'Nuchae
430 2734 618 2773 examinet,
641 2734 782 2776 primum
805 2731 823 2774 (
835 2729 861 2773 s
874 2735 890 2770 )
919 2740 956 2764 ne
987 2739 1057 2779 unf-

57 2777 148 2810 hram
169 2776 306 2819 quidem
328 2776 501 2810 laxationis
524 2775 639 2816 fuiffe,
661 2778 729 2813 ait,
750 2776 785 2809 in
807 2774 887 2808 colli
899 2772 1055 2807 vertebris

57 2819 160 2854 ullius
181 2829 222 2852 ex
243 2820 419 2857 omnibus,
442 2829 525 2860 quos
547 2819 649 2854 secuit
668 2842 679 2858 ,
714 2816 880 2861 suspendio
902 2816 1021 2851 eneffis
1045 2837 1055 2852 ,

85 2863 209 2897 uamvis
230 2862 397 2897 carnifices
419 2863 647 2897 violentiffime
670 2884 681 2900 ‚
712 2874 747 2897 ac
779 2861 836 2895 diu
870 2858 1056 2896 antrorsurn

56 2875 272 2950 gepreffiffent
290 2907 438 2949 'illorum
472 2908 581 2948 capita
602 2919 611 2938 =
646 2916 705 2940 nec
738 2904 823 2939 infra
860 2908 871 2944 (
895 2911 910 2937 t
930 2907 944 2943 )
978 2903 1056 2935 reti.

57 2959 132 2987 cet,
153 2960 226 2992 quae
248 2958 286 2983 tu
307 2948 400 2984 fimul
422 2948 567 2984 conferas
589 2960 663 2984 cum
685 2950 725 2983 iis
747 2960 818 2992 quae
829 2945 974 2991 Epistola
986 2956 1061 2988 pro-

58 2993 223 3037 posuimus
245 2993 339 3028 XIX.
359 2996 373 3033 (
393 3004 414 3027 u
433 2997 471 3034 );
492 2994 527 3026 in
548 2993 674 3028 duobus
691 2992 894 3036 Juvenibus‚
917 3000 1060 3033 quorum

57 3036 127 3082 ipse
148 3037 288 3073 alterum
309 3036 470 3082 persecuit
488 3059 501 3079 ,
533 3037 671 3073 alterum
691 3036 747 3077 Cl.⁴
769 3034 929 3071 Professor
952 3032 1058 3069 Weis-

363 3668 375 3694 ¹

1101 261 1243 322 LVI.
1276 263 1395 319 Art.
1423 268 1491 328 36-
1525 266 1581 320 &
1615 282 1685 330 37·
1947 270 2044 334 357

1108 347 1193 382 ssus,
1215 345 1331 387 laqueo
1354 343 1513 378 musculos
1536 342 1629 376 fuiffe
1654 344 1810 377 laceratos
1831 343 1866 378 in
1890 345 1997 388 primo
2024 346 2109 379 Ster.·

1111 388 1374 431 nothyroidaeos‚
1397 387 1515 420 nedum
1537 385 1821 428 sternohyoidaeos
1835 409 1845 425 ,
1866 389 1900 421 in
1925 389 2026 421 altero
2038 388 2108 429 hos,

1112 435 1144 466 δι
1169 430 1507 467 sternomastoidaeos.
1533 430 1565 462 in
1589 430 1765 472 eodemque
1787 431 1978 465 Cricoidem
2010 432 2110 465 carti-

1113 477 1253 518 laginem
1275 475 1310 507 in
1335 474 1434 507 multa
1458 471 1637 506 diffranam
1661 471 1720 506 esse
1743 472 1901 515 frustula,
1923 477 1955 507 &
1977 472 2110 515 Asperae

1115 520 1239 554 arteriae
1262 527 1417 551 truncum
1439 527 1454 548 a
1477 517 1611 559 larynge
1636 516 1759 559 prorsus
1786 518 1982 560 abruptum.
2007 516 2111 558 Qod

1113 575 1192 597 vero
1215 561 1253 595 ad
1276 571 1419 594 externas
1441 568 1570 606 caeteras
1594 561 1766 593 violentias
1789 564 1906 594 attinet
1928 584 1937 599 ,
1972 569 2008 594 ut
2033 568 2113 603 puta

1113 608 1218 643 ierus,
1242 605 1364 647 lapsus,
1386 604 1460 637 alias
1484 602 1641 643 ejusmodi
1658 628 1666 640 ,
1689 612 1784 644 negat
1806 607 1821 643 (
1841 607 1893 644 x)
1917 604 2015 638 ullam
2039 614 2113 636 cer-

1113 659 1180 684 tam
1214 651 1244 681 &
1277 656 1459 681 accuratam
1482 646 1760 679 Observationem
1791 656 1901 681 extare
1934 646 2113 680 luxationis

1112 695 1224 736 primae
1247 691 1402 724 vertebrae
1425 701 1440 721 a
1464 691 1594 731 capite,
1615 698 1772 731 quantum
1795 690 1863 731 ipse
1886 692 2014 724 noverit
2033 689 2112 731 ,qui

1111 747 1217 770 tamen
1240 734 1379 768 celebres
1400 729 1585 774 Chirurgiae
1600 756 1608 771 ‚
1632 742 1667 765 ac
1685 731 1962 767 Observationum
1973 732 2113 766 Chirur-

1112 782 1258 822 gicarum
1280 778 1456 818 Scriptores
1479 775 1636 808 evolverit
1669 776 1808 819 amplius
1838 777 2076 818 quinquaginta
2095 778 2113 806 '.

1112 821 1250 857 Secessus
1273 830 1379 854 autem
1403 816 1544 852 secundae
1567 819 1724 852 vertebrae
1746 831 1762 852 a
1789 821 1913 861 prima,
1936 821 1966 851 δι
1992 826 2116 861 quartae

1114 878 1131 900 a
1153 865 1285 909 quineta
1308 863 1374 898 duo
1396 863 1534 896 omnino
1557 862 1710 904 producit
1730 863 1873 904 exempla
1898 867 1912 902 (
1936 862 1989 903 ν)
2014 860 2114 904 digna

1113 909 1185 944 sane
1207 920 1277 951 quae
1303 908 1470 948 legantur,
1495 914 1530 938 ut
1552 905 1649 948 digna
1673 916 1803 948 quoque
1831 906 1898 940 sunt
1924 904 2016 947 plura
2040 916 2114 947 quae

1111 952 1148 986 ad
1172 952 1354 986 luxationes
1379 948 1491 983 harum
1516 950 1735 983 vertebrarum
1760 950 1947 991 pertinent,
1972 950 2115 989 monita,

1112 1005 1148 1030 ut
1170 999 1184 1035 (
1208 994 1265 1039 z)
1287 992 1358 1029 falli
1382 994 1437 1034 qui
1464 1004 1479 1024 a
1505 994 1607 1034 prima
1632 993 1803 1026 secundam
1827 992 2006 1026 vertebram
2022 992 2116 1025 luxa-

1113 1048 1183 1074 tam
1205 1038 1284 1076 effe,
1309 1036 1559 1075 nondubitant,
1581 1048 1655 1070 cum
1678 1036 1776 1077 digiti
1790 1048 1867 1079 apex
1890 1037 1975 1068 inter
1990 1044 2115 1069 utram-

1113 1095 1177 1127 que
1201 1081 1297 1115 inseri
1321 1080 1421 1122 potest
1442 1101 1452 1117 ,
1482 1078 1570 1121 quali
1595 1090 1675 1113 vero
1699 1078 1929 1126 idusecundum
1966 1089 2115 1113 naturam

1115 1137 1179 1160 non
1205 1125 1326 1167 posset,
1350 1134 1451 1165 eoque
1474 1124 1575 1165 magis
1599 1123 1621 1155 si
1647 1124 1812 1165 interjeehi
1837 1124 2012 1164 ligamenta
2047 1124 2115 1156 vim

1113 1170 1256 1212 aliquam
1280 1165 1406 1208 majoris
1429 1164 1622 1203 extensionis
1644 1165 1705 1199 sint
1729 1165 1837 1208 passa:
1860 1168 2002 1208 itemque
2025 1168 2039 1204 (
2060 1178 2078 1198 a
2101 1169 2117 1206 )

1115 1212 1285 1248 secundam
1310 1209 1490 1243 vertebram
1514 1209 1617 1242 luxari
1642 1210 1824 1243 antrorsum
1836 1220 1901 1242 non
1926 1208 2033 1255 posse,
2056 1208 2117 1241 nili

1115 1256 1270 1293 summo,
1293 1256 1326 1287 &
1350 1253 1534 1287 incredibili
1557 1253 1685 1295 impetu
1710 1251 1897 1286 validiffima
1933 1263 2000 1292 ejus
2025 1252 2118 1285 Den-

1114 1303 1158 1334 tis
1181 1301 1356 1342 ligamenta
1381 1306 1595 1339 rumpantur,
1624 1305 1679 1330 aut
1704 1297 1797 1330 Dens
1815 1296 1883 1338 ipse
1908 1295 2078 1338 frangatur
2101 1318 2112 1326 .

1117 1344 1221 1378 Mitto
1243 1351 1383 1381 caetera,
1407 1340 1481 1374 satis
1503 1340 1590 1373 enim
1615 1340 1665 1373 vel
1688 1351 1728 1374 ex
1748 1339 1993 1381 hisintelligis,
2018 1338 2119 1380 anju-

1116 1399 1149 1422 re
1169 1388 1205 1420 in
1228 1385 1369 1429 ejusdem
1396 1384 1550 1417 vertebrae
1574 1383 1764 1421 luxatione,
1787 1383 1973 1417 aPanarolo
1998 1393 2121 1425 propo-

1115 1431 1195 1469 fita,
1217 1428 1343 1473 questus
1366 1425 1423 1461 firn
1445 1429 1461 1470 (
1480 1426 1498 1459 b
1521 1430 1555 1467 ),
1578 1427 1669 1469 plura
1691 1427 1750 1460 esse
1774 1425 1981 1470 praetermisla
2003 1450 2014 1460 .
2037 1428 2120 1459 Cer-

1116 1484 1149 1508 te
1175 1482 1281 1507 autem
1307 1471 1329 1505 fi
1354 1482 1475 1514 ponas,
1500 1482 1516 1502 a
1540 1471 1647 1513 capite
1673 1472 1810 1513 primam
1833 1470 2018 1504 vertebram
2052 1479 2120 1502 non

1117 1517 1204 1561 polle
1227 1515 1358 1554 luxari;
1379 1514 1483 1547 obstet
1506 1514 1561 1546 illa
1585 1515 1686 1548 Denti
1712 1513 1851 1548 secundae
1878 1512 2033 1546 vertebrae
2066 1522 2123 1545 ne-

1116 1561 1195 1596 ceffe
1217 1559 1261 1593 est
1283 1558 1347 1592 five
1369 1554 1456 1590 osseo
1479 1558 1643 1590 anteriore
1666 1557 1722 1589 suo
1744 1568 1841 1597 arcu,
1865 1567 1904 1590 ne
1926 1554 2123 1593 antrorsum‚

1116 1604 1181 1639 sive
1204 1601 1384 1638 firmiffimo
1408 1600 1588 1642 ligamento
1612 1598 1814 1637 transverso,
1838 1609 1876 1632 ne
1887 1597 2062 1633 retrorsum
2075 1596 2123 1632 fe-

1117 1657 1208 1683 ratur
1232 1647 1312 1680 adeo
1333 1655 1409 1678 cum
1432 1643 1569 1686 impulsa
1593 1643 1728 1677 secunda
1742 1643 1887 1677 vertebra
1901 1663 1911 1679 ,
1933 1652 1969 1677 ut
1993 1642 2060 1675 haec
2071 1642 2123 1675 lu-

1117 1699 1230 1728 xetur‚
1244 1688 1302 1723 nisi
1314 1697 1369 1722 aut
1379 1695 1571 1730 rumpantur
1593 1686 1743 1726 vincula,
1769 1696 1824 1721 aut
1846 1687 1937 1720 Dens
1958 1686 2024 1727 ipse
2048 1696 2121 1727 ρετ-

1117 1734 1303 1776 fringatur:
1325 1742 1429 1774 neque
1452 1730 1545 1764 aliter
1569 1728 1661 1770 fore,
1684 1730 1773 1764 vides
1795 1753 1808 1770 ,
1839 1729 1895 1764 ubi
1920 1728 2124 1763 animadver-

1117 1788 1188 1816 tas,
1211 1776 1292 1819 quid
1315 1777 1419 1809 Denti
1446 1786 1461 1807 a
1484 1774 1584 1807 latere
1609 1772 1647 1806 sit
1670 1773 1835 1817 objeftum
1856 1796 1868 1812 ,
1901 1773 1924 1807 fi
1946 1771 2030 1806 forte
2053 1783 2123 1806 eam

1117 1820 1298 1854 vertebram
1322 1818 1426 1852 luxari
1449 1817 1529 1851 velis
1551 1818 1584 1849 in
1611 1817 1800 1851 alterutrum
1823 1816 1906 1850 latus
1923 1841 1931 1849 .
1957 1817 2069 1850 Sermo
2091 1827 2124 1849 e-

1115 1865 1261 1900 nimerat
1283 1861 1389 1895 noster
1411 1859 1449 1895 de
1474 1861 1553 1894 veris
1565 1858 1757 1902 ejuscemodi
1772 1859 2014 1894 luxationibus.
2031 1860 2125 1897 Qua-

1115 1908 1159 1941 les
1170 1909 1203 1941 in
1213 1905 1340 1941 duobus
1352 1903 1540 1938 Maucharri
1553 1903 1705 1946 exemplis
1718 1901 1810 1937 fuiffe
1823 1930 1832 1944 ,
1855 1903 1970 1937 vellem
1985 1931 1991 1936 .
2016 1914 2123 1947 quan-

1114 1961 1213 1994 quam
1224 1950 1309 1983 enim
1322 1951 1408 1982 inter
1421 1948 1603 1982 vertebram
1616 1949 1666 1988 ,δε
1678 1947 1863 1981 vertebram
1877 1944 2013 1988 potuisse
2025 1966 2037 1987 ‚
2060 1948 2120 1987 ait,

1115 1995 1269 2038 pollicem
1282 1993 1424 2026 immitti
1434 2003 1447 2032 ,·
1458 1999 1564 2025 tamen
1578 1993 1610 2024 in
1626 1993 1733 2032 primo
1744 1992 1795 2024 vel
1809 1992 1876 2033 ipse
1887 1990 2001 2024 diserte
2025 2001 2120 2033 negat

1115 2038 1167 2080 (c
1184 2037 1202 2080 )
1217 2059 1228 2076 ‚
1250 2046 1359 2070 veram
1384 2034 1475 2069 fuisse
1498 2033 1713 2069 luxationem.
1741 2034 1890 2077 Illudque
1902 2035 2000 2069 etiarn
2025 2045 2124 2078 opto,

1114 2088 1152 2115 ut
1179 2080 1262 2115 illud
1284 2079 1469 2122 exemplum
1494 2080 1634 2126 primum
1658 2078 1698 2112 ab
1721 2078 1790 2120 ipso
1813 2078 1887 2113 esset
1908 2102 1919 2120 ‚
1941 2089 2006 2111 non
2030 2089 2046 2111 a
2070 2079 2123 2112 vi-

1114 2125 1191 2158 cino
1211 2123 1353 2166 quodam
1378 2122 1532 2160 Medic03
1555 2123 1597 2155 iic
1622 2124 1707 2155 enim
1731 2131 1902 2162 ruptorum
1930 2124 2126 2164 ligamentor-¹

1117 2179 1189 2202 rum
1206 2190 1215 2207 ‚
1238 2170 1270 2200 &
1293 2166 1412 2205 fra&i‚
1436 2173 1493 2199 aut
1517 2176 1582 2199 non
1606 2162 1702 2199 fraGti
1726 2165 1795 2199 offis
1821 2164 1905 2200 fafia
1929 2167 2004 2200 ellet
2028 2175 2123 2201 men-⁸

1117 2213 1192 2245 tio.-
1214 2221 1286 2253 quae
1309 2211 1345 2244 in
1369 2208 1508 2243 secundo
1531 2219 1596 2242 non
1620 2209 1838 2251 desideratur,
1861 2211 1894 2243 in
1919 2221 1986 2253 quo
2011 2219 2119 2244 tamen

1118 2254 1141 2288 si
1164 2252 1254 2298 ipse,
1277 2263 1313 2287 ut
1337 2251 1512 2293 interfuit,
1534 2251 1575 2286 fic
1599 2251 1817 2287 dissedionem
1842 2252 2010 2296 peregisset
2029 2268 2039 2292 3
2066 2266 2124 2288 ne-

1117 2309 1181 2341 que
1206 2297 1373 2331 dubitatio
1397 2294 1504 2330 fuiffet
1528 2297 1592 2330 ulla
1615 2296 1653 2331 de
1677 2297 1858 2340 ligamentis
1891 2298 1993 2339 lapsus
2027 2298 2124 2332 vehe-

1121 2342 1262 2381 mentia,
1286 2353 1326 2375 an
1349 2340 1456 2374 cultro
1478 2340 1647 2378 laceratis3
1670 2343 1701 2374 δι
1725 2342 1882 2376 vertebris
1904 2342 1991 2376 intus
2014 2351 2121 2376 extra·

1118 2396 1181 2429 que
1202 2383 1444 2427 diligentiffimo
1466 2385 1613 2417 examine
1637 2383 1808 2426 perspeffls
1831 2407 1841 2422 ,
1875 2386 1980 2419 multo
2000 2387 2123 2420 certius

1117 2439 1204 2462 nunc
1227 2428 1326 2468 esset,
1347 2426 1466 2461 nullam
1488 2426 1591 2470 offium
1614 2426 1708 2461 fuisse
1723 2426 1904 2470 fraffuram
1919 2454 1927 2462 .
1950 2430 2028 2467 Quo
2052 2441 2122 2467 mas

1109 2473 1159 2515 gis
1182 2475 1214 2505 &
1237 2473 1272 2505 in
1297 2471 1382 2511 istis,
1404 2472 1436 2504 &
1457 2470 1491 2503 in
1504 2471 1658 2505 vertebris
1680 2472 1834 2505 omnibus
1859 2472 1981 2513 abipso
2005 2474 2039 2506 in
2051 2477 2120 2515 pri-

1112 2515 1173 2549 mis
1199 2515 1390 2558 sperandum
1414 2512 1457 2547 est
1474 2538 1484 2555 ,
1507 2523 1544 2548 ut
1569 2525 1628 2557 pro
1651 2513 1724 2548 data
1750 2514 1784 2548 in
1808 2515 1966 2557 posterum
1978 2515 2120 2550 occasio·
2142 2525 2147 2531 ·

1111 2569 1151 2592 ne
1171 2557 1388 2593 controversia
1413 2556 1473 2590 ista
1498 2559 1627 2600 penitus
1650 2558 1823 2592 dirimatur
1840 2582 1851 2599 ,
1877 2558 2033 2602 simulque
2047 2571 2119 2603 per.

1111 2600 1240 2636 ficiatur
1265 2602 1451 2638 anatomica
1475 2600 1514 2636 de
1537 2602 1742 2643 Ligamentis
1775 2601 1923 2636 doGtrina
1944 2625 1957 2642 ,
1994 2605 2029 2637 in
2054 2616 2117 2647 qua

1111 2645 1264 2689 superesse
1287 2657 1358 2689 quae
1382 2643 1452 2687 post
1474 2645 1738 2679 Weitbrechtum
1762 2647 1941 2680 accuratius
1974 2647 2117 2681 trasten-

1111 2698 1188 2730 tur‚
1210 2700 1286 2723 cum
1308 2688 1373 2732 ipse
1384 2688 1623 2727 animadverti3
1648 2699 1719 2723 tum
1738 2688 2114 2732 Mauchartustfingulari

1110 2743 1174 2775 qua
1198 2732 1299 2776 pollet
1324 2734 1358 2766 in
1381 2730 1567 2765 dissecando
1590 2733 1705 2773 peritia
1728 2731 1938 2773 &diligentia
1963 2733 2068 2773 reapse
2082 2735 2116 2768 in

1108 2774 1342 2810 Dissertatione
1366 2775 1503 2809 ostendit
1527 2786 1599 2815 quae
1624 2774 1810 2808 inscribitur
1835 2774 1958 2816 Capitis
1979 2777 2117 2811 Articu-

1111 2817 1191 2853 late‘o
1212 2830 1281 2853 cum
1298 2820 1403 2860 prima
1417 2843 1426 2858 ,
1448 2819 1491 2852 Θ*
1518 2817 1653 2858 secunda
1686 2816 1830 2850 Vertebra
1851 2842 1859 2849 .
1900 2819 2017 2861 Atque·
2042 2818 2112 2855 haec

1112 2860 1309 2897 subscribere
1329 2861 1483 2904 Epistolae
1517 2861 1592 2894 huic
1625 2860 1713 2894 volui
1740 2881 1751 2897 ‚
1782 2871 1820 2906 ne
1851 2862 1927 2903 quia
1959 2862 2113 2897 rariffima

1110 2904 1184 2940 sunt
1207 2907 1239 2939 in
1265 2906 1359 2940 Italia
1371 2905 1501 2938 alterius
1525 2904 1614 2938 illius
1636 2915 1709 2947 quae
1733 2903 2018 2939 modoindicatam
2037 2905 2114 2941 sub-

1109 2947 1215 2985 secuta
1238 2948 1303 2985 est,
1329 2947 1571 2983 Differtationis
1594 2946 1756 2988 exempla,
1781 2947 1861 2989 quid
1883 2948 1922 2982 de
1945 2947 2112 2990 suprema-

1109 3004 1182 3027 rum
1206 2993 1425 3026 vertebrarum
1449 2992 1618 3025 luxatione
1643 2989 1772 3024 senserit
1787 3014 1797 3030 ,
1821 2999 1877 3025 aut
1900 2992 2025 3029 viderit
2049 2995 2111 3031 Vir

1108 3035 1403 3076 Praestantiffimus‚
1424 3036 1610 3078 ignorares.
1635 3033 1718 3070 Vale
1740 3034 1859 3069 iterum
1872 3059 1882 3074 .

1933 3633 2067 3672 EPI«

117 3762 131 3790 s
145 3763 158 3788 θ’
170 3761 186 3793 2
200 3761 257 3799 Vidp
272 3763 349 3793 lusti,
364 3771 390 3789 n·
406 3766 448 3794 37ss
537 3763 555 3789 k
570 3763 585 3793 )
602 3774 626 3791 n.
644 3768 682 3790 ²6.
744 3765 760 3795 (
774 3767 785 3792 1
800 3764 812 3797 )
828 3766 966 3791 comment.
981 3763 1007 3790 in
1023 3764 1079 3790 Gal.
1094 3765 1124 3790 de
1138 3765 1189 3791 Usu
1204 3768 1272 3792 Part.
1289 3766 1316 3791 in
1334 3767 1379 3793 fin.
1395 3764 1412 3790 l.
1429 3772 1453 3795 3,
1516 3769 1526 3799 (
1541 3776 1565 3794 m
1581 3769 1592 3796 >
1609 3768 1669 3794 ebs,
1685 3777 1707 3799 3,
1723 3770 1746 3801 §-
1763 3778 1786 3801 3,
1802 3771 1825 3796 ἃ
1841 3771 1902 3798 ΘΜ·-
1917 3780 1939 3803 4,
1959 3772 1983 3803 §-
2018 3791 2025 3801 ⁸
2040 3775 2064 3802 ἃ
2081 3780 2105 3801 ,a

114 3794 131 3822 (
143 3802 162 3818 n
179 3794 193 3823 >
209 3795 273 3830 ibid.
291 3795 316 3825 §.
332 3803 354 3820 1.
417 3796 425 3823 (
441 3802 455 3819 o
472 3793 482 3824 l
501 3795 591 3826 tagog.
608 3800 680 3822 Anat.
694 3802 756 3826 c-,3·
815 3797 823 3825 (
838 3803 856 3827 p
871 3796 886 3825 2
901 3796 996 3822 Proefat.
1013 3797 1044 3821 ad
1059 3797 1139 3821 Traei.
1155 3799 1185 3824 de
1201 3799 1265 3824 Lux·
1281 3799 1304 3822 ἃ
1319 3798 1399 3824 Fuci.
1415 3797 1491 3828 Ossib-
1551 3800 1567 3830 (
1582 3807 1598 3829 q
1615 3801 1625 3830 )
1641 3800 1701 3825 Obs.
1716 3803 1792 3828 Anat.
1806 3802 1877 3830 chit.
1894 3806 1935 3833 67.
1999 3781 2012 3806 3

114 3823 189 3886 ‘0³3
203 3822 282 3887 {¹²¹ss
292 3833 331 3857 ²⁷·
345 3826 557 3888 tenuram?
568 3826 641 3889 ἱεὶς·
673 3857 688 3888 c
701 3827 716 3884 ἓ
730 3833 743 3890 3
757 3826 882 3888 wilfi„
897 3826 969 3885 aas?
983 3827 994 3859 ³
1009 3834 1036 3855 ⁰·
1049 3832 1076 3859 ⁸·
1090 3828 1113 3855 ⁸⁸
1129 3835 1167 3859 ¹³²
1226 3830 1269 3859 “⁶
1284 3827 1293 3860 ›
1309 3827 1334 3860 ³*
1352 3837 1376 3861 ⁹·
1391 3832 1415 3858 ⁸⁸
1428 3838 1470 3859 ¹¹·
1531 3830 1573 3863 ‘¹
1588 3830 1603 3862 2
1620 3830 1645 3862 5·
1661 3837 1702 3863 ¹¹⁰
1717 3831 1742 3859 ⁸⁶
1758 3840 1795 3862 ²²·
1856 3835 1871 3865 ⁶
1885 3842 1905 3866 ι
1918 3834 1934 3866 >
1950 3842 1992 3867 ¹⁵·
