2498 4075
523 207 745 278 Epistola
783 163 944 267 Atiae
979 210 1198 266 Medica
1233 209 1323 263 111.
1356 211 1480 267 Art.
1517 225 1564 279 4.
1596 213 1652 267 az
1689 225 1730 272 ς,

104 288 167 338 fit5
192 299 255 323 non
278 292 320 327 est
342 303 399 328 cur
421 292 510 328 illam
532 295 576 327 ob
599 292 827 329 redundantem
849 296 973 338 espina
984 296 1017 329 in
1029 307 1100 330 cra-

104 342 196 366 nium
227 334 412 378 sanguinem
447 347 549 370 ortam
580 335 637 370 esse
661 360 673 377 ,
707 337 933 380 suspicemur:
969 339 1008 372 ab
1040 338 1103 373 hoc

102 383 208 410 tamen
232 378 265 410 in
289 379 379 413 illam
402 403 412 418 ,
446 391 484 413 an
506 389 618 413 contra
639 379 800 422 sanguinis
821 393 891 424 pars
922 381 1026 424 aliqua
1057 381 1105 415 ef-

105 415 164 469 fusi
190 419 369 470 transierit,
393 435 431 456 an
454 434 592 465 utroque
614 422 705 458 simul
728 423 843 459 effusus
867 424 906 458 sit
930 449 943 465 ,
974 427 1006 457 in
1037 436 1105 458 me-

104 461 162 495 dio
185 464 349 508 relinquo.
374 468 406 499 Si
430 466 493 500 hoc
519 467 623 508 igitur
648 490 659 506 ,
689 475 725 501 ut
748 469 906 502 incertum
931 493 940 506 ‚
973 468 1103 510 sepona-

104 515 208 555 mus)
247 510 282 542 &
314 508 337 543 fi
369 521 438 552 quae
472 509 538 542 alio
569 511 709 543 attinent
734 531 743 547 ,
788 514 821 545 &
856 511 1030 553 praesertim
1063 512 1102 545 ad

102 549 238 584 Colicos
260 550 389 586 dolores
411 576 424 592 ,
457 553 490 585 in
516 552 604 588 suu-m
628 554 734 587 locum
767 556 781 593 <
803 566 819 587 c
843 558 857 595 )
885 552 1068 588 differamus
1090 567 1102 594 3

98 589 168 626 duo
188 593 301 628 restant
325 596 358 628 in
382 595 440 628 hac
464 594 622 636 historia,
644 608 715 639 quae
739 597 898 639 praecipue
929 596 1104 631 considere-

101 645 191 670 mus.
219 639 368 672 Alterum
392 638 430 672 ad
452 638 571 681 dogma
606 639 726 682 speetat
758 652 774 673 a
805 639 952 674 Valsalva
984 640 1103 674 confir-

101 689 248 719 matum3
272 682 305 714 in
329 681 388 716 hac
411 684 497 716 enim
520 694 647 726 quoque
679 683 809 717 muliere
842 695 915 718 curn
949 684 1102 718 resolutio

101 723 315 757 animadversa
338 725 411 759 esset
444 737 460 759 a
484 724 615 761 sinistris
639 751 651 767 ,
683 726 803 759 cerebri
837 727 957 760 vitium
990 730 1102 760 inven-

100 775 171 800 tum
194 766 238 801 est
260 779 277 801 a
301 767 422 803 dextris
445 793 454 800 .
488 770 638 804 Alterum
661 794 673 810 ‚
704 768 741 803 ad
765 770 884 803 vitium
907 769 970 804 hoc
994 770 1100 812 ipsum

102 812 241 850 attinet,
264 811 351 855 quod
376 824 437 855 qua
461 812 549 847 causa
573 837 585 853 ,

101 852 179 886 dum
203 853 246 888 est
269 878 277 885 .
294 856 358 889 *Et
379 855 422 889 ab
454 855 516 888 hoc
551 856 685 899 quidem
716 857 907 899 incipiemus
932 869 940 889 :

102 906 209 931 autem
230 921 242 937 ‚
276 910 350 933 cum
375 898 520 941 pluribus
549 901 582 932 in
607 898 666 933 hac
699 899 846 942 Epistola
876 899 1109 933 observationi-

98 940 158 975 bus
180 939 495 981 confirmaverimus,
519 952 597 977 tunc
632 942 776 986 quaedam
811 942 935 984 juvabit
968 945 1109 985 attinge-

99 994 150 1016 re.
190 999 199 1003 e
241 986 346 1020 Vetus
367 987 501 1028 utique,
524 985 611 1030 siqua
635 986 696 1019 alia
712 1008 722 1026 ,
745 986 893 1020 doctrina
915 985 980 1027 est,
1000 998 1016 1019 a
1039 988 1107 1020 Va-

97 1028 184 1070 tolio
204 1031 220 1069 (
241 1029 262 1062 d
281 1034 296 1070 )
318 1028 550 1068 animadversa,
572 1040 591 1063 a
613 1030 780 1065 Martiano
804 1039 911 1063 autem
933 1030 990 1072 qui
1020 1032 1035 1069 (
1055 1041 1071 1064 e
1092 1035 1107 1071 )

97 1080 200 1105 acrem
221 1096 232 1113 ,
256 1073 294 1107 Θ
326 1074 480 1106 rodentem
515 1073 681 1107 materiam
714 1084 772 1116 pro
804 1073 983 1115 apoplexiae
1015 1074 1107 1108 causa

96 1115 288 1158 agnoscebat
306 1138 315 1152 ‚
338 1115 395 1150 suo
417 1115 516 1149 modo
539 1116 696 1159 explicata
710 1139 721 1155 ,
744 1127 815 1159 quae
838 1114 953 1149 diserte
985 1127 1106 1160 propo-

96 1158 155 1196 sita
178 1160 221 1193 est
244 1159 282 1192 ab
304 1160 510 1201 Hippocrate
526 1185 534 1199 ‚
559 1168 612 1193 aut
634 1168 718 1192 certe
741 1160 778 1192 ab
800 1159 945 1194 Auftore
969 1159 1044 1193 libri
1066 1160 1104 1194 de

95 1202 274 1242 Glaiidulis
299 1201 381 1245 (f)
402 1202 559 1243 docente,
575 1202 605 1245 si
627 1203 750 1245 quidem
774 1203 904 1236 rodatur
915 1204 1104 1244 cerebrum,

143 1271 170 1277 ..
197 1244 386 1290 afftfr'ionem
410 1244 478 1279 fieri
501 1257 571 1290 quae
590 1256 687 1293 grace
710 1245 873 1288 apoplexia
896 1246 1074 1289 appellatur
1091 1272 1098 1279 .

95 1289 275 1332 Nunquam
307 1298 413 1324 autem
442 1291 545 1332 magis
582 1291 705 1322 erosum
741 1289 917 1327 cerebrum,
946 1290 1072 1324 videtur
1094 1314 1108 1331 ‚

94 1343 191 1375 quam
214 1334 345 1366 cumin
376 1333 445 1376 ejus
476 1333 647 1368 substantia
671 1356 684 1373 ,
720 1341 774 1366 aut
806 1333 892 1367 inti-a
924 1332 1007 1366 hanc
1039 1344 1108 1366 ma-

93 1387 155 1417 gna
189 1385 306 1416 praeter
339 1386 484 1411 naturam
517 1387 592 1409 cava
625 1376 834 1409 inveniuntur
866 1398 879 1415 ,
922 1374 1105 1419 cujusmodi

94 1420 129 1453 in
154 1419 213 1452 hac
238 1419 371 1453 muliere
396 1418 543 1463 descripsi
564 1443 577 1460 ‚
610 1419 702 1462 plena
735 1416 885 1460 sanguine
907 1441 920 1458 ,
952 1422 985 1452 &
1018 1419 1105 1453 foede

95 1462 177 1495 adeo
209 1463 353 1497 laceratis
375 1487 388 1504 ,
435 1462 638 1504 cruentisque
682 1462 857 1505 parietibus
878 1485 892 1503 ,
935 1472 973 1496 ut
1018 1463 1103 1497 nihii

92 1507 195 1549 magis
232 1505 369 1539 referant
391 1530 404 1547 ,
435 1518 533 1549 quam
565 1506 667 1538 ulcera
701 1503 858 1547 profunde
903 1504 1068 1539 erodentia
1093 1520 1101 1541 :

95 1550 206 1592 itaque
230 1552 262 1582 &
287 1549 471 1582 Valsalvam
493 1548 582 1581 vides
616 1550 649 1580 in
681 1557 821 1590 quatuor
851 1549 962 1590 primis
986 1573 998 1589 ‚
1030 1561 1102 1593 quae

92 1592 254 1634 superiore
288 1592 432 1634 Epistola
463 1596 478 1631 (
496 1595 554 1634 g)
587 1589 751 1633 produetae
782 1591 853 1625 sunt
887 1615 899 1632 ,
940 1591 1104 1626 diffeetio-

95 1636 189 1671 nibus
223 1633 375 1669 erofionis
398 1658 411 1675 ,
443 1638 475 1669 δε
508 1632 700 1667 corrosionis
734 1634 901 1669 vocabulis
935 1635 1026 1670 usum
1059 1636 1105 1670 es-

94 1679 123 1713 se
145 1704 158 1720 ,
190 1678 319 1721 ipsaque
350 1677 504 1721 profundi
541 1679 656 1712 ulceris
678 1676 886 1711 similitudine
911 1704 918 1710 .
947 1680 1032 1713 Noli
1055 1689 1104 1714 ta-

91 1734 162 1756 men
199 1722 325 1755 credere
347 1746 356 1769 7
392 1722 449 1756 ista
485 1720 577 1755 fuisse
601 1732 673 1754 vera
697 1720 800 1754 ulcera
826 1723 859 1754 in
884 1722 976 1763 plexu
1010 1721 1103 1756 Cho—

91 1765 202 1805 roide,
225 1776 281 1800 aut
313 1764 391 1799 huic
425 1766 582 1808 proximis
617 1764 815 1798 Lateralium
849 1767 1104 1799 ventriculorum

91 1808 232 1843 faciebus
256 1808 366 1843 senfim
388 1810 478 1843 aneta
500 1832 514 1848 ‚
547 1817 583 1842 ut
607 1806 744 1851 denique
768 1807 807 1841 ad
846 1809 1104 1851 magnitudinem

90 1862 213 1887 tantam
240 1854 440 1895 pervenirent
466 1876 473 1884 .
507 1852 562 1885 Ne
594 1851 681 1883 enim
712 1850 767 1884 hic
804 1863 1004 1894 quaeramus,
1025 1864 1104 1887 num

91 1909 133 1931 eae
169 1906 274 1939 partes
299 1921 308 1935 ,
345 1894 427 1929 salva
450 1895 516 1927 vita
540 1918 554 1935 ,
585 1897 618 1928 &
654 1893 810 1936 plerisque
843 1898 919 1929 vitae
944 1899 1061 1930 muniis
1084 1920 1097 1936 ,

91 1939 248 1984 ejusmodi
275 1939 402 1973 morbos
426 1937 562 1981 perferre
584 1936 709 1971 diutius
733 1936 871 1979 poffint3
896 1940 977 1977 illud
1002 1951 1103 1974 unum

95 1984 345 2018 animadvertere
368 1982 441 2016 satis
462 1982 505 2015 est
528 2005 541 2021 ,
572 1992 647 2014 cum
671 1990 721 2014 tot
746 1984 853 2024 capita
875 2005 889 2021 ,
920 1995 1031 2017 eorum
1054 1992 1102 2016 et-

92 2030 159 2060 iam
182 2028 237 2070 qui
274 2026 346 2060 sunt
381 2025 418 2060 ad
451 2026 654 2068 sanguineam
689 2025 891 2071 apoplexiam
925 2037 964 2059 ex
995 2026 1102 2060 eadem

90 2071 181 2105 causa
204 2069 385 2112 dispositi,
419 2078 486 2104 tam
517 2069 596 2110 saepe
628 2079 739 2101 omnes
772 2067 989 2108 dissecemus3
1022 2081 1103 2104 nun-

88 2126 184 2157 quam
210 2115 374 2147 tamenin
400 2112 580 2147 istiusmodi
616 2111 721 2144 ulcera
755 2112 789 2144 in
822 2112 862 2144 iis
894 2124 964 2153 quae
1002 2113 1102 2146 modo

89 2158 185 2192 dietae
210 2158 281 2192 sunt
305 2180 317 2197 ,
350 2156 496 2199 partibus
520 2154 671 2188 inchoata
694 2178 707 2194 ,
742 2156 775 2186 δι
799 2155 927 2187 minora
962 2155 1065 2189 adhuc
1089 2179 1101 2195 ‚

92 2201 235 2236 incidere
257 2214 268 2238 ς
303 2198 354 2234 sed
377 2200 462 2234 faeta
487 2222 500 2239 ,
533 2202 564 2231 ὃ(
590 2198 665 2230 satis
690 2197 794 2238 ampla
818 2204 946 2231 tantum
975 2198 1104 2241 conspi-

93 2257 165 2279 cere
188 2267 197 2282 ‚
233 2246 266 2276 in
299 2245 340 2276 iis
363 2243 514 2276 videlicet
537 2251 618 2282 quos
641 2241 752 2286 ingens
783 2240 833 2273 vis
865 2241 987 2274 occidit
1021 2242 1103 2283 ejus-

91 2288 166 2324 dem
188 2287 295 2322 morbi
319 2310 327 2316 .
362 2286 434 2319 Nec
459 2294 567 2317 tamen
590 2283 722 2315 insicior
744 2304 754 2319 ‚
786 2284 855 2316 imo
877 2285 964 2317 ultro
988 2285 1102 2327 agnos-

89 2344 154 2372 co,
178 2331 216 2364 ab
238 2327 388 2363 erodente
411 2328 510 2360 etiam
534 2329 664 2359 materia
688 2326 824 2372 initium
846 2325 904 2373 esse
940 2337 1101 2362 tantarum

92 2375 323 2408 lacerationum
349 2385 356 2405 :
396 2369 446 2406 secl
471 2369 552 2403 illud
577 2370 712 2402 initium
745 2379 797 2411 ajo
819 2392 828 2406 ‚
864 2370 925 2401 sive
959 2370 997 2404 ab
1028 2382 1099 2404 ero..

89 2417 176 2452 sione
197 2441 207 2456 ,
243 2414 305 2449 sive
327 2427 342 2448 a
366 2413 572 2448 distractione
597 2411 635 2444 sit
667 2412 852 2458 tunicarum
885 2414 979 2446 unius
1001 2438 1012 2454 ‚
1044 2423 1098 2448 aut

90 2461 233 2506 plurium
257 2458 458 2491 vasculorum
477 2480 490 2496 ‚
526 2455 708 2497 sanguinem
733 2465 786 2497 per
811 2454 1013 2489 substantiam
1047 2468 1098 2490 ce.

89 2504 172 2539 rebri
203 2501 452 2536 convehentium
480 2524 488 2538 ‚
523 2508 590 2532 tam
621 2497 677 2531 esse
708 2509 842 2539 parvum
866 2524 876 2539 ,
911 2503 943 2533 &
985 2500 1098 2533 obscu-

89 2559 162 2582 rum
188 2546 284 2579 solere
309 2569 321 2585 ,
355 2553 390 2578 ut
424 2543 571 2585 quamvis
601 2552 669 2588 tarn
700 2542 812 2575 crebro
829 2550 898 2589 *tot
931 2543 1096 2587 cujusque-

88 2590 179 2626 modi
204 2589 375 2623 hominum
396 2587 559 2619 cerebrum
593 2585 752 2619 assulatim
773 2585 999 2625 dislecuerim5
1024 2598 1097 2620 nec-

87 2636 165 2670 dum
198 2632 348 2666 acciderit
373 2654 383 2669 ,
423 2639 459 2663 ut
495 2629 552 2663 sub
591 2640 697 2663 meum
741 2628 900 2672 aspectum
940 2630 1064 2663 caderet
1089 2655 1097 2662 .

90 2678 182 2720 Qid
207 2688 283 2720 ergo
305 2675 369 2715 est,
393 2675 524 2717 inquis,
547 2683 604 2706 cur
638 2682 704 2704 tam
736 2674 806 2706 cito
837 2681 959 2707 tantam
994 2671 1101 2707 afferat

88 2722 234 2758 cladem,
257 2722 288 2752 ὃ(
313 2729 424 2761 magna
450 2715 527 2750 adeo
549 2727 623 2762 cava
635 2715 778 2749 efficiat?
799 2718 942 2758 Dicam,
967 2715 989 2750 si
1013 2718 1101 2759 prius

91 2766 152 2800 tibi
178 2774 294 2803 unam,
328 2771 384 2796 aut
415 2761 545 2794 alteram
579 2759 810 2801 ejusdemmodi
843 2760 1099 2795 observationem

90 2808 281 2850 descripsero
298 2830 304 2839 .

130 2864 161 2894 4.
211 2852 237 2883 B
260 2852 289 2883 A
316 2850 331 2893 I
357 2851 393 2884 U
415 2850 442 2882 L
467 2850 503 2883 U
525 2849 566 2882 M
601 2858 719 2881 annum
744 2854 889 2890 agentern
924 2847 1099 2890 quadrage-

90 2895 227 2931 simum,
253 2889 440 2928 lacertosum
462 2916 474 2932 ,
507 2894 564 2936 qui
601 2891 725 2925 nullum
758 2901 896 2933 unquam
932 2890 1102 2924 dicebatur

90 2939 240 2973 morbum
266 2936 389 2980 passus,
413 2936 512 2970 noctu
535 2934 614 2968 hora
646 2942 760 2977 quarta
793 2934 992 2967 interfecerat
1026 2946 1103 2978 apo-

92 2983 198 3026 plexia
223 3005 230 3012 .
321 2981 350 3012 C
373 2981 404 3013 A
427 2981 461 3013 D
484 2981 514 3012 A
539 2979 573 3012 V
595 2979 623 3010 E
648 2980 678 3012 R
722 2975 806 3011 mihi
830 2978 958 3021 publice
989 2978 1104 3011 datum

92 3025 131 3059 ad
167 3027 349 3058 Anatomen
383 3020 604 3059 absolvendam
636 3022 678 3054 A.
717 3031 808 3064 1734.
843 3033 882 3054 eo
916 3020 1105 3064 diligentius

92 3066 277 3113 perlustravi
302 3090 313 3106 ‚
348 3077 411 3109 quo
443 3066 475 3099 ἃ
498 3063 604 3107 ipsum
629 3066 732 3108 magis
755 3077 766 3103 ς
798 3062 820 3096 fi
845 3063 1006 3098 cerebrum
1029 3076 1104 3098 cum

92 3112 258 3156 perpaucis
281 3111 351 3143 aliis
383 3110 556 3151 excipias;
595 3117 660 3141 erat
693 3108 731 3141 ad
764 3106 997 3142 observationes
1030 3107 1103 3141 ido-

92 3167 186 3190 neum
211 3177 219 3192 ‚
258 3157 290 3186 &
313 3164 374 3189 ego
401 3175 409 3190 ,
445 3151 509 3195 jam
533 3151 633 3186 ferme
655 3150 806 3185 omnibus
841 3161 931 3184 antea
965 3151 1103 3185 demon-

77 3199 196 3233 -stratis
219 3221 231 3238 ,
263 3198 332 3240 plus
356 3197 510 3237 temporis
531 3194 688 3229 habebam
714 3219 720 3226 .
755 3195 973 3236 Qmobrem
1010 3196 1102 3238 plane

92 3243 153 3276 tibi
173 3239 363 3275 confirmare
386 3233 507 3281 possum
528 3262 540 3279 ‚
573 3238 656 3272 nihil
682 3240 715 3271 in
748 3249 786 3271 eo
818 3236 907 3271 fuisse
938 3239 1025 3281 quod
1058 3239 1102 3273 se·-

92 3284 231 3320 cundum
256 3293 401 3318 naturam
420 3292 483 3314 non
506 3280 588 3315 foret
612 3306 625 3322 ,
660 3292 773 3325 praeter
796 3281 864 3315 haec
895 3294 965 3325 quae
1002 3281 1102 3316 adno-

94 3329 190 3366 tabo,
216 3339 271 3361 nec
296 3337 402 3361 tamen
426 3325 532 3358 omnia
558 3350 565 3357 .
591 3326 681 3359 Nam
702 3326 787 3358 cutis
834 3325 941 3358 uidem
975 3327 1100 3359 univer-

94 3374 125 3408 sa
148 3372 260 3409 fusca3
283 3369 335 3404 sed
358 3367 393 3403 id
416 3369 456 3402 ab
482 3378 614 3410 natura,
637 3367 790 3412 siquidem
831 3370 932 3406 acies,
955 3368 1013 3402 nisi
1036 3380 1096 3411 qua

94 3416 214 3450 alicubi
238 3415 377 3455 livebat,
400 3421 468 3445 erat
491 3413 595 3445 multo
617 3414 722 3447 minus
746 3412 832 3445 fusca
849 3436 861 3453 ‚
894 3424 988 3455 quam
1025 3413 1098 3445 reli-

94 3471 194 3502 quum
216 3469 355 3499 corpus,
379 3457 471 3495 imo,
494 3453 516 3487 si
540 3466 611 3490 cum
634 3455 697 3489 hoc
720 3454 882 3489 conferres
897 3481 905 3495 ‚
928 3455 1064 3489 candida
1089 3480 1096 3487 .

93 3503 204 3538 Colon
229 3500 413 3534 intestinum
436 3498 553 3541 ubique
575 3499 775 3533 contra&um
788 3502 948 3541 maxime,
970 3508 1100 3542 praeter-

181 3545 347 3588 Morgagni
356 3545 392 3579 de
401 3544 470 3576 Sed.
482 3544 525 3576 (φ’
535 3541 624 3585 Caus.
634 3541 736 3576 Morb.
750 3543 851 3576 Tom.
867 3546 894 3576 Ι.

972 855 1010 890 de
1042 857 1103 889 illo

616 816 653 847 δι
672 815 797 846 ratione
819 812 872 846 fiat
897 837 910 852 ,
940 815 1113 854 inquiren-'

1151 304 1249 338 quam
1273 293 1319 341 ad,
1333 302 1502 340 utrumque
1524 304 1730 335 extremum,
1752 294 1809 329 ubi
1833 305 1849 327 a
1872 292 1951 328 flatu
1981 297 2127 336 turgebat
2150 304 2165 329 .’

1153 340 1242 371 Cum
1265 338 1372 380 ipsum
1392 338 1550 373 dimoveri
1573 339 1754 377 inciperet,
1778 335 1903 370 tametsi
1936 337 2085 379 postridie
2116 337 2162 372 se-

1154 380 1302 414 cabamus
1322 404 1335 422 ,
1368 380 1462 425 idque
1494 382 1598 416 mense
1629 382 1834 418 Februari03
1868 380 1984 414 viscera
2018 393 2088 424 quae
2123 382 2162 415 ad

1155 423 1283 460 lumbos
1305 433 1419 464 erant,
1443 426 1544 460 adhuc
1568 424 1735 459 fumabant
1763 448 1770 455 .
1805 422 1865 457 Sed
1884 420 1968 466 lquae
2001 422 2163 457 mmifeste

1154 477 1242 500 erant
1280 477 1392 510 praeter
1431 479 1576 503 naturam
1603 492 1612 507 ‚
1647 467 1822 500 indicemus
1847 490 1855 497 .
1892 468 1952 500 Ilei
1982 476 2163 502 extremum

1153 510 1259 553 ipsum
1281 512 1433 544 interiore
1457 512 1559 551 facie,
1584 510 1635 545 sed
1657 521 1721 544 non
1753 519 1822 543 tota
1842 532 1855 549 ‚
1886 520 1925 543 ex
1957 511 2054 545 rubro
2087 511 2166 543 live-

1152 554 1237 588 scens
1253 577 1263 592 ,
1288 554 1452 587 tumebat.
1473 556 1571 599 Jecur
1592 554 1731 590 durum,
1753 553 1858 586 colore
1882 553 2019 587 exterius
2054 554 2165 588 rubel-

1154 597 1221 632 lum
1247 608 1388 631 marmor
1410 596 1544 632 reserens
1567 610 1606 631 ex
1639 596 1749 630 albido
1771 596 1970 638 variegatum
1987 619 1997 635 ,
2030 597 2165 630 interius

1154 651 1258 676 autem
1282 642 1368 674 elixo
1390 638 1525 682 jecinori
1549 639 1671 680 simile,
1694 639 1868 683 utrobique
1904 640 2058 673 minimos
2083 664 2091 679 ,
2123 651 2163 674 ex

1152 684 1269 727 quibus
1291 683 1434 722 constat,
1471 684 1598 718 lobulos
1633 683 1738 725 paffim
1768 680 1954 716 ostendebat
1974 708 1981 716 .
2016 683 2164 716 Habebat

1153 737 1303 770 praeterea
1328 727 1497 767 foramen,
1519 727 1565 760 ibi
1589 726 1755 760 deficiente
1778 726 1816 759 ab
1839 733 1912 758 ortu
1927 725 2023 768 usque
2038 751 2046 765 ,
2071 734 2106 758 ut
2119 726 2166 758 vi-

1151 771 1306 811 debatur,
1329 770 1525 811 substantia,
1548 771 1581 803 in
1604 775 1744 803 convexa
1777 768 1880 806 facie,
1905 767 2005 810 digiti
2038 769 2168 811 pollicis

1151 815 1325 850 intervallo
1348 813 1440 856 supra
1463 814 1565 848 imum
1589 814 1725 847 limbum
1740 838 1751 853 ,
1774 811 1862 855 quod
1886 812 1919 844 in
1944 810 2048 846 sinum
2079 821 2169 859 pate-v

1158 858 1213 891 bat
1240 870 1301 900 pro
1325 857 1410 891 fellis
1432 858 1567 890 vesicula
1593 865 1809 895 excavatum,
1831 864 1867 888 ut
1900 864 2039 889 extrema
2071 854 2168 897 hujus

1160 900 1255 935 fundi
1279 901 1439 944 particula
1464 900 1505 934 ab
1527 900 1583 933 illa
1607 899 1687 934 facie
1710 897 1980 941 inspicientibus,
2003 897 2103 941 perid
2115 897 2170 931 so-

1159 956 1265 979 ramen
1290 953 1471 986 appareret.
1500 944 1572 977 Nec
1595 954 1662 976 erat
1686 952 1793 976 tamen
1815 953 1907 984 aequo
1929 942 2056 975 brevior
2088 940 2170 975 vesi-

1156 989 1251 1028 cula3
1274 987 1325 1021 sed
1347 989 1381 1021 in
1405 986 1513 1020 medio
1538 987 1598 1021 suae
1623 985 1837 1028 longitudinis
1861 986 2048 1026 conti-aeta,
2072 983 2173 1019 &de-

1158 1030 1232 1064 inde
1255 1030 1359 1064 rursus
1381 1029 1537 1069 dilatata,
1560 1029 1700 1064 fundum
1722 1028 1957 1070 contorquebat
1970 1028 2114 1070 sursum,
2137 1031 2173 1062 δε

1160 1074 1198 1108 ad
1224 1074 1383 1113 anteriora
1404 1085 1417 1112 ;
1446 1074 1491 1107 ita
1516 1073 1569 1106 hic
1594 1084 1648 1116 per
1670 1072 1752 1106 illud
1776 1072 1921 1105 foramen
1945 1072 2173 1114 conspici'po-

1158 1127 1264 1154 terat.
1291 1119 1328 1150 In
1353 1116 1511 1159 ejusmodi
1533 1115 1665 1150 vesicula
1688 1115 1764 1148 bilis
1787 1117 1889 1148 inerat
1913 1126 1951 1148 ex
1986 1114 2084 1147 viridi
2119 1116 2187 1150 ni-⁴

1158 1163 1284 1204 gricans
1309 1159 1350 1193 fic
1374 1169 1479 1192 tamen
1506 1170 1543 1193 ut
1578 1157 1727 1193 chartam
1758 1158 1869 1191 colore
1903 1158 1989 1192 flavo
2025 1156 2175 1191 obsoleto

1156 1204 1324 1244 inficeret,
1346 1205 1380 1236 in
1404 1203 1520 1245 illaque
1543 1202 1580 1236 ad
1602 1201 1740 1236 fundum
1763 1202 1850 1244 nigri
1874 1201 1989 1235 calculi
2022 1200 2077 1234 alii
2114 1201 2175 1234 alia

1155 1248 1258 1287 figura
1271 1271 1284 1288 ,
1308 1246 1359 1280 sed
1382 1258 1492 1280 omnes
1515 1245 1594 1280 adeo
1615 1245 1761 1280 abnormi
1782 1267 1792 1283 ,
1816 1253 1853 1279 ut
1876 1242 1976 1288 posses
1999 1256 2072 1278 cum
2084 1242 2174 1287 frag-

1160 1294 1278 1326 mentis
1298 1289 1442 1324 conferre
1467 1292 1501 1322 in
1525 1301 1594 1333 quae
1619 1288 1736 1322 durum
1757 1298 1875 1331 corpus
1908 1287 2084 1331 quodpiam
2103 1311 2115 1327 ‚
2146 1286 2170 1321 fi

1161 1335 1321 1374 frangeres
1335 1359 1345 1375 ,
1368 1332 1511 1367 fortuito
1534 1332 1698 1366 diffiliret.
1725 1333 1878 1374 Qorum
1893 1343 1973 1366 unus
1984 1343 2058 1366 cum
2081 1331 2172 1366 flam-

1159 1376 1350 1414 mae—statim
1386 1376 1611 1410 admoveretur
1634 1402 1643 1417 ,
1677 1386 1742 1409 non
1781 1375 1867 1409 hanc
1901 1376 2084 1419 concepit,
2120 1373 2175 1408 secl

1159 1423 1351 1464 crepitavit:
1375 1421 1510 1460 caeteri,
1533 1421 1567 1453 in
1592 1431 1704 1462 aquam
1730 1418 1888 1462 projecti,
1911 1430 1985 1452 cum
2009 1420 2067 1452 vix
2103 1429 2177 1453 mo-

1159 1475 1272 1499 mento
1295 1465 1451 1507 temporis
1475 1462 1671 1506 superficiem
1694 1461 1890 1502 tenuissent,
1916 1461 2055 1495 fundum
2065 1472 2177 1496 omnes

1159 1510 1345 1552 petierunt.
1369 1508 1494 1548 Exigui
1518 1515 1605 1540 erant
1628 1507 1761 1541 cunc'ti:
1785 1504 1883 1547 paulo
1908 1504 2013 1548 major
2023 1516 2102 1539 unus
2126 1506 2177 1538 in-

1161 1561 1210 1585 tra
1234 1551 1404 1595 Cysticum
1425 1549 1558 1584 dudum
1582 1549 1699 1582 latebat
1712 1561 1723 1588 ς
1748 1547 1799 1581 sed
1823 1547 1890 1592 ipse
1912 1559 2041 1592 quoque
2064 1559 2178 1592 parvus

1162 1596 1262 1635 adeo,
1287 1604 1323 1629 ut
1347 1594 1426 1628 bilis
1449 1593 1618 1630 transitum
1641 1591 1800 1635 impedire
1824 1602 1888 1624 non
1911 1590 2012 1634 posset
2036 1603 2042 1624 :
2080 1603 2178 1635 quarn

1162 1638 1200 1673 ad
1224 1639 1371 1673 intestina
1394 1634 1534 1670 habuisse
1558 1636 1706 1675 aditum,
1729 1633 1785 1668 etsi
1796 1635 1830 1668 in
1841 1634 2005 1670 Duodeno
2017 1646 2073 1669 nec
2087 1646 2180 1669 mon-

1162 1683 1284 1716 ticulus
1307 1680 1443 1714 extremi
1466 1680 1574 1713 bilarii
1598 1679 1712 1714 ductus
1734 1678 1919 1718 indicium,
1942 1689 1998 1712 nec
2020 1677 2108 1722 quod
2119 1678 2179 1722 ipsi

1164 1726 1285 1769 apponi
1310 1724 1411 1764 solet,
1438 1721 1608 1758 fraenulum
1629 1723 1800 1764 conspicua
1825 1720 1946 1757 fuerint
1959 1746 1972 1763 ,
1996 1722 2058 1755 alvi
2070 1732 2178 1756 tamen

1163 1778 1355 1803 recrementa
1380 1766 1570 1803 indicabant
1594 1765 1750 1800 subviridi
1772 1765 1882 1799 colore
1905 1766 2008 1800 tin-sta
2033 1790 2040 1797 .
2075 1767 2179 1801 Renes

1164 1815 1254 1856 parvi
1280 1812 1336 1845 visi
1363 1812 1433 1845 sunt
1458 1822 1517 1853 pro
1540 1812 1684 1852 corporis
1718 1809 1803 1842 mole
1826 1834 1835 1844 .
1926 1808 2076 1843 Valvulae
2110 1812 2179 1844 ori-

1166 1856 1249 1889 ficiis
1271 1855 1377 1889 cordis
1400 1865 1470 1898 quae
1495 1853 1646 1886 venosum
1669 1853 1853 1896 sanguinem
1871 1852 2049 1886 admittunt
2063 1879 2072 1889 .
2097 1864 2179 1895 prae-

1161 1898 1276 1938 feetae,
1301 1898 1337 1932 ab
1359 1909 1393 1931 ea
1417 1897 1499 1931 facie
1521 1908 1581 1939 qua
1605 1895 1747 1939 spectant
1770 1897 1853 1930 inter
1876 1895 1928 1937 se,
1952 1894 2115 1931 nonnullae
2139 1897 2178 1930 ad

1161 1942 1299 1976 limbum
1322 1941 1565 1985 protuberantes
1587 1940 1672 1982 quasi
1695 1938 1861 1983 glandulas
1872 1939 2191 1983 ostenderunt,quae.

1161 1998 1202 2020 ex
1223 1984 1315 2018 densa
1340 1987 1448 2022 intus,
1470 1982 1623 2026 firmaque
1647 1982 1817 2017 substantia
1840 1983 2153 2027 compingebantur.

1251 2028 1310 2062 Sed
1333 2041 1349 2062 a
1373 2030 1516 2064 ventre,
1540 2030 1572 2060 &
1597 2025 1748 2061 Thorace
1771 2038 1809 2060 eo
1831 2026 1961 2061 demum
1985 2039 2051 2070 quo
2085 2038 2180 2070 expe-

1161 2074 1252 2112 stas,
1275 2072 1315 2106 ad
1339 2072 1517 2105 Cerebrum
1540 2073 1653 2104 venio.
1679 2069 1789 2114 Hujus
1806 2069 2077 2116 hemisphaerium
2101 2070 2178 2104 dex-

1163 2126 1267 2150 terum
1291 2115 1477 2149 inchoatam
1500 2113 1554 2147 sub
1578 2115 1689 2148 Tenui
1713 2114 1819 2148 menin
1844 2127 1860 2148 e
1892 2112 2077 2149 effusionem
2107 2112 2180 2147 san-

1163 2161 1271 2202 guinis
1292 2157 1473 2193 ostendebat
1497 2169 1530 2190 ea
1554 2166 1640 2199 parte
1662 2169 1724 2201 qua
1756 2156 1813 2191 fini
1844 2170 1915 2193 rum
1947 2157 1985 2193 ad
2019 2157 2179 2191 anteriora

1163 2204 1351 2245 contingit:
1373 2202 1444 2235 vasa
1470 2212 1599 2243 quoque
1623 2201 1828 2244 turgidiora‚
1851 2213 1950 2245 quam
1982 2199 2141 2235 sinistrum
2165 2226 2173 2233 .

1164 2247 1204 2278 In
1228 2247 1290 2280 hoc
1315 2255 1446 2286 tamen,
1464 2243 1555 2286 cujus
1578 2254 1744 2287 propterea
1769 2244 1838 2278 vasa
1860 2254 1953 2278 erant
1977 2245 2083 2279 minus
2107 2254 2178 2281 tur-

1162 2288 1240 2332 gida
1262 2312 1274 2329 ,
1311 2299 1423 2331 magna
1448 2289 1536 2320 intus
1558 2287 1643 2329 quasi
1679 2289 1713 2320 in
1746 2287 1856 2322 medio
1889 2287 2010 2321 latebat
2042 2299 2176 2322 caverna

1161 2334 1196 2365 in
1233 2332 1400 2366 medullari
1431 2330 1602 2365 substantia
1640 2330 1810 2365 secundum
1845 2331 2086 2375 longitudinem
2120 2343 2176 2366 ex-

1160 2385 1270 2408 cavata
1296 2401 1305 2415 ‚
1354 2376 1535 2417 nigerrimo
1579 2373 1806 2408 semiconcreto
1851 2375 2002 2417 sanguine
2049 2375 2140 2417 plena
2163 2400 2173 2407 .

1160 2418 1242 2462 Ejus
1285 2419 1420 2462 parietes
1453 2427 1593 2450 cavernae
1628 2428 1694 2450 non
1730 2417 1829 2451 modo
1872 2426 1962 2451 erant
1997 2418 2104 2461 paffim
2127 2419 2175 2452 la-

1160 2462 1259 2495 cerati
1283 2474 1293 2500 5
1343 2461 1390 2494 sed
1426 2472 1480 2503 per
1514 2458 1656 2493 foramen
1693 2484 1702 2499 ,
1746 2460 1845 2504 digiti
1890 2463 2012 2504 apicem
2057 2462 2174 2496 admit-

1157 2514 1226 2538 tens
1248 2528 1261 2544 ,
1295 2503 1426 2546 pertuso
1449 2514 1582 2545 corpore
1609 2504 1730 2537 Striato
1753 2528 1765 2544 ‚
1797 2506 1832 2538 in
1855 2506 2068 2539 ventriculum
2099 2505 2174 2540 fini-

1156 2548 1256 2582 strum
1281 2547 1452 2589 patebant:
1477 2546 1537 2579 hac
1563 2547 1613 2579 via
1637 2547 1780 2581 multum
1812 2547 2093 2591 sanguinolentum
2126 2550 2173 2584 se-

1161 2603 1234 2627 rum
1268 2589 1428 2632 pervasisse
1460 2588 1628 2624 videbatur
1649 2614 1662 2631 ,
1697 2590 1786 2634 quod
1818 2603 1889 2625 eum
1920 2594 2136 2628 ventriculum
2161 2617 2172 2633 ,

1161 2637 1194 2668 δε
1218 2635 1385 2669 dexterum
1407 2644 1557 2676 quoque,
1579 2633 1728 2677 disrupto
1750 2633 1842 2678 septo
1867 2636 1992 2669 Lucido
2011 2660 2024 2677 ,
2056 2638 2171 2679 opple-

1163 2678 1217 2711 bat
1241 2703 1248 2709 .
1285 2680 1388 2711 Porro
1410 2677 1619 2717 Fornneerat
1646 2678 1792 2720 integer,
1816 2678 1988 2722 plexusque
2023 2679 2170 2714 Choroi-

1160 2721 1216 2755 des
1232 2734 1244 2772 ε.
1264 2721 1543 2772 εεῑεὺείῐῇᾖαυῖεῐῑ]
1567 2720 1638 2755 vasa
1662 2730 1737 2755 toto
1759 2733 1887 2765 quoque
1919 2721 2042 2757 sinistro
2074 2725 2169 2757 latere

1158 2776 1298 2799 maxime
1321 2772 1451 2808 turgida
1466 2789 1473 2795 .
1576 2778 1578 2782 ν

1212 2820 1240 2852 5.
1288 2810 1320 2841 Si
1365 2808 1452 2852 quod
1498 2808 1621 2851 aiebant
1644 2832 1657 2850 ,
1702 2808 1773 2851 ipso
1818 2808 1974 2844 viscerum
2021 2812 2167 2845 examine

1159 2851 1248 2888 haud
1290 2852 1467 2895 plurimum
1512 2852 1579 2885 sane
1624 2861 1821 2894 repugnante
1844 2876 1858 2894 ‚
1903 2865 2013 2888 verum
2058 2854 2122 2888 fuit
2153 2878 2166 2894 ‚

1160 2895 1282 2930 morbis
1324 2896 1408 2930 hunc
1454 2892 1618 2928 hominem
1653 2905 1815 2938 nunquam
1847 2894 1938 2930 fuisse
1971 2907 2166 2938 tentatum5

1161 2939 1232 2982 post
1254 2948 1319 2972 tam
1343 2940 1474 2981 longam
1497 2939 1768 2981 tranquillitatem
1801 2949 1918 2981 quanta
1941 2963 1954 2980 ,
1984 2950 2021 2974 ut
2053 2941 2130 2974 solet
2152 2965 2167 2982 ,

1161 2986 1193 3017 δε
1216 2993 1312 3024 quam
1345 2982 1494 3015 diuturna
1532 2980 1659 3015 fortasse
1683 3005 1692 3019 ‚
1734 2982 1897 3025 tempestas
1929 2984 2128 3026 impenderet
2150 3010 2164 3026 ,

1162 3038 1201 3058 ex
1223 3025 1372 3068 jecinoris
1391 3024 1622 3059 constitutione
1645 3024 1739 3059 facile
1761 3026 1918 3070 intelligis
1944 3052 1951 3059 .
1979 3028 2039 3062 Sed
2074 3029 2164 3063 illam
2200 3063 2204 3066 ,

1159 3071 1317 3103 nimirum
1342 3070 1506 3111 praevertit
1539 3069 1732 3104 acutissimus
1765 3070 1895 3106 morbus
1921 3096 1929 3111 ‚
1964 3073 2021 3113 qui
2052 3070 2163 3104 homi-

1158 3124 1229 3146 nem
1263 3122 1387 3154 repentc
1423 3111 1578 3146 sustulit.
1622 3112 1681 3146 Sed
1714 3112 1926 3147 acutissimum
1957 3114 2041 3148 hunc
2074 3126 2163 3148 mor—

1157 3156 1235 3190 bum
1281 3167 1357 3189 num
1402 3154 1486 3188 forte
1531 3156 1692 3189 inveenim
1734 3155 1981 3190 existimabimus
2025 3158 2064 3191 ab
2095 3158 2162 3193 illis

1155 3199 1287 3233 calculis
1310 3210 1388 3242 quos
1412 3200 1446 3231 in
1469 3198 1601 3233 vesicula
1624 3198 1708 3233 fellis
1730 3198 1997 3242 deprehendimus
2021 3199 2035 3233 ?
2080 3203 2162 3236 Non

1134 3242 1324 3287 (defuerunt
1368 3251 1450 3275 certe
1494 3243 1550 3286 qui
1593 3240 1659 3284 ejus
1692 3242 1831 3276 veficulae
1865 3243 2004 3277 calculos
2037 3246 2161 3288 apople-

1154 3287 1213 3320 xiae
1258 3286 1398 3319 auHores
1444 3287 1690 3328 pronunciarent
1735 3286 1826 3327 (h)
1872 3286 1934 3321 suis
1956 3310 1969 3327 ,
2013 3290 2045 3320 δε
2079 3290 2160 3322 alio-

1156 3341 1226 3363 rum
1273 3328 1436 3371 produffis
1480 3329 1754 3362 observationibus
1776 3352 1789 3368 ,
1820 3330 1876 3372 qui
1908 3341 1961 3363 eos
2005 3332 2038 3363 in
2082 3344 2159 3374 apo-

1150 3373 1295 3415 plecticis
1327 3373 1506 3404 invenere:
1540 3384 1707 3414 earumque
1752 3382 1917 3407 numerum
1962 3374 2032 3407 aliis
2073 3375 2159 3409 insu.

1151 3427 1206 3458 per
1229 3439 1242 3456 ,
1264 3418 1298 3449 &
1319 3413 1431 3448 nostris
1454 3426 1579 3459 quoque
1614 3419 1628 3454 (
1649 3417 1661 3448 i
1683 3418 1696 3455 )
1730 3427 1841 3457 augere
1865 3415 2042 3460 possemus.
2067 3419 2158 3452 Con-

1152 3470 1202 3492 tra
1216 3483 1229 3499 ,
1253 3457 1494 3491 Weitbrechtns
1516 3462 1531 3498 (
1552 3459 1570 3500 l<
1591 3463 1605 3498 )
1627 3469 1700 3491 cum
1722 3460 1756 3492 in
1778 3459 1887 3494 eodem
1912 3460 2026 3493 morbo
2047 3460 2155 3495 decem

1151 3502 1199 3535 ibi
1234 3502 1365 3544 lapillos
1400 3501 1568 3545 angulosos
1590 3525 1604 3542 ,
1636 3502 1669 3534 in
1704 3501 1806 3545 iisque
1835 3502 1915 3537 duos
1947 3514 2010 3535 non
2035 3513 2158 3579 fiia-arvos

2012 3558 2033 3578 o
2061 3558 2115 3579 en-

1115 3664 1125 3675 ,.
1158 3664 1177 3677 ,,
1476 3666 1479 3669 ,

186 3756 197 3772 ι
240 3746 312 3776 Epist.
332 3754 368 3777 33.
384 3755 409 3772 n.
429 3755 451 3778 3.
512 3747 527 3776 (
541 3746 558 3771 d
573 3747 587 3776 )
603 3750 638 3772 De
653 3747 731 3772 nervis
747 3748 829 3777 optie.
847 3748 920 3778 Epist.
938 3756 962 3773 ².

156 3749 166 3778 s
218 3747 225 3776 )

156 3781 203 3840 ἓὶ
216 3779 231 3838 3
246 3785 489 3834 goss‘mss'cfffiss's,
505 3808 534 3832 A.
554 3815 619 3839 ¹734·
637 3808 713 3833 Hebd.
731 3817 753 3839 9.
769 3816 794 3833 n.
811 3816 836 3834 ι.

654 3777 659 3781 ¹
1026 3746 1034 3776 (
1052 3756 1065 3771 ε
1080 3747 1094 3776 )
1112 3751 1204 3774 Annot.
1222 3749 1247 3773 in
1263 3749 1378 3777 Hippocr.
1396 3751 1425 3775 de
1439 3753 1528 3777 Gland.
1547 3751 1603 3776 vers.
1622 3760 1676 3782 103.

540 3777 551 3810 (
570 3779 584 3800 Ι,
603 3786 611 3807 )
629 3777 685 3801 Vid-
702 3779 764 3808 Eph.
781 3780 814 3803 N.
832 3780 862 3804 C.
881 3781 952 3804 Cent.
970 3787 992 3808 4.
1009 3777 1069 3803 Obs.
1089 3783 1143 3808 169-

1205 3780 1221 3809 (
1236 3781 1246 3803 i
1261 3781 1275 3809 )
1290 3779 1362 3808 Ewst.
1384 3782 1426 3807 IV,
1442 3790 1466 3806 Π.
1486 3791 1520 3813 13-
1537 3782 1560 3807 ἃ
1579 3785 1606 3808 ν·
1622 3791 1645 3807 ῃ.
1661 3787 1682 3809 6.
1702 3752 1807 3813 Χ9.(’1Ἶ
1822 3762 1847 3779 n.
1867 3762 1888 3784 9-
1907 3764 1933 3781 in
1948 3756 2005 3781 edii.
2024 3757 2154 3785 Marinem
