2498 4075
353 227 576 296 Epistola
615 229 774 280 Anat.
811 227 1027 282 Medica
1051 228 1210 282 “XlV..
1245 227 1367 279 Art.
1402 243 1444 294 3.
1478 242 1526 291 4.
1567 244 1608 289 ς.
1645 229 1698 280 δι
1731 230 1775 279 6.

63 319 118 353 per
138 318 246 341 aurern
269 316 380 348 pure„
412 305 559 346 homines
582 303 664 346 quasi
696 313 818 347 repente
851 306 1029 340 moriuntur
1052 329 1060 336 .

62 353 110 386 At
134 351 217 383 enim
235 373 245 389 ,
268 349 418 393 inquietus,
443 350 544 384 serum
567 345 656 394 quod
678 348 763 381 intra
785 351 928 383 cranium
953 349 1061 392 depre-

63 394 176 429 hendit
200 393 385 435 Verneyus,
410 404 473 433 non
495 402 558 425 erat
581 401 646 433 ejus
669 389 768 424 fimile
792 404 862 434 quae
882 404 934 433 per
953 402 1062 426 'aurem

66 437 235 481 prodibat,
256 437 401 469 materiae
422 449 432 475 5
466 435 519 469 hic
544 444 650 469 autem
680 446 751 477 quae
775 435 844 478 post
866 445 1003 468 mortem
1025 447 1064 468 ex

67 481 193 514 auribus
211 503 223 520 ,
261 483 291 514 ἅτ
316 480 442 513 naribus
466 479 601 521 plurima
624 476 753 510 effluxit
774 502 786 517 ,
806 477 913 512 eadem
936 479 1065 512 videtur

66 525 164 559 sanies
187 522 275 556 fuisse
297 535 366 566 quae
389 533 427 555 ex
452 533 522 556 aure
545 521 625 554 olim
648 519 799 555 effluebat
819 548 827 554 .
870 521 966 564 Qafi
991 532 1066 555 vero

67 578 131 603 non
155 565 212 599 nisi
237 578 253 599 e
275 566 373 599 cranii
397 576 476 598 cavo
496 567 530 597 in
552 575 648 597 aures
662 564 807 607 naresque
818 576 978 608 erumpere
1001 563 1068 607 post

67 619 208 645 mortem
231 607 380 652 potuisset
394 607 406 640 Ξ,
420 619 493 642 cum
516 609 609 641 Sinus
635 608 799 641 Pituitarii
823 610 857 641 in
897 607 958 642 nasi
982 608 1064 641 inte-

68 656 155 690 riora
180 662 329 697 pateant,
352 653 385 683 in
407 663 478 695 quae
502 654 534 684 ὃς
558 648 769 684 Eustachiana
793 651 888 685 Tuba
909 664 919 691 5
943 653 976 684 in
999 651 1067 684 illis

68 708 175 733 autem
199 696 325 730 Sinibus
342 718 354 735 ‚
379 696 410 727 &
434 696 559 728 aurium
580 694 687 733 cavis,
710 701 830 727 retenta
854 707 870 727 a
895 695 1032 728 Medicis
1057 717 1065 732 ‚

69 743 168 776 sanies
190 739 325 776 secerni,
347 740 379 770 &
402 736 579 774 coacervari
604 738 764 779 potuerit.
790 736 848 771 Sed
860 737 951 778 vide,
975 749 1070 781 quam

70 785 175 828 dispar
199 783 284 822 tibi,
307 784 338 815 &
364 781 447 814 mihi
471 780 601 814 infideat
624 782 738 822 opinio
762 806 771 814 .
803 783 878 823 Ego
899 791 982 814 certe
1014 779 1070 821 etsi

72 827 200 863 candem
221 837 289 868 quae
314 835 367 868 per
390 836 495 858 aurem
521 822 735 858 exire2solebat
748 847 762 864 ,
784 823 901 857 saniem
923 836 986 857 non
1000 835 1071 864 mo-

72 873 140 912 do,
161 879 197 905 ut
221 870 314 909 dixi,
339 867 484 901 vidissem
508 869 542 900 in
563 867 664 900 cranii
689 878 791 907 cavo,
815 867 865 901 sed
888 866 1071 901 viaminsu-

76 926 130 959 per
163 926 179 946 a
202 913 287 945 carie
320 910 439 944 factam
462 923 532 954 quae
566 910 605 943 ab
627 909 689 943 hoc
722 911 756 943 in
790 922 895 944 aurem
928 919 1072 953 pateret,

73 970 138 993 non
162 966 264 989 tamen
287 955 447 988 continuo
470 951 741 997 pronunciassem,
764 965 780 986 a
803 953 933 986 cerebro
957 953 995 987 ad
1020 965 1075 986 au-

73 1013 139 1037 rem
163 998 331 1043 pervenisse
353 1020 364 1036 ,
385 997 435 1031 sed
460 998 569 1040 potius
592 1005 701 1029 contra
720 1019 732 1037 ,
765 997 803 1030 ab
825 1008 899 1031 aure
930 996 968 1030 ad
991 1007 1076 1029 cere-

28 1066 33 1071 ,
73 1048 185 1081 brum.
211 1041 302 1082 Qid
325 1040 396 1074 ita?
419 1043 538 1075 Dicam
556 1064 570 1081 ,
602 1050 676 1074 cum
699 1039 775 1074 duas
805 1051 882 1083 quas
905 1039 1041 1084 subjicio
1064 1063 1076 1080 ,

74 1087 243 1135 perlegeris
262 1084 506 1119 Observationes
517 1108 525 1116 .

121 1143 151 1175 3.
176 1129 380 1164 PUERUM
403 1127 595 1161 variolarum
630 1126 773 1168 reliquiae
795 1127 876 1161 olim
908 1128 987 1160 male
1020 1127 1077 1161 ha-

74 1175 210 1209 buerant
233 1172 270 1205 ad
293 1182 400 1205 aurem
423 1169 582 1204 dexteram
596 1194 603 1201 .
631 1170 761 1203 Tumor
783 1171 920 1215 denique
942 1171 1076 1204 obortus

76 1217 119 1252 est
145 1243 154 1257 ,
187 1227 262 1250 cum
285 1226 403 1248 annum
426 1223 530 1255 ageret
554 1212 781 1248 duodecimum
801 1239 811 1254 ‚
845 1226 929 1258 pone
951 1213 1080 1247 eandem

77 1272 209 1301 aurem,
231 1270 301 1302 qua:
325 1257 415 1291 surda
439 1267 505 1291 erat
529 1280 542 1298 ,
575 1260 607 1290 δε
632 1267 707 1299 pure
728 1257 874 1291 manabat
889 1281 897 1289 .
923 1259 1080 1291 Tumoris

77 1303 305 1347 integumentis
329 1312 345 1334 a
366 1300 537 1344 Chirurgo
562 1299 733 1334 secundum
766 1303 879 1344 capitis
903 1300 1082 1343 longitudi-

77 1360 151 1382 nem
173 1344 279 1381 incisis
306 1370 314 1384 ‚
346 1356 409 1387 pus·
428 1355 490 1378 non
524 1354 658 1385 paucum
682 1342 811 1378 effluxit
834 1345 927 1388 quale
948 1356 986 1377 ex
1010 1356 1081 1378 aure

102 1390 228 1425 rodibat
243 1414 251 1422 .
275 1389 417 1431 Aliquot
451 1386 519 1431 post
541 1398 609 1420 eam
631 1386 817 1421 incisionem
840 1388 929 1422 horis
952 1387 1081 1420 convul-

77 1404 178 1470 siones
202 1443 334 1477 puerum
357 1429 592 1474 prehenderunt
611 1455 619 1469 ,
642 1439 679 1463 ut
702 1438 778 1463 toto
801 1442 937 1474 corpore
961 1430 1084 1464 subsili-

78 1487 151 1519 ret,
173 1485 351 1518 vocemque
375 1475 498 1508 invitus
519 1472 675 1516 quandam
690 1495 701 1511 ,
726 1475 810 1507 inter
831 1476 1027 1511 clamorem,
1052 1476 1083 1507 δε

78 1522 240 1566 gemitum
264 1517 404 1552 mediam
423 1540 435 1558 ,
472 1518 616 1550 emittere
639 1527 806 1559 cogeretur
828 1544 836 1552 .
867 1519 948 1551 Haec
970 1542 979 1557 ‚
1014 1527 1085 1550 turn

77 1566 189 1601 crebro
212 1562 403 1596 recurrentia
422 1584 434 1601 ,
457 1560 540 1593 faeta
562 1558 675 1599 deinde
700 1561 817 1593 rariora
838 1583 850 1601 ,
887 1560 923 1594 ad
948 1570 1085 1593 mortem

79 1605 401 1652 usque-,perstiterunt
421 1627 429 1635 .
465 1603 592 1636 Eodem
616 1611 721 1636 autem
754 1604 813 1637 illo
845 1603 897 1637 die
920 1615 985 1646 quo
1018 1604 1084 1646 pri-

79 1662 169 1687 mum
190 1646 409 1683 convulfiones
432 1647 617 1688 ingruerunt
631 1669 643 1686 ,
668 1646 785 1680 acceffit
810 1646 903 1681 dolor
920 1658 980 1690 qua
1001 1649 1085 1680 inte-

79 1703 250 1739 gumenta,
275 1700 312 1724 ut
335 1689 502 1729 diximus,
525 1689 620 1722 incisa
644 1688 768 1722 fuerant
789 1702 798 1722 .·
823 1700 951 1734 eratque
974 1689 1088 1723 seetio-

80 1740 130 1772 nis
153 1737 243 1770 illius
267 1742 352 1767 certa
376 1744 447 1776 pars
471 1732 558 1766 sensu
583 1731 660 1765 adeo
672 1732 830 1775 exquisito
845 1759 853 1774 ‚
877 1744 914 1768 ut
937 1744 974 1767 ne
998 1732 1088 1766 levis-

78 1782 197 1816 simum
219 1777 351 1823 quidem
374 1777 496 1810 tactum
520 1775 636 1809 ferret.
661 1778 789 1811 Diebus
813 1776 1053 1820 insequentibus
1078 1798 1087 1813 a

78 1824 137 1859 etsi
160 1834 218 1867 pus
242 1822 338 1856 fluere
361 1820 531 1862 pergebat,
553 1820 654 1861 coepit
678 1830 759 1863 aeger
770 1820 901 1853 delirare
919 1844 929 1860 ,
953 1820 1090 1853 viribus-

79 1903 82 1905 ,
105 1880 142 1907 ue
164 1890 177 1908 ,
199 1877 233 1900 ac
255 1861 397 1910 pulsibus
419 1865 554 1896 omnino
575 1862 702 1896 destitui
725 1889 732 1896 .
763 1864 964 1908 Conquievit
986 1863 1090 1906 postea

79 1879 259 1946 (delirium,
286 1907 427 1949 visusque
450 1917 528 1949 puer
549 1903 699 1939 nonnihil
723 1908 827 1945 vires,
852 1905 1022 1950 pulsusque
1045 1918 1092 1940 re-

80 1965 230 1998 cuperare
246 1979 254 1992 ‚
276 1952 397 1994 vegetis
420 1950 524 1983 oculis
555 1949 709 1992 aspiciens
729 1973 738 1988 ‚
777 1953 807 1984 &
833 1950 965 1994 loquens
987 1974 994 1981 .
1032 1949 1091 1984 Sed

80 2007 263 2042 quanquam
287 1994 452 2038 postremis
475 1992 549 2035 ipsis
571 1993 647 2026 vitae
669 1991 781 2027 diebus
793 1994 919 2033 locutus
941 1991 1003 2033 est,
1027 1993 1091 2036 spi-

82 2044 248 2083 ritumque
271 2038 390 2081 semper
413 2035 507 2069 facile
531 2035 646 2075 duxit3
670 2044 776 2070 tamen
800 2038 916 2071 iterum
929 2035 1018 2080 pejor
1039 2036 1092 2070 fa-

79 2085 154 2120 ἃιις
170 2108 183 2125 ,
205 2081 329 2116 deceffit
353 2080 411 2114 sub
449 2080 582 2113 initium
606 2078 771 2122 Februarii
793 2082 835 2114 A.
865 2091 957 2124 1740.
983 2081 1091 2117 Quam

81 2140 156 2163 curn
180 2126 264 2165 mihi
287 2123 456 2158 historiam
480 2122 647 2156 narrassent
670 2125 883 2166 quipuerum
906 2132 1091 2157 curaverant

77 2174 117 2206 ‚in
139 2169 306 2204 novissimo
328 2167 390 2202 hoc
415 2167 529 2200 morbo
551 2177 561 2204 3
586 2165 690 2198 visum
714 2166 755 2199 est
775 2189 787 2206 ,
820 2178 884 2199 non
908 2178 924 2199 a
956 2169 1093 2200 tumoris

81 2213 233 2249 incisione
256 2210 468 2255 graviffimas,
491 2220 561 2252 quae
584 2207 688 2250 ipsum
712 2208 916 2250 afflixerant,
940 2211 972 2242 &
996 2209 1093 2244 sustu-

78 2260 210 2297 lerant,
232 2266 354 2294 noxas,·
377 2252 429 2286 sed
452 2265 467 2284 a
491 2252 576 2284 carie
599 2249 689 2297 fuisse
710 2250 780 2285 offis
815 2260 998 2296 temporum
1021 2265 1092 2295 quae

87 2301 181 2336 simul
206 2308 368 2332 tumorem
391 2293 576 2335 excitasset,
599 2293 691 2328 simul
714 2295 749 2328 in
771 2297 873 2328 cranii
896 2306 1010 2329 cavum
1020 2308 1091 2339 per-

83 2341 237 2382 venisset,
261 2345 293 2375 &
317 2338 358 2372 fic
382 2338 516 2381 denique
540 2338 573 2370 iu
587 2335 650 2370 hoc
661 2339 759 2372 etiam
768 2362 781 2379 ‚
805 2339 930 2372 aditum
942 2341 1092 2380 purulen-

84 2396 126 2422 tae
150 2385 291 2420 ma-teriae
313 2380 499 2425 aperuisset.
524 2382 609 2414 Cum
632 2382 700 2414 haec
724 2379 948 2424 respondissem
972 2382 1004 2414 in
1017 2383 1092 2425 Gy-

81 2429 294 2471 mnafioquo
317 2427 446 2459 allatum
471 2424 573 2457 fuerat
596 2425 687 2465 pueri
709 2434 828 2466 caput5
852 2425 990 2467 experiri
1014 2436 1093 2459 con..

85 2476 181 2508 ti-nuo
203 2470 325 2514 placuit
346 2492 359 2510 ,
393 2478 470 2501 num
495 2478 543 2499 me
575 2467 759 2513 conjectura
781 2465 959 2501 fefellisset.

84 2515 245 2552 FACIES
268 2513 376 2547 colore
398 2513 496 2544 etiam
517 2520 590 2544 tum
614 2512 706 2544 roseo
734 2514 747 2550 (
768 2521 898 2554 quartus
921 2520 987 2545 erat
1019 2511 1090 2554 post

84 2569 225 2596 mortem
247 2557 313 2591 dies
334 2559 348 2596 )
371 2554 504 2598 pulchra
524 2578 537 2595 ,
570 2565 624 2586 nec
647 2555 719 2588 ullo
744 2554 844 2588 modo
867 2554 1055 2590 cicatricosa
1076 2567 1091 2597 ;

84 2613 125 2639 ut
149 2601 290 2647 proclive
318 2597 394 2641 esset
419 2599 597 2641 intelligere
617 2620 629 2638 ,
662 2598 860 2632 variolarum
882 2599 949 2631 vim
983 2599 1090 2633 minus

85 2648 166 2682 olim
190 2648 224 2678 in
249 2654 353 2678 cutem
378 2642 406 2676 se
431 2640 591 2676 effudisse.
723 2643 848 2675 Cranio
873 2651 983 2685 aperto
1003 2666 1016 2684 ,
1038 2644 1091 2676 in-

85 2689 259 2735 speffisque
281 2686 481 2721 Lat-eralibus
505 2684 632 2719 Sinibus
643 2684 758 2719 Crassae
782 2687 941 2730 meningis
964 2685 1091 2728 sangui-

86 2746 125 2768 ne
149 2733 250 2776 plenis
270 2753 279 2768 ,
309 2730 481 2774 eodemque
505 2729 644 2771 turgidis
677 2730 753 2770 vasis
776 2739 831 2772 per
855 2731 1003 2763 Tenuem
1026 2728 1090 2763 dis-

86 2776 287 2811 currentibus
300 2798 310 2816 ,
331 2774 473 2817 primum
495 2772 666 2806 ventriculi
687 2772 818 2812 dexter,
844 2771 1027 2817 sinisterque
1042 2784 1091 2805 re-

88 2820 165 2854 clusi
189 2819 285 2858 sunt,
307 2820 339 2851 δε
362 2829 439 2861 aqua
461 2818 494 2850 in
519 2816 578 2849 illo
603 2827 699 2858 pauca
719 2839 732 2857 ,
766 2817 800 2849 in
824 2815 885 2850 hoc
908 2827 972 2849 non
996 2827 1091 2858 pauca

88 2871 208 2906 reperta
231 2860 293 2903 est,
317 2861 434 2900 credo,
455 2861 529 2903 quia
552 2858 673 2894 doloris
694 2860 785 2893 causa
809 2861 841 2892 in
865 2859 1022 2893 sinistrum
1044 2860 1092 2892 la-

88 2918 142 2942 tus
163 2904 433 2941 cubaremalebat
456 2915 554 2947 quam
578 2904 612 2935 in
635 2902 799 2936 dexterum
819 2915 830 2942 5
854 2905 886 2935 ὃς
909 2903 979 2937 sane
999 2928 1009 2944 ,
1045 2912 1093 2935 at-

89 2949 236 2985 tollendo
259 2946 365 2981 senfim
385 2947 552 2981 Callosum
574 2957 689 2989 corpus
709 2970 721 2987 ,
745 2945 847 2980 visum
871 2956 938 2979 erat
961 2955 1093 2990 ruptum

87 3003 176 3029 certo
200 2994 233 3025 in
257 2992 329 3024 loco
351 2991 473 3034 septum
496 2989 674 3027 Lucidum3
700 3001 881 3033 quanquam
914 3001 957 3023 ece
990 3001 1093 3032 partes

88 3037 207 3073 cerebri
232 3043 319 3076 erant
341 3034 517 3069 laxiffimae.
540 3035 588 3067 At
611 3043 694 3066 certe
727 3035 753 3067 is
776 3033 942 3067 decubitus
965 3033 1094 3068 facilio-

89 3092 157 3116 rem
181 3077 356 3113 introrsum
379 3077 493 3111 fecerat
519 3075 702 3111 effufionem
725 3078 811 3119 puris
829 3090 839 3108 :
863 3077 949 3119 quod
975 3100 984 3117 ,
1009 3089 1093 3111 cere-

89 3125 184 3160 brum
207 3134 285 3156 mox
306 3121 485 3154 attollentes
505 3145 518 3162 ,
550 3120 690 3156 vidimus
712 3121 746 3153 in
778 3132 857 3154 cavo
879 3121 968 3154 Sellae
991 3122 1095 3165 Equi-

89 3181 161 3208 nae,
179 3170 216 3208 ἃ
240 3165 335 3209 paulo
358 3163 425 3206 post
455 3176 528 3198 cum
550 3164 737 3199 cerebellum
770 3174 994 3198 removeremus
1011 3188 1024 3205 ,
1053 3165 1094 3200 ad

91 3212 259 3246 dexterum
281 3219 407 3250 quoque
431 3206 523 3249 huius
549 3208 631 3242 latus
654 3207 694 3241 fic
717 3216 754 3242 ut
785 3210 872 3251 puris
896 3208 1018 3251 aliquid
1040 3210 1093 3241 de-

88 3254 236 3291 scendisse
260 3252 420 3285 videretur
443 3251 480 3285 ad
502 3253 634 3286 initium
659 3251 798 3293 Spinalis
821 3251 986 3285 medullae.
1009 3253 1092 3287 Adi-

88 3311 142 3335 tus
168 3298 256 3340 puris
280 3297 314 3328 in
336 3293 439 3328 cranii
463 3305 597 3337 cavum,
620 3304 656 3329 ut
679 3295 830 3329 omnibus
854 3296 910 3338 qui
935 3296 1063 3329 aderant
1079 3320 1090 3336 ‚

83 3342 233 3389 ,praeclare
256 3339 471 3378 ostendimus,
490 3339 523 3371 in
545 3351 579 3372 ea
603 3338 683 3372 facie
705 3349 771 3371 erat
794 3337 912 3372 Petrosi
935 3339 1090 3381 processus

91 3387 160 3423 offis
183 3393 365 3426 temporum
386 3381 508 3415 dexteri
526 3405 539 3422 ,
568 3394 665 3426 quarn
687 3381 803 3416 faciem
827 3393 900 3416 cum
923 3382 978 3415 alii
994 3383 1089 3424 poste.-

89 3432 202 3465 riorem
215 3452 227 3469 ,
249 3427 307 3460 alii
329 3427 483 3459 internam
506 3429 548 3459 (9·
573 3425 750 3469 inferiorem
773 3427 916 3458 vocitent
941 3438 952 3465 5
983 3435 1019 3459 tu
1043 3429 1089 3460 ci-

90 3476 156 3507 tius
179 3471 357 3513 intelliges,
382 3478 418 3502 ut
440 3469 557 3511 opinor
579 3492 589 3508 ,
616 3469 639 3503 fi
660 3481 727 3503 eam
750 3468 868 3502 faciem
890 3469 1005 3504 dixero
1026 3483 1088 3514 qua

89 3514 210 3551 Petrosi
242 3513 398 3557 processus
421 3510 562 3552 dexter,
594 3515 625 3546 &
648 3512 767 3547 sinister
798 3513 972 3555 respiciunt
1005 3516 1090 3548 inter

94 3560 143 3594 se.
168 3561 206 3592 In
228 3570 261 3592 ea
285 3558 370 3591 enim
394 3554 474 3588 facie
497 3554 536 3588 ad
559 3556 653 3590 illum
677 3557 982 3600 ipsumangulum,
1005 3558 1027 3591 si
1042 3570 1089 3591 re-
1119 3558 1122 3561 ’

80 3604 140 3637 ἃε
155 3603 314 3641 memini,
333 3599 394 3642 qui
417 3600 500 3632 inter
524 3599 617 3633 Sinus
634 3599 718 3633 duos
740 3600 918 3633 La-te-ralem
937 3604 959 3641 ,'
974 3605 1006 3635 δε
1031 3604 1089 3636 Su-

91 3647 247 3690 periorem
270 3656 309 3679 ex
330 3641 551 3686 adjacentibus
574 3644 710 3685 Equinae
722 3644 831 3684 Sellae,
856 3645 1089 3688 intercipitur,

151 3839 165 3872 ς
180 3833 193 3857 b
209 3834 223 3862 )
239 3835 309 3859 Pane
323 3832 375 3858 ead.
389 3834 471 3859 Trast.
488 3835 530 3860 cit.
548 3832 615 3863 supra
627 3847 635 3861 ,
651 3839 678 3856 n.
696 3841 718 3856 2.
781 3832 796 3862 (
807 3838 819 3854 c
834 3830 842 3859 )
860 3839 887 3856 n.
904 3839 925 3861 3,

1959 247 2051 293 109

1112 304 1256 339 foramen
1291 302 1411 337 fecerat
1432 305 1531 337 caries
1562 302 1667 336 forma
1700 301 1932 345 propemodum
1967 305 2081 339 circuli
2106 330 2117 345 ,

1112 349 1207 382 lentis
1230 355 1337 380 autem
1359 346 1571 388 amplitudine
1588 371 1595 377 .
1620 344 1872 386 Indepusinter
1894 357 1962 380 eam
1980 346 2094 381 faciem
2108 369 2118 385 ‚

1112 390 1315 433 Crassamque
1345 390 1526 432 meningem
1563 388 1696 424 effusum
1720 412 1729 426 ,
1765 389 1848 422 hanc
1871 412 1880 427 ‚
1914 392 1946 423 ἃ
1971 392 2121 424 Tenuem

1114 433 1248 470 eroserat
1271 456 1284 472 ,
1316 444 1377 475 qua
1408 433 1574 467 dexterum
1604 431 1749 466 cerebelli
1770 431 1968 466 convestiunt
2007 434 2088 467 latus
2112 458 2122 473 ‚

1116 477 1238 520 hocque
1262 475 1389 517 insuper
1411 477 1455 509 ita
1478 478 1670 516 vitiaverat,
1695 484 1730 508 ut
1753 471 1927 517 superficiei
1952 488 2021 519 pars
2042 477 2122 510 viri-

1117 521 1167 554 dis
1189 519 1260 555 esset
1272 543 1284 560 ,
1308 529 1341 551 ac
1364 519 1529 561 purulenta
1552 546 1562 561 ,
1594 519 1740 562 proxima
1763 527 1868 551 autem
1888 530 1958 561 quae
1982 521 2010 553 ei
2036 521 2121 562 parti

1118 562 1350 606 respondebat,
1372 563 1493 595 interna
1518 562 1663 596 cerebelli
1689 562 1800 605 portio
1813 560 1853 595 ad
1873 560 1971 604 digiti
1994 563 2122 605 pollicis

1117 606 1349 641 craffitudinem
1373 605 1480 638 colore
1503 605 1591 640 fusco
1613 604 1817 639 inficeretur.
1842 605 1921 637 Erat
1945 617 2003 648 pus
2026 617 2120 640 omne

1117 651 1204 694 quod
1228 650 1314 683 intra
1337 649 1483 682 cranium
1506 647 1713 692 conspectum
1734 648 1776 682 est
1790 649 1925 686 ,·viride
1943 674 1951 688 ,
1973 659 2028 681 nec
2051 660 2122 691 gra-

1117 695 1246 727 veolens
1270 702 1376 726 tamen
1401 704 1411 723 .-
1442 702 1478 727 ut
1502 704 1601 737 neque
1625 693 1761 735 graviter
1791 691 1896 724 olebat
1920 690 2010 724 incisi
2043 702 2124 735 pone

1120 748 1226 771 aurem
1248 737 1386 770 tumoris
1410 746 1543 775 cavum5
1568 735 1616 769 sed
1642 735 1736 778 hujus
1759 735 1892 777 parietes
1918 744 2007 767 erant
2031 745 2125 768 mun-

1121 780 1154 814 di
1180 793 1190 819 5
1225 779 1330 822 ipsum
1353 787 1460 813 autem
1492 790 1565 813 cum
1589 777 1674 813 osseo
1697 778 1875 812 Auditorio
1900 778 2010 811 Meatu
2033 788 2126 811 com-

1122 822 1323 857 municabat.
1348 823 1458 856 Cariei
1482 823 1627 856 terminis
1653 831 1806 859 externo,
1842 823 2031 864 internoque
2056 831 2126 863 per-

1124 867 1273 909 spectis,
1308 864 1494 907 interjectos
1517 866 1601 899 iuter
1632 876 1805 909 utrumque
1827 864 1989 898 cuniculos
2025 864 2126 906 perse-

1123 908 1241 954 quendi
1265 919 1390 951 tempus
1413 908 1516 943 defuit
1540 910 1573 942 in
1600 910 1728 942 Publica
1752 909 1914 941 Anatome
1936 909 2126 950 occupatis.

1255 952 1355 990 Quod
1380 961 1485 985 tamen
1509 950 1546 985 ad
1568 952 1692 986 causam
1716 951 1834 985 attinet
1867 950 2014 995 exquisiti
2038 951 2128 984 illius

1127 996 1228 1030 sensus
1251 997 1307 1039 qui
1330 1005 1413 1029 certa
1439 996 1473 1028 in
1504 1005 1593 1037 parte
1617 996 1777 1029 labrorum
1800 996 1926 1038 vigebat
1948 996 2053 1037 aperti
2075 1003 2130 1027 tu-

1129 1041 1249 1078 moris,
1272 1048 1397 1073 tenuem
1420 1039 1585 1072 nervuluru
1608 1038 1841 1075 animadverti,
1866 1039 1921 1081 qui
1948 1037 2131 1079 profefflu,

1129 1093 1166 1118 ut
1188 1084 1326 1126 opinor,
1353 1094 1368 1114 a
1390 1081 1636 1121 Cervicalibus,
1657 1082 1748 1123 supra
1772 1082 1862 1114 illam
1887 1081 2057 1114 sectionem
2068 1079 2125 1113 sub

1128 1125 1354 1159 communibus
1386 1127 1578 1167 tegumentis
1601 1124 1785 1157 ascendebat
1816 1123 1985 1169 secundum
2014 1122 2133 1166 capitis

1129 1168 1365 1212 longitudinem
1386 1181 1395 1205 5
1430 1177 1465 1200 ut
1490 1179 1629 1210 pronum
1654 1166 1754 1200 fuerit
1775 1168 1934 1209 conjicere
1956 1188 1966 1203 ,
2001 1167 2039 1200 ad
2068 1166 2133 1205 ali-

1131 1225 1226 1256 quam
1249 1212 1338 1246 illius
1361 1220 1482 1254 partem
1505 1213 1587 1243 inter
1611 1210 1775 1244 secandum
1796 1211 2022 1253 compunctam
2042 1232 2055 1250 ,
2078 1217 2133 1243 aut

1133 1255 1282 1290 nonnihil
1307 1254 1440 1288 incisam
1463 1254 1496 1289 id
1520 1252 1611 1288 fuisse
1637 1253 1858 1287 referendum.

1175 1311 1205 1343 4.
1233 1298 1333 1332 Vides
1353 1320 1361 1335 ,
1392 1309 1488 1341 quam
1510 1290 1646 1331 obnoxii
1674 1297 1756 1340 apud
1780 1297 1896 1341 vulgus
1927 1294 2011 1329 falsis
2035 1295 2136 1339 suspi-

1135 1343 1283 1377 cionibus
1306 1341 1366 1375 fint
1390 1342 1568 1383 Chirurgi.
1597 1342 1748 1385 Qorum
1761 1339 1881 1374 ferrum
1903 1341 2038 1373 cunctos
2060 1340 2136 1383 qui-

1136 1387 1206 1429 dem
1231 1385 1379 1419 nervulos
1403 1384 1608 1419 subcutaneos
1631 1386 1730 1417 vitare
1755 1394 1818 1416 non
1842 1382 1944 1426 potest
1961 1395 1975 1423 ,·
2008 1382 2061 1417 fed
2083 1393 2138 1416 ne-

1133 1442 1195 1473 que
1229 1429 1304 1462 solis
1327 1427 1434 1461 incisis
1469 1429 1661 1471 tegumentis
1683 1428 1827 1460 occidere
1859 1436 1965 1459 tamen
1997 1425 2100 1469 potest
2123 1449 2135 1465 ,

1135 1474 1222 1507 velut
1245 1474 1280 1505 in
1304 1471 1367 1505 hoc
1390 1481 1515 1506 tumore
1539 1470 1708 1514 aperiendo
1723 1496 1732 1511 ,
1755 1472 1811 1513 qui
1835 1471 1960 1502 utinam
1980 1471 2078 1503 citius
2104 1475 2144 1504 a'-,

1137 1526 1244 1559 pertus
1267 1514 1339 1549 esset
1360 1537 1369 1552 ‚
1404 1516 1451 1548 vel
1478 1517 1586 1558 potius
1608 1517 1706 1548 citius
1729 1511 1924 1557 apparuisset·
1940 1535 1951 1550 ,
1986 1514 2141 1546 nimirum

1138 1559 1321 1603 priusquam
1343 1560 1442 1592 caries
1465 1559 1503 1592 ad
1525 1560 1627 1592 cranii
1651 1568 1764 1591 cavum
1789 1552 1974 1599 pervenisset
1996 1580 2004 1588 .
2036 1555 2141 1599 Cujus

1137 1604 1182 1637 rei
1205 1603 1387 1645 conjectura
1410 1601 1514 1635 nostra
1537 1613 1576 1635 ex
1599 1603 1702 1634 totius
1725 1599 1976 1633 consideratione
1995 1599 2138 1634 historiae

1138 1656 1230 1680 tanto
1253 1646 1380 1679 facilius
1404 1644 1497 1679 ducta
1522 1644 1564 1679 est
1582 1668 1596 1685 ‚
1627 1644 1714 1688 quod
1738 1643 1824 1677 suam
1847 1643 2014 1678 nobiscum
2037 1643 2144 1677 obser-

1138 1692 1320 1727 vationem‚
1346 1686 1442 1731 hujus
1465 1699 1578 1731 magna
1601 1699 1639 1721 ex
1672 1696 1759 1730 parte
1783 1686 1919 1721 similem
1944 1713 1953 1727 ,
1987 1688 2044 1721 vix
2066 1696 2145 1730 qua-

1141 1743 1216 1767 tuor
1251 1743 1324 1767 ante
1357 1730 1514 1765 mensibus
1548 1731 1841 1765 communicaverat
1878 1730 2038 1765 Nicolaus
2071 1732 2147 1764 Me-

1140 1776 1270 1818 diavia,
1295 1777 1388 1809 cariei
1412 1776 1561 1809 videlicet
1576 1778 1600 1809 ‘a
1625 1774 1724 1808 fistula
1748 1774 1839 1817 supra
1863 1773 2053 1817 apophyfim
2075 1785 2145 1808 ma-

1141 1820 1275 1854 stoidem
1299 1831 1364 1852 non
1388 1819 1486 1852 modo
1509 1820 1543 1852 in
1567 1819 1737 1862 Tympani
1757 1841 1770 1858 ,
1792 1817 1842 1852 sed
1865 1819 1963 1851 etiam
1984 1819 2019 1851 in
2041 1818 2146 1852 cranii

1142 1863 1239 1906 ipsius
1270 1874 1381 1896 cavum
1416 1861 1602 1906 progreffae.
1735 1862 1823 1896 Cum
1854 1871 1959 1895 autem
1981 1862 2078 1895 carici
2108 1861 2151 1896 ab

1140 1906 1321 1941 istiusmodi
1355 1906 1454 1940 fistula
1477 1907 1524 1939 vel
1560 1907 1595 1938 in
1619 1904 1720 1939 solum
1743 1905 1955 1947 Tympanum
1987 1916 2146 1949 propaga-

1141 1952 1262 1984 tionem
1285 1950 1347 1982 Vir
1370 1949 1663 1992 Experientiffimus
1684 1949 1851 1990 Verneyus
1872 1950 1887 1987 (
1908 1948 1927 1981 b
1947 1952 1962 1989 )
1983 1947 2147 1991 raramsa-

1142 1996 1187 2028 tis
1210 1992 1266 2031 esse
1279 2016 1292 2034 ,
1314 1991 1408 2026 fassus
1429 1992 1467 2025 sit
1489 2015 1498 2031 ,
1533 1995 1566 2026 δε
1588 1992 1617 2025 se
1640 2002 1733 2025 unam
1756 1992 1922 2032 dumtaxat
1942 2013 1953 2030 ‚
1983 1999 2041 2025 aut
2065 1992 2147 2026 alte-

1142 2048 1211 2071 ram
1234 2036 1386 2079 ejusmodi
1407 2035 1651 2077 observationem
1676 2033 1785 2069 habere
1804 2044 1817 2074 ;
1853 2045 1917 2068 non
1933 2037 2048 2070 minus
2079 2034 2146 2068 tibi

1143 2081 1213 2121 for-e
1236 2088 1365 2123 gratum
1385 2079 1533 2114 existimo
1555 2090 1652 2122 quarn
1677 2077 1758 2111 mihi
1783 2077 1848 2113 fuit
1867 2100 1882 2117 ,-
1910 2078 1995 2123 quod
2020 2078 2152 2113 Media-

1143 2125 1194 2157 via
1217 2123 1329 2174 eodem
1360 2134 1429 2168 quo
1449 2122 1572 2158 viderat
1592 2146 1605 2165 ‚
1638 2123 1690 2158 die
1712 2121 1795 2157 mihi
1826 2121 1980 2157 iffihunc
2013 2123 2152 2157 modum

1143 2177 1303 2202 narravit.

1190 2222 1218 2253 5.
1238 2206 1445 2255 JUVENIS
1470 2212 1654 2255 antiquam,
1677 2221 1714 2247 ut
1736 2211 1926 2254 videbatur,
1947 2212 2083 2247 fistulam
2098 2211 2150 2247 su-

1144 2264 1200 2301 pra
1220 2254 1387 2288 dexterum
1410 2255 1597 2291 mastoidem
1619 2255 1792 2298 processum
1805 2255 1967 2290 habebat:
1992 2259 2026 2289 in
2049 2267 2148 2300 quam

1144 2298 1262 2340 injecta
1284 2321 1298 2338 ,
1330 2297 1476 2333 redibant
1501 2310 1540 2332 ex
1573 2308 1659 2341 parte
1681 2310 1737 2343 per
1761 2311 1866 2334 aurem
1889 2300 2029 2333 vicinam
2050 2323 2062 2341 ,
2084 2312 2148 2344 qua

1143 2350 1247 2374 tamen
1272 2341 1441 2375 audiebat.
1467 2345 1497 2376 Is
1521 2344 1555 2375 in
1565 2343 1804 2377 Nosocomium
1827 2353 1976 2386 exceptus
1998 2354 2061 2383 non
2073 2355 2149 2387 pro-

1145 2393 1216 2426 pter
1247 2383 1384 2419 fistulam
1409 2409 1424 2427 ,
1453 2385 1505 2420 sed
1538 2396 1671 2428 propter
1704 2386 1826 2420 febrem
1856 2389 1937 2429 quae‘
1960 2387 2148 2426 accesserat3

1144 2428 1202 2461 hac
1226 2429 1309 2462 intra
1332 2440 1450 2470 paucos
1475 2429 1540 2463 dies
1563 2429 1770 2472 augescente,
1791 2429 1833 2464 sic
1857 2431 1994 2464 delirans
2011 2456 2019 2470 ,
2043 2440 2080 2464 ut
2104 2431 2147 2465 ad

1143 2472 1291 2513 soporem
1314 2472 1509 2513 inclinaret,
1528 2482 1678 2506 mortuus
1701 2473 1765 2508 est.
1896 2474 2086 2508 CRANIO
2098 2485 2148 2509 re-

1142 2514 1231 2548 cluso
1251 2537 1264 2555 ,
1289 2514 1370 2548 *vasa
1393 2515 1511 2549 cerebri
1544 2518 1653 2549 omnia
1679 2516 1829 2559 sanguine
1860 2518 1991 2560 turgida
2023 2527 2147 2561 reperta

1141 2558 1235 2597 sunt,
1259 2559 1358 2592 multa
1384 2568 1488 2592 aute-m
1511 2565 1592 2603 aqua
1615 2560 1806 2594 viridescens
1828 2562 1862 2594 in
1885 2563 2072 2596 ventriculis
2083 2564 2147 2597 La-

1140 2601 1295 2637 teralibus
1315 2623 1325 2639 ,
1356 2603 1389 2634 in
1413 2613 1474 2645 qua
1510 2614 1568 2645 pus
1590 2602 1730 2646 ejusdem
1760 2603 2082 2643 colorissubfidebat
2113 2609 2147 2640 in

1141 2645 1323 2679 ventriculo
1354 2646 1484 2688 quidem
1517 2646 1670 2680 dextero.
1803 2648 1863 2682 Sed
1896 2650 2001 2683 multo
2045 2649 2148 2692 major

1146 2687 1211 2731 ejus
1236 2689 1324 2732 puris
1345 2690 1440 2732 copia
1463 2688 1558 2723 effusa
1581 2701 1646 2724 erat
1678 2692 1763 2726 inter
1785 2694 1966 2735 meningem
1988 2695 2112 2730 Duram
2132 2717 2147 2734 ,

1145 2735 1177 2765 ἃς
1200 2744 1267 2765 eam
1291 2731 1407 2766 faciem
1431 2733 1548 2767 Petrosi
1575 2734 1730 2777 processus
1754 2735 1823 2769 offis
1845 2745 2055 2777 temporum,
2077 2749 2147 2780 quae

1144 2774 1241 2822 facies
1276 2778 1309 2808 in
1333 2775 1491 2819 superiore
1524 2777 1759 2813 Observatione
1789 2782 1803 2818 (
1825 2791 1841 2812 c
1861 2782 1875 2819 )
1904 2779 2048 2814 >indicata
2072 2781 2114 2815 est
2134 2805 2147 2823 ,

1142 2822 1243 2862 licque
1266 2821 1351 2865 inter
1373 2829 1539 2864 utramque
1562 2819 1620 2854 fibi
1644 2821 1813 2856 viaminde
1834 2822 1950 2856 fecerat
1974 2824 2008 2855 in
2032 2824 2146 2859 tubum

1145 2863 1241 2906 usque
1266 2863 1481 2898 vertebrarum
1501 2889 1509 2895 .
1545 2864 1640 2897 Plena
1662 2875 1727 2899 erat
1750 2876 1879 2909 quoque
1912 2865 2146 2909 ejusdemmodi

1145 2917 1221 2948 pure
1246 2908 1412 2949 Tympani
1436 2918 1547 2940 cavea.
1574 2908 1732 2951 Progressa
1755 2917 1862 2942 autern
1879 2911 1983 2944 ‹ca-'ries
2005 2921 2087 2953 pone
2098 2911 2147 2944 A-

1144 2949 1349 2992 quaedu&um
1372 2950 1531 2992 Falloppii
1542 2973 1555 2990 ,
1581 2953 1613 2983 &
1636 2953 1770 2986 Canales
1782 2954 2053 2995 Semicirculares,
2076 2964 2145 2989 eam

1145 2994 1182 3026 de
1204 3005 1266 3036 qua
1288 2993 1412 3027 dielum
1435 2994 1477 3027 est
1497 3017 1514 3032 ,.
1541 2993 1656 3028 faciem
1680 2995 1799 3030 Petrofi
1832 2995 1988 3039 process‘us
2009 2998 2144 3032 eroserat

1145 3037 1184 3070 ad
1208 3038 1340 3070 modum
1365 3040 1453 3070 rimae
1476 3047 1542 3070 non
1565 3037 1700 3080 angustae
1725 3052 1742 3074 a
1765 3038 1940 3083 posteriore
1959 3041 2056 3075 latere
2077 3040 2144 3082 ejus

1144 3079 1314 3114 foraminis
1347 3080 1434 3123 quod
1457 3081 1561 3114 ambas
1586 3083 1751 3119 Portiones
1785 3084 1907 3126 excipit
1929 3085 2016 3118 nervi
2039 3083 2145 3118 Audi-

1145 3125 1241 3158 torii.
1266 3125 1374 3170 Qm
1399 3126 1515 3171 rimam
1546 3124 1698 3168 obtegens
1721 3130 1812 3162 Dura
1833 3128 1963 3161 meninx
1997 3127 2045 3160 ibi
2068 3130 2143 3171 qui-

1142 3167 1214 3201 dem
1239 3171 1325 3201 exesa
1348 3168 1602 3210 conspiciebatur
1620 3192 1633 3209 ‚
1664 3169 1715 3205 sed
1738 3171 1777 3205 ad
1805 3170 2044 3214 longitudinem
2079 3172 2143 3205 mi-

1144 3222 1254 3258 norem
1277 3222 1373 3254 quam
1398 3213 1477 3245 rima
1500 3221 1567 3245 erat
1588 3236 1595 3242 -
1631 3212 1828 3258 Quanquam
1852 3223 1956 3247 autem
1978 3213 2141 3250 cerebrum

1142 3254 1255 3297 justam
1277 3254 1413 3288 habebat
1434 3254 1666 3291 firmitudinem
1684 3281 1698 3298 ,
1729 3261 1763 3292 δε
1786 3256 1937 3300 postridie
1958 3260 2075 3291 mortis
2097 3259 2142 3293 se-

1135 3298 1296 3336 .cabatur5
1321 3310 1354 3332 ea
1377 3308 1442 3332 erat
1464 3300 1498 3333 id
1519 3309 1615 3341 caput
1637 3302 1850 3343 graveolentia
1870 3322 1881 3339 ‚
1912 3309 1950 3335 ut
1973 3302 2058 3335 viam
2081 3313 2143 3345 pu-

1144 3343 1188 3375 ris
1211 3353 1227 3375 a
1250 3343 1329 3374 rima
1353 3341 1391 3375 ad
1413 3343 1623 3377 ventriculum
1645 3343 1809 3378 dex-terum
1829 3367 1842 3384 ,
1873 3346 1907 3377 &
1928 3355 2005 3378 num
2026 3354 2143 3388 praeter

1136 3385 1361 3430 Membranam
1385 3387 1574 3429 Tympani,
1596 3387 1676 3427 alia,
1699 3390 1733 3421 δε
1755 3398 1824 3431 quae
1846 3386 1917 3421 laesa
1940 3389 1974 3421 in
1997 3398 2072 3421 aure
2095 3389 2142 3422 es-

1138 3430 1205 3462 sent
1220 3452 1228 3467 ,
1254 3431 1434 3473 perquirere
1456 3441 1520 3463 non
1545 3432 1688 3464 licuerit.

1184 3476 1215 3506 6.
1240 3474 1314 3506 Hoc
1337 3482 1460 3507 tanturn
1491 3473 1714 3516 graveolentiae
1736 3472 1905 3508 discrimen
1935 3472 2024 3516 quod
2055 3475 2141 3509 inter

1141 3525 1307 3560 utramque
1329 3517 1499 3550 intercedit
1522 3516 1711 3559 historiam,
1733 3520 1768 3551 in
1794 3519 1867 3551 anni
1891 3526 2038 3560 tempu5‚
2059 3527 2141 3552 aeta-

1141 3568 1207 3603 tem
1225 3586 1234 3602 ‚
1269 3564 1301 3594 &
1323 3559 1497 3594 humorum
1519 3560 1782 3594 constitutionem
1806 3560 1928 3603 rejicies
1960 3562 1994 3593 in
2018 3561 2083 3595 alio
2105 3573 2139 3594 a-

1140 3603 1239 3645 liam‚·
1260 3602 1444 3637 discrimina
1466 3615 1571 3639 autern
1593 3614 1703 3638 caetera
1725 3606 1760 3638 in
1782 3604 1857 3638 alias
1879 3603 1985 3638 causas
2000 3630 2009 3645 ,
2030 3614 2066 3639 ut
2091 3605 2140 3638 so-

1141 3649 1229 3690 poris
1253 3649 1287 3681 in
1310 3646 1465 3690 majorem
1488 3660 1577 3693 aquae
1599 3650 1727 3691 copiam
1752 3649 1785 3682 in
1804 3649 1939 3693 Juvenis
1960 3648 2141 3682 ventriculo

2005 3701 2096 3726 utro-
