2498 4075
414 317 639 385 Epistola
676 320 838 384 Anat.
866 319 1090 372 Medica
1119 318 1225 372 IV.
1249 319 1368 371 Art.
1403 333 1473 385 14.
1510 332 1584 380 ις.
1619 321 1674 374 ὄῑ
1712 318 1787 370 16.

86 392 167 434 dos,
190 405 287 438 neque
309 396 346 429 ad
368 397 508 440 pleuram
532 395 701 440 alligatos,
723 395 808 430 ineo
828 398 954 439 culpare
976 405 1081 429 tamen

86 436 189 483 aliqui
210 450 275 473 non
297 438 511 477 dubitarunt,
533 437 678 480 quodea
700 438 782 472 facie
802 442 996 483 nigricarent
1018 450 1082 482 qua

85 478 215 519 dorium
237 484 435 524 tangebant,
457 492 567 523 nempe
591 480 799 516 idimmerito
822 482 943 518 faetum
953 482 1055 516 censui
1072 506 1084 522 ,

84 533 270 569 mecumque
293 526 357 569 ipse
379 525 547 565 censebis,
568 533 604 571 ut
626 526 683 567 qui
705 525 740 558 id
761 537 931 562 commune
954 525 1011 559 esse
1033 537 1087 558 ca-

85 567 253 603 daveribus
278 581 354 612 pene
377 568 550 608 omnibus,
574 568 667 601 sicuti
691 569 739 602 vel
764 570 845 603 olim
868 568 1083 612 Christopho-

82 623 135 646 rus
156 612 381 647 Guarinonius
401 614 415 650 (
436 622 467 645 m
488 615 504 652 2
525 609 741 652 indicaverat,
763 614 896 647 minime
920 615 1047 657 ignoras
1070 635 1080 650 ‚

82 668 122 688 eo
143 656 291 697 sanguine
312 654 460 688 videlicet
482 666 561 687 mox
584 655 623 687 ab
645 656 779 690 interitu
789 657 969 691 confluente
980 680 994 697 ,
1015 667 1081 699 quo

81 701 117 733 in
140 699 256 741 supino
276 708 411 741 corpore
434 697 559 741 pondus
582 697 701 732 trahit.
791 702 879 734 Dum
891 701 1004 734 Cranii
1028 702 1080 733 in-

80 751 263 786 tegumenta
285 740 550 782 detrahebantur,
573 742 670 776 rubor
691 743 788 776 etiam
812 752 882 778 tum
905 744 946 779 est
967 745 1001 777 in
1026 756 1081 788 pe-

80 787 222 821 ricranio
244 784 475 819 animadversus
498 795 560 829 qua
582 785 781 820 cucurbitula
813 786 915 821 defixa
948 786 1050 822 fuerat
1074 812 1081 820 .

82 832 170 864 Inter
191 826 403 862 dissecandum
425 829 569 867 cranium
589 852 601 869 ‚
632 830 672 862 ex
694 828 760 872 ejus
780 841 860 864 cavo
891 843 969 875 aqua
991 831 1085 866 efflu-

81 874 150 907 xit.
176 872 239 905 Illo
262 871 413 912 sublato,
435 871 605 913 Crassaque
628 874 775 916 meninge
799 884 905 908 amota
925 899 936 915 ,
959 875 1016 909 sub
1040 875 1085 907 al-

81 926 147 949 tera
169 914 277 957 paffim
301 915 340 950 ad
360 915 479 949 cerebri
504 915 663 949 anfi-aetus
695 918 818 951 cinerea
840 917 925 962 quasi
945 918 1085 964 gelagina

81 959 317 993 translucebat:
340 957 410 992 vasa
435 969 564 996 autern,
587 960 726 1002 cerebri,
750 962 952 995 &cerebelli
978 960 1085 1003 super-

80 1002 187 1036 ficiem
209 1003 369 1038 tenentia,
396 1002 562 1046 aliquanto
585 1013 673 1036 erant
687 1027 700 1045 ,
721 1014 816 1047 quam
840 1004 959 1038 soleant
980 1029 992 1044 ,
1016 1004 1082 1037 san.

80 1047 176 1089 guine
208 1045 392 1087 turgidiora
413 1070 421 1077 .
466 1048 505 1080 In
537 1045 657 1079 cerebri
693 1047 868 1081 substantia
901 1047 984 1082 nihil
1018 1057 1084 1081 erat

78 1089 169 1133 quod
193 1088 432 1131 reprehenderes
453 1102 464 1130 ς
498 1088 556 1122 nisi
580 1088 664 1123 forte
688 1090 803 1124 laxitas
826 1116 833 1122 .
866 1091 1031 1125 Caeterum
1053 1092 1088 1125 in

79 1132 269 1167 ventriculis
299 1134 451 1168 omnibus
485 1144 600 1176 aquam
633 1132 736 1173 vidi,
773 1145 830 1168 nec
863 1144 970 1169 tamen
1005 1135 1089 1171 mul-

78 1185 167 1210 tam.

88 1244 91 1245 γ
126 1230 174 1262 14.
200 1219 331 1253 Cerebri
346 1243 359 1260 ,
383 1223 416 1254 δε
438 1219 582 1254 cerebelli
601 1219 693 1261 vasa,
716 1221 751 1254 in
774 1220 837 1255 hoc
861 1222 995 1257 Praesule
1019 1231 1088 1257 tur-

78 1262 234 1306 gidiora,
257 1261 384 1297 faciunt
408 1287 421 1303 ,
452 1274 490 1297 ut
513 1263 648 1297 duarum
679 1264 762 1299 mihi
786 1276 891 1300 rerum
920 1268 1028 1300 veniat
1051 1268 1085 1299 in

77 1316 218 1341 mentem
232 1330 239 1337 .
266 1307 368 1349 Qod
379 1306 469 1350 supra
490 1310 505 1347 (
525 1318 544 1340 n
561 1308 579 1350 )
603 1307 781 1342 indicatum
792 1307 834 1341 est
842 1332 855 1349 ‚
877 1311 926 1342 vel
952 1321 1086 1352 paucam

77 1361 214 1394 aquam,
238 1351 336 1384 modo
347 1351 477 1384 irritans
488 1350 548 1390 fit,
571 1351 773 1394 apoplexiam
785 1349 892 1385 afferre
915 1351 1022 1395 posse,
1044 1365 1083 1386 eo

76 1395 241 1429 nitebatur
263 1393 354 1438 quod
376 1393 468 1437 possit
479 1395 676 1433 convellere,
701 1396 831 1438 &quod
853 1396 1083 1439 consequitur,

76 1437 198 1472 cerebri
223 1447 345 1472 meatus
366 1437 597 1481 constringere.
621 1439 721 1473 Nunc
743 1439 863 1481 velim,
886 1437 948 1473 huc
964 1439 1082 1479 addas,

76 1491 170 1515 tanto
192 1481 274 1515 hanc
306 1480 567 1515 constric‘iionem
601 1479 747 1516 futuram
781 1482 839 1517 effe
872 1481 1081 1525 perniciosio-

76 1536 166 1566 rem,
187 1533 309 1568 quanto
331 1525 434 1567 magis
457 1524 506 1558 vel
529 1525 568 1558 ab
591 1525 652 1558 alia
675 1526 764 1559 causa
788 1525 939 1559 acciderit
958 1550 971 1567 ,
995 1535 1031 1560 ut
1055 1527 1082 1559 ii

76 1578 198 1603 meatus
219 1568 384 1602 constristi
407 1578 445 1601 ex
465 1576 554 1611 parte
577 1566 642 1610 jam
664 1567 726 1601 sint
744 1592 753 1606 ‚
787 1579 841 1603 aut
862 1569 1082 1612 constringan-

75 1622 129 1647 tur
154 1611 266 1645 eodem
290 1621 458 1653 tempore,
480 1620 556 1651 puta
580 1623 596 1643 a
619 1609 769 1654 sanguine
792 1624 858 1656 quo
881 1613 952 1646 vasa
974 1615 1085 1647 omnia

73 1668 146 1699 quae
179 1656 265 1688 intra
298 1655 443 1688 cranium
473 1653 545 1688 sunt
571 1678 584 1694 ,
616 1654 687 1697 plus
718 1667 812 1698 aequo
843 1656 1080 1691 distendantur.

74 1700 166 1734 Hinc
188 1700 323 1732 alterum
345 1698 478 1739 colliges
493 1720 502 1735 ‚
528 1706 684 1740 quatenus
695 1699 916 1742 accipiendum
939 1700 977 1734 sit
999 1700 1087 1744 quod

75 1742 258 1784 famigerati
280 1740 405 1775 Medici
427 1739 625 1782 docuerunt,
647 1742 798 1776 inutilem
818 1767 830 1784 ,
864 1746 932 1777 imo
955 1746 1086 1778 noxiam

73 1788 108 1821 in
132 1785 233 1819 setosa
256 1785 425 1828 apoplexia
446 1783 503 1818 esse
526 1795 612 1818 venae
636 1784 807 1820 seffionem
826 1811 838 1827 ,
862 1790 895 1821 ὃς
919 1797 986 1822 tam
1009 1789 1084 1830 qui-

75 1829 148 1864 dem
172 1829 328 1869 noxiam,
350 1839 449 1871 quam
471 1827 563 1862 utilis
586 1827 629 1863 est
651 1831 684 1862 in
697 1829 889 1872 sanguinea,
913 1830 1083 1866 secundum

75 1871 239 1908 haecCelfi
264 1875 278 1911 (
303 1883 319 1905 ο
339 1875 355 1912 >
377 1870 567 1906 sententiam
584 1873 803 1915 explicantes:
822 1874 962 1915 fiomm'a
986 1887 1085 1909 mem-

74 1917 129 1950 bra
152 1916 352 1950 vehementer
386 1915 522 1948 resoluta
545 1915 617 1948 sunt
636 1938 649 1956 ,
672 1915 839 1958 sanguinis
861 1918 1013 1953 detraft'c'o
1034 1918 1087 1952 vel

75 1960 209 1998 occidit,
229 1958 281 1992 vel
302 1957 437 1993 liberat.
463 1958 626 2001 Equidem
648 1958 826 2002 negandum
839 1971 903 1993 non
926 1961 988 2001 est,
1011 1960 1035 1995 fi
1047 1961 1087 1995 ab

75 2015 156 2046 aqua
178 2002 344 2038 dumtaxat
367 2002 536 2045 apoplexia
559 2001 597 2035 fit
619 2014 630 2041 3
655 2003 784 2044 perinde
807 2002 864 2038 esse
886 2003 968 2038 hanc
992 2014 1086 2048 atque

73 2047 192 2081 asciten
215 2057 270 2090 per
291 2056 377 2079 venae
400 2044 575 2079 sefffionern
603 2046 683 2079 velle
707 2057 817 2080 curare
835 2072 843 2078 .
877 2049 998 2082 Verum
1031 2048 1088 2082 ubi

73 2090 195 2125 saffiram
216 2089 258 2124 ab
281 2100 359 2133 aqua
382 2099 448 2122 ‘non
472 2089 573 2122 multa
595 2089 858 2124 constrifflonem
872 2091 942 2124 vasa
965 2091 1086 2125 disten-

73 2134 150 2168 dens
173 2133 300 2176 sanguis
323 2142 437 2176 augeat
458 2144 468 2171 ς
502 2143 605 2165 nonne
636 2132 896 2169 constriffionem
926 2144 1000 2168 tuto
1023 2136 1086 2169 mi-

74 2187 150 2214 nuet
171 2179 227 2221 qui
253 2176 338 2212 hunc
361 2174 531 2210 detrahat?

124 2232 174 2263 15.
199 2221 279 2255 Non
302 2219 345 2255 est
367 2220 423 2254 hic
448 2219 549 2252 sermo
572 2217 610 2251 de
633 2216 779 2261 hydrope
801 2220 945 2260 cerebri,
969 2223 1002 2253 in
1017 2232 1083 2263 quo

75 2276 156 2309 aqua
181 2265 345 2307 plurima,
368 2262 493 2303 sanguis
516 2272 632 2303 paucus
647 2283 656 2298 ‚
679 2260 874 2300 &effoetus3
900 2272 935 2297 ut
959 2263 980 2296 si
998 2263 1082 2297 hunc

75 2311 201 2346 minuas
225 2330 238 2346 ,
262 2305 320 2340 sub
342 2316 430 2347 aquae
454 2304 594 2347 pondere
616 2303 686 2337 vasa
709 2307 836 2347 penitus
859 2308 1052 2340 conniveant
1078 2331 1086 2346 ,

75 2354 110 2385 δε
132 2348 319 2393 languidam
342 2347 503 2390 sanguinis
535 2348 799 2381 circumitionem
823 2350 952 2391 prorsus
985 2351 1086 2383 inter-

75 2395 220 2437 cipiant.
247 2391 411 2426 Addendae
435 2401 512 2425 tunc
536 2390 681 2436 sanguini
705 2389 776 2424 sunt
799 2394 880 2427 vires
901 2416 914 2433 ,
947 2395 980 2426 86
1003 2405 1087 2427 cere-

76 2438 126 2471 bri
145 2461 158 2479 ,
176 2447 211 2471 ac
234 2437 420 2477 meningurn
442 2434 531 2467 fibris
554 2444 620 2465 non
644 2435 872 2474 secuslaxatis,
902 2447 937 2469 ac
959 2448 1029 2480 quae
1052 2438 1086 2470 in

77 2492 160 2524 aqua
182 2488 410 2517 macerantur,
433 2477 532 2510 robur
555 2476 662 2519 quoad
685 2477 764 2510 licet
788 2490 842 2520 per
865 2480 920 2513 illa
944 2480 1011 2522 ipsa
1035 2492 1088 2513 ex-

76 2535 165 2559 terna
187 2546 195 2560 ,
229 2525 415 2563 internaque
437 2520 575 2554 remedia
607 2521 852 2556 conciliandum
887 2522 930 2556 est
952 2535 1022 2565 quae
1053 2524 1087 2556 in

76 2568 244 2610 sanguinea
267 2565 435 2608 apoplexia
457 2563 524 2609 jure
548 2563 691 2596 diximus
713 2567 769 2607 (p
790 2570 806 2607 ᾖ
828 2565 885 2600 esse
909 2565 1081 2609 fugienda.

77 2614 188 2655 Itaque
211 2609 287 2643 ficui
311 2620 350 2641 ex
370 2608 458 2649 ‘malo
481 2608 627 2649 corporis
652 2607 767 2642 babitu
790 2611 957 2652 apoplexia
979 2609 1086 2653 super-

76 2658 210 2692 veniat3
235 2663 298 2686 non
321 2650 498 2685 temere'ad
522 2650 603 2684 illud
628 2651 742 2684 auxilii
766 2664 864 2695 genus
887 2653 1051 2688 decurram
1073 2677 1085 2693 ,

76 2711 116 2733 ex
137 2696 228 2740 cujus
242 2694 336 2730 abusu
361 2696 438 2737 s'aepe
449 2695 551 2728 malus
573 2693 725 2734 habitus,
749 2706 787 2728 ex
811 2697 873 2731 hoc
890 2707 997 2732 autem
1019 2696 1087 2740 ipsa

76 2741 238 2776 interdum
261 2738 429 2782 apoplexia
452 2737 634 2776 suboritur,
657 2736 753 2771 habes
777 2743 863 2773 enim
888 2741 972 2783 apud
986 2743 1088 2774 Zacu-

78 2796 150 2820 tum
174 2788 187 2824 (
209 2795 227 2826 q
249 2787 284 2824 ),
309 2782 389 2816 hanc
413 2794 429 2815 a
451 2782 578 2815 Galeno
597 2804 610 2821 ,
644 2791 739 2824 atque
761 2784 926 2817 Avicenna
949 2784 1087 2818 adnota-

80 2839 147 2863 tam
172 2825 240 2871 post
264 2825 476 2859 immodicam
500 2824 659 2867 sanguinis
682 2824 885 2861 eduetionem
906 2850 915 2864 ,
946 2839 1011 2871 quo
1034 2826 1089 2861 de-

79 2874 176 2915 nique
200 2874 232 2903 &
255 2870 398 2913 quaedam
420 2869 473 2901 Cl.
499 2869 626 2902 Trewii
650 2871 663 2907 (
686 2879 701 2900 r
725 2872 737 2907 )
760 2870 944 2915 observatio
976 2870 1088 2904 referri

79 2915 201 2960 potest.
227 2914 340 2956 Neque
363 2924 401 2946 eo
424 2911 613 2953 decurram,
634 2910 751 2954 fiquis,
774 2914 863 2947 senex
887 2913 1087 2957 praesertim,

80 2972 114 2992 ac
139 2957 273 2998 debilis,
297 2960 328 2990 δε
352 2957 485 2999 proprio
509 2955 619 2999 aliquo
645 2957 762 2997 capitis
785 2958 899 2991 astecsu
924 2981 936 2998 ‚
958 2969 1022 2992 non
1045 2971 1083 2992 ex

80 3001 251 3039 consensu,
275 3000 417 3034 laborans
429 3022 442 3040 ‚
465 2999 503 3031 ab
513 2999 649 3032 incautis
662 2999 801 3033 Medicis
815 3027 823 3039 ,
846 3001 965 3044 quibus
977 3025 989 3042 ,
1011 3014 1083 3037 cum

80 3048 198 3089 potui,
221 3044 352 3084 obstiti,
375 3042 413 3077 ad
436 3053 529 3086 aquas
551 3041 693 3076 acidulas
704 3044 857 3085 potandas
880 3043 1010 3085 missus,
1033 3047 1085 3079 in-

80 3089 118 3124 de
144 3088 263 3126 reduit,
287 3086 451 3129 apoplexia
474 3087 688 3128 corripiatur:
712 3086 890 3129 legesenim
913 3089 947 3121 in
970 3090 1082 3132 Sepul-

81 3132 197 3166 chreto
217 3134 233 3171 (
249 3131 275 3174 s
288 3134 302 3171 )
323 3129 544 3163 observatione
558 3128 786 3164 confirmatum
808 3132 898 3175 quod
919 3130 1083 3175 comestu-

83 3189 117 3211 ra
140 3173 296 3219 fignificat
310 3198 319 3213 ‚
342 3182 520 3215 tuncsaqua
538 3173 678 3215 plurima
701 3174 782 3209 dilui
803 3176 962 3209 cerebrum
979 3201 987 3209 .
1025 3176 1084 3211 Sed

82 3229 196 3253 contra
219 3218 273 3252 ubi
297 3228 371 3250 cum
394 3228 472 3258 aqua
495 3218 689 3259 tui-gentiam
711 3217 859 3252 vasorum
871 3217 928 3253 esse
941 3242 954 3259 ,
976 3219 1085 3262 conje-

82 3265 135 3304 ci,·
159 3262 343 3305 sanguinem
358 3261 494 3308 'mittere
516 3270 578 3293 non
602 3260 710 3295 distuli
732 3287 740 3295 .
776 3263 827 3295 Sic
851 3263 885 3295 in
919 3263 1085 3296 Sacerdote

81 3309 164 3340 Cive
185 3317 256 3339 meo
277 3309 290 3346 (
311 3315 402 3347 CUJuS
425 3304 580 3337 minorem
603 3302 757 3347 fratrem,
781 3317 856 3340 cum
880 3306 947 3339 hasc
972 3306 1087 3340 scribe-

85 3362 151 3384 rem
175 3373 183 3386 ‚
217 3350 384 3392 apoplexia
418 3347 574 3380 sublatum
610 3347 702 3382 fuisse
722 3373 734 3389 ,
766 3350 909 3392 accepi)
940 3348 1086 3383 obnoxio

84 3394 256 3437 quotannis
288 3389 480 3425 convulfivis
521 3389 844 3433 hypochondriorum
886 3390 1051 3427 affeetibus
1074 3417 1086 3434 ,

84 3438 123 3471 ab
145 3437 255 3480 hisque
280 3447 333 3479 per
354 3434 543 3479 dejeffiones
566 3434 694 3477 aquosas
716 3437 842 3470 liberari
867 3435 991 3477 solito,
1013 3447 1088 3471 cum

84 3491 169 3514 anno
196 3490 249 3521 171
260 3490 285 3512 t.
309 3479 383 3518 haetx'-
402 3475 587 3519 incepissent
607 3479 736 3521 quidem
754 3503 763 3518 ‚
798 3480 850 3514 sed
872 3491 952 3513 mox
975 3479 1088 3514 substi-

85 3523 215 3563 tissent,
236 3522 332 3556 dolor
354 3531 460 3556 autem
481 3529 575 3563 caput
609 3533 739 3563 gravans
766 3522 987 3567 supervenisset
1009 3547 1021 3564 ,
1054 3526 1087 3557 &

85 3568 161 3601 huic
184 3565 344 3600 acceffisset
368 3567 548 3608 repentinus
570 3567 684 3610 mentis
706 3567 814 3611 stupor
835 3592 848 3608 ,
868 3576 961 3609 atque
985 3567 1087 3610 apho-

85 3613 159 3652 nia,·
180 3622 239 3653 ego
261 3608 369 3643 statim
392 3617 485 3651 atque
507 3609 668 3642 accersitus
691 3610 824 3648 sum,in
842 3611 955 3644 cubito
977 3622 1087 3644 venam

88 3653 190 3691 incidi
214 3651 307 3698 juffi:
330 3664 441 3695 exqua
464 3651 589 3694 sanguis
601 3651 703 3686 adhuc
727 3655 843 3689 fluebat
855 3666 930 3687 cum
954 3655 1087 3697 loquen-

85 3697 121 3732 di
143 3696 330 3732 facultatem
353 3697 573 3739 recuperavit,
596 3704 630 3728 ut
654 3697 798 3740 vigorem
819 3709 948 3740 quoque
972 3700 1088 3730 mentis

1134 394 1302 438 postquam
1320 418 1333 435 ,
1356 398 1479 431 caeteris
1501 409 1572 441 qnae
1594 397 1828 431 conveniebant
1849 421 1860 437 ‚
1892 408 1958 432 non
1982 398 2103 433 omiffis
2118 422 2137 438 .,

1135 438 1259 480 sanguis
1282 440 1401 473 iterum
1423 439 1530 475 missus
1551 439 1594 474 est
1617 441 1728 474 eodem
1740 440 1811 474 die.
1838 442 1894 476 Me
1917 443 2141 485 n'amquecom
2163 448 2165 450 ’

1135 481 1253 524 jecsura
1277 493 1315 514 eo
1334 482 1451 522 duxit,
1475 494 1510 518 ut
1535 484 1622 519 illius
1647 484 1779 527 quidem
1803 484 1885 526 seri,
1905 485 1991 528 quod
2014 488 2075 528 per>
2091 486 2142 519 in-

1135 525 1244 559 testina
1268 526 1354 573 exire
1376 537 1439 558 non
1465 528 1637 570 pergebat,
1663 537 1787 569 partem
1801 528 1941 570 aliquam
1964 529 2047 561 intra
2072 531 2142 561 crass
2168 545 2171 548 -

1135 571 1225 603 nium
1248 567 1377 603 effusam
1396 568 1455 602 ‚esse
1471 596 1478 608 ,
1502 571 1736 610 existimarem,·
1759 569 1810 604 sed
1836 579 1942 604 tamen
1963 571 2143 606 consti-idtis

1132 612 1259 655 insuper
1280 637 1288 651 ,
1320 622 1357 647 ut
1381 613 1459 655 saepe
1483 615 1515 646 in
1540 613 1696 656 ejusmodi
1718 613 1911 648 convulsivis
1949 614 2144 656 hypochon-

1130 656 1275 690 driorum
1297 655 1523 690 affectionibus
1555 656 1699 691 usuvenit
1726 681 1739 698 ,
1774 656 1959 700 sanguiferis
1983 660 2017 690 in
2039 668 2147 691 ventre

1131 699 1232 736 vasis,
1256 700 1311 732 illa
1336 708 1501 742 propterea
1525 712 1594 743 quae
1618 701 1656 734 ad
1679 701 1840 735 cerebrum
1867 702 2006 735 attinent
2026 724 2039 741 ,
2077 713 2146 735 ma-

1133 745 1182 785 gis
1206 743 1354 786 sanguine
1377 741 1536 783 distendi,
1557 743 1714 778 crederem
1735 769 1742 777 .
1780 746 1832 777 Sic
1855 745 1889 777 in
1923 745 1994 776 aliis
2018 755 2144 788 quoque

1134 786 1195 820 feci
1219 787 1330 820 eodem
1355 787 1465 824 exitu,
1491 785 1531 819 sic
1555 789 1654 820 etiam
1677 789 1710 820 in
1734 788 1890 831 plerisque
1901 799 2013 821 eorum
2038 787 2143 822 faetu-

1134 841 1185 864 rus
1215 841 1352 873 quorum
1376 831 1537 872 proximas
1571 830 1738 873 subjiciam
1772 831 1920 865 historias
1939 854 1951 871 ,
1984 831 2006 863 si
2031 830 2067 864 ad
2092 841 2145 864 eos
2194 852 2200 867 s

1135 873 1219 907 forte
1243 873 1413 907 advocatus
1437 873 1529 907 essem
1551 897 1563 914 ,
1596 884 1650 908 aut
1672 876 1781 917 potius
1804 873 1827 908 fi
1852 885 1990 916 praeceps
2013 874 2144 908 morbus

1135 927 1259 959 tempus
1284 915 1414 951 dedisset
1431 940 1443 957 ,
1478 927 1514 951 ut
1537 917 1706 962 quisquam
1739 918 1777 953 ad
1800 918 1911 952 eorum
1944 919 2145 951 curationem

1136 959 1341 993 advocaretur
1354 985 1361 991 .

1181 1007 1228 1035 16.
1250 1004 1454 1048 JUVENIS
1477 1013 1542 1037 erat
1568 1004 1708 1039 Venetus
1744 1015 1843 1038 annos
1878 1012 1971 1038 natus
2001 1004 2148 1039 undetri-

1131 1048 1242 1089 ginta,
1266 1046 1407 1087 gibbus,
1430 1047 1580 1085 bibulus,
1603 1049 1660 1089 qui
1684 1048 1840 1081 esculenta
1863 1047 1970 1080 nescio
1993 1061 2065 1090 quae
2090 1057 2144 1089 per

1138 1090 1250 1124 urbem
1272 1089 1496 1123 circumferens
1510 1112 1520 1128 ‚
1542 1088 1660 1123 infimae
1686 1091 1770 1132 plebi
1782 1090 1955 1124 vendebat.
1978 1092 2055 1124 Hoc
2069 1090 2147 1124 dum

1139 1132 1258 1168 faceret
1279 1132 1331 1166 die
1354 1133 1496 1177 quodam
1521 1133 1680 1167 octobris
1702 1135 1742 1167 A.
1757 1145 1850 1176 1707,
1863 1135 1897 1166 in
1921 1134 1987 1176 ipsa
2009 1135 2060 1167 via
2081 1135 2152 1176 pri-

1140 1189 1231 1211 mum
1253 1176 1440 1217 vacillavit,
1460 1188 1535 1210 mox
1559 1176 1604 1209 ibi
1629 1176 1772 1218 cecidit,
1796 1178 1889 1210 illico
1913 1186 2081 1214 mortuus,
2107 1177 2148 1208 li-

1138 1221 1211 1254 vida
1234 1219 1336 1257 facie,
1360 1222 1460 1261 vino,
1483 1219 1572 1264 quod
1594 1219 1742 1261 biberat,
1766 1232 1820 1263 per
1842 1231 1877 1253 os
1893 1243 1904 1260 ,
1930 1220 2082 1264 naresque
2105 1218 2148 1252 fi—

1137 1265 1202 1299 mul
1225 1275 1299 1297 cum
1333 1263 1575 1306 sanguinolento
1598 1263 1734 1297 humore
1752 1287 1765 1304 ,
1797 1262 1955 1297 defluente
1975 1291 1983 1298 .
2069 1264 2153 1298 CA-

1135 1309 1303 1343 DAVER
1326 1318 1398 1341 curn
1424 1307 1533 1340 Praech
1559 1307 1733 1340 Santorino
1756 1306 2151 1350 postridieinspicientes,

1132 1349 1261 1386 brachia
1285 1349 1469 1390 subrigida,
1494 1353 1526 1383 <Se
1548 1352 1713 1385 contratfflffl
1738 1373 1747 1388 ‚
1779 1349 1974 1394 squallidum
1997 1352 2144 1393 corporis

1133 1395 1281 1429 habiturn
1306 1405 1341 1428 ac
1364 1392 1510 1430 foedum,
1535 1397 1567 1426 &
1592 1394 1684 1437 super
1707 1394 1775 1428 haec
1807 1404 1964 1429 recentem
1986 1397 2020 1428 in
2044 1395 2147 1427 altero

1132 1440 1264 1484 inguine
1286 1437 1424 1471 bubonis
1447 1439 1632 1474 cicatricem
1654 1437 1924 1481 deprehendimus
1948 1462 1955 1469 .
2059 1439 2149 1470 Ven-

1131 1483 1214 1516 trem
1236 1481 1348 1515 deinde
1372 1481 1568 1515 incidimus:
1590 1481 1740 1526 jecurque
1760 1505 1771 1520 ‚
1803 1485 1836 1514 &
1862 1482 1976 1514 lienem
2001 1492 2116 1522 magna
2142 1493 2153 1517 3

1133 1526 1185 1559 sed
1206 1525 1291 1559 hunc
1316 1524 1554 1562 flaccffliorem,
1578 1525 1661 1558 illud
1712 1525 1786 1558 aulo
1810 1524 1944 1565 durius,
1969 1523 2150 1558 &albidius

1133 1570 1333 1603 invenimus.
1360 1570 1509 1601 Pancreas
1531 1579 1658 1611 quoque
1703 1569 1789 1602 urius
1814 1566 1878 1602 fuit
1904 1593 1910 1600 .
1938 1568 2154 1603 Ventriculus.

1132 1622 1285 1652 antrum,
1307 1611 1394 1655 quod
1416 1620 1555 1651 vocant,
1580 1613 1687 1654 pylori
1710 1610 1859 1645 deorsum
1882 1611 1986 1646 versus
2000 1612 2056 1646 sub
2080 1610 2152 1654 ipso

1137 1656 1296 1690 umbilico
1319 1654 1527 1697 protendebat
1549 1667 1559 1686 :
1591 1655 1670 1688 Coli
1696 1664 1802 1689 autem
1825 1655 1968 1689 intestini
2004 1667 2073 1698 pars
2097 1655 2157 1688 illa

1137 1712 1207 1742 quae
1230 1698 1414 1732 ventriculo
1438 1696 1586 1732 subtendi
1622 1698 1703 1732 solet
1724 1722 1736 1738 ‚
1768 1698 1853 1732 infra
1877 1699 2073 1734 umbilicum
2096 1709 2153 1741 per

1139 1742 1284 1783 medium
1307 1742 1426 1775 ventris
1451 1740 1622 1776 secundum
1645 1741 1739 1784 hujus
1763 1743 2006 1784 longitudinem
2024 1767 2036 1783 ,
2060 1742 2153 1777 valde

1137 1785 1264 1830 angusta
1279 1810 1292 1827 ,
1315 1784 1541 1820 descendebat.
1629 1786 1743 1821 Multo
1766 1797 1862 1829 quam
1885 1786 1975 1824 haec,
1999 1787 2102 1829 magis
2116 1785 2156 1819 ab

1135 1830 1275 1864 naturali
1299 1828 1360 1863 situ
1382 1829 1532 1863 vertebrae
1558 1840 1668 1863 omnes
1683 1853 1695 1869 ,
1718 1842 1788 1873 quae
1812 1832 1851 1863 ab
1877 1832 1943 1864 ima
1967 1832 2088 1864 cervice
2111 1828 2154 1863 ad

1136 1886 1174 1908 os
1186 1876 1315 1907 Sacrum
1330 1874 1516 1914 pertinent,
1540 1873 1743 1906 aberrabant.
1771 1874 1861 1906 Nam
1885 1883 1998 1914 totus,
2021 1876 2077 1917 qui
2103 1872 2157 1906 his

1136 1917 1261 1952 duobus
1285 1919 1431 1950 terminis
1455 1915 1652 1958 interjicitur
1667 1940 1680 1957 ,
1714 1917 1821 1960 Spinae
1846 1918 1968 1951 massus
1993 1916 2154 1952 sinistror-

1137 1961 1208 1996 sum
1231 1959 1310 1994 adeo
1331 1960 1522 2003 curvabatur
1541 1983 1550 1998 ,
1583 1969 1619 1993 ut
1641 1969 1820 1995 curvaturae
1844 1960 1987 1995 medium
2011 1962 2050 1995 ab
2074 1962 2159 1995 ῑοᾶτι

1139 2005 1225 2038 linea
1247 2015 1318 2047 quae
1342 2005 1426 2036 inter
1449 2004 1531 2037 duos
1554 2014 1608 2036 eos
1631 2004 1786 2038 terminos
1809 2003 1906 2038 dueta
1930 2003 2003 2039 esset
2023 2028 2036 2045 ,
2058 2003 2160 2038 trans-

1139 2048 1243 2083 versos
1265 2046 1387 2088 digitos
1410 2047 1479 2089 plus
1504 2046 1623 2088 septem
1645 2046 1793 2081 distaret.
1821 2051 1973 2081 Praeterea
1997 2058 2063 2083 erat
2087 2049 2161 2091 Spi-

1136 2104 1183 2125 nae
1208 2091 1347 2124 anterior
1370 2088 1464 2125 facies
1487 2090 1553 2133 ipsa
1577 2102 1705 2134 quoque
1727 2092 1773 2124 ita
1797 2089 2006 2126 sinistrorsum
2029 2103 2161 2125 conver-

1136 2135 1165 2169 sa
1179 2161 1186 2172 ,
1209 2144 1245 2168 ut
1270 2133 1458 2176 posteriores
1480 2134 1698 2169 vertebrarum
1720 2133 1880 2178 processus
1904 2134 2072 2170 dexterum
2087 2147 2161 2179 pro-

1138 2177 1310 2220 pemodum
1335 2178 1439 2219 Spinae
1463 2178 1546 2211 latus
1568 2187 1733 2211 tenerent.
1761 2178 1841 2220 Qo
1864 2190 1903 2212 ex
1927 2180 2035 2221 positu
2050 2179 2159 2222 seque-

1133 2222 1245 2261 batur,
1269 2229 1305 2255 ut
1329 2219 1458 2254 sinistrae
1483 2232 1614 2267 quoque
1645 2220 1738 2255 costae
1761 2222 1870 2254 initiis
1892 2222 1955 2256 suis
1980 2225 2156 2265 Spinama

1135 2275 1226 2307 tergo
1249 2264 1430 2306 operirent.-
1453 2264 1527 2296 inde
1551 2273 1656 2299 autem
1678 2264 1861 2299 antrorsum
1885 2265 1913 2298 se
1927 2268 2085 2306 continno
2108 2269 2161 2300 in-

1136 2308 1324 2347 Ηεᾶεηῐεε,
1349 2308 1518 2350 Spinaeque
1542 2307 1623 2341 latus
1648 2308 1822 2350 complexae
1849 2333 1858 2346 .
1893 2310 1979 2343 inter
2003 2310 2067 2344 hoc
2090 2336 2099 2352 ,
2124 2312 2158 2343 δε

1137 2352 1166 2385 se
1187 2350 1270 2394 ipsas
1293 2353 1327 2383 in
1352 2349 1492 2383 thoracis
1515 2361 1595 2383 cavo
1618 2351 1810 2394 peraugustae
1835 2351 1947 2387 fissurae
1986 2354 2082 2387 instar
2105 2363 2160 2395 per

1137 2404 1246 2428 totum
1279 2393 1313 2427 id
1336 2394 1419 2427 latus
1452 2394 1675 2436 relinquebant
1700 2419 1709 2428 .
1743 2395 1839 2428 Hanc
1863 2397 1969 2439 Spinae
2002 2397 2157 2431 flexuram

1135 2436 1323 2472 descendens
1346 2438 1448 2470 Aorta
1473 2437 1664 2472 imitabatur
1687 2439 1825 2472 arteria.-
1851 2450 1906 2472 nec
1931 2439 2069 2475 dubium
2091 2451 2158 2474 erat

1137 2483 1215 2524 quin
1239 2479 1418 2522 descriptus
1443 2481 1613 2514 ventriculi
1635 2504 1647 2521 ,
1671 2483 1703 2514 δε
1727 2482 1806 2514 Coli
1830 2482 1908 2516 situs
1931 2483 2004 2517 inde
2028 2495 2157 2529 quoque

1137 2535 1251 2567 magna
1274 2535 1313 2556 ex
1337 2532 1425 2565 parte
1446 2522 1641 2558 occasionem
1664 2523 1840 2559 habuisset.
1869 2525 2035 2562 Thoracis
2052 2535 2159 2563 autem

1137 2578 1252 2602 cavum
1275 2576 1399 2609 quanto
1423 2576 1591 2609 propterea
1615 2571 1648 2602 Sc
1671 2569 1797 2603 brevius
1816 2593 1824 2607 ,
1851 2572 1883 2603 &
1904 2571 2063 2615 angustius
2086 2573 2158 2607 fue-

1135 2614 1201 2651 rit,
1226 2610 1319 2643 facile
1344 2610 1502 2651 intelligis
1524 2635 1530 2642 .
1562 2612 1650 2645 Nam
1675 2611 1730 2644 etsi
1767 2614 1876 2655 pecfhrs
1899 2616 2007 2649 multo
2039 2628 2158 2650 conve·

1136 2657 1208 2690 xius
1231 2664 1297 2686 erat
1323 2653 1360 2686 ad
1385 2655 1543 2686 anteriora
1562 2679 1576 2696 ,
1621 2666 1694 2689 uam
1716 2654 1816 2689 soleat
1842 2669 1853 2695 3
1888 2659 2026 2693 multum
2050 2670 2157 2694 tamen

1138 2697 1322 2732 latitudinis
1344 2696 1537 2731 finistrarurn
1557 2699 1610 2732 cos
1627 2710 1716 2733 arum
1738 2698 1815 2734 fitus
1838 2700 2028 2736 detrahebat
2049 2715 2057 2736 .·
2084 2705 2157 2747 Spi-

1137 2754 1177 2776 na
1202 2751 1330 2782 autem,
1354 2740 1557 2781 &sternum‚
1579 2741 1668 2785 quod
1691 2743 1887 2786 segmentum
1907 2746 2016 2780 annuli
2040 2757 2157 2789 reprae-

1138 2786 1283 2819 sentabat
1298 2807 1308 2823 ,
1332 2793 1457 2828 quanto
1469 2786 1569 2827 magis
1594 2797 1688 2819 curva
1703 2796 1813 2827 erant,
1840 2797 1932 2821 tanto
1944 2790 2045 2832 magis
2071 2790 2156 2824 sum-

1138 2840 1229 2863 mum
1252 2828 1506 2871 diaphragmatis
1541 2827 1700 2862 fornicem
1735 2830 1887 2872 supremis
1913 2830 2056 2867 thoracis
2079 2833 2155 2867 fini..

1138 2873 1196 2907 bus
1220 2874 1404 2915 propiorem
1427 2870 1608 2910 faciebant3
1632 2881 1668 2905 ut
1691 2872 1824 2915 cordis,
1847 2875 1933 2919 quod
1955 2879 2065 2919 potius
2088 2889 2156 2911 ma·

1139 2927 1238 2958 gnum
1261 2926 1351 2955 erat,
1374 2913 1452 2948 bafis
1476 2914 1597 2948 summa
1611 2914 1658 2948 sui
1682 2925 1772 2958 parte
1783 2919 1839 2951 vix
1862 2930 1879 2951 a
1901 2918 2015 2961 jugulo
2036 2923 2154 2955 tantil-

1139 2961 1208 2994 lum
1230 2958 1358 2993 distaret
1372 2983 1379 2990 .
1406 2961 1444 2991 In
1467 2957 1574 2992 cordis
1597 2960 1785 2994 ventriculis
1808 2960 1933 3005 sanguis
1947 2974 2086 3005 paucus,
2110 2965 2154 2998 is-

1135 3015 1197 3047 que
1219 3011 1408 3041 concretus,
1431 3003 1464 3034 in
1475 3003 1616 3036 auricula
1641 3011 1745 3036 autem
1756 3004 1884 3039 dextera
1909 3006 2064 3050 polyposa
2075 3019 2154 3041 con-

1134 3047 1261 3086 cretio,
1284 3045 1334 3079 sed
1357 3046 1488 3088 exigua.
1516 3046 1683 3079 Pulmones
1709 3049 1849 3082 anterius
1874 3049 1979 3092 passim
2003 3074 2016 3091 ,
2049 3051 2152 3093 poste-

1136 3092 1202 3123 rius
1227 3099 1330 3124 autem
1351 3090 1452 3122 altero
1484 3088 1641 3132 superiore
1664 3090 1741 3123 lobo
1772 3103 1848 3127 curn
1878 3093 1984 3135 pleura
2017 3096 2151 3128 connexi

1135 3143 1224 3171 erant
1248 3144 1303 3176 per
1327 3143 1454 3168 tenues,
1480 3133 1652 3176 mollesque
1679 3136 1880 3170 membranas
1901 3160 1909 3167 .
1942 3138 2060 3179 Spuma
2083 3148 2150 3171 erat

1134 3178 1169 3210 in
1192 3176 1382 3216 bronchiis,
1405 3176 1522 3210 alicubi
1546 3178 1645 3211 etiam
1668 3178 1835 3213 rubescens
1854 3203 1868 3220 ,
1891 3178 1941 3213 sed
1964 3190 2115 3222 perpauca
2139 3207 2147 3214 .

1134 3222 1298 3254 Caeterum
1322 3221 1489 3263 pulmones
1506 3243 1516 3259 ,
1548 3220 1668 3263 Aspera
1692 3225 1827 3263 arteria,
1851 3227 1883 3255 &
1907 3223 2021 3264 lai-ynx
2045 3224 2115 3257 sana
2140 3248 2147 3256 .

1225 3264 1374 3297 Calvaria
1398 3289 1406 3302 ‚
1438 3275 1508 3306 quae
1541 3262 1638 3299 crassa
1672 3275 1738 3299 erat
1763 3291 1772 3306 ,
1805 3265 1928 3299 sublata
1948 3289 1962 3306 ,
1993 3269 2026 3299 ὃς
2048 3269 2148 3302 Durae

1138 3308 1297 3350 meningis
1322 3307 1451 3341 Sinibus
1474 3306 1602 3348 incisis,
1624 3310 1657 3343 in
1681 3320 1718 3343 eo
1731 3310 1788 3352 qui
1811 3309 1916 3342 Fascis
1936 3309 2079 3351 dicitur,
2103 3312 2148 3343 le-

1137 3350 1291 3384 vissimam
1314 3350 1504 3394 polyposam
1524 3353 1764 3386 concretionem
1786 3375 1798 3391 ,
1821 3353 1854 3385 in
1879 3353 2017 3386 Laterali
2041 3363 2147 3388 autem

1139 3395 1271 3428 dextero
1292 3395 1440 3428 coactum
1465 3396 1498 3427 in
1521 3406 1651 3437 grumos
1684 3397 1869 3439 sanguinem
1890 3396 2111 3439 conspeximus
2137 3411 2147 3436 ς

1138 3450 1204 3480 quo
1227 3442 1259 3471 δε
1282 3438 1405 3470 minora
1429 3438 1596 3480 turgebant
1616 3439 1687 3472 vasa
1702 3465 1710 3480 ,
1734 3440 1837 3482 magis
1848 3449 1956 3473 autem
1975 3451 2045 3482 quae
2068 3440 2146 3473 dex-

1138 3491 1223 3518 tera,
1247 3493 1343 3524 eaque
1367 3480 1546 3521 inferiore,
1568 3483 1686 3516 cerebri
1710 3492 1799 3525 parte
1813 3494 1868 3526 per
1890 3484 2069 3525 meningem
2081 3485 2147 3516 Te-

1139 3536 1235 3558 nuem
1257 3524 1497 3557 discurrebant.
1524 3526 1590 3559 Sub
1613 3525 1673 3559 hac
1696 3528 1847 3569 meninge
1867 3526 1970 3559 serum
1992 3526 2099 3568 paffim
2110 3529 2145 3560 in

1138 3569 1259 3601 cerebri
1284 3567 1497 3608 anf1·a&ibus‚
1520 3578 1556 3601 ut
1578 3567 1647 3611 ipsa
1670 3578 1836 3612 propterea
1859 3567 2055 3603 detrahentis
2078 3582 2146 3604 ma.

1139 3612 1216 3645 num
1239 3620 1306 3644 tota
1333 3610 1426 3644 facile
1448 3610 1629 3655 sequeretur
1648 3637 1656 3644 .
1683 3613 1781 3646 Nihil
1805 3622 1912 3646 autem
1932 3612 1991 3646 seri
2012 3624 2051 3646 ex
2074 3615 2148 3657 Spi-

1141 3665 1188 3688 nae
1212 3654 1293 3689 tubo
1315 3654 1477 3695 defluxit,
1500 3659 1531 3688 Se
1557 3667 1695 3698 paucum
1716 3658 1750 3688 in
1763 3656 1964 3691 Lateralibus
1986 3658 2149 3691 ventricu-

1141 3698 1181 3731 lis
1204 3699 1370 3732 inventurn
1394 3698 1456 3732 est:
1480 3709 1547 3741 quo
1570 3709 1674 3733 tamen
1698 3709 1763 3731 non
1786 3709 1862 3733 tunc
1895 3700 2038 3742 primum
2061 3701 2147 3734 irru-

2008 3742 2084 3787 pisse
2096 3769 2105 3784 ,

149 3892 164 3920 (
179 3898 203 3913 m
219 3891 233 3919 )
250 3890 306 3915 vid.
323 3891 445 3920 Sepulchr.
462 3891 480 3913 1.
498 3898 520 3918 4.
539 3892 564 3914 S.
585 3897 603 3914 1.
621 3890 646 3914 in
663 3889 745 3914 Addit.
764 3889 822 3914 Obs.
839 3891 861 3914 8.
877 3893 899 3915 8:
917 3899 952 3921 13.

151 3930 155 3951 ἦ
179 3930 192 3950 q
207 3921 220 3951 )
238 3923 273 3946 De
288 3921 378 3947 Medic.
397 3922 476 3947 Ptine.
495 3921 555 3946 Hist.
573 3922 592 3945 1.
612 3929 633 3946 ι.
652 3919 703 3945 hist.
723 3929 747 3951 ς.
763 3919 789 3944 in
806 3921 916 3950 paraphr.

977 3921 992 3951 ζ
1005 3890 1089 3949 τ()”ὶῐῑ
1103 3897 1233 3946 Κεὶς-Ναί.
1250 3924 1307 3946 Cur.
1325 3923 1398 3946 Torn.
1414 3930 1436 3951 4.
1455 3921 1515 3949 obs.
1535 3927 1585 3953 13⁶.

1235 3890 1245 3919 (
1263 3900 1275 3914 ο
1293 3891 1305 3919 )
1322 3893 1357 3915 De
1374 3890 1457 3915 Medic
1485 3892 1502 3914 l.
1522 3899 1541 3921 3.
1560 3900 1580 3916 c.
1599 3900 1637 3921 ²7·
1699 3891 1741 3923 (p
1759 3893 1765 3920 )
1781 3892 1856 3921 Epist.
1875 3901 1895 3922 3.
1914 3900 1936 3915 n.
1955 3898 1991 3916 xx.
2009 3900 2045 3917 η.

1647 3922 1942 3953 (sJ1-1·S·2-0bs·
1959 3925 1997 3954 48.
