2498 4075
402 122 473 193 {42
941 105 1101 174 {Liber
1132 115 1223 176 111.
1257 115 1342 175 De

381 208 414 239 9¹,
436 192 579 239 Qando
595 200 724 231 autem5
747 193 782 228 id
803 192 892 237 quod
911 201 1041 236 propter
1064 192 1160 226 modo
1184 192 1342 228 indicatas

335 239 645 283 causas‘plurimum
672 247 807 276 vereor3
831 249 891 280 pro
925 237 1093 278 explorato
1127 236 1279 274 haberent
1304 250 1342 270 ο-

340 294 429 323 mnes
447 308 453 319 .
476 284 508 315 iu
522 281 687 323 palliativa
711 282 880 314 curatione
904 280 1029 313 nullum
1043 280 1095 313 hie
1110 280 1223 317 restare
1235 281 1341 313 cuivis

334 326 553 366 instrumento
575 323 706 365 locum5
730 333 808 361 tunc
821 323 1037 363 nihilnegotii
1057 323 1230 358 Medicinae
1244 324 1342 356 relin-

334 379 513 411 queretur,
538 365 594 399 nifi
620 375 654 400 ut
679 366 823 405 videret,
849 377 926 399 num
950 365 1034 399 forte
1057 367 1091 400 in
1115 366 1339 400 curationibus

336 423 407 452 quae
431 411 468 445 ad
490 408 669 449 tollendam
691 411 783 447 istam
808 409 1039 446 relaxationem
1053 408 1117 453 jam
1140 411 1266 453 pridem
1288 412 1340 443 in-

293 460 297 465 ·
336 454 458 494 stitutae
482 453 581 494 sunt,
604 452 849 496 praetermiffum
872 452 979 486 suisset
1001 452 1178 486 remedium
1212 453 1339 491 ullum,

334 509 402 539 quo
428 496 449 530 fi
475 508 538 537 non
563 497 672 536 vinci,
696 507 728 530 at
750 496 858 539 aliqua
881 494 993 531 saltem
1014 507 1054 536 ,ex
1078 505 1166 540 parte
1189 497 1341 531 imminui

330 540 469 584 morbus
490 539 612 583 posset,
1075 543 1077 547 ’

385 593 433 617 10.
462 585 513 617 Ex
535 583 713 626 Chirurgia
732 581 863 624 quidem
878 582 977 616 multa
1001 584 1082 616 olim
1099 581 1243 621 adversus
1257 584 1342 617 hunc

339 628 491 663 morbum
518 626 688 660 trahebant
709 625 846 660 auxilia.
871 625 1039 666 *Laudabat
1062 626 1227 663 Riolanus
1247 631 1263 668 g
1286 638 1309 669 z
1331 631 1342 665 )

334 670 559 711 cucurbitulas
582 670 682 710 duas,
706 669 843 712 singulas
867 668 1148 711 adlateralingula
1171 670 1230 701 imi
1257 671 1344 704 Sacri

335 715 408 756 offis
434 716 602 750 admotas,
628 713 691 747 five
716 713 754 746 ad
775 713 910 750 clunes,
935 722 971 745 ut
996 722 1152 750 memorat
1187 712 1344 747 Schache-

333 768 390 798 ,τω
416 762 425 797 (
449 769 467 790 a
489 760 528 796 2,
551 756 624 789 inde
650 756 772 799 aliquid
788 755 1044 789 commoditunc
1058 756 1244 798 expeftans.
1269 768 1344 793 cum

336 800 490 843 princeps
511 801 587 837 mali
610 798 701 838 ,causa
726 798 824 832 haeret
850 801 883 832 in
908 798 1068 842 languidis
1100 802 1150 831 ani
1173 800 1343 834 musculis.

334 844 409 885 Ego
433 855 496 879 non
518 845 624 876 multo
650 842 719 886 plus
744 842 939 885 hinespero,
964 844 1252 885 quamacauteriis
1263 844 1344 878 duo.

336 886 396 926 bus
421 887 458 928 ad
482 886 629 919 infimam
654 887 784 927 Spinam
809 886 986 926 adhibitis,
1008 898 1100 929 quae,
1125 887 1271 920 Arabum
1296 886 1343 919 as-

332 930 428 970 seclas
453 930 579 966 secutus
602 952 612 968 ,
650 929 854 968 Mercurialis
878 933 892 970 (
914 928 968 972 b)
993 929 1178 971 proposuit,
1204 931 1342 964 Marcus

333 983 441 1007 autem
467 973 797 1013 AureliusSeverinus
821 978 832 1013 (
856 985 871 1006 c
894 976 907 1012 )
931 972 1164 1011 confirmavit5
1189 973 1288 1006 niliin
1302 984 1342 1006 eo

331 1015 419 1056 forte
443 1017 621 1051 adhibenda
646 1015 760 1058 essent,
785 1016 878 1058 cujus
903 1016 1033 1050 habitus
1054 1016 1149 1057 longe
1175 1018 1252 1050 alius
1264 1016 1339 1050 esset

333 1072 369 1094 ac
392 1063 484 1103 AEgri
510 1060 632 1099 nostri,
655 1062 685 1092 δέ
712 1060 876 1103 prolapsus
901 1060 939 1093 ab
962 1058 1221 1093 nimiahumoris
1241 1060 1338 1102 copia

334 1114 388 1142 aut
416 1104 519 1138 factus
535 1127 543 1141 ,
568 1113 622 1137 aut
649 1103 811 1143 servatus.
834 1102 938 1138 Quod
952 1114 1028 1136 vero
1052 1103 1089 1135 ad
1110 1099 1270 1136 famosum
1285 1114 1338 1136 au-

333 1148 450 1181 xilium
475 1149 595 1181 attinet
620 1148 747 1188 antiqui
761 1147 847 1180 illius
859 1146 1018 1188 ¹Chirurgi
1045 1145 1217 1185 Leonidae,
1241 1157 1337 1188 quem

331 1190 396 1230 Vir
420 1192 472 1234 Cl.
502 1191 619 1224 Daniel
644 1190 790 1223 Clericus
816 1194 826 1229 (
850 1190 904 1232 d)
928 1190 1064 1223 eundem
1077 1188 1178 1222 credit
1204 1200 1237 1221 ac
1250 1190 1338 1222 Leo-

333 1237 446 1267 nidem
474 1233 638 1274 Medicum
665 1233 970 1275 Episyntheticum‚
997 1245 1012 1266 a
1037 1232 1339 1278 CaelioAureliano

331 1281 342 1317 (
365 1289 380 1312 e
402 1281 415 1318 )
440 1287 679 1318 memoratum‚·
702 1287 757 1311 nec
792 1278 879 1309 varia
915 1276 1052 1309 aliorum
1085 1275 1204 1317 judicia
1237 1277 1340 1309 omit-

330 1323 421 1361 tam',
447 1333 502 1355 nec
529 1332 636 1354 meum
652 1320 813 1353 reticebo.
838 1320 946 1361 Igitur
958 1331 1031 1352 cum
1048 1318 1143 1352 diaeta
1167 1317 1249 1352 nihil
1265 1331 1341 1361 pro-

332 1364 477 1402 fecisset,
501 1376 602 1407 neque
628 1363 862 1403 medicamenta
873 1364 1092 1402 contulislent,
1106 1362 1190 1395 malo
1212 1361 1341 1407 jamin-

334 1419 482 1451 yeterato
498 1432 506 1447 ,
530 1407 674 1442 censebat
701 1406 865 1445 Leonida,
890 1408 922 1440 δὲ
957 1406 1164 1441 necessarium
1201 1405 1281 1444 effe,
1307 1409 1340 1438 &

331 1454 468 1494 minime
495 1450 712 1495 periculosum
738 1459 901 1485 externam
918 1450 997 1484 sedis
1012 1459 1134 1491 partem
1162 1458 1340 1483 extremam

328 1498 483 1537 cauteriis
509 1495 799 1538 aliquotinurere;
822 1494 863 1527 fic
884 1496 968 1526 enim
980 1494 1132 1527 cicatrice
1157 1493 1256 1538 solida
1270 1493 1339 1526 suc-

332 1542 465 1575 cedente
488 1551 583 1573 anum
607 1539 640 1571 in
665 1539 791 1571 ambitu
803 1537 1002 1578 constringi,
1026 1539 1056 1569 &
1082 1537 1263 1579 prolapsum
1279 1537 1363 1571 tol-x

331 1586 375 1625 li.
402 1583 501 1626 Apud
527 1583 662 1623 Aetium
688 1578 794 1626 (f),
818 1581 874 1623 qui
896 1580 978 1613 hanc
994 1605 1002 1621 ,
1028 1579 1167 1622 aliasque
1191 1581 1342 1618 Leonidae

329 1625 434 1667 'nobis
458 1628 643 1668 curationes
667 1623 826 1663 servavn,
852 1625 916 1665 legi
934 1622 1000 1661 haec
1025 1624 1195 1665 aliquanto
1228 1623 1343 1661 distin·

333 1673 419 1711 „erius
445 1672 573 1711 potest:
598 1678 693 1707 quam
719 1666 887 1700 Fabricius
899 1677 1029 1708 quoque
1042 1667 1081 1699 ab
1107 1668 1344 1709 Aquapenden-

338 1725 371 1748 te
396 1716 449 1757 (g
472 1718 505 1755 )-,
530 1717 559 1747 ἃ
576 1709 735 1751 Riolanus
760 1715 770 1750 (
795 1710 814 1743 h
835 1713 849 1750 )
874 1719 1195 1743 commemorarunt.
1221 1712 1345 1743 Severi-

340 1771 398 1792 nus
423 1762 436 1799 (
458 1759 504 1802 i)
530 1767 638 1790 aurem
662 1765 726 1787 non
751 1753 851 1787 modo
877 1753 976 1796 ipsam
991 1761 1171 1790 memorat;
1198 1763 1261 1786 non
1274 1765 1345 1787 mo-

333 1803 376 1837 do
400 1804 461 1836 suis
487 1802 596 1836 multis
618 1797 902 1832 observationibus
926 1797 1119 1833 conthmat,
1143 1799 1253 1837 ignem
1269 1796 1343 1831 huic

333 1842 442 1893 parti,
466 1848 499 1881 in
526 1845 597 1878 aliis
620 1843 744 1877 morbis
767 1851 896 1878 tamen,
923 1840 1106 1874 adhibitum
1122 1862 1135 1879 ‚
1161 1839 1220 1872 fibi
1242 1840 1346 1873 felici-

332 1884 541 1927 'ter'cessisses
566 1887 615 1926 sed
638 1889 773 1930 ignavos
799 1884 950 1932 Medicos
974 1893 1091 1922 vocat,
1117 1893 1172 1925 per
1194 1893 1274 1924 quos
1287 1883 1344 1925 ipsi

332 1929 400 1971 non
424 1936 520 1969 licuit
544 1931 655 1966 eodem
679 1930 766 1972 ignis
789 1929 936 1971 praesidio
962 1928 1081 1974 Virum
1105 1936 1214 1965 curare
1239 1937 1275 1959 ex
1301 1928 1346 1959 E-

331 1973 452 2024 squestri
465 1976 713 2020 Surgentiomm
727 1972 866 2008 Familia
881 1995 889 2010 ‚
914 1982 1005 2014 cnjus
1019 1968 1183 2019 prolapsus
1197 1992 1206 2007 ‚
1232 1979 1268 2001 ut
1288 1971 1345 2018 AE-

339 2025 392 2068 gri
407 2021 505 2061 nostri
519 2045 530 2061 ‚
554 2018 729 2053 vicennalis
743 2025 809 2050 erat
823 2041 830 2053 ,
855 2016 1038 2056 nullamque
1053 2022 1175 2057 pariter
1186 2024 1222 2046 ex
1235 2023 1343 2048 omni-

334 2069 426 2111 genis
441 2063 682 2099 medicamentis
696 2071 791 2102 opem
804 2059 956 2093 retulerat
969 2081 976 2088 .
1107 2057 1252 2102 Contra,
1279 2055 1347 2094 Ni-

335 2112 446 2147 colaus
471 2109 633 2150 Blegnyus
657 2108 670 2144 (
692 2104 711 2144 l<
733 2107 747 2142 )
770 2102 931 2146 ejusmodi
962 2100 1160 2134 curationem
1189 2099 1311 2149 *abjicit
1336 2124 1346 2139 ‚

334 2146 375 2190 ‘ut
398 2164 463 2188 non
477 2154 582 2191 minus
595 2149 761 2187 molestam
775 2149 790 2183 ,’
808 2158 906 2188 quam
924 2143 1040 2178 nostris
1054 2143 1260 2186 temporibus
1272 2154 1346 2176 inu÷

338 2199 484 2233 litatam.
512 2198 622 2232 Petrus
646 2202 752 2226 autem
776 2189 944 2230 Dionifius
970 2188 1014 2235 (l
1039 2190 1049 2226 )
1072 2187 1128 2220 ase
1139 2197 1348 2230 unquamne.

336 2236 397 2278 §at
421 2240 480 2276 esse
503 2239 626 2274 visam,
648 2235 714 2279 ejus
738 2235 901 2268 Au&ores
924 2231 1066 2266 crudeles
1102 2240 1195 2263 vocat
1210 2255 1220 2271 ‚
1243 2229 1347 2272 ipsam

336 2274 418 2320 ‘vero
443 2285 491 2316 vel
515 2281 720 2316 audientibus
744 2277 958 2311 horribilem:
983 2275 1149 2316 creditque
1172 2298 1182 2318 ,
1210 2272 1240 2321 'si
1275 2277 1348 2316 quis

337 2330 426 2365 forte
449 2325 522 2360 esset
546 2326 602 2367 qui
627 2334 696 2356 eam
719 2330 844 2354 tentare
869 2321 966 2354 vellet
981 2345 989 2359 ,
1014 2319 1175 2351 neminem
1198 2318 1266 2355 sore
1289 2318 1347 2365 qui

342 2385 408 2407 non
431 2371 672 2405 adversaretur,
696 2365 793 2406 idque
816 2365 935 2396 merito
960 2371 1128 2403 propterea
1163 2360 1252 2402 quod
1283 2363 1346 2399 line

342 2417 398 2450 illa
422 2415 525 2449 sanari
549 2410 678 2454 possunt
704 2408 770 2441 haec
784 2407 890 2439 mala:
913 2414 1098 2447 quanquam
1123 2402 1184 2435 hoc
1208 2414 1270 2444 q-ua
1295 2415 1347 2436 ra-

340 2462 434 2494 tione
459 2456 594 2499 probare
618 2451 682 2495 ipse
706 2448 807 2493 posset
823 2476 831 2488 ‚
854 2457 930 2482 nori·
945 2456 1097 2489 apparet,
1122 2446 1252 2494 quando
1275 2446 1347 2479 nul—

341 2505 411 2538 lum
435 2492 592 2544 proponit
615 2495 775 2530 auxilium
799 2492 887 2534 quod
913 2490 1052 2524 sanando
1077 2488 1153 2522 huic
1167 2488 1276 2537 nostro
1292 2500 1346 2530 par

342 2546 402 2582 effe
425 2534 596 2577 videatur'.
728 2535 817 2577 ‚Mihi
844 2547 919 2572 vero
944 2535 1076 2567 minime
1100 2532 1221 2565 necesse
1241 2530 1293 2566 hic
1306 2532 1347 2566 est

341 2581 399 2625 aut
423 2588 548 2621 ionavis
572 2582 732 2619 Severini,
758 2589 812 2620 aut
836 2578 1020 2621 crudelibus
1032 2576 1173 2611 Dionisii
1199 2575 1348 2616 astipula-

343 2636 392 2669 ri.
418 2616 508 2665 txff'am
532 2626 586 2662 etsi
613 2637 674 2660 non
689 2635 773 2666 nego
788 2646 800 2663 ,
827 2622 977 2660 Leonidae
989 2620 1190 2654 curationem
1205 2618 1264 2652 esse
1277 2618 1349 2661 pos-

344 2679 374 2713 se
398 2676 513 2710 utilem
537 2674 570 2705 in
595 2669 733 2707 humili,
761 2670 791 2700 &
815 2677 912 2709 parva
937 2664 1133 2697 relaxatione
1148 2687 1162 2712 ,π
1180 2663 1350 2705 idqueob-

345 2722 526 2756 servatione
550 2713 733 2755 Cowperi,
757 2722 829 2753 quae
853 2709 947 2749 supra
971 2709 1036 2750 (m
1058 2711 1073 2748 )
1096 2706 1239 2739 indicata
1272 2707 1313 2739 est
1337 2728 1347 2745 ‚

344 2759 565 2806 quadantenus
589 2755 799 2793 confirmari,·
822 2754 854 2786 in
880 2751 1078 2786 relaxatione
1101 2759 1206 2784 tamen
1220 2749 1277 2781 hac
1290 2760 1349 2782 no-

343 2809 403 2844 stra
419 2830 428 2844 ‚
451 2817 523 2849 quae
547 2811 633 2836 tanta
658 2800 721 2836 est,
743 2801 774 2832 &
799 2805 892 2830 tanto
917 2797 1012 2828 altius
1035 2793 1164 2828 videtur
1187 2794 1348 2834 incipere,

347 2851 490 2887 multum
515 2855 646 2881 vereor,
671 2852 706 2875 ut
732 2842 825 2880 satis,
862 2849 958 2883 atque
990 2836 1069 2871 adeo
1101 2846 1138 2871 ut
1170 2835 1348 2886 quidquam

349 2895 486 2929 omnino
511 2888 584 2923 esset
609 2885 799 2929 profutura.
970 2926 976 2932 ι
1002 2925 1007 2932 Ι
1180 2923 1187 2930 ⁸

350 2930 354 2934 ’
393 2947 442 2969 11.
467 2933 595 2967 Interea
619 2929 808 2963 melioribus
832 2939 880 2960 me
902 2925 1070 2968 Judicibus
1093 2923 1254 2973 ulte-tiore·
1277 2933 1350 2971 exa-

349 2982 437 3016 mine
462 2976 573 3009 relicto
598 2973 710 3007 harum
724 2972 929 3005 curationum
952 2969 1071 3010 quibus
1094 2966 1255 3008 Chirurgi
1269 2967 1349 2998 olim

347 3019 542 3060 utebantur,
568 3018 603 3051 ad
629 3010 1289 3058 considerandumtranseoinstrumenrum
1303 3020 1348 3042 re-

346 3056 494 3103 centius,
516 3073 606 3104 cnjus
630 3059 720 3094 usum
744 3058 889 3100 pluribus
915 3057 947 3088 in
961 3055 1158 3097 prolapiibus
1170 3051 1261 3092 fuisse
1273 3063 1349 3095 pro-

349 3111 494 3147 fifflum,
519 3102 788 3143 Auctortestatur
804 3125 812 3140 ‚
836 3102 867 3133 Is
880 3100 1042 3141 Bit-gnyus
1056 3097 1096 3130 est
1120 3101 1131 3136 (
1154 3096 1226 3139 n),
1251 3107 1348 3146 quem

347 3146 540 3201 paulo'ante
566 3147 804 3185 memorabam,
829 3146 879 3178 vir
905 3144 974 3175 sane
992 3140 1180 3189 ⁴ingeniosus
1203 3164 1228 3189 ·.
1245 3140 1347 3173 Acci-

351 3199 461 3243 piebat
487 3195 538 3228 hic
562 3192 639 3234 galli
665 3187 956 3228 indiciingluviern
968 3188 1100 3228 ejusque
1122 3183 1288 3223 orificium
1300 3194 1345 3215 ar-

349 3245 400 3277 ἂρ
425 3239 461 3274 ad
474 3246 652 3272 extremum
667 3234 800 3271 alterum
825 3231 930 3263 brevis
952 3229 1121 3270 tenuisque
1146 3229 1350 3269 argenteitu-

348 3287 418 3320 buli
442 3278 709 3320 circumligabat2
735 3286 789 3317 per
802 3275 935 3307 alterum
958 3280 1269 3309 autemextremum,
1292 3271 1349 3303 ba,

346 3319 458 3364 gillam
472 3348 481 3362 ‚
507 3336 541 3357 in
558 3321 681 3356 summo
695 3317 847 3359 obtusum
860 3340 869 3355 ,
892 3317 1091 3349 immittebat
1104 3313 1140 3347 ad
1154 3312 1289 3347 fundum
1300 3313 1348 3346 us-

351 3385 412 3416 que
437 3360 592 3412 ingluviei
608 3366 693 3398 illius
706 3386 715 3400 ,
738 3361 843 3404 ficque
857 3362 936 3394 hanc
952 3361 1091 3401 primum
1107 3382 1116 3398 ‚
1140 3367 1210 3390 tum
1233 3357 1348 3390 deinde

351 3414 460 3457 ¹tubuli
483 3410 594 3454 Justam
625 3417 746 3451 partem
772 3430 782 3452 ρ
814 3405 1083 3454 adstringentibus
1108 3400 1258 3440 remediis
1281 3400 1349 3437 illi,

1386 671 1521 713 ‘praestat
1534 694 1541 701 .

1373 115 1585 176 Morbis
1616 115 1828 174 Ventris

1393 204 1459 228 tam
1473 219 1484 236 ‚
1499 196 1533 228 iu
1549 195 1700 237 podicem
1712 195 1906 233 inducebam
1933 202 2052 238 partem
2066 194 2221 239 reliquam
2232 206 2322 233 extra
2335 197 2398 233 ser:

1393 239 1488 272 vabat
1511 239 1556 271 ita
1583 238 1720 277 factam,
1745 250 1781 273 ut
1803 251 1876 274 cum
1890 239 2041 272 bacillum
2054 238 2261 279 detraxisset,
2283 242 2398 285 hujus.

1393 293 1455 324 que
1479 283 1553 315 loco
1576 291 1752 316 extremam
1777 283 1911 316 fistulam
1926 293 2098 324 parvorum
2118 280 2250 318 follium
2273 287 2307 318 in
2321 297 2394 319 ean..

1392 326 1465 359 dem
1488 325 1595 359 tubuli
1621 335 1743 366 partem
1765 326 1966 365 inseruislet,
1990 335 2085 368 atque
2105 327 2321 362 aeristantum
2347 331 2399 362 in.

1393 368 1535 401 trusisset
1561 377 1720 410 quantum
1742 368 1912 410 implendae
1936 368 2095 410 ingluviei
2108 368 2180 402 satis
2193 368 2287 407 esset,
2311 372 2396 405 redi-

1391 423 1424 444 re
1449 422 1500 444 aer
1524 410 1706 453 priusquam
1731 423 1812 453 aeger
1835 413 1956 451 vellet,
1980 423 2045 444 non
2070 411 2168 453 pollet
2185 433 2195 448 ‚
2219 413 2328 455 itaque
2350 427 2398 448 re-

1391 464 1498 493 tentus
1522 464 1625 496 partes
1649 455 1800 490 relaxatas
1824 454 1978 493 fulciret,
1996 454 2216 498 efficeretque,
2243 456 2397 495 subinde,

1394 509 1430 531 ac
1453 497 1510 531 diu
1534 497 1762 543 repetito-usu,
1785 508 1822 531 ut
1835 510 1876 532 eae
1892 499 2062 539 pristinum
2089 497 2207 538 fitum,
2230 500 2416 541 vigorem-.

1394 553 1474 582 que,
1498 552 1565 582 quo
1590 541 1718 586 adcjus
1742 541 1813 573 fieri
1839 541 1961 583 posset,
1985 551 2232 583 recuperarent.
2257 544 2313 576 Sed
2332 542 2398 577 *in-

1393 585 1561 622 strumenti
1587 583 1680 623 hujus
1704 594 1886 618 accuratam
1897 585 2148 627 descriptionem
2164 607 2173 622 ‚
2198 596 2232 617 ac
2255 586 2398 619 delinea-

1395 628 1542 666 tionem,
1568 626 1781 669 firmandique
1804 627 1938 662 modum
1963 627 2045 670 apud
2069 629 2250 661 Audorem
2287 628 2396 663 videre

1676 671 1838 712 Equidem
1863 672 2013 705 Dionisio
2034 672 2048 709 (
2070 682 2086 704 o
2111 675 2121 710 )
2147 670 2240 705 facile
2253 672 2285 704 in
2298 684 2335 706 eo
2347 672 2395 705 as-

1396 714 1534 749 sentior,
1559 712 1646 755 quod
1670 724 1774 755 neque
1796 714 2007 748 incommodo
2019 724 2123 748 careat
2147 714 2397 749 instrumentum

1395 755 1483 797 hoc,
1504 767 1604 797 neque
1629 755 1720 789 usum
1744 756 1870 799 praestet
1896 758 2052 791 retinendi
2076 758 2109 790 in
2134 757 2186 791 sua
2212 758 2280 791 sede
2313 759 2398 793 inte.

1395 800 1514 833 stinum
1538 811 1574 832 eo
1599 808 1743 841 tempore
1765 811 1831 842 quo
1856 803 1992 845 maxime
2003 812 2083 843 opus
2096 798 2189 840 esset,
2215 802 2247 834 id
2270 801 2311 834 est
2322 813 2398 835 cum

1397 843 1486 877 alvus
1510 852 1722 889 exoneratur,
1745 842 2006 886 quandoquidem
2019 847 2117 878 eximi
2136 855 2213 877 tunc
2227 843 2341 883 debet,
2363 847 2396 879 δε

1393 898 1493 925 mox,
1519 886 1659 928 reposito
1683 886 1861 925 intestino,
1883 888 2017 928 reponi.
2044 888 2132 921 Illud
2154 897 2261 920 tamen
2285 899 2368 929 nego
2383 911 2396 928 ,

1393 931 1548 968 eundern,
1574 938 1610 962 ut
1635 927 1700 970 ipse
1725 930 1792 966 ait,
1818 930 1962 972 proestare
1986 929 2132 963 effffimm
2157 943 2252 972 quem
2266 929 2370 965 fasciae
2386 957 2397 971 ,

1392 977 1422 1007 &
1447 983 1560 1007 caetera
1575 973 1716 1005 exterius
1728 971 1872 1008 adhibita
1888 996 1895 1005 .
1923 973 2015 1009 Quin
2028 994 2037 1009 ,
2062 984 2197 1015 excepto
2211 977 2396 1008 incommo-

1389 1017 1433 1051 do
1457 1027 1522 1049 non
1547 1015 1624 1049 adeo
1647 1017 1761 1056 gravi,
1785 1018 1815 1047 Sc
1836 1015 1922 1058 quod
1948 1027 2043 1049 manu
2067 1028 2147 1056 opus
2169 1016 2214 1050 est
2239 1026 2332 1050 cauta
2360 1018 2399 1052 ad

1391 1058 1593 1095 instrumenti
1619 1058 1845 1100 repositionem
1863 1084 1871 1097 ‚
1896 1070 1960 1092 non
1985 1059 2111 1104 prorsus
2131 1061 2247 1093 inutile
2258 1059 2318 1095 hoc
2332 1073 2400 1094 cre-

1390 1103 1528 1136 diderim
1541 1104 1626 1137 inter
1638 1103 1731 1136 initia
1747 1101 1921 1142 praesertim
1935 1102 2122 1144 hujusmodi
2134 1104 2372 1137 relaxationum
2386 1129 2395 1136 .

1390 1147 1541 1189 Cogitari
1566 1147 1662 1179 etiam
1687 1145 1809 1186 posset,
1833 1157 1871 1178 an
1896 1157 1955 1188 pro
1977 1147 2122 1188 ingluvie
2143 1147 2220 1184 illa,
2244 1147 2397 1180 intestino

1391 1191 1441 1224 uti
1465 1189 1624 1232 praestaret
1649 1189 1741 1222 molli
1766 1201 1800 1222 ac
1823 1190 1973 1223 tenuibus
1995 1191 2114 1222 tunicis
2139 1190 2277 1231 praedito
2303 1191 2397 1226 bruti

1392 1233 1526 1276 alicujus
1544 1254 1552 1270 ,
1576 1245 1610 1266 ea
1634 1231 1865 1273 longitudine,
1889 1232 2178 1274 &latitudinequa
2203 1233 2312 1266 liceret
2328 1257 2336 1272 ,
2362 1247 2400 1268 ac

1391 1288 1472 1318 opus
1496 1275 1594 1316 esset,
1619 1275 1703 1307 arete
1726 1274 1944 1311 intus,clauso
1968 1274 2005 1308 ad
2032 1275 2174 1316 superius
2195 1284 2403 1316 extremum,

1393 1321 1481 1355 illito
1504 1331 1609 1353 autem
1633 1320 1773 1352 exterius
1796 1331 1834 1352 eo
1847 1319 1988 1351 remedio
2000 1318 2088 1359 quod
2113 1319 2181 1360 post
2193 1321 2255 1353 alvi
2280 1332 2401 1355 exone-

1393 1366 1553 1399 rationem
1579 1362 1662 1398 infra
1687 1364 1740 1405 (p
1762 1366 1776 1403 )
1801 1361 2064 1395 commendabo:
2088 1364 2177 1404 quod
2209 1364 2399 1398 intestinum

1391 1409 1446 1444 ubi
1473 1406 1513 1441 sic
1537 1405 1610 1439 satis
1634 1405 1810 1439 immissum
1834 1405 1931 1443 esset,
1955 1405 2077 1447 injefio
2101 1416 2178 1438 mox
2203 1418 2271 1439 aere
2300 1430 2310 1446 ,
2344 1416 2400 1441 aut

1393 1455 1492 1485 etiarn
1516 1449 1679 1483 interdurn
1703 1449 1840 1483 humore
1855 1449 1987 1491 aliquo,
2012 1447 2094 1482 abre
2116 1460 2181 1482 non
2195 1451 2320 1489 alieno,
2345 1462 2401 1493 pe-

1394 1497 1482 1529 nitus
1504 1493 1640 1527 distendi
1662 1492 1759 1534 posset
1778 1516 1787 1531 ‚
1813 1502 1868 1526 aut
1893 1501 1977 1525 certe
1989 1491 2163 1533 haetenus,
2186 1502 2223 1527 ut
2246 1492 2401 1537 dejicien-

1393 1540 1426 1572 di
1449 1537 1664 1582 cupiditatem
1690 1547 1753 1568 non
1779 1544 1943 1569 moveret.
1970 1536 2050 1568 Non
2083 1534 2146 1569 hoc
2181 1535 2332 1575 facilius,
2357 1539 2400 1570 si—

1395 1582 1525 1623 mulque
1552 1581 1753 1615 innocentius
1775 1580 1920 1614 invenire
1945 1578 2101 1611 auxilium
2113 1579 2256 1621 proclive
2280 1580 2401 1613 fortas-

1395 1625 1425 1658 se
1448 1624 1489 1658 est
1514 1623 1551 1657 ad
1576 1623 1814 1664 reponendam,
1839 1621 2104 1662 retinendamque
2127 1623 2160 1655 in
2185 1625 2291 1656 nativa
2329 1622 2400 1659 sede

1397 1669 1572 1702 relaxatam
1596 1668 1740 1700 tunicam
1756 1690 1764 1705 ,
1790 1665 1934 1706 ipsumve
1957 1663 2167 1706 intestinum,
2192 1676 2229 1700 ut
2254 1666 2312 1700 hac
2349 1679 2403 1700 ra.

1397 1713 1486 1744 tione
1509 1712 1654 1743 levamen
1677 1709 1765 1742 illius
1780 1707 1919 1741 vinculis
1942 1706 2110 1744 afferatur,
2135 1709 2217 1743 unde
2242 1720 2401 1752 quantum

1401 1753 1550 1796 possunt,
1578 1754 1605 1786 se
1629 1751 1817 1790 restituant,
1843 1751 1988 1792 viresque
2012 1751 2169 1792 recipiant
2195 1778 2202 1785 .
2236 1756 2403 1788 Caeterum

1401 1798 1482 1831 sicut
1506 1800 1591 1831 inter
1614 1797 1730 1833 initia,
1757 1805 1792 1829 ut
1816 1794 1910 1833 dixi,
1935 1794 2055 1835 aliquid
2071 1795 2225 1828 utilitatis
2251 1797 2322 1830 inde
2334 1797 2404 1839 spe-

1398 1843 1463 1875 rari
1489 1841 1596 1884 polle,
1618 1838 1801 1876 crederem,
1826 1841 1856 1871 δέ
1882 1838 1953 1878 plus
1977 1847 2171 1880 certequam
2193 1851 2210 1871 a
2234 1840 2405 1882 tutundis‚

1398 1895 1477 1926 quas
1497 1885 1550 1917 alii
1575 1884 1684 1916 eadem
1709 1883 1761 1924 spe
1784 1881 1963 1928 adhibent,
1988 1882 2136 1917 remediis
2159 1884 2406 1917 corroboranti-

1398 1928 1456 1961 bus
1481 1928 1662 1962 imbutas&
1686 1925 1809 1963 illitas,
1835 1925 1876 1957 {lc
1889 1932 2049 1967 quantum
2073 1928 2234 1966 expectari
2257 1928 2404 1963 indidem

1398 1969 1499 2013 posset
1523 1973 1557 2004 in
1580 1969 1697 2004 morbo
1721 1971 1921 2006 inveterato,
1946 1978 2011 2000 non
2035 1969 2146 2001 videre
2180 1981 2251 2008 me,
2274 1970 2406 2006 fateor.

1398 2016 1401 2019 ‘
1445 2022 1493 2048 12,
1518 2014 1619 2052 Qod
1644 2012 1682 2045 ad
1696 2011 1981 2045 Pharmaceuticen
1996 2014 2136 2048 attinet,
2162 2022 2254 2047 tanto
2272 2025 2322 2049 me
2345 2014 2404 2049 de-

1397 2066 1450 2094 cet
1475 2055 1532 2090 effe
1555 2057 1761 2092 breviorem,
1786 2064 1911 2098 quanto
1934 2053 2130 2089 consulentis
2154 2056 2279 2093 Medici
2311 2058 2405 2093 litte..

1397 2103 1441 2135 ris
1464 2100 1583 2133 certior
1608 2098 1674 2138 fio,
1699 2098 1849 2141 usurpata
1873 2097 1936 2138 jam
1950 2097 2040 2132 fuiss'e
2065 2100 2203 2133 remedia
2219 2124 2229 2141 ‚
2251 2112 2323 2143 quae
2348 2114 2405 2144 po-

1398 2152 1524 2183 terant,
1547 2143 1656 2175 omnia
1668 2141 1706 2176 de
1720 2141 2101 2188 genereglutinantium,
2125 2145 2406 2183 vulnerariorum,

1400 2187 1692 2229 adstringentium,
1716 2188 1748 2218 a&
1773 2196 1886 2219 nervos
1914 2187 2121 2226 juvantium,
2144 2189 2174 2220 ὃ(
2197 2197 2322 2230 quanto
2337 2188 2406 2231 ple-

1400 2232 1508 2263 niores
1530 2229 1687 2273 ejusmodi
1709 2229 1857 2262 remediis
1881 2228 1976 2262 video
1987 2238 2098 2261 omnes
2119 2229 2326 2264 Medicorum
2341 2257 2349 2272 ,
2373 2235 2407 2265 &

1400 2273 1646 2315 Chirurgorum
1670 2274 1772 2306 libros
1788 2296 1795 2303 .
1821 2272 1982 2312 Qamvis
2006 2283 2112 2306 autem
2137 2273 2250 2308 iisdem
2284 2276 2406 2311 litteris

1398 2319 1645 2350 commemorari
1669 2325 1797 2349 tantum
1810 2317 1934 2350 videam
1960 2316 2067 2352 fotus,
2094 2316 2263 2360 semicupia
2279 2344 2288 2358 ‚
2323 2319 2407 2361 inje-

1399 2363 1543 2400 ἃῐοηες,
1567 2371 1671 2394 cerata
1685 2383 1693 2397 ‚
1720 2359 1866 2399 suffitus,
1890 2357 2028 2401 aliasque
2052 2359 2243 2402 ejuscemodi
2260 2360 2379 2396 formas
2395 2385 2406 2400 ‚

1395 2405 1596 2439 „exteriorum
1619 2414 1732 2436 omnes
1757 2404 1992 2439 remediorum3
2017 2413 2081 2436 non
2115 2414 2222 2438 tamen
2256 2405 2372 2440 dubito
2397 2428 2408 2443 ,

1399 2447 1479 2490 quin
1504 2446 1597 2482 simul
1623 2448 1655 2479 in
1683 2446 1773 2480 usum
1798 2448 1947 2480 venerint
1972 2448 2095 2487 quaeiis
2118 2447 2328 2491 respondent,
2353 2450 2405 2482 in.

1399 2492 1535 2523 teriora.
1562 2490 1725 2532 Equidem
1750 2490 1899 2531 praeclare
1922 2489 2092 2531 intelligo,
2119 2490 2206 2534 quod
2221 2491 2271 2526 his
2296 2491 2406 2534 praefi„

1398 2533 1460 2567 diis
1483 2532 1629 2567 obtineri
1662 2534 1812 2568 haetenus
1837 2543 1900 2565 non
1912 2533 2021 2574 potuit
2038 2557 2045 2570 ,
2071 2533 2103 2565 id
2118 2534 2221 2569 multo
2245 2537 2350 2570 minus
2371 2538 2406 2571 in

1400 2577 1560 2619 posterum
1585 2577 1642 2610 esse
1667 2577 1877 2618 sperandum,
1902 2586 1976 2608 cum
2001 2573 2104 2609 faetus
2130 2578 2249 2612 interea
2273 2578 2311 2612 sit
2333 2590 2407 2621 gra-

1401 2624 1472 2652 vior
1496 2620 1650 2657 morbus,
1678 2621 1841 2662 magisque
1865 2618 1929 2661 ejus
1953 2618 2050 2652 causae
2074 2621 2134 2653 {int
2168 2623 2369 2658 confirmatae
2394 2648 2403 2656 .

1400 2665 1636 2697 Verumtamen
1660 2662 1762 2696 donec
1788 2672 1863 2696 aetas
1880 2688 1887 2700 ‚
1912 2665 1942 2694 &
1958 2663 2057 2697 robur
2070 2664 2202 2707 vigent,
2227 2667 2402 2708 repetenda

1400 2707 1533 2741 fortaffe
1556 2706 1653 2745 esset,
1677 2716 1762 2740 certe
1784 2706 1921 2748 repetita
1934 2716 2044 2742 caute,
2070 2707 2303 2752 prudenterque
2321 2710 2406 2744 nihil

1402 2759 1555 2787 noceret,
1576 2751 1752 2791 diuturna,
1774 2753 1803 2782 ὅ(
1830 2749 1933 2786 valida
1965 2751 2106 2784 curatio.
2131 2751 2170 2784 In
2195 2764 2256 2795 qua
2281 2755 2406 2796 optima

1402 2805 1539 2837 quaeque
1573 2795 1822 2827 corroborantia
1868 2792 2099 2827 medicamenta
2134 2798 2404 2837 propinarentur,

1402 2848 1475 2879 quae
1500 2838 1607 2879 potius
1630 2847 1736 2871 tamen
1760 2849 1800 2870 ex
1823 2838 1861 2869 iis
1884 2835 1980 2871 essent
2005 2848 2075 2877 quae
2109 2849 2224 2873 nervos
2257 2839 2373 2882 juvant
2397 2862 2407 2878 ‚

1401 2892 1499 2923 quam
1521 2892 1592 2923 quae
1620 2880 1837 2923 adstringendi
1860 2881 1891 2912 vi
1918 2880 2061 2923 pollent,
2086 2880 2135 2917 his
2158 2884 2242 2915 enim
2257 2884 2406 2919 adstrista

1402 2924 1490 2957 alvus
1515 2924 1689 2964 maioribus
1700 2936 1732 2957 ac
1745 2924 1891 2965 pluribus
1917 2923 1953 2955 ad
1967 2925 2159 2964 egerendum
2182 2929 2311 2960 nixibus
2325 2940 2405 2970 opus

1427 2968 1556 3007 aberet,
1580 2970 1697 3009 quibus
1721 2969 1822 3010 magis
1847 2967 2011 3012 magisque
2036 2979 2205 3011 augeretur
2239 2973 2369 3005 morbus
2394 2996 2403 3004 .

1402 3036 1405 3038 »
1439 3023 1511 3045 uam
1537 3012 1634 3048 etiam
1656 3012 1700 3045 ob
1725 3013 1850 3046 causam
1877 3010 2057 3053 abjicienda
2082 3015 2218 3047 omnino
2241 3014 2298 3048 illa
2332 3016 2405 3050 sunt

1426 3066 1472 3087 uae
1498 3058 1668 3097 purgantia
1693 3063 1943 3096 nuncupantur;
1967 3054 2004 3087 ad
2030 3055 2134 3090 laesam
2160 3058 2245 3090 enim
2281 3068 2403 3100 partem

1399 3066 1541 3136 ducum,
1568 3100 1600 3130 in
1626 3109 1723 3136 eaque
1747 3098 1955 3139 permolesta,
1981 3101 2011 3130 &
2036 3102 2131 3133 noxia
2150 3101 2334 3143 relinquunt
2359 3104 2406 3134 ir..

1399 3144 1594 3174 ritamenta.
1619 3142 1717 3182 Q;od
1744 3141 1766 3173 si
1791 3142 1898 3174 alvum
1923 3140 2041 3176 solvere
2056 3142 2173 3179 necesse
2197 3143 2259 3185 fit;
2282 3147 2319 3178 iis
2332 3154 2403 3186 quae

1401 3197 1478 3217 mox
1502 3186 1535 3216 in
1562 3187 1670 3218 Diaeta
1696 3185 1986 3224 memorabuntur,
2012 3196 2066 3220 aut
2090 3198 2203 3221 eorum
2228 3188 2403 3222 consimili-

1400 3229 1458 3261 bus
1483 3229 1574 3268 plane
1599 3230 1746 3261 innocuis
1769 3228 1924 3261 utendum
1946 3230 2008 3263 est.
2141 3231 2270 3265 Exillis
2294 3242 2402 3266 autem

1400 3272 1551 3305 remediis
1574 3283 1644 3314 quae
1668 3273 1809 3305 exterius
1834 3272 2052 3311 adhibentur,
2086 3272 2283 3316 summopere
2317 3275 2400 3308 mihi

1401 3315 1583 3357 placerent,
1607 3316 1629 3347 fi
1656 3313 1794 3348 formam
1818 3315 1959 3357 spectes,
1982 3316 2173 3360 semicupia‚
2196 3328 2289 3358 atque
2322 3319 2402 3360 inje-

1401 3359 1544 3394 &iones-3
1560 3357 1580 3390 fi
1597 3361 1764 3391 materiam
1780 3382 1786 3394 ,
1808 3359 2003 3393 thermarum
2016 3372 2110 3403 aquas
2131 3362 2376 3394 corroborantes
2389 3386 2398 3395 .

1446 3410 1494 3443 13.
1519 3403 1689 3436 Diaetetica
1711 3402 1828 3441 restat,
1853 3401 1943 3444 cujus
1966 3405 2067 3439 reclus
2089 3404 2162 3438 usus
2184 3407 2324 3480 omnini}
2342 3416 2398 3439 ne„

2259 3459 2291 3480 ce
2320 3462 2354 3481 a-

352 3547 2372 3572 WW—ffl——ffi
2378 3554 2402 3562 .<.

403 3625 414 3654 s
430 3634 449 3655 z
463 3627 476 3655 )
492 3628 551 3651 Seffi.
568 3626 611 3651 cit.
629 3625 695 3654 supra
711 3624 738 3653 ad
756 3631 780 3648 n.
793 3631 814 3653 3.
876 3622 886 3652 (
901 3629 916 3645 a
932 3621 945 3650 2
963 3621 984 3651 §.
1003 3629 1024 3650 9.
1042 3629 1093 3651 cap.
1108 3621 1154 3646 cit.
1170 3619 1236 3650 supra
1247 3619 1341 3648 adn.4.

406 3658 421 3685 (
436 3658 452 3680 d
496 3658 552 3680 Hrst.
569 3658 596 3681 de
612 3659 634 3681 la
651 3656 751 3680 Mede-c.
769 3656 796 3678 Ρ.
812 3661 833 3677 ².
850 3654 868 3677 1.
886 3661 908 3682 4.
927 3654 942 3676 S
970 3659 991 3675 2.
1008 3659 1029 3686 c:
1050 3660 1069 3677 1.

403 3689 446 3716 (g
465 3688 477 3714 )
493 3695 512 3710 c.
528 3688 567 3712 cit.
584 3687 651 3717 supra
667 3688 696 3711 ad
713 3694 737 3709 n.
753 3693 776 3714 4.
837 3683 852 3713 (
868 3683 882 3707 h
900 3684 912 3709 2
930 3681 991 3706 Sest.
1008 3688 1052 3708 cit,

407 3718 417 3747 (
436 3725 460 3747 m
477 3718 489 3746 )
506 3725 530 3742 n.
545 3725 568 3746 ⁴.
627 3717 641 3746 ζ
656 3724 671 3741 η
687 3719 696 3748 )
712 3723 765 3745 cap.
780 3714 852 3745 paulo
867 3719 923 3738 ante
939 3712 1013 3742 indic.

1131 3652 1145 3680 (
1159 3659 1172 3675 e
1189 3652 1202 3679 2
1218 3652 1289 3675 Acut.
1308 3649 1364 3674 Pais.
1381 3652 1397 3674 1.
1415 3658 1436 3674 a..
1453 3658 1473 3674 c.
1492 3657 1511 3674 1.

1114 3682 1149 3712 (i
1168 3684 1176 3709 l
1192 3683 1254 3704 Part.
1272 3680 1315 3704 cit.
1332 3688 1352 3704 c.
1372 3686 1407 3710 95.

1075 3709 1085 3742 (
1102 3720 1116 3736 o
1134 3713 1141 3742 )
1157 3711 1293 3742 Demonstr.
1311 3711 1382 3741 paulo
1398 3710 1466 3741 supra
1483 3710 1557 3736 indic.

1405 3620 1419 3648 (
1433 3619 1447 3644 b
1464 3618 1478 3647 )
1493 3626 1544 3649 cap.
1561 3618 1602 3645 cit.
1620 3618 1687 3648 supra
1704 3619 1732 3643 ad
1746 3627 1767 3644 n.
1787 3628 1809 3648 3.
1873 3619 1882 3651 (
1898 3626 1910 3643 c
1930 3620 1987 3651 )De
2002 3618 2062 3643 effic.
2077 3617 2167 3643 Medic.
2186 3618 2234 3642 l.2.
2255 3620 2345 3644 P.1.c.
2358 3628 2397 3649 5⁰·

1575 3649 1615 3680 (Ι
1630 3650 1644 3678 )
1662 3650 1751 3673 Medic.
1767 3650 1865 3675 Tetrab.
1885 3650 1902 3674 l.
1915 3659 1938 3679 ιι..
1956 3651 2031 3674 Serm.
2051 3658 2071 3672 2.
2089 3658 2108 3673 c.
2129 3651 2151 3672 8.
2276 3678 2282 3682 .

1470 3680 1485 3709 ζ,
1500 3679 1516 3703 k
1531 3680 1545 3708 )
1561 3688 1612 3711 cap.
1631 3679 1674 3704 cit.
1690 3680 1759 3709 supra
1774 3681 1803 3705 ad
1821 3689 1844 3706 n.
1861 3688 1885 3712 7.
1951 3681 2015 3715 gl)
2036 3679 2170 3705 Demonstr.
2188 3678 2245 3704 ibid.
2262 3684 2304 3709 cit.

1620 3711 1691 3741 (1²)
1709 3718 1786 3741 [1-ιὲ-
