2498 4075
466 205 619 275 Epist.
656 207 829 260 Anata.
854 202 1074 258 Medica<
1102 200 1311 254 XXIV.
1344 199 1463 251 Art.
1498 213 1576 269 33·⁴
1608 200 1663 254 ὅ(
1701 212 1776 264 34.

93 302 160 329 tem
181 288 445 335 deprehendimus
464 313 472 320 .
485 315 493 323 .‚
507 290 651 332 Erat.ex
670 284 736 319 illis
757 285 815 328 qui
838 284 1011 319 cannabem
1033 293 1101 316 car.

95 338 242 374 minant,
264 329 691 376 hypochondriacd-quovis
708 327 864 364 timidior
884 341 894 368 3
928 328 978 363 sed
1001 326 1101 360 robu-

97 381 160 416 stus
185 379 201 411 τ’
223 377 361 413 cubabat
385 384 491 410 autern
526 374 568 407 ob
592 372 734 415 thoracis
756 372 1043 408 inflammationem
1066 371 1101 403 in

96 419 290 459 Bononiensi
318 419 525 456 Nosocomio
548 418 578 450 S.
605 415 719 449 Mariae
742 414 780 448 de
802 415 914 449 Morte
935 416 977 449 A.
1006 423 1098 456 1705.

96 465 191 509 Majo
213 463 342 499 ineunte
361 488 369 496 .
387 465 464 497 xTer
489 458 595 496 missus
618 458 721 493 fuerat
753 457 897 501 sanguis,
920 468 1015 502 quem
1036 468 1102 490 non

97 508 200 546 modo
222 507 285 545 fine
307 506 410 542 crusta
431 504 526 547 ,ssed
548 502 680 537 difficile
700 524 710 540 ,
734 505 766 536 &
790 503 879 537 tarde
901 499 1104 536 concrescen-

100 564 166 589 tem
181 576 193 594 ,
215 563 287 586 eum
310 551 418 585 saltem
441 550 499 592 qui
524 546 661 583 secundo
682 545 901 583 mittebatur;
918 542 1011 579 fuisse
1034 555 1104 577 rne-
1122 573 1126 576 Δ

97 597 198 633 mini.
224 598 322 639 Sputa
344 592 502 632 secundo,
523 593 555 624 δε
579 591 677 626 tertio
699 589 749 623 die
773 587 966 632 sanguinea,
988 586 1104 624 deinde

98 640 188 675 nulla
212 662 221 678 ‚
255 647 308 672 aut
332 636 395 670 fere
418 634 533 671 nulla;
567 632 617 667 sed
641 633 794 668 noEturni
818 632 946 667 sudores
966 631 1070 666 crebri
1095 654 1105 670 ‚

97 684 229 718 inutiles
251 683 412 724 primum,
436 688 466 711 at
488 679 571 712 circa
594 676 678 711 diem
704 676 892 717 decimum,
915 678 948 711 δε
971 674 1105 711 undeci÷

97 739 188 763 mum
211 725 304 761 utiles
327 723 428 763 ade0‚
451 729 486 755 ut
511 720 617 764 pulsus
639 721 696 763 qui
721 720 838 759 vibrati
857 743 869 760 ‚
901 721 934 753 δέ
957 717 1107 762 frequen-

98 781 148 807 tes
169 769 257 805 valde
280 768 405 804 fuerant
417 788 430 806 ,
453 774 487 799 ut
512 763 725 799 acutafebris
748 762 928 806 requirebat
941 761 1107 803 ,undeci-

98 827 156 851 mo
179 814 231 848 die
255 812 313 846 hac
335 810 529 847 finita‚·nec
554 808 670 846 vibrati
695 808 851 849 amplius,
875 817 934 841 nec·
955 805 1107 850 frequen-

99 869 170 899 tes,
193 858 260 891 imo
284 855 344 887 rari
368 853 464 887 essent
485 876 497 893 ,
519 863 576 884 nec
601 852 661 888 rari
685 860 790 884 tamen
813 849 903 898 valde
926 859 1014 883 excra
1038 860 1109 885 mo-

100 904 198 938 dum.
225 897 282 932 Sed
307 908 437 938 cum—ea
461 896 591 929 raritate
613 906 691 928 mox
714 894 743 927 se
759 894 935 936 vconjunxit
946 893 1110 932 vibratio,

99 946 244 981 celeritas
268 950 373 977 autem
396 948 486 973 tanta
509 963 520 979 ,
544 948 579 973 ut
602 949 677 974 cum
701 938 824 971 arteriae
848 946 956 970 motus
982 937 1076 971 ambo
1097 958 1111 975 ,

100 986 283 1024 extrorsum
307 983 481 1024 videlicet,
504 986 537 1016 &
559 981 759 1022 introrsum,
782 979 871 1016 fimul
897 979 1018 1022 sumpti
1042 989 1107 1012 uon

100 1031 208 1068 multo
233 1029 305 1071 plus
328 1036 520 1070 occuparent
554 1027 710 1068 temporis
733 1035 829 1067 quam
857 1024 976 1057 soleant
1000 1022 1109 1058 secun-

99 1076 178 1110 dum
200 1081 370 1112 naturam,
395 1071 516 1115 primus
541 1070 644 1112 triplo
669 1067 741 1103 esset
765 1068 920 1108 brevior,
943 1078 1039 1109 quarn
1064 1065 1110 1099 se·-

98 1118 240 1154 cundus.
264 1116 349 1159 Quae
373 1126 420 1148 res
445 1114 580 1149 biduum
602 1113 731 1147 circiter
753 1110 891 1154 perstitit
905 1135 916 1151 ,
938 1111 1038 1144 donec
1062 1110 1111 1142 vi-

99 1163 192 1208 giliis
221 1183 233 1200 ,
266 1161 297 1192 &
322 1158 372 1193 fiti
408 1170 479 1201 quae
502 1159 601 1191 eriam
634 1165 706 1190 turn
740 1155 923 1198 supererant
953 1154 1110 1197 paulatim

102 1203 294 1240 abeuntibus
309 1228 317 1242 ,
341 1201 452 1238 senfim
475 1201 583 1245 pulsus
604 1210 754 1243 quoque,
777 1198 984 1238 vibratione,
1008 1200 1040 1231 δι
1063 1209 1113 1231 ce-

98 1249 226 1285 leritate
247 1245 419 1281 imminuta
440 1267 449 1283 ,
483 1244 523 1278 ad
546 1243 722 1279 naturalem
767 1253 821 1276 ene
843 1241 998 1283 modum,
1019 1240 1113 1275 sicuti

96 1301 215 1338 quarto
237 1289 367 1329 decimo
388 1290 584 1332 percepimus
606 1287 679 1327 die,
703 1299 733 1320 re
759 1287 884 1322 ierunt,

144 1347 197 1381 33.
223 1334 271 1368 At
295 1332 358 1367 fine
381 1333 568 1372 celeritate,
592 1340 644 1367 aut
655 1331 830 1368 tarditate,
854 1330 1018 1364 raritatem
1030 1329 1113 1363 mul.

98 1390 137 1414 to
159 1376 316 1424 majorem
338 1376 603 1420 deprehendimus
627 1377 659 1408 in
682 1374 808 1411 duobus
834 1373 1007 1416 praesertim
1019 1374 1112 1406 Seni-

98 1425 159 1459 bus
182 1434 222 1457 ex
253 1433 321 1464 quo
343 1424 485 1465 primurn
517 1419 700 1463 epilepticis
725 1418 897 1452 insultibus
922 1441 935 1458 ,
961 1429 978 1450 a
1000 1426 1111 1452 ventre

97 1465 330 1510 incipientibus
347 1488 355 1503 ‚
376 1464 493 1498 tentati
517 1462 665 1499 fuerant.-
690 1473 829 1505 quorum
854 1461 986 1495 alterius
1010 1459 1111 1494 histo-

100 1513 186 1547 riam
210 1510 287 1543 alias
310 1510 324 1548 (
347 1507 366 1548 Ις
386 1512 400 1550 )
423 1508 460 1541 ad
484 1517 514 1540 te
538 1505 774 1549 perscripsimus
794 1516 808 1545 ;
830 1505 958 1538 alterius
980 1502 1113 1538 fortasse

99 1552 277 1598 aliquando
299 1556 310 1592 (
334 1551 380 1594 l)
404 1551 601 1589 scribemus,
623 1561 717 1591 quern
743 1546 970 1583 nudiustertius
981 1546 1113 1582 consul-

96 1598 234 1632 tationis
255 1595 347 1630 causa
370 1595 562 1634 invisentes,
584 1604 657 1626 cum
681 1604 716 1629 ea
740 1591 887 1634 pulsuum
908 1593 1038 1626 raritate
1062 1592 1114 1623 in-

98 1643 246 1676 venimus
269 1662 279 1678 ,
315 1648 351 1672 ut
374 1640 457 1672 intra
486 1635 711 1679 sexagefimam
744 1634 834 1668 horae
857 1645 982 1679 partem
1005 1634 1114 1678 pulsa-

98 1688 204 1720 tiones
227 1682 290 1717 sint
313 1691 442 1715 tantum
465 1681 585 1722 viginti
609 1679 702 1720 duae,
725 1689 859 1713 numero
878 1677 1114 1714 videlicetdua-

98 1731 159 1765 bus
181 1727 313 1762 circiter
336 1727 445 1759 tertiis
466 1724 614 1766 partibus
637 1723 758 1756 minori
782 1734 879 1767 quam
913 1731 1079 1765 oporteret
1106 1746 1116 1760 ,

99 1775 198 1816 idque
223 1781 238 1803 a
263 1769 410 1812 pluribus
433 1767 687 1811 jammenfibus.
828 1766 965 1802 Videbis
985 1766 1118 1810 quidem

100 1818 135 1850 in
161 1811 372 1857 Sepulchreto
393 1816 407 1853 (
429 1823 461 1846 m
483 1815 497 1851 )
521 1811 716 1846 Rumlerum
752 1812 861 1846 multo
884 1811 1050 1854 pauciores
1083 1811 1119 1843 in

96 1861 218 1906 Juvene
243 1854 402 1890 adnotasse
426 1879 435 1894 ‚
468 1863 505 1889 ut
522 1854 647 1898 fignum
664 1853 794 1896 summae
811 1854 1046 1890 imbecillitatis
1068 1853 1121 1887 νὶ-

102 1904 206 1941 rium,
233 1911 308 1935 cum
330 1900 416 1933 lenta
439 1897 522 1932 febri
554 1898 735 1941 conjunecae
754 1922 763 1931 .
797 1898 857 1933 Sed
879 1899 985 1933 neutri
1009 1908 1121 1932 eorum

103 1945 142 1981 de
165 1945 283 1990 quibus
307 1944 497 1987 loquimur,
520 1940 618 1976 febris
639 1941 706 1976 fuit
729 1942 795 1976 ulla
816 1966 829 1983 ,
861 1952 918 1977 aut
941 1953 976 1977 ea
1000 1943 1120 1976 virium

104 1988 307 2028 infirmitas,
330 1997 366 2021 ut
390 1999 407 2021 e
429 1985 516 2019 lecto
540 1984 685 2028 surgere,
712 1988 744 2019 δε
767 1984 789 2018 fi
813 1996 878 2021 non
902 1985 1024 2029 semper
1046 2008 1059 2026 ,
1081 1995 1119 2021 ut

101 2033 241 2083 Nobilis
263 2031 319 2065 ille
342 2030 466 2066 Vesalii
493 2031 557 2063 Vir
579 2032 593 2069 (
615 2040 635 2062 n
651 2028 669 2071 )
683 2052 694 2069 ‚
718 2029 891 2073 aliquando
914 2038 1000 2065 certe
1018 2054 1032 2071 ‚
1063 2039 1119 2064 νε-

99 2077 162 2111 Iun
180 2075 254 2119 sani
263 2098 276 2116 ‚
299 2072 501 2109 obambulare
523 2084 588 2106 non
612 2070 734 2115 possent
756 2097 766 2108 .
788 2074 909 2108 Iisdem
932 2084 1040 2108 tamen
1062 2085 1119 2107 nec

99 2120 268 2162 inaequalis
290 2126 327 2152 ut
351 2118 527 2162 plurimum
551 2116 658 2160 pulsus
683 2115 773 2158 fuit,
795 2128 850 2151 nec
872 2119 977 2152 varius
997 2117 1060 2151 five
1084 2118 1119 2151 in

101 2165 227 2204 altero,
249 2161 311 2196 sive
333 2162 368 2195 in
390 2170 529 2205 utroque
550 2162 650 2203 'carpo
671 2160 852 2203 explorares
874 2183 884 2199 ,
907 2171 944 2196 ut
967 2163 1002 2194 in
1027 2159 1120 2194 rusti-

99 2218 141 2240 co
169 2215 238 2240 erat
257 2203 472 2239 Adolescente
503 2214 599 2247 quem
622 2204 781 2236 Bononiae
804 2203 872 2237 vidi
904 2206 940 2237 in
964 2202 1118 2237 Nosoco-

102 2251 173 2286 mio
196 2251 228 2289 S.
252 2249 370 2283 Mariae
392 2247 431 2282 de
456 2249 556 2281 Vita.
582 2248 616 2280 Is
639 2247 723 2279 olim
745 2257 820 2280 cum
843 2245 916 2281 ess'et
940 2245 1118 2281 duodecen-

100 2296 175 2334 nis,
198 2304 239 2326 ex
261 2291 375 2327 arbore
396 2291 512 2325 cadens
531 2312 544 2331 ,
565 2288 695 2324 dorsum
717 2288 857 2324 alliserat
877 2314 887 2330 ‚
918 2290 1002 2325 unde
1024 2291 1117 2324 urina

101 2347 182 2372 tunc
204 2335 302 2369 fluxit
325 2333 495 2377 sanguinea
510 2355 519 2371 ,
541 2334 648 2367 cordis
669 2343 780 2368 autem
802 2332 915 2367 affidua
938 2334 1116 2377 palpitatio

102 2379 251 2424 ingruit,
274 2390 346 2422 quae
369 2379 469 2412 etiarn
491 2386 581 2415 tum,
608 2387 697 2411 nono
720 2377 790 2420 post
813 2387 898 2410 anno
915 2401 929 2417 ,
951 2377 1085 2411 vexabat
1109 2399 1122 2417 ,

103 2427 137 2459 δι
159 2423 335 2467 quotannis
360 2421 481 2455 solebat
505 2429 554 2453 ter
575 2431 725 2464 quaterve
749 2421 930 2454 exacerbari
951 2444 965 2461 ,
1000 2423 1032 2453 δε
1055 2419 1122 2464 spi-

104 2467 196 2501 randi
220 2464 446 2500 difficultatem
460 2463 580 2498 ,afferre
602 2487 615 2505 ,
638 2472 676 2497 ut
698 2473 768 2498 tum
793 2463 952 2498 acciderat
976 2488 985 2496 .
1020 2465 1061 2497 In
1083 2475 1122 2498 eo

102 2513 210 2555 igitur
232 2521 307 2543 cum
329 2520 442 2551 carpos
464 2507 558 2541 simul
593 2508 706 2542 ambos
730 2517 886 2541 tentarem
908 2531 921 2548 ,
954 2506 1062 2551 pulsus
1083 2520 1122 2542 u-

103 2554 259 2598 trobique
280 2553 453 2595 inaequa-les
474 2574 486 2592 ,
510 2555 541 2585 δι
565 2551 769 2586 inordinatos
791 2552 985 2594 reperiebam
1007 2550 1050 2584 fic
1074 2561 1122 2585 ta-

102 2609 204 2639 men,
227 2605 263 2631 ut
287 2596 484 2638 pulsationes
516 2593 677 2637 plerasque
702 2595 881 2629 attendenti
914 2593 1121 2629 manifestum

105 2641 203 2682 esset,
224 2641 259 2674 in
282 2639 408 2674 sinistro
440 2650 541 2682 neque
565 2649 649 2673 raras
680 2638 764 2681 posse
787 2637 853 2673 dici
875 2662 888 2679 ,
917 2650 1018 2683 neque
1051 2637 1120 2672 fre-

128 2694 236 2720 uentes
257 2708 268 2724 ,
302 2684 337 2717 in
361 2682 493 2717 dextero
515 2692 623 2716 autem
646 2683 748 2725 triplo
771 2681 833 2716 fere
865 2694 962 2725 quam
985 2685 1020 2716 in
1043 2681 1120 2716 fini-

149 2741 195 2769 o,
216 2727 274 2762 esse
297 2728 430 2760 rariores
449 2752 457 2759 .
491 2726 560 2769 Q
584 2726 607 2760 fi
631 2735 709 2760 tunc
734 2726 820 2759 forte
841 2725 971 2761 obiisset
994 2725 1122 2760 Adole-

106 2774 194 2808 scens
216 2784 228 2811 ς
269 2770 391 2813 aliquid
416 2769 527 2804 forsan
559 2769 598 2805 ad
620 2769 716 2813 hujus
739 2770 963 2812 discrepantiae
993 2770 1121 2804 causam

106 2814 353 2858 intelligendam
385 2825 448 2847 non
473 2814 589 2848 inutile
619 2812 891 2857 deprehendiss‘em
909 2839 919 2855 ,
945 2813 1047 2848 rnodo
1068 2814 1125 2848 illa

108 2862 146 2894 in
167 2859 303 2892 minima
327 2868 393 2891 non
420 2856 525 2892 fuisset
551 2870 590 2893 ex
612 2859 686 2891 casu
708 2859 825 2891 vitiata
847 2869 1019 2892 nervorum
1044 2857 1125 2892 stru-

109 2904 200 2938 &ura
223 2901 262 2935 ad
287 2902 435 2935 arteriam
456 2902 620 2935 dexteram
642 2901 878 2944 pertinentium
900 2925 908 2934 .
941 2901 996 2935 Ab
1019 2903 1124 2936 nervis

110 2949 200 2984 enim
221 2945 312 2989 plura
336 2944 553 2987 saepenumero
575 2944 659 2985 esse,
680 2943 778 2978 credo
800 2968 813 2986 ‚
837 2944 986 2988 pulsuum
1010 2947 1091 2980 vitia
1114 2972 1124 2988 ,

110 2989 290 3035 praese—rtim
313 2996 421 3022 autem
444 2989 608 3033 explicatu
630 2987 819 3022 difficiliora
842 3011 852 3021 .
887 2989 978 3023 Nam
999 2988 1051 3022 lan
1074 2992 1126 3024 ui-

112 3034 187 3068 dum
210 3033 306 3067 illum
331 3031 459 3075 pulsum
473 3055 486 3073 ,
509 3036 541 3067 δε
563 3033 739 3073 rariorem,
761 3043 858 3075 quem
882 3033 916 3065 in
933 3032 1047 3076 Sepulc
1076 3045 1126 3066 re-

113 3088 150 3112 to
170 3080 186 3122 (
209 3089 227 3111 ο
247 3078 262 3116 )
282 3088 299 3109 a
324 3075 463 3119 plurima
487 3087 566 3119 aqua
588 3074 716 3110 turbida
738 3076 773 3108 in
786 3076 966 3120 pericardio
986 3075 1126 3119 deduci,

113 3120 223 3161 vides,
244 3130 302 3153 nec
323 3130 429 3153 rarum
451 3117 530 3153 adeo
554 3129 667 3162 praeter
687 3119 823 3154 modum
846 3118 938 3154 fuisse
959 3143 970 3159 ‚
997 3131 1127 3164 apparet

113 3176 154 3199 ex
175 3164 232 3198 ista
255 3162 322 3207 ipsa
346 3161 499 3206 loquendi
520 3164 643 3197 ratione
665 3186 675 3203 ‚
701 3175 763 3197 nec*
779 3165 814 3197 in
836 3164 936 3197 altero
957 3163 1129 3199 dumtaxat

113 3207 274 3247 brachio,
299 3209 332 3240 δε
354 3206 396 3240 fic
417 3206 495 3243 satis
518 3205 645 3241 fortasse
677 3219 717 3241 ex
738 3207 830 3242 causa
862 3207 983 3242 ibidem
1006 3218 1126 3251 propo.

114 3248 175 3289 sita
208 3251 363 3294 explicari
387 3249 490 3295 potest
513 3262 524 3283 .·
560 3262 744 3295 quanquam
766 3253 804 3286 de
827 3261 880 3285 tot
900 3276 913 3293 ,
947 3262 1024 3295 quas
1047 3251 1127 3296 saepe

116 3294 260 3340 produxi
284 3318 295 3334 ‚
329 3303 385 3329 aut
406 3296 656 3331 commemoravi
676 3318 690 3336 ,
722 3306 787 3329 non
810 3296 1015 3330 diffimilibus
1038 3308 1129 3340 aquae

116 3342 152 3374 in
184 3337 366 3383 pericardio
386 3336 677 3372 Observationibus
708 3337 795 3374 haud
818 3339 886 3373 scio
908 3363 922 3381 ,
953 3348 1035 3383 quot
1058 3349 1129 3374 tan-

117 3383 192 3419 dem
214 3384 277 3416 rari
300 3383 411 3425 potius
431 3404 442 3421 ,
465 3392 563 3423 quam
584 3381 760 3426 frequentis
779 3407 794 3425 ,
826 3385 883 3427 qui
907 3382 1095 3426 praecesserit
1118 3408 1132 3427 ,

118 3426 226 3471 pulsus
250 3428 447 3463 mentionem
469 3422 607 3459 habeant
626 3450 635 3458 .
670 3428 862 3470 Frequentis
884 3436 989 3461 autern
1023 3427 1130 3470 pulsus

119 3470 227 3505 facilis
256 3468 386 3504 videtur
416 3469 595 3513 explicatio
613 3493 626 3510 ,
656 3468 719 3504 five
739 3473 870 3505 irritans
907 3471 999 3505 causa
1023 3472 1130 3514 aliqua

120 3525 233 3549 nervos
255 3512 364 3550 cordis
385 3514 517 3548 vellicet
537 3536 551 3554 ,
585 3511 652 3546 five
669 3524 730 3548 cor
748 3514 855 3557 ipsum
882 3540 892 3557 ,
922 3515 1021 3559 idque
1044 3517 1130 3549 inte-

120 3560 189 3592 rius
205 3581 218 3600 ,
247 3567 306 3592 -aut
328 3558 468 3592 exterius
492 3569 500 3590 :
532 3559 673 3591 exterius
701 3557 833 3601 quidem
852 3581 862 3597 ‚
894 3568 932 3592 ut
953 3570 1028 3593 cum
1049 3562 1132 3594 acris

120 3611 204 3647 aqua
228 3601 272 3636 est
295 3603 329 3634 in
351 3599 532 3644 pericardio
554 3626 564 3643 ‚
595 3612 662 3644 quo
682 3601 820 3636 refertur
841 3604 876 3636 in
899 3603 956 3637 ista
978 3602 1046 3646 ipsa
1070 3604 1130 3638 IX.

1989 200 2052 250 26
2060 216 2084 262 3

1152 278 1352 323 Sepulchreti
1376 280 1524 315 stitione·
1544 276 1740 312 Observatio
1761 277 1860 317 xlm
1880 275 2017 310 interius
2048 288 2124 311 vero
2145 297 2159 316 ,

1150 335 1226 358 cum
1252 322 1381 364 sanguis
1404 334 1460 366 per
1491 332 1567 355 cava
1594 347 1604 362 ‚
1639 319 1882 355 substantiamve
1914 319 2023 353 cordis
2045 320 2158 354 tradu-

1139 368 1245 405 ⁴ftus,
1268 368 1296 399 is
1318 365 1360 399 est
1381 367 1438 409 qui
1472 365 1564 408 poffit
1587 364 1734 397 vellicare
1755 377 1765 397 .·
1796 362 1858 397 five
1881 365 1979 397 etiam
2014 362 2079 398 illae
2103 373 2158 406 per
2206 374 2209 377 ·

1153 421 1232 453 quas
1256 410 1386 452 spiritus
1409 410 1443 442 in
1467 420 1524 442 cor
1537 408 1702 448 influunt,
1726 417 1896 441 nervorum
1917 408 1978 440 viae
1990 406 2061 450 post
2083 406 2159 440 diu-

1149 463 1285 490 turnum
1318 451 1424 486 cordis
1457 453 1695 486 irritamentum
1729 450 1808 484 adeo
1841 460 1969 493 pateant
1990 473 2003 491 ,
2025 458 2062 484 ut
2096 449 2161 484 hoc

1155 497 1285 537 ablato,
1309 504 1442 539 pergant
1464 497 1489 529 ii
1514 495 1752 536 nihilominus,
1775 504 1831 528 nec
1841 494 1881 529 ad
1904 495 1995 528 breve
2009 502 2160 538 tempus,

1150 552 1246 583 vaequo
1267 540 1407 574 crebrius
1430 540 1464 573 in
1488 550 1546 573 cor
1568 539 1723 573 influere:
1746 549 1818 582 quae
1840 536 1969 573 fortasse
1981 538 2073 573 causa
2094 536 2160 576 est,

1152 595 1210 618 cur
1234 582 1321 617 haud
1345 594 1438 623 raro,
1461 583 1609 626 perviffls
1630 581 1698 626 jam
1721 580 1864 617 febribus
1884 605 1897 622 ,
1918 582 1995 625 aegri
2019 590 2125 615 tamen
2149 602 2160 620 ,

1154 627 1177 661 si
1204 627 1287 661 nihil
1312 626 1399 664 aliud
1423 637 1519 669 quam
1544 624 1757 669 frequentiam
1780 624 1929 668 pulsuum
1950 649 1961 665 ,
1986 624 2130 658 attendas
2153 646 2163 662 ,

1154 671 1341 704 febricitare
1364 669 1554 710 videantur,
1575 681 1676 711 eoque
1698 681 1715 702 a
1738 669 1844 702 minus
1868 669 1979 712 peritis
2001 691 2010 706 ‚
2045 667 2165 711 magis-

1158 726 1220 758 que
1244 713 1370 749 timidis
1392 712 1532 748 Medicis
1556 713 1590 746 in
1614 713 1734 747 lectulo
1757 711 1854 755 usque
1874 735 1888 754 ,
1909 715 1942 745 &
1965 710 2063 754 usque
2087 710 2166 744 reti-

1134 772 1136 774 *
1156 767 1312 798 neantur,
1334 768 1410 791 cum
1433 756 1506 791 inde
1529 756 1709 798 paulatim,
1732 765 1768 790 ut
1791 757 1873 789 vires
1895 754 2021 796 sinunt,
2045 754 2069 789 fi
2087 764 2168 788 con-

1159 801 1308 835 valescere
1329 800 1459 844 quidem
1483 800 1637 840 velimus,
1660 799 1721 833 fint
1744 798 1960 834 extrahendi.
2091 797 2169 832 Pul-

1160 847 1250 880 suum
1273 854 1381 880 autem
1404 843 1539 878 durities
1559 843 1666 878 causas
1698 843 1883 886 plerumque
1903 844 1949 876 ita
1982 842 2079 877 habet
2100 852 2169 875 ma-

1161 889 1288 923 nifestas
1302 913 1315 930 ‚
1339 897 1375 922 ut
1398 899 1452 930 per
1476 888 1505 923 se
1529 896 1676 931 pateant,
1699 897 1869 930 pateatque
1890 910 1902 927 ‚
1924 898 1982 922 cur
2004 887 2112 922 minus
2134 885 2169 918 in

1157 933 1285 967 senibus
1308 931 1347 966 fit
1372 931 1562 965 attendenda
1585 955 1597 971 ‚
1621 931 1678 964 nifi
1703 929 1789 965 forte
1811 939 1868 965 aut
1891 931 2030 965 nimium
2055 939 2171 972 magna

1158 977 1214 1012 illa
1239 975 1277 1009 fit
1296 1000 1310 1017 ,
1342 985 1395 1010 aut
1419 975 1455 1008 hi
1478 974 1623 1009 carnibus
1646 983 1758 1008 contra
1781 986 1816 1009 ac
1839 973 1923 1008 senes
1947 975 2090 1018 plerique
2121 972 2173 1008 so-

1159 1024 1245 1059 lent,
1270 1022 1462 1054 etiamnunc
1486 1017 1715 1057 mollioribus,
1739 1016 1871 1062 &quafi
1895 1020 2011 1052 teneris
2029 1042 2037 1050 .

1160 1063 1402 1106 Magnitudinis
1435 1071 1540 1096 autem
1573 1060 1722 1103 pulsuum
1745 1059 1767 1094 fi
1801 1061 1907 1097 multo
1943 1059 2174 1095 evidentiffima

1161 1108 1251 1142 causa
1275 1118 1339 1139 non
1361 1104 1456 1143 ess‘et5
1480 1117 1520 1139 ex
1540 1105 1607 1138 illis
1628 1103 1752 1146 conjici
1775 1102 1878 1147 posset
1892 1115 1964 1147 quae
1988 1104 2080 1147 supra
2108 1107 2175 1146 (p)

1162 1152 1217 1187 hic
1240 1151 1310 1184 illic
1333 1150 1523 1191 attigimus,
1546 1159 1620 1182 cum
1633 1147 1671 1181 de
1695 1148 1863 1181 contrario
1884 1149 1969 1180 vitio
1991 1158 2174 1190 ageremus:

1165 1207 1222 1231 nec
1245 1206 1321 1228 vero
1344 1192 1463 1229 morari
1486 1191 1540 1226 hic
1564 1202 1654 1225 vacat
1672 1214 1685 1231 ,
1708 1190 1764 1226 ubi
1786 1190 1987 1233 fingulorum
2012 1190 2177 1224 discrimi-

1166 1251 1244 1275 num
1267 1238 1400 1274 cursim,
1425 1244 1461 1270 ut
1486 1235 1598 1275 vides,
1619 1233 1771 1278 quasdam
1794 1234 1901 1270 causas
1919 1259 1929 1275 ,
1950 1246 2022 1278 quae
2044 1232 2178 1268 facilio-

1165 1296 1212 1317 res
1236 1283 1330 1316 nobis
1353 1279 1526 1321 videntur,
1548 1277 1635 1322 quasi
1659 1278 1799 1321 exempli
1822 1278 1935 1319 causa,
1958 1277 2140 1312 indicamus
2165 1289 2177 1316 ς

1163 1328 1269 1362 fontes
1292 1325 1378 1358 enim
1402 1321 1645 1357 monstravimus
1669 1321 1760 1366 supra
1783 1325 1798 1362 <
1820 1334 1839 1365 q
1862 1325 1897 1364 )‚
1919 1321 2002 1356 unde
2026 1322 2121 1364 longe
2145 1322 2180 1354 &

1163 1372 1254 1415 plura
1276 1393 1289 1410 ,
1320 1371 1352 1402 ὃς
1376 1367 1536 1402 exaetiora
1562 1366 1690 1402 haurire
1712 1389 1725 1407 ‚
1755 1377 1829 1401 cum
1853 1365 1986 1400 libuerit
2009 1390 2018 1405 ‚
2050 1376 2150 1409 queas
2168 1388 2180 1396 .

1163 1417 1280 1449 Unum
1303 1412 1388 1447 illud
1411 1422 1494 1445 nunc
1518 1410 1611 1445 restat
1634 1434 1643 1450 ,
1675 1419 1712 1444 ut
1735 1408 1774 1443 de
1797 1408 1947 1453 pulsuum
1977 1408 2180 1445 vehementia

1163 1468 1344 1503 quaeramus
1367 1481 1374 1488 .
1414 1453 1483 1488 Etsi
1506 1456 1593 1488 enim
1615 1464 1690 1488 cum
1713 1453 1807 1487 verba
1840 1453 1975 1487 fecimus
1998 1453 2039 1487 de
2062 1452 2181 1495 asphy-

1163 1504 1217 1540 xia
1242 1525 1253 1542 ,
1284 1504 1317 1534 &
1341 1499 1379 1533 de
1402 1497 1509 1543 pulsus
1531 1497 1701 1532 debilitate
1728 1522 1739 1538 ‚

1165 1545 1292 1582 causas,
1315 1554 1450 1587 quarum
1472 1541 1631 1584 oppofitae
1656 1539 1892 1575 vehementiam
1911 1541 2052 1580 faciant,
2077 1538 2183 1574 necess-

1170 1589 1198 1623 se
1222 1590 1290 1628 est3
1316 1586 1435 1621 accidit
1460 1594 1567 1631 tamen
1591 1583 1767 1633 aliquando
1787 1607 1801 1624 ,
1822 1592 1860 1619 ut
1882 1583 2083 1632 vehementia
2107 1592 2183 1618 tan·

1170 1643 1203 1666 ta
1227 1632 1265 1666 fit
1281 1655 1291 1671 ,
1316 1634 1349 1664 &
1371 1641 1447 1664 cum
1470 1630 1511 1664 iis
1533 1641 1593 1663 con
1610 1628 1705 1663 unda
1723 1651 1735 1668 ,
1757 1636 1794 1661 ut
1819 1628 1990 1669 peculiaris
2014 1639 2083 1671 ejus
2106 1637 2184 1661 cau-

1166 1679 1196 1713 sa
1220 1678 1254 1709 in
1278 1674 1509 1712 cadaveribus5
1532 1671 1554 1706 fi
1597 1682 1667 1705 orte
1692 1671 1748 1706 sub
1771 1670 1896 1705 sensum
1919 1671 2045 1706 caderet
2059 1685 2072 1711 ,-
2094 1682 2186 1715 quae-

1169 1719 1266 1756 renda
1289 1716 1346 1752 esse
1370 1716 1515 1750 videatur
1534 1729 1542 1749 ,-
1563 1716 1651 1760 quod
1675 1716 1708 1748 in
1733 1726 1772 1748 eo
1795 1712 1930 1750 fecimus
1955 1717 2029 1749 viro
2047 1739 2062 1757 ‚
2092 1715 2184 1757 cujus

1169 1765 1320 1809 protinus
1344 1760 1533 1805 subjicietur
1558 1759 1712 1798 historia3
1737 1767 1773 1793 ut
1792 1760 1855 1801 qui
1877 1759 1917 1793 ab
1941 1757 2096 1803 asphyxia
2118 1756 2185 1791 orsi

1171 1809 1278 1844 sumus
1303 1831 1315 1848 ‚
1357 1806 1449 1838 vitiis
1483 1803 1682 1837 intermediis
1721 1801 1786 1846 jam
1817 1801 1968 1845 percursis
1995 1827 2007 1844 ‚
2035 1803 2072 1837 in
2108 1812 2187 1836 cona

1172 1853 1274 1887 trario
1315 1849 1368 1885 illi
1409 1850 1549 1885 maxime
1591 1848 1679 1882 vitio
1731 1846 1890 1881 scribendi
1936 1846 2032 1881 finem
2086 1844 2187 1881 facia-

1171 1908 1242 1932 mus
1255 1920 1262 1928 -

1213 1952 1266 1985 34.
1292 1941 1311 1975 S
1326 1942 1361 1975 U
1375 1940 1409 1975 T
1425 1941 1461 1974 O
1475 1940 1508 1974 R
1532 1936 1718 1975 consistente
1739 1946 1832 1974 aetate
1854 1943 1864 1979 ',
1887 1938 1975 1976 nulla
1997 1938 2041 1974 in
2055 1942 2118 1981 re}
2148 1946 2190 1973 ut

1172 1984 1297 2029 ajebat,
1319 1984 1502 2028 delinquere
1526 1984 1639 2018 solitus
1663 2006 1675 2023 ,
1709 1982 1768 2017 nifi
1791 1985 1825 2017 in
1851 1985 1956 2018 nimio
1977 1985 2052 2018 vini
2070 1993 2151 2027 potu
2175 2004 2186 2019 ›

1171 2039 1244 2067 ante
1267 2028 1385 2063 meuses
1407 2030 1539 2062 circiter
1570 2033 1712 2072 quatuor
1735 2028 1854 2062 tentari
1886 2037 2028 2071 coeperat
2050 2025 2188 2062 universi

1171 2074 1317 2116 corporis
1340 2071 1521 2106 lassitudine
1540 2095 1553 2114 ‚
1587 2074 1620 2105 δε
1645 2071 1823 2114 pulsatione
1855 2072 1895 2106 ad
1921 2073 2090 2115 regionem
2112 2081 2190 2105 cor-

1170 2116 1241 2154 dis,
1265 2126 1339 2150 cum
1365 2115 1508 2158 spirandi
1531 2115 1724 2151 difficultate
1748 2115 1933 2159 conjunffls
1958 2140 1965 2147 .
2040 2127 2088 2150 uae
2110 2126 2186 2150 cum

1170 2162 1204 2193 in
1227 2160 1294 2193 dies
1318 2160 1492 2193 crescerent
1514 2172 1525 2199 ς
1560 2159 1675 2193 Paulus
1703 2160 1834 2193 Salanus
1858 2159 2007 2195 Medicus
2060 2160 2190 2194 ononiae

1170 2203 1468 2241 exercitatiffimus‚
1491 2214 1569 2238 aneu
1612 2202 1710 2236 smate
1734 2202 1877 2237 laborare
1899 2202 2090 2241 hominem,
2113 2214 2192 2237 cen-

1170 2247 1234 2281 suit
1252 2269 1265 2286 ,
1299 2257 1356 2279 nec
1378 2246 1474 2290 semel
1498 2246 1585 2280 detra
1614 2247 1625 2279 i
1648 2246 1832 2288 sanguinem
1857 2246 1943 2290 juffit
1966 2272 1976 2282 .
2008 2246 2191 2281 Novissime

1168 2290 1208 2324 ad
1232 2301 1265 2323 ea
1297 2302 1370 2333 quae
1393 2290 1539 2325 diximus
1560 2314 1573 2332 ‚
1605 2287 1791 2324 accesserant
1817 2291 1920 2325 animi
1953 2289 2154 2326 defestiones
2177 2314 2192 2332 ‚

1165 2345 1237 2368 cum
1260 2334 1293 2367 in
1319 2333 1558 2368 Nosocomium
1580 2333 1611 2366 S.
1636 2333 1752 2367 Mariae
1773 2332 1813 2368 de
1828 2335 1939 2368 Morte
1958 2344 2109 2377 exceptus
2123 2335 2191 2370 est.

1173 2379 1277 2411 Erant
1309 2389 1353 2411 eae
1374 2376 1572 2412 defeffiones
1595 2399 1604 2415 ‚
1639 2379 1672 2410 δε
1698 2376 1843 2420 spirandi
1877 2377 2054 2413 difficultas
2086 2380 2190 2414 nofru

1173 2421 1337 2464 graviores
1358 2444 1370 2461 ‚
1404 2431 1486 2456 tunc
1517 2420 1716 2463 potissimum
1745 2432 1821 2456 curn
1854 2420 1963 2458 homo
1989 2433 2102 2466 capere
2134 2422 2192 2457 so-

1174 2475 1287 2498 mnum
1312 2465 1442 2498 volebat
1457 2487 1466 2502 ,
1489 2464 1618 2507 illisque
1641 2465 1890 2506 ingruentibus,
1914 2466 2086 2503 brachium
2111 2464 2190 2501 dex-

1172 2517 1277 2541 terum
1300 2508 1413 2541 acerbo
1434 2507 1548 2542 dolore
1568 2507 1809 2549 corripiebatur
1831 2519 1897 2544 non
1922 2509 2006 2545 secus
2028 2521 2063 2545 ac
2089 2509 2114 2544 fi
2137 2511 2191 2546 di-

1173 2551 1349 2585 laniaretur
1366 2575 1374 2583 .
1410 2551 1538 2585 Affidua
1561 2559 1668 2585 autem
1702 2560 1769 2586 erat
1795 2551 1834 2587 ad
1857 2553 1964 2588 cordis
1989 2557 2153 2598 regionem
2176 2579 2190 2597 ,

1172 2594 1313 2638 indeque
1332 2595 1376 2642 ,ad
1398 2595 1593 2630 umbilicum
1616 2593 1713 2637 usque
1736 2596 1879 2639 pulsatio
1901 2606 2012 2640 tanta,
2035 2607 2072 2633 ut
2084 2598 2191 2643 majo·
2228 2618 2230 2621 ·

1172 2650 1240 2672 rem
1264 2638 1385 2672 sensisse
1408 2662 1423 2680 ,
1445 2648 1500 2674 aut
1521 2637 1633 2672 vidisse
1655 2640 1712 2673 vix
1735 2641 1940 2676 meminerim
1960 2666 1969 2674 .
2003 2643 2094 2678 Nam
2118 2643 2192 2678 visu

1173 2683 1274 2717 etiam
1296 2690 1368 2716 tota
1392 2683 1654 2727 percipiebatur:
1678 2685 1711 2717 δε
1733 2695 1916 2729 quanquam
1937 2684 2043 2729 major
2061 2695 2130 2720 erat
2144 2689 2189 2721 ·in

1172 2726 1304 2769 petitore
1324 2749 1335 2766 ,
1368 2724 1412 2760 fic
1434 2736 1540 2761 tamen
1562 2737 1597 2761 ea
1619 2738 1750 2770 quoque
1770 2739 1841 2772 pars
1872 2741 1970 2773 quam
1989 2729 2063 2764 ,dixi
2086 2753 2100 2772 ,
2132 2731 2192 2767 ab÷

1176 2770 1321 2804 dominis
1353 2770 1540 2814 impofitam
1564 2780 1697 2805 manum
1728 2773 1930 2812 percutiebat
1950 2798 1961 2814 ‚
1992 2781 2030 2807 ut
2062 2774 2188 2808 cunetis

1176 2824 1241 2847 non
1263 2812 1364 2848 modo
1387 2815 1422 2848 in
1446 2814 1576 2848 thorace
1598 2837 1612 2854 ,
1644 2813 1695 2847 sed
1718 2815 1753 2847 in
1775 2825 1883 2849 ventre
1916 2818 2016 2851 etiam
2039 2817 2191 2860 aneurys-

1177 2868 1229 2890 ma
1252 2857 1311 2892 esse
1333 2858 1514 2893 videretur.
1539 2856 1659 2900 Aiebat
1682 2868 1765 2900 aeget·
1782 2882 1797 2900 ,
1828 2871 1898 2893 earn
1921 2860 1951 2894 se
1996 2859 2192 2895 uisationem

1176 2901 1295 2945 ubique
1318 2904 1481 2945 percipere
1502 2925 1515 2942 ‚
1538 2911 1574 2935 ut
1596 2901 1645 2934 vel
1670 2901 1709 2934 ad
1732 2911 1895 2938 extremos
1925 2916 1963 2949 pe
1988 2915 2043 2938 um
2065 2904 2192 2948 digitos>

1177 2946 1379 2987 perveniret.
1403 2947 1450 2979 Et
1475 2945 1546 2978 sane
1568 2943 1741 2979 Carotides
1763 2958 1894 2991 quoque
1908 2971 1922 2990 ‚
1947 2952 1979 2982 &
2005 2949 2189 2991 Tempora·
2236 2968 2241 2971 <

1176 2990 1220 3023 les
1243 2990 1391 3030 arteriae,
1413 2992 1445 3022 &
1467 3000 1546 3032 quas
1570 2988 1684 3035 saepius
1705 2990 1933 3032 tangebamus,
1955 2991 2110 3026 Radiales
2132 2991 2191 3026 iis-

1176 3032 1249 3066 dem
1272 3034 1419 3074 magnis,
1445 3033 1646 3074 vibratisque
1669 3032 1808 3076 pulsibus
1833 3035 2040 3077 agitabantur
2058 3061 2066 3068 .
2091 3035 2190 3071 Pedes

1177 3086 1267 3110 erant
1291 3075 1489 3111 subtumidi.
1512 3077 1585 3110 Vix
1607 3075 1789 3120 quidquam
1813 3079 1880 3112 cibi
1905 3079 2090 3115 sumebatur
2110 3104 2120 3114 .
2143 3080 2191 3113 Et

1178 3131 1360 3164 quanquam
1384 3119 1482 3154 febris
1505 3129 1570 3153 erat
1596 3120 1682 3154 nulla
1695 3143 1707 3159 ‚
1726 3124 1759 3155 δε
1783 3125 1914 3165 poterat
1935 3134 2018 3165 aeger
2037 3135 2113 3157 cum
2124 3124 2194 3157 mi-

1179 3176 1238 3198 nus
1259 3163 1403 3198 difficilis
1425 3162 1522 3198 fiebat
1544 3163 1713 3207 respiratio
1731 3190 1742 3207 ,
1772 3168 1807 3200 in
1831 3175 1943 3202 utrum
1964 3167 2079 3201 liberet
2102 3168 2192 3201 latus

1179 3208 1316 3245 cubare,
1339 3208 1444 3250 capite
1469 3218 1575 3243 autem
1598 3210 1724 3251 egregie
1746 3210 1895 3250 valebat3
1917 3219 2024 3244 tamen
2047 3212 2189 3252 graviter

1179 3251 1259 3285 adeo
1289 3251 1441 3285 morbum
1463 3251 1583 3285 ferebat
1626 3252 1718 3287 suum
1737 3277 1751 3294 ,
1781 3263 1819 3288 ut
1841 3262 1980 3288 mortem
2001 3252 2060 3287 fibi
2086 3264 2193 3297 praeo-

1180 3295 1331 3339 ptandam
1355 3294 1547 3330 existimaret
1569 3320 1577 3327 .
1611 3295 1716 3339 Cujus
1735 3299 1809 3331 voti
1840 3308 1977 3341 compos
2009 3295 2113 3332 fafius
2145 3296 2191 3331 est

1178 3349 1297 3382 quarto
1319 3350 1358 3381 ex
1380 3350 1446 3382 quo
1479 3341 1515 3373 in
1537 3339 1779 3375 Nosocomium
1802 3350 1931 3375 venerat
1952 3364 1966 3382 ,
1999 3339 2053 3374 die
2069 3365 2079 3374 ,
2099 3342 2193 3375 Cum

1181 3385 1268 3417 enim
1293 3381 1376 3416 forte
1410 3383 1448 3417 ad
1480 3384 1587 3417 alvum
1618 3384 1851 3419 exonerandam
1886 3383 2067 3419 surrexisset
2091 3395 2102 3423 ς
2133 3376 2193 3418 ‘vix

1181 3428 1216 3460 in
1239 3427 1393 3461 lchulum
1416 3426 1566 3470 regressus
1587 3452 1600 3468 ,
1633 3427 1785 3470 spiritum
1815 3428 1932 3463 ducere
1948 3452 1962 3469 ‚
1992 3426 2053 3461 nifi
2087 3427 2191 3461 erecta

1181 3473 1303 3504 cervice
1324 3494 1339 3512 ,
1369 3481 1435 3504 non
1458 3474 1569 3514 potuit
1592 3495 1606 3511 ,
1638 3473 1672 3504 in
1694 3483 1791 3513 eaque
1823 3471 1964 3516 spirandi
1994 3469 2192 3506 difficultate*

1183 3525 1332 3549 mortuus
1350 3514 1408 3548 est.
1540 3516 1614 3548 CA
1627 3516 1697 3549 DA
1709 3516 1827 3551 VER
1849 3515 2006 3550 secuimus
2030 3514 2188 3549 Kalendis

1182 3558 1411 3600 antilibus
1432 3558 1473 3591 A.
1502 3567 1594 3601 1705.
1619 3558 1706 3592 labra
1729 3558 1821 3594 valde
1843 3559 1945 3594 livida
1976 3561 2062 3594 inter
2083 3557 2195 3592 secan-

1182 3601 1261 3636 dum
1285 3602 1474 3637 adnotantes
1495 3625 1509 3641 ‚
1539 3612 1644 3637 atrum
1666 3611 1773 3637 autem
1794 3627 1808 3644 ,
1839 3606 1873 3638 δε
1895 3602 2034 3640 fluidum
2064 3600 2195 3646 sangui-

2055 3657 2128 3680 nem
2138 3669 2152 3688 ‚

128 3734 2202 3751 m

185 3797 232 3857 ἓξ
277 3797 353 3828 Epist.
371 3806 396 3828 9.
409 3807 435 3823 n.
452 3806 471 3827 γ

249 3800 262 3825 )
469 3816 476 3823 .
540 3799 555 3824 (
567 3798 577 3823 l
591 3798 606 3828 2
621 3798 678 3824 Vid.
694 3798 769 3828 Epist.
784 3801 825 3829 64.
840 3805 867 3823 n.
885 3807 908 3830 ς.

247 3830 259 3861 l
273 3829 334 3856 Sefl.
349 3829 394 3855 eit.
409 3828 472 3855 ΟΜ.
491 3836 531 3858 19.

593 3830 864 3861 (p2utn.15.19.
924 3831 1042 3861 (q)n.
1063 3839 1099 3858 12.

967 3800 981 3830 (
997 3808 1021 3824 m
1036 3799 1051 3829 )
1067 3801 1130 3828 Sest-
1148 3801 1191 3829 hac
1208 3811 1230 3833 9,
1247 3803 1275 3829 in
1292 3802 1372 3828 Schol.
1389 3801 1419 3826 ad
1435 3803 1495 3828 Obs.
1512 3812 1536 3829 ι,

1598 3805 1612 3834 C
1629 3813 1644 3828 n
1660 3804 1673 3834 )
1688 3803 1715 3829 in
1731 3803 1773 3829 eit.
1791 3809 1813 3825 ².
1832 3801 1891 3827 ΟΜ.

1772 1497 1942 1531 nonnullas
1965 1496 2180 1531 indicavimus
2233 1498 2249 1533 “,
