2498 4075
405 177 502 217 202

398 266 913 358 EPISTOLA
969 271 2331 365 AN'AToMlCo-MEcha-XLw

612 424 812 495 Agitur
845 423 910 473 de
952 420 1108 475 Uteri
1143 432 1260 491 tum
1291 418 1535 472 ‘descensu
1557 450 1571 470 ‚
1607 432 1725 472 tum
1749 455 1764 478 ,
1799 403 1862 468 utv
1891 396 2135 472 mulieres

1152 487 1330 551 ajunt,
1365 484 1564 537 ascensu
1587 521 1599 534 .

344 621 461 743 Q
476 621 556 657 Uod
580 620 703 664 scripsit
726 620 942 661 Hippocrates
966 617 1018 659 (a
1037 616 1053 657 )
1069 641 1079 657 ,
1103 615 1191 648 Uteri
1213 618 1347 657 quocun-

489 677 545 707 que
569 676 583 699 e
599 664 669 708 sede
692 662 832 696 naturali
855 662 934 695 moti
951 659 1097 703 sirei-int,
1122 658 1244 691 morbos
1267 656 1343 700 affe-

455 737 458 740 .
489 717 562 745 runt
589 734 598 748 ,
626 707 692 750 five
705 704 798 749 foras
818 703 1015 748 processerint
1032 728 1040 743 ,
1061 702 1127 745 five
1151 702 1234 735 intro
1257 701 1346 745 ceffi’-

344 753 435 793 rint,
458 751 554 794 hujus
575 753 637 785 erit
662 749 814 791 Epistolae
839 756 1064 788 argumentum
1084 769 1095 785 ,
1127 756 1199 788 quae
1223 745 1345 780 duabus

343 794 502 838 proximis
516 794 716 836 Sepulchreti
728 791 927 828 Sectionibus
947 787 1176 831 respondebit,
1201 789 1360 821 XXXI[.‘

343 839 378 871 de
399 838 485 872 Uceri
506 837 704 870 'Procicientz'a
724 858 737 874 ,
772 832 922 876 Descensn
945 859 955 873 ,
979 834 1021 867 ,Θ
1042 840 1106 875 caet.
1130 834 1161 864 δι
1183 832 1344 865 XXXIII.

343 882 377 914 de
401 880 576 922 Histericis
598 877 803 922 Affi't'zt'z'braes,
827 875 1052 922 Sufflicatione,
1075 875 1118 907 Θ*
1142 882 1208 908 caet.
1221 873 1343 908 Visum

344 925 385 958 est
418 926 504 960 enim
527 927 599 957 unis
623 923 757 956 Litteris
790 920 865 954 bina
900 920 969 954 haec
1003 919 1194 952 morborum
1230 929 1345 960 genera

343 967 614 1009 comprehendere
636 991 644 1005 ‚
668 977 705 998 ne
730 976 827 1006 aequo
846 965 1009 999 breviores
1035 963 1180 1004 alioquin
1206 961 1310 995 forent
1334 962 1349 999 ,’

342 1012 474 1053 quando
499 1022 556 1044 nec
580 1009 726 1044 Valsalva
760 1007 962 1043 diffeetiones
985 1007 1048 1040 huc
1072 1007 1243 1039 attinentes
1268 1003 1358 1038 reli-⁴

342 1056 415 1095 quit
431 1080 439 1095 ,
464 1056 495 1087 &
519 1065 576 1088 nos
600 1063 771 1095 perpaucas
796 1048 971 1087 habemus,
995 1061 1073 1092 quas
1097 1057 1158 1088 tu,
1180 1049 1288 1092 quales
1299 1060 1343 1082 cae

342 1110 469 1140 cunque
493 1097 575 1135 sint,
599 1098 732 1135 animo,
756 1104 793 1129 ut
817 1093 918 1134 soles,
943 1094 1057 1129 libenti
1082 1095 1211 1133 accipe.
1255 1122 1260 1127 ,

384 1153 413 1175 2.
438 1141 585 1175 Primum
609 1142 710 1182 igitur
735 1161 744 1175 ‚
769 1137 857 1179 quod
881 1139 918 1171 ad
943 1138 1027 1174 uteri
1051 1134 1235 1178 prolapsum
1256 1135 1345 1173 ‚·de-

340 1185 523 1219 scensumve
537 1185 654 1217 attinet
669 1208 676 1222 ‚
701 1183 847 1224 praeclare
861 1182 941 1214 nosti
958 1204 966 1217 ,
990 1180 1140 1212 Fernelio
1162 1182 1176 1217 (
1199 1179 1217 1211 b
1242 1182 1345 1218 >tunc

342 1230 424 1262 uteri
448 1226 630 1263 descensum
654 1225 734 1265 esse,
758 1236 832 1258 cum
855 1223 1004 1258 deorsum
1017 1221 1172 1268 quidem,
1196 1216 1245 1256 sed
1271 1233 1346 1256 nec-

340 1272 419 1304 dum
454 1271 636 1304 extrorsum
661 1269 690 1302 se
722 1268 872 1304 demisit,
906 1267 1090 1309 prolapsum
1115 1276 1192 1298 vero
1216 1277 1290 1299 cum
1317 1267 1346 1299 se

339 1317 502 1347 invertens
528 1314 712 1356 praecipitat
736 1311 820 1348 foras
841 1332 850 1348 ‚
874 1310 963 1352 quod
986 1308 1273 1347 exvehementiore
1297 1308 1348 1341 so-

340 1358 409 1393 lum
434 1357 579 1400 pariendi
602 1365 723 1391 conatu
747 1354 898 1393 accidat,
922 1353 982 1386 nisi
1007 1352 1096 1394 quod
1121 1352 1286 1388 interdum
1310 1354 1354 1389 ex'

340 1401 558 1443 imprudentis
593 1410 726 1443 quoque
758 1396 971 1436 obstetricis,
1003 1394 1153 1430 secundas
1188 1396 1348 1432 violenter

339 1443 537 1479 detrahentis
561 1445 761 1481 temeritate.
787 1441 871 1475 Rem
896 1442 988 1485 plane
1001 1439 1208 1479 absolvisset,
1233 1438 1254 1475 si
1271 1450 1346 1480 pro-

341 1488 444 1531 lapsus
478 1489 616 1522 alterum
640 1497 740 1528 genus
773 1482 1028 1521 nonomisisset
1048 1507 1057 1523 ,
1089 1493 1158 1517 turn
1193 1482 1345 1519 videlicet

340 1543 416 1566 cum
448 1530 478 1565 se
503 1543 566 1564 non
598 1529 760 1573 invertens
782 1553 791 1567 ,
827 1527 877 1564 sed
902 1529 987 1561 intra
1010 1525 1170 1560 inversam
1197 1528 1346 1568 vaginam

340 1574 509 1609 conclusus
533 1585 643 1608 uterus
667 1571 848 1608 extrorsum
872 1571 1057 1617 prolabiturv
1082 1594 1088 1601 ·
1123 1570 1211 1605 Nam
1236 1572 1270 1603 in
1292 1570 1348 1602 de-

340 1618 450 1654 scensu
480 1629 610 1661 quoque
635 1616 753 1658 vagina
785 1624 917 1649 tantum
941 1614 969 1647 se
992 1615 1131 1648 invertat
1152 1636 1164 1652 ‚
1189 1622 1348 1656 quantum

341 1672 452 1696 uterus
474 1659 635 1695 descendit
651 1683 660 1697 ,
685 1657 803 1696 necesse
827 1659 869 1696 est
894 1682 902 1690 .
928 1658 1008 1695 Haec
1031 1659 1137 1695 autem
1162 1657 1191 1691 se
1214 1659 1350 1699 invertit

339 1706 385 1739 ob
409 1706 529 1738 easdem
555 1703 618 1737 five
643 1712 787 1739 externas
803 1727 812 1743 ,
836 1701 899 1736 five
921 1702 1083 1738 internas,
1101 1700 1154 1732 'ob
1181 1711 1259 1742 quas
1281 1711 1353 1733 ute-

339 1760 393 1782 rus
419 1748 608 1787 descendit,
629 1746 757 1788 causas,
777 1745 907 1782 vincula
933 1744 1055 1777 scilicet
1067 1744 1235 1785 utriusque
1258 1740 1351 1777 simul

341 1801 397 1826 aut
429 1791 639 1826 distrahentes
660 1812 673 1830 ,
707 1798 762 1822 aut
793 1789 937 1826 laxantes
960 1812 967 1819 .
1004 1787 1095 1830 Qas
1130 1787 1215 1819 inter
1247 1785 1353 1821 causas

339 1836 509 1879 quomodo
540 1834 606 1878 ipse
630 1844 760 1876 quoque
791 1841 923 1870 uterus,
946 1829 1077 1873 ipsaque
1107 1831 1221 1871 vagina
1245 1840 1352 1863 recen-

341 1881 400 1913 seri
424 1879 536 1922 possit,
562 1876 648 1910 infra
672 1878 685 1920 (
707 1888 722 1909 c
743 1879 756 1916 )
778 1874 979 1909 ostendemus
1002 1897 1009 1904 .
1035 1874 1156 1906 Praeter
1177 1872 1237 1906 hos
1260 1884 1352 1909 veros

340 1922 503 1957 uterisive
525 1919 708 1961 descensus,
732 1918 795 1954 five
808 1919 995 1962 prolapsus,
1024 1918 1147 1959 vaginae
1172 1918 1265 1949 etiam
1277 1927 1353 1958 pro-

340 1966 444 2009 lapsus
467 1969 512 2000 est
532 1990 540 2005 ‚
573 1975 637 1997 non
663 1963 766 1997 levior
801 1961 898 1999 modo
916 1985 924 2000 ,
948 1960 999 1998 sed
1023 1971 1258 2000 nonnunquam
1280 1969 1353 1997 tana

341 2021 393 2046 tus
409 2037 417 2051 ,
442 2020 538 2056 atque
561 2006 721 2050 ejusmodi
749 2029 758 2043 ‚
793 2015 828 2039 ut
852 2015 949 2046 quern
974 2003 1111 2037 secundo
1133 2003 1208 2036 loco
1232 2014 1354 2039 memo-

341 2056 509 2094 ravimus,
532 2052 616 2087 uteri
641 2048 827 2092 prolapsum
851 2048 985 2082 mentiri
1010 2047 1126 2090 possit,
1153 2046 1280 2088 qualem
1293 2046 1351 2080 de.

341 2098 501 2141 scriptum
523 2122 532 2138 ‚
555 2095 743 2139 pifiumque
766 2092 884 2125 videris
908 2091 946 2124 ab
964 2090 1020 2135 Jo.,
1045 2089 1230 2122 Guilielmo
1257 2090 1352 2123 Wid-

340 2153 462 2185 manno
485 2145 498 2186 (
521 2139 575 2185 d)
597 2140 653 2182 qui
677 2149 693 2171 a
717 2136 782 2176 sola
804 2134 926 2172 factum
948 2135 1067 2171 intima
1092 2133 1215 2176 vaginae
1239 2134 1350 2170 tunica

348 2188 356 2195 ο

345 2194 496 2223 invenit.

389 2240 418 2272 3.
442 2228 525 2265 Haec
548 2225 657 2261 morbi
681 2233 795 2267 genera
818 2222 928 2256 omnia
952 2220 1036 2264 apud
1058 2221 1199 2262 vetustos,
1222 2231 1352 2263 quoque

343 2271 492 2309 Medicos
516 2270 716 2314 agnoscimus
739 2275 991 2302 commemorata
1012 2287 1022 2303 ‚
1054 2264 1123 2297 irno
1146 2263 1229 2306 apud
1264 2274 1354 2297 vetu-

344 2315 512 2353 stissimum
534 2313 683 2347 omnium
706 2311 903 2354 Magistrum
926 2309 1165 2351 Hippocratem
1184 2330 1194 2346 ‚
1216 2306 1251 2339 -fi
1277 2319 1354 2350 pro.

344 2359 468 2402 lapsum
499 2357 595 2393 illum
618 2357 758 2396 excipias
791 2357 826 2387 in
850 2365 916 2396 quo
951 2362 1057 2387 uterus
1080 2351 1109 2384 se
1134 2351 1162 2384 se
1187 2351 1321 2384 invertit
1345 2375 1352 2381 .

344 2405 457 2447 Quem
492 2411 598 2435 tamen
622 2411 638 2432 a
661 2398 755 2440 Celso
779 2398 829 2442 (e
852 2400 865 2435 )
889 2395 1067 2430 indicatum
1100 2393 1159 2427 esse
1184 2417 1192 2430 ‚
1231 2394 1294 2425 IV.
1321 2395 1354 2427 in

345 2446 451 2490 ipsum
475 2443 618 2487 Epistola
651 2442 725 2475 satis
749 2441 860 2475 videor
882 2437 1050 2472 ostendisse
1072 2462 1079 2468 .
1105 2438 1142 2469 In
1167 2437 1356 2479 Hippocra-

347 2492 422 2527 ticis
445 2498 554 2526 autem
577 2487 668 2522 libris
694 2495 759 2517 non
785 2482 884 2516 modo
906 2483 1029 2523 vaginae
1054 2477 1262 2524 prolapsum,
1285 2489 1356 2513 uce-

347 2544 452 2571 rorum
485 2530 617 2565 nomine
642 2527 734 2572 foras
772 2526 995 2571 prodeuntium
1030 2522 1114 2566 (f)
1146 2524 1319 2567 memorari
1347 2546 1355 2561 ‚

349 2579 477 2612 curatio
499 2573 568 2618 ipsa
592 2571 746 2608 monstrat
767 2595 776 2610 ,
807 2569 859 2603 sed
883 2571 911 2601 &
936 2579 1047 2601 verum
1072 2569 1155 2600 uteri
1179 2566 1275 2608 ipsius
1299 2566 1353 2599 de-

350 2619 512 2657 stensum,
534 2620 563 2651 8<
589 2614 761 2649 secundum
787 2611 952 2654 prolapsus
976 2622 1074 2653 genus
1098 2610 1192 2642 verba
1217 2610 1294 2646 illa,
1320 2609 1355 2641 Si

348 2675 421 2699 vero
440 2659 684 2704 propinqmffimi
701 2655 827 2701 fuerint
849 2655 932 2688 uteri
957 2654 1005 2697 (g)
1021 2679 1030 2693 ,
1054 2656 1084 2685 &
1111 2653 1145 2685 Si
1165 2653 1293 2693 penitus
1317 2662 1354 2685 ex

345 2706 489 2751 pudendo
531 2700 816 2738 excidei·int.uteri
846 2710 856 2736 ς
899 2694 1065 2739 dependerit
1096 2695 1187 2728 velut
1215 2694 1354 2737 scrotum

350 2754 365 2791 (
386 2750 439 2792 h)
465 2764 473 2783 .·
507 2748 542 2780 Si
563 2756 636 2779 vero
660 2750 749 2778 extra
770 2742 945 2785 pudendum
968 2751 1002 2772 os
1025 2746 1183 2773 uterorum
1206 2738 1355 2771 exciderit

350 2797 392 2829 τῇ·
417 2801 482 2827 caet.
505 2793 519 2829 (
541 2790 553 2823 i
576 2793 586 2829 )
611 2789 692 2821 Haec
715 2786 782 2821 fere
806 2787 915 2819 omnia
940 2794 1013 2817 curn
1038 2795 1054 2815 a
1079 2782 1210 2825 posteris
1235 2782 1272 2813 ad
1298 2793 1352 2822 pa-

351 2847 442 2872 trum
466 2835 566 2876 usque
586 2831 770 2866 nostrorum
794 2828 985 2862 memoriam
1008 2824 1071 2860 sine
1094 2826 1157 2860 ulla
1175 2825 1355 2859 dubitatio-

352 2892 392 2915 ne
417 2879 486 2923 jure
519 2877 698 2918 meritoque
721 2873 843 2907 servata
877 2870 974 2905 essent
997 2882 1005 2908 ς
1043 2871 1113 2903 imo
1136 2869 1239 2912 plures
1261 2890 1270 2904 ‚
1303 2868 1357 2901 alii

354 2924 424 2958 aliis
447 2919 647 2961 temporibus
672 2942 681 2956 ,
715 2915 1118 2960 propendentem-uterum
1150 2911 1357 2954 exstirpatum

355 2965 414 3002 esse
437 2988 447 3005 ‚
480 2964 565 2998 salva
587 2961 720 2995 muliere
745 2985 753 2999 ‚
785 2968 887 3003 neque
911 2958 944 2992 id
969 2958 1143 2993 rariffime,
1168 2957 1269 2988 nimia
1292 2957 1357 2996 ple-

355 3020 490 3052 rumque
513 3029 523 3045 ,
558 3015 593 3039 ut
617 3015 729 3038 verum
754 3002 912 3036 fateamur
928 3024 935 3038 ‚
958 3002 1148 3035 credulitate
1172 3009 1237 3033 non
1261 2998 1357 3031 dubi-

355 3050 471 3088 tassent
489 3074 502 3092 ,
535 3061 573 3084 ne
596 3047 634 3082 de
656 3048 721 3081 illis
755 3047 933 3088 quidquam
957 3046 1099 3078 dicamus
1122 3044 1177 3085 qui
1200 3053 1239 3076 eo
1262 3041 1358 3084 usque

357 3093 570 3137 processerant
591 3115 601 3131 ‚
635 3101 670 3124 ut
693 3091 733 3123 ab
765 3091 805 3122 iis
827 3088 933 3131 postea
958 3088 1145 3124 mulieribus
1169 3087 1285 3120 liberos
1310 3086 1360 3117 ni-

357 3140 538 3176 hilominus
561 3160 570 3176 ‚
601 3134 624 3169 si
648 3133 777 3176 Superis
803 3133 906 3176 placet
925 3155 938 3171 ,
969 3140 1155 3175 procreatos
1179 3128 1259 3169 effe,
1281 3139 1359 3173 con-

359 3182 549 3217 tenderent3.
572 3180 751 3212 extiterunt
762 3175 921 3220 denique,
945 3186 980 3209 ut
1004 3187 1043 3208 ex
1068 3172 1275 3216 Sepulchreto
1290 3172 1360 3213 ipso

357 3227 512 3269 praeclare
536 3222 661 3256 noveris
686 3243 696 3259 ‚
728 3221 761 3253 in
786 3221 835 3253 Re
868 3221 1063 3252 Anatornica
1083 3242 1092 3256 ‚
1116 3221 1146 3250 &
1168 3217 1363 3257 Chirurgica

359 3269 525 3304 exercitati
550 3267 626 3298 Viri
650 3286 659 3302 ,
689 3266 747 3306 qui
772 3272 809 3297 ut
832 3263 913 3296 ret'te
937 3261 966 3295 se
989 3264 1100 3295 nimiae
1135 3261 1273 3294 aliorum
1295 3269 1363 3291 cre-

360 3313 491 3346 dulitati
514 3308 723 3351 objecerunt,
746 3309 790 3340 ita
816 3317 880 3339 non
905 3307 990 3340 redte
1017 3307 1050 3339 in
1074 3305 1273 3338 contrarium
1286 3302 1363 3336 adeo

361 3362 589 3391 cucurrerunt,
614 3362 649 3385 ut
672 3362 736 3384 non
763 3349 861 3387 modo
882 3348 1083 3383 concedenda
1107 3347 1252 3390 quaedam
1275 3368 1286 3385 ,
1309 3356 1363 3377 ve-

361 3411 433 3433 rum
457 3397 582 3440 insuper
605 3395 674 3428 sana
709 3395 763 3427 illa
786 3393 823 3427 de
848 3393 929 3426 uteri
964 3391 1114 3434 prolapsu
1147 3388 1361 3431 antiquissima

361 3443 514 3483 dogmata
549 3438 615 3482 ipsa
638 3448 767 3480 quoque
802 3445 1010 3478 pernegarent
1034 3457 1042 3471 ‚
1066 3438 1098 3467 &
1115 3457 1123 3470 ,
1147 3434 1234 3475 quod
1260 3435 1361 3473 magis

363 3496 482 3519 mirum
504 3483 548 3517 est
564 3507 572 3523 ‚
595 3481 718 3524 aliquot
739 3479 877 3513 celebres
900 3479 1067 3521 utriusque
1090 3476 1178 3510 illius
1192 3476 1365 3510 Facultatis

360 3586 565 3598 Μ

483 3620 497 3642 y
509 3617 543 3638 De
560 3614 607 3638 loc.
625 3613 649 3636 in
666 3613 733 3636 hom.
750 3619 776 3635 n.
796 3619 834 3641 59.

481 3644 496 3674 )
513 3647 547 3669 De
563 3644 655 3668 Medic.
673 3644 699 3667 in
716 3642 810 3667 Praefat.
870 3642 885 3671 ζ
899 3640 914 3671 f

507 3674 543 3698 lb.
561 3682 587 3699 n.
604 3682 642 3704 39.
705 3673 714 3701 (
732 3673 748 3696 k
769 3676 776 3700 )
792 3671 887 3697 Dissert.
902 3672 930 3696 de
949 3672 1039 3696 Procid.
1055 3672 1125 3696 Uteri
1143 3678 1167 3694 c.
1182 3679 1205 3698 4.

423 3615 437 3643 (
452 3622 467 3638 Β
898 3609 906 3638 s
923 3609 937 3634 b
956 3612 970 3638 )
986 3611 1083 3636 Pathox.
1100 3613 1118 3634 1.
1135 3614 1159 3634 6.
1175 3617 1198 3633 c.
1217 3612 1252 3633 16.

423 3645 439 3673 (
453 3653 464 3679 ς
928 3644 936 3670 )
952 3644 988 3666 De
1004 3641 1094 3665 Exsest.
1111 3639 1165 3665 foet.
1183 3647 1209 3663 n.
1225 3648 1249 3669 4.

424 3675 489 3732 {a

424 3738 432 3761 s
451 3742 464 3757 ο
484 3734 491 3761 )
507 3734 578 3757 Thes.
597 3737 670 3758 Anat.
686 3735 710 3758 8.
728 3741 750 3757 n.
769 3741 823 3758 ιω..

425 3763 491 3794 (s)
508 3763 590 3793 supra,
608 3772 633 3788 n.
649 3772 674 3788 a„
735 3765 775 3793 (t
796 3762 877 3793 Jobs.
895 3765 968 3787 Anat,
987 3762 1056 3787 Chir.
1074 3763 1127 3792 1³12.
1144 3769 1166 3786 2.
1183 3763 1205 3785 8.
1225 3767 1260 3785 ιι.

1315 3605 1323 3635 s
1340 3614 1351 3629 ί
1367 3611 1376 3638 )
1393 3615 1475 3639 11512.
1599 3635 1601 3637 .

1311 3639 1324 3666 ί
1337 3646 1354 3667 g
1373 3642 1379 3666 l
1398 3640 1433 3662 De
1448 3637 1530 3662 Morb.
1549 3638 1666 3662 Munebr.
1685 3640 1699 3660 l.
1718 3646 1738 3660 2.
1757 3645 1781 3660 n.
1800 3645 1836 3665 37.

1399 616 1431 647 &
1456 613 1632 649 Medicinae
1659 612 1831 652 Magistros
1857 612 1981 647 asseclas
2005 610 2082 648 fuos'
2098 611 2238 647 facerent
2254 634 2264 654 ‚
2287 610 2402 645 &asti-

1399 657 1558 703 pulatores
1574 682 1581 688 .
2144 658 2146 661 '
2359 668 2361 670 ·

1438 711 1470 743 4.
1496 700 1584 733 Nam
1610 709 1736 732 uterum
1759 698 1891 740 quidem
1907 722 1918 738 ,
1945 698 2107 739 superstite
2133 700 2267 733 muliere
2289 723 2299 738 ‚
2323 709 2406 730 non-

1399 754 1564 786 nunquam
1589 742 1834 777 extraordinario
1859 746 1899 776 ey·
1926 743 2041 775 rariore
2065 742 2135 784 casu
2156 743 2297 776 excisum
2320 739 2405 780 effe,

1398 799 1453 820 cur
1476 798 1540 819 non
1566 788 1675 830 potius
1697 797 1771 818 cum
1797 785 1948 827 Georgio
1977 783 2113 828 Wolffg.
2141 786 2292 819 wedelio
2313 789 2323 824 (
2353 785 2372 823 lz
2394 788 2404 822 “)

1396 831 1541 864 dicamus
1563 855 1572 868 ‚
1607 841 1702 871 quam
1727 839 1892 870 nunquam
1927 838 2002 860 cum
2022 828 2076 872 Jo.
2101 830 2291 863 Guilielrno
2317 828 2407 861 Pauli

1398 879 1407 913 (
1432 873 1478 914 l)
1505 899 1513 913 ‚
1546 874 1639 908 doste
1664 873 1818 914 alioquin·
1836 872 1894 905 hac
1927 872 1965 903 de
1988 882 2020 905 re
2054 872 2223 907 disserente
2251 877 2260 903 ?
2296 872 2408 905 Nimis

1396 919 1482 950 enim
1506 918 1624 951 durum
1650 916 1777 948 videtur
1801 914 1840 947 de
1863 924 1914 948 tot
1938 916 1993 956 qui
2019 915 2100 949 illud
2124 916 2165 949 ab
2200 916 2228 952 se
2246 915 2372 952 'faffum
2396 937 2405 952 ,

1397 961 1644 1005 conspestumve
1670 957 1883 1000 scripserunt,
1906 966 2016 1003 omnes
2041 959 2194 1001 deceptos
2208 960 2408 1002 pronuncia-

1396 1015 1428 1037 re
1456 1029 1463 1036 .
1499 1006 1596 1037 Certe
1620 1012 1727 1036 autem
1752 1002 1774 1034 fi
1807 1001 1895 1035 edita
1921 1011 2001 1034 tunc
2025 1000 2136 1035 fuisset
2159 1026 2169 1041 ,
2194 1004 2311 1040 autad
2336 1001 2403 1044 ejus

1396 1059 1508 1081 manus
1532 1045 1721 1090 pervenisset
1746 1044 1901 1086 Slevogt'ii
1928 1043 2126 1078 Observatio
2148 1048 2161 1084 (
2184 1057 2214 1078 m
2239 1051 2248 1084 )
2280 1069 2291 1086 ‚
2326 1045 2408 1078 hanc

1395 1090 1506 1124 saltem
1544 1099 1608 1124 non
1632 1089 1716 1124 secus
1749 1099 1783 1120 ac
1807 1090 1893 1121 Abr:
1916 1088 2056 1121 Vaterus
2082 1088 2137 1131 (n
2159 1092 2173 1127 )
2197 1113 2205 1126 ,
2231 1086 2409 1132 agnovisset

1392 1135 1488 1168 omni
1513 1134 1698 1175 deceptione
1734 1142 1894 1165 carentem
1914 1155 1921 1162 .
1957 1132 2115 1173 Magnum
2141 1134 2225 1166 enim
2252 1129 2369 1174 corpus
2392 1143 2410 1165 e

1397 1178 1541 1214 mulieris
1564 1177 1705 1210 naturali
1729 1174 1889 1209 exsectum
1905 1200 1914 1214 ,
1938 1186 2012 1219 curn
2037 1175 2291 1218 excrescentiam
2315 1175 2373 1209 esse
2400 1199 2409 1213 ,

1397 1230 1527 1264 putaret
1553 1219 1735 1264 Slcvogtius
1757 1241 1764 1255 ,
1799 1221 1831 1250 &
1856 1230 1872 1259 a
1906 1218 2050 1258 sordibus
2076 1229 2227 1262 purgaret
2248 1233 2263 1257 3.
2295 1228 2410 1263 praeter

1398 1266 1586 1308 opinionem
1621 1260 1831 1306 deprehendit
1858 1288 1867 1302 ,
1904 1262 2006 1294 tliecae
2023 1262 2126 1295 'instar
2150 1261 2256 1297 crassae
2280 1273 2410 1299 uterum

1398 1320 1472 1341 cum
1498 1308 1648 1340 tubarum
1682 1307 1826 1347 reliquiis
1850 1308 2019 1339 continere
2056 1305 2228 1340 secundum
2263 1315 2413 1340 naturam

1400 1351 1428 1384 se
1464 1351 1635 1394 habentes-n
1661 1363 1668 1384 :
1700 1347 1945 1392 vquae'Jene-nses
1979 1347 2172 1388 ProfeffOres
2192 1371 2202 1387 ,
2237 1353 2267 1385 &
2291 1349 2415 1384 Medici

1401 1396 1547 1439 plerique
1569 1395 1651 1433 alii,
1671 1396 1703 1429 δε
1728 1393 1868 1425 Studiosi
1893 1401 2025 1426 centum
2048 1392 2268 1435 conspexere.-
2293 1394 2415 1430 mulier

1401 1449 1510 1472 autem
1535 1438 1590 1470 illa
1614 1435 1755 1481 feliciter
1780 1435 1823 1468 est
1849 1435 1992 1470 restituta
2015 1459 2023 1467 .
2066 1435 2169 1475 Quod
2192 1437 2214 1472 fi
2239 1448 2288 1473 me
2312 1439 2416 1471 inter-

1400 1480 1712 1525 pellessquaerendo
1734 1502 1743 1517 ,
1768 1491 1825 1512 cur
1848 1491 1948 1522 neque
1972 1479 2053 1513 hanc
2075 1501 2082 1515 ,
2109 1492 2211 1524 neque
2234 1481 2331 1515 aliam
2356 1482 2418 1517 ali-

1400 1537 1499 1567 quam
1523 1535 1578 1558 aut
1602 1535 1717 1566 magna
1730 1535 1768 1556 ex
1792 1522 1883 1556 seetis
1908 1534 1972 1560 non
1988 1522 2126 1559 modicis
2150 1525 2232 1558 uteri
2257 1526 2336 1559 vasis
2348 1523 2416 1559 hae-

1401 1568 1584 1611 morrhagia
1620 1569 1777 1601 continuo
1800 1565 1957 1602 sustulerit
1981 1589 1993 1606 ,
2027 1577 2081 1600 ant
2107 1568 2203 1609 paulo
2229 1567 2417 1612 post'grave

1400 1613 1534 1650 vulnus,
1557 1610 1875 1654 quodpropendente
1888 1609 1979 1643 simul
1993 1621 2067 1643 cum
2086 1620 2177 1644 utero
2191 1612 2315 1650 vesica,
2340 1612 2420 1646 huic

1403 1668 1532 1699 quoque
1547 1654 1725 1689 necessariov
1741 1653 1954 1695 infligendum
1966 1652 2024 1686 effe
2041 1676 2050 1690 ‚
2069 1654 2304 1687 animadvertit
2321 1656 2420 1698 Ruy-

1404 1700 1510 1736 schius
1535 1698 1584 1740 (a
1605 1702 1619 1738 >
1640 1712 1649 1735 3
1685 1697 1724 1730 ad
1748 1698 1891 1737 primum
1929 1695 2060 1742 fortasse
2082 1697 2191 1731 dicam
2216 1723 2225 1738 ,
2257 1697 2418 1732 distraffis

1403 1743 1460 1778 diu
1483 1765 1491 1779 ‚
1527 1753 1626 1784 eoque
1649 1740 1823 1774 contraffls
1844 1737 1922 1773 vasis
1946 1762 1956 1778 ,
1994 1743 2025 1773 &
2049 1743 2262 1783 corruptione
2285 1741 2418 1784 insuper

1403 1785 1537 1823 sensim,
1563 1794 1598 1821 ut
1617 1786 1655 1826 >in
1679 1785 1838 1823 emortuis
1864 1782 2011 1824 sphacelo
2024 1785 2194 1822 carnibus,
2221 1783 2423 1826 adjuvante,

1404 1841 1469 1866 non
1493 1829 1631 1865 multum·
1657 1827 1816 1869 sanguinis
1837 1824 1979 1860 debuisse
2005 1826 2190 1868 profundi;
2216 1827 2253 1861 ad
2278 1829 2417 1862 alterum

1404 1883 1534 1912 autem,
1558 1871 1608 1904 vel
1631 1871 1789 1908 inversam
1823 1869 1984 1912 superiore
2006 1871 2176 1905 dumtaxat
2210 1881 2299 1913 parte
2325 1870 2418 1905 fuisse

1403 1918 1577 1958 vaginam,
1603 1916 1652 1948 vel
1677 1926 1742 1947 non
1767 1915 1927 1947 exteriore
1950 1925 2089 1956 quacum
2114 1913 2215 1948 vesica
2239 1913 2420 1958 conjungi..

1404 1969 1461 1994 tur
1478 1983 1491 2000 ,
1528 1958 1580 1992 sed
1602 1959 1718 1993 intima
1741 1956 1845 1991 solum
1870 1957 1978 1993 tunica
2003 1958 2162 1991 inversam
2185 1981 2196 1997 ,
2219 1969 2256 1992 ut
2280 1957 2419 2000 vesicam

1403 2002 1528 2038 trahere
1552 2002 1656 2037 secum
1680 2012 1745 2034 non
1769 2001 1917 2033 debuerit
1939 2025 1948 2033 .
1986 2001 2069 2040 Qae
2094 2001 2115 2034 si
2148 2000 2219 2036 fieri
2243 2000 2382 2043 potuisse
2410 2025 2421 2042 ‚

1403 2058 1467 2081 non
1494 2045 1629 2089 proba55
1654 2056 1754 2088 neque
1779 2045 1864 2089 enim
1889 2043 1972 2076 mihi
1997 2043 2139 2087 undique
2165 2045 2332 2086 placentj
2355 2056 2425 2078 me-

1404 2091 1485 2126 liora
1523 2088 1588 2131 ipse
1613 2100 1668 2135 per
1705 2097 1735 2125 te
1758 2097 1882 2129 quaeres
1911 2100 1919 2118 :
1956 2087 2134 2122 videndum
2157 2087 2199 2121 est
2224 2089 2311 2121 enim
2341 2088 2354 2128 ,’
2382 2100 2422 2122 ne

1404 2134 1573 2175 Slevogtio
1599 2156 1608 2172 ,
1639 2135 1671 2165 ὃ(
1696 2131 1792 2173 siquis
1817 2139 1967 2172 praeterea
1991 2132 2071 2165 alius
2096 2131 2141 2165 est
2165 2131 2231 2164 Vir
2255 2132 2424 2173 Speftatus

1402 2178 1461 2219 qui
1487 2176 1513 2209 se
1537 2176 1710 2217 diligenter
1734 2184 1790 2207 aut
1813 2177 1847 2206 in
1872 2172 1978 2207 exciso
2004 2186 2141 2217 corpore
2157 2198 2166 2214 ,
2190 2177 2245 2208 aut'
2269 2177 2304 2211 in
2327 2176 2425 2210 cada-

1404 2232 1478 2260 vere
1503 2217 1694 2253 examinasse
1717 2228 1784 2251 rem
1809 2217 1936 2251 testetur
1960 2239 1970 2254 ‚
2006 2220 2130 2255 nullam
2155 2219 2299 2255 tribuere
2322 2219 2420 2254 fidem

1404 2265 1589 2296 videamur.
1615 2260 1714 2300 Qod
1738 2271 1870 2294 examen
1895 2270 1930 2294 ut
1953 2259 2067 2301 facile,
2093 2265 2124 2295 ἃ
2147 2262 2227 2295 bene
2253 2271 2384 2304 poterat
2409 2287 2423 2305 ,

1406 2308 1522 2345 vellem
1546 2305 1732 2339 instituisset
1758 2305 1973 2344 Molinettus,
1997 2307 2054 2347 qui
2078 2310 2133 2347 (p
2157 2309 2167 2344 )
2193 2305 2220 2339 se
2236 2305 2421 2348 tutzffimam

1401 2350 1523 2395 semper
1545 2348 1599 2393 effe
1621 2351 1803 2389 expertum,
1827 2350 1856 2380 δέ
1879 2346 2048 2392 αιῖί]ἰ“ὺιιιᾙὲ
2068 2349 2189 2390 pluries
2205 2371 2214 2386 ,
2240 2349 2322 2382 dicit
2351 2373 2360 2388 ,
2387 2362 2427 2384 u..

1408 2395 1470 2427 teri
1494 2391 1681 2435 amputandi
1709 2393 1866 2425 rationem
1890 2414 1898 2429 ‚
1934 2392 1966 2424 in
1989 2392 2108 2425 vetulis
2137 2391 2313 2434 praesertim
2339 2406 2347 2425 .-
2385 2395 2420 2429 in

1407 2437 1526 2478 quibus
1551 2434 1686 2469 inversio
1712 2436 1818 2477 uteri,
1843 2437 1880 2468 de
1904 2447 1967 2476 qua
1991 2433 2059 2469 haec
2086 2436 2153 2475 ait,
2177 2445 2301 2478 quanto
2317 2439 2420 2474 rarior

1408 2480 1449 2514 est
1469 2502 1478 2517 ,
1515 2488 1609 2515 tanto
1634 2479 1703 2520 pol't
1729 2479 1986 2520 amputationem
2012 2479 2223 2512 examinanda
2249 2490 2316 2511 erat
2338 2481 2419 2516 dili.

1408 2525 1558 2566 gentius,
1583 2534 1620 2556 ne
1644 2520 1730 2554 forte
1755 2521 1878 2565 aliquid
1903 2522 2184 2557 erroris·subeffet
2210 2545 2218 2559 ‚
2251 2521 2344 2564 cujus
2371 2525 2422 2558 su-

1406 2569 1581 2608 spicionem
1604 2573 1754 2607 perpetua
1778 2565 1833 2597 illa
1845 2566 2020 2598 curationis
2045 2563 2187 2599 felicitas
2212 2566 2340 2600 videtur
2366 2580 2421 2602 au.

1405 2622 1499 2652 gere.
1525 2610 1579 2642 Est
1602 2607 1828 2651 etianrmulto
1852 2609 2011 2640 recentior
2036 2609 2134 2641 altera
2159 2607 2277 2641 inversi
2302 2613 2387 2643 uteri
2417 2636 2425 2652 ‚

1406 2653 1608 2693 feliciterque
1631 2650 1746 2685 exseffl
1773 2650 1993 2690 Observatio,
2019 2652 2052 2682 in
2076 2663 2139 2693 qua
2164 2663 2294 2686 examen
2319 2654 2422 2687 ornis.

1408 2699 1474 2730 sum
1499 2696 1597 2729 nolles
1622 2694 1691 2736 post
1703 2694 1939 2733 exsefflonem,
1962 2706 2036 2727 cum
2058 2705 2130 2727 ante
2154 2693 2239 2728 hanc
2261 2694 2349 2731 casus
2363 2699 2421 2731 iste

1408 2739 1524 2773 fimilis
1548 2738 1639 2773 suiffe
1661 2737 1788 2770 dicatur
1812 2738 1923 2775 casui,
1949 2749 1987 2770 cx
2012 2737 2173 2779 Wepfcro
2198 2741 2230 2772 in
2257 2740 2420 2780 Epheme-

1409 2783 1491 2828 rides
1515 2783 1618 2815 relato
1645 2781 1780 2823 Inclyrae
1803 2782 1884 2815 Nat.
1911 2783 1990 2815 Cur.
2016 2781 2198 2815 Academiae
2225 2784 2306 2816 Dec.
2333 2796 2362 2818 2.
2378 2787 2420 2818 A.

1411 2840 1438 2869 5.
1463 2825 1547 2859 Obs.
1573 2837 1622 2867 50.
1647 2826 1703 2858 ubi
1728 2834 1835 2858 tamen
1871 2836 1933 2857 non
1960 2824 2057 2857 modo
2090 2837 2156 2857 non
2182 2827 2328 2860 invenias
2353 2837 2423 2863 ute-

1409 2882 1481 2905 rum
1504 2870 1684 2906 inversum,
1710 2867 1758 2901 sed
1772 2868 2017 2903 excrescentiam
2043 2880 2138 2909 quam
2156 2868 2329 2910 VVepferus
2353 2871 2420 2914 ipse

1409 2913 1448 2948 ad
1474 2915 1623 2955 vaginam
1647 2914 1756 2954 potius
1790 2924 1885 2954 quam
1912 2911 1949 2944 ad
1976 2921 2102 2945 uterum
2136 2915 2274 2946 attinere
2298 2915 2424 2955 potuis-

1411 2958 1461 2996 se,
1484 2956 1682 2991 indicaverat
1706 2959 1718 2994 (
1742 2967 1760 2997 q
1776 2959 1816 2994 ·)‚
1842 2956 1909 2988 imo
1933 2967 1970 2988 ex
1994 2957 2033 2987 iis
2054 2967 2126 2997 quae
2149 2956 2421 2992 intrabienniurn

1409 3001 1514 3045 postea
1539 3000 1640 3033 eidem
1676 3000 1803 3033 mulieri
1828 2998 2009 3037 acciderant
2031 3021 2039 3036 ‚
2078 2998 2240 3034 attinuisse
2266 3022 2274 3036 ,
2301 2999 2424 3033 confir—

1410 3053 1553 3078 maverat
1578 3047 1588 3082 (
1612 3054 1627 3075 r
1647 3045 1681 3081 ).
1711 3042 1781 3076 Nec
1806 3053 1882 3074 vero
1906 3041 2018 3075 inversi
2042 3042 2209 3076 dumtaxat
2239 3045 2343 3082 uteri,
2370 3044 2422 3077 sed

1411 3092 1443 3121 ὃς
1473 3086 1652 3120 extrorsum
1677 3097 1750 3119 cum
1785 3088 1901 3127 vagina
1935 3085 2070 3126 prolapsi
2108 3088 2140 3118 in
2175 3088 2261 3121 vivis
2289 3110 2297 3125 ,
2334 3098 2424 3120 mm·-

1414 3131 1542 3172 tuisque
1566 3130 1704 3171 diligens
1728 3129 1768 3162 est
1790 3131 1978 3171 requirenda
2004 3130 2221 3168 examinatio,
2248 3129 2423 3171 praesertim

1414 3173 1582 3219 postquam
1618 3185 1656 3206 ex
1687 3172 1811 3205 laudata
1835 3172 1915 3214 (s)
1951 3173 2142 3206 Widmanni
2181 3173 2423 3206 Observatione

1415 3217 1539 3254 constat
1564 3242 1573 3257 ,
1611 3216 1706 3248 solius
1738 3216 1868 3249 inversa:
1902 3217 2026 3257 vaginae
2061 3216 2245 3258 prolapsum
2281 3218 2325 3249 ita
2359 3218 2422 3250 im-

1414 3272 1530 3303 ponere
1562 3260 1724 3293 interdum
1757 3258 1842 3300 posse
1864 3283 1876 3299 ,
1931 3258 2019 3301 quasi
2052 3262 2136 3292 intra
2168 3260 2269 3300 ipsam
2314 3269 2421 3294 uterus

1415 3303 1508 3338 fimul
1543 3301 1706 3345 prolapsus
1751 3301 1827 3335 esset
1852 3326 1859 3333 .
1905 3303 1994 3335 Nam
2030 3302 2050 3334 si
2077 3303 2239 3344 Ruyschii
2286 3305 2416 3345 figuras

1414 3349 1531 3388 (t),
1576 3345 1747 3379 secundum
1794 3346 1878 3380 hunc
1911 3347 2018 3379 casum
2051 3348 2266 3388 exprimentes
2290 3371 2301 3385 ‚
2345 3357 2419 3379 cum

1417 3390 1604 3422 XVidmanni
1653 3390 1764 3429 figura
1807 3389 1951 3422 conseras
1997 3400 2068 3430 quae
2116 3391 2258 3431 primum
2305 3400 2418 3430 reprae-

1414 3432 1539 3471 sentat,·
1563 3432 1645 3465 nihil
1672 3432 1815 3466 invenies
1838 3433 2036 3466 discriminis
2062 3444 2071 3469 3
2096 3444 2130 3466 ut
2155 3433 2215 3466 alia
2240 3433 2412 3468 omittam3

1415 3477 1448 3508 in
1493 3488 1531 3508 eo
1564 3475 1653 3517 quod
1689 3476 1842 3518 praecipui
1885 3476 1965 3517 sigui
2001 3476 2076 3509 loco
2121 3477 2159 3511 ad
2201 3477 2333 3511 alterum
2380 3476 2419 3507 ab

2301 3518 2376 3549 alte—

1538 3608 1551 3635 (
1567 3607 1581 3629 d
1600 3608 1612 3633 )
1630 3606 1693 3634 Eph.
1712 3608 1744 3630 N.
1763 3608 1793 3630 C.
1810 3608 1882 3631 Cent.
1899 3608 1921 3629 8.
1939 3606 1996 3629 Obs.
2014 3608 2051 3635 98.

1901 3639 1906 3665 (
1927 3637 1941 3659 h
1958 3641 1968 3661 )
1988 3637 2047 3661 lbid.
2067 3645 2092 3660 n.
2111 3639 2149 3666 38.

1264 3669 1278 3697 (
1295 3668 1304 3691 1
1324 3669 1331 3695 )
1347 3669 1427 3697 S'rogr.
1446 3668 1521 3692 addit.
1540 3668 1593 3691 Diff.
1614 3667 1738 3691 Schacheri
1756 3669 1784 3690 de
1805 3670 1917 3690 r'licentae
1937 3667 2050 3691 Morbis.

493 3704 506 3732 )
522 3704 576 3728 Vid.
593 3704 618 3729 in
634 3704 697 3729 calce
713 3702 772 3728 Obs.
789 3710 837 3727 von
853 3702 945 3731 Sanden
961 3702 990 3726 de
1006 3702 1118 3730 prolapsu
1134 3700 1220 3726 uteri.
1250 3723 1253 3726 ,
1281 3699 1295 3728 (
1309 3707 1324 3721 n
1340 3704 1352 3726 )
1368 3699 1458 3724 Differr.
1475 3699 1504 3723 de
1522 3700 1630 3723 sar-com.
1649 3706 1661 3720 e
1679 3699 1786 3725 pimenio
1806 3698 1915 3721 muliebr.
1934 3697 1955 3719 ἃ
1973 3704 2028 3721 caet.
2046 3696 2102 3722 thes
2121 3705 2143 3725 7.

886 3734 899 3761 (
914 3740 930 3762 p
946 3733 958 3761 )
975 3731 1067 3757 Dissert.
1086 3735 1159 3756 Anat.
1177 3727 1246 3754 Paxh.
1265 3728 1283 3753 l.
1299 3732 1323 3753 6.
1338 3736 1360 3754 c.
1380 3736 1414 3753 12.

1477 3731 1484 3758 (
1505 3737 1519 3758 q
1535 3733 1546 3756 >
1562 3728 1586 3753 in
1603 3728 1682 3753 schol.
1698 3730 1728 3751 ad
1746 3736 1768 3751 n.
1784 3737 1806 3756 4.
1868 3729 1908 3757 (ν
1926 3732 1934 3758 )
1953 3729 2008 3751 Dec.
2025 3729 2077 3752 ead.
2094 3735 2113 3750 2.
2134 3729 2162 3750 A.
2181 3735 2203 3756 7.
2221 3725 2281 3750 Obs.
2298 3734 2337 3756 54.
