<?xml version="1.0" encoding="UTF-8"?>
<!DOCTYPE html PUBLIC "-//W3C//DTD XHTML 1.0 Transitional//EN"
    "http://www.w3.org/TR/xhtml1/DTD/xhtml1-transitional.dtd">
<html xmlns="http://www.w3.org/1999/xhtml" xml:lang="en" lang="en">
 <head>
  <title>
</title>
<meta http-equiv="Content-Type" content="text/html;charset=utf-8" />
  <meta name='ocr-system' content='tesseract 3.04.00' />
  <meta name='ocr-capabilities' content='ocr_page ocr_carea ocr_par ocr_line ocrx_word'/>
</head>
<body>
  <div class='ocr_page' id='page_1' title='image "./desedibusetcausi00morg_0279.png"; bbox 0 0 2498 4075; ppageno 0'>
   <div class='ocr_carea' id='block_1_1' title="bbox 440 251 1707 341">
    <p class='ocr_par' dir='ltr' id='par_1_1' title="bbox 440 251 1707 341">
     <span class='ocr_line' id='line_1_1' title="bbox 440 251 1707 341; baseline -0.002 -13"><span class='ocrx_word' id='word_1_1' title='bbox 440 272 590 340; x_wconf 76' lang='lat' dir='ltr'>Epist.</span> <span class='ocrx_word' id='word_1_2' title='bbox 638 276 798 328; x_wconf 84' lang='lat' dir='ltr'>Anat.</span> <span class='ocrx_word' id='word_1_3' title='bbox 839 276 1051 329; x_wconf 71' lang='lat' dir='ltr'>Medica</span> <span class='ocrx_word' id='word_1_4' title='bbox 1087 274 1238 327; x_wconf 81' lang='lat' dir='ltr'><strong>XIX.</strong></span> <span class='ocrx_word' id='word_1_5' title='bbox 1274 273 1391 325; x_wconf 87' lang='lat' dir='ltr'>Art.</span> <span class='ocrx_word' id='word_1_6' title='bbox 1428 289 1508 341; x_wconf 86' lang='lat'>30.</span> <span class='ocrx_word' id='word_1_7' title='bbox 1539 251 1597 328; x_wconf 16' lang='lat'>¹&amp;</span> <span class='ocrx_word' id='word_1_8' title='bbox 1632 289 1707 338; x_wconf 84' lang='lat'>31.</span> 
     </span>
    </p>
   </div>
   <div class='ocr_carea' id='block_1_2' title="bbox 30 352 1102 3564">
    <p class='ocr_par' dir='ltr' id='par_1_2' title="bbox 30 352 1102 3564">
     <span class='ocr_line' id='line_1_2' title="bbox 80 352 1091 397; baseline 0.002 -10"><span class='ocrx_word' id='word_1_9' title='bbox 80 354 206 396; x_wconf 80' lang='lat' dir='ltr'>Asperae</span> <span class='ocrx_word' id='word_1_10' title='bbox 230 354 353 387; x_wconf 79' lang='lat' dir='ltr'>arteriae</span> <span class='ocrx_word' id='word_1_11' title='bbox 387 353 441 387; x_wconf 85' lang='lat' dir='ltr'>has</span> <span class='ocrx_word' id='word_1_12' title='bbox 466 366 481 386; x_wconf 88' lang='lat' dir='ltr'>a</span> <span class='ocrx_word' id='word_1_13' title='bbox 506 353 625 395; x_wconf 84' lang='lat' dir='ltr'>laqueo</span> <span class='ocrx_word' id='word_1_14' title='bbox 656 352 697 387; x_wconf 84' lang='lat' dir='ltr'>sic</span> <span class='ocrx_word' id='word_1_15' title='bbox 722 353 796 387; x_wconf 80' lang='lat' dir='ltr'>satis</span> <span class='ocrx_word' id='word_1_16' title='bbox 819 354 944 390; x_wconf 86' lang='lat' dir='ltr'>defendi</span> <span class='ocrx_word' id='word_1_17' title='bbox 974 381 985 397; x_wconf 78' lang='grc'>,</span> <span class='ocrx_word' id='word_1_18' title='bbox 1018 368 1091 391; x_wconf 80' lang='lat' dir='ltr'>curn</span> 
     </span>
     <span class='ocr_line' id='line_1_3' title="bbox 82 395 1092 443; baseline 0.004 -16"><span class='ocrx_word' id='word_1_19' title='bbox 82 407 167 430; x_wconf 75' lang='lat' dir='ltr'>venae</span> <span class='ocrx_word' id='word_1_20' title='bbox 186 396 353 440; x_wconf 74' lang='lat' dir='ltr'>Jugulares</span> <span class='ocrx_word' id='word_1_21' title='bbox 386 406 462 438; x_wconf 36' lang='lat' dir='ltr'>,vene</span> <span class='ocrx_word' id='word_1_22' title='bbox 485 396 568 429; x_wconf 60' lang='lat' dir='ltr'>nuda</span> <span class='ocrx_word' id='word_1_23' title='bbox 592 398 666 429; x_wconf 55' lang='lat' dir='ltr'>muci</span> <span class='ocrx_word' id='word_1_24' title='bbox 682 395 862 438; x_wconf 61' lang='lat' dir='ltr'>subjaceant</span> <span class='ocrx_word' id='word_1_25' title='bbox 884 425 891 432; x_wconf 88' lang='lat'><strong>.</strong></span> <span class='ocrx_word' id='word_1_26' title='bbox 932 400 1092 443; x_wconf 66' lang='lat' dir='ltr'>Equidem</span> 
     </span>
     <span class='ocr_line' id='line_1_4' title="bbox 83 438 1095 485; baseline 0.003 -13"><span class='ocrx_word' id='word_1_27' title='bbox 83 438 214 479; x_wconf 84' lang='lat' dir='ltr'>fateor,</span> <span class='ocrx_word' id='word_1_28' title='bbox 236 440 406 473; x_wconf 84' lang='lat' dir='ltr'>Carotides</span> <span class='ocrx_word' id='word_1_29' title='bbox 430 441 603 472; x_wconf 74' lang='lat' dir='ltr'>interiores.</span> <span class='ocrx_word' id='word_1_30' title='bbox 636 438 691 472; x_wconf 72' lang='lat' dir='ltr'>else</span> <span class='ocrx_word' id='word_1_31' title='bbox 715 451 810 482; x_wconf 87' lang='lat' dir='ltr'>quam</span> <span class='ocrx_word' id='word_1_32' title='bbox 846 440 905 475; x_wconf 87' lang='lat' dir='ltr'>sint</span> <span class='ocrx_word' id='word_1_33' title='bbox 926 443 1095 485; x_wconf 72' lang='lat' dir='ltr'>Jugtilares</span> 
     </span>
     <span class='ocr_line' id='line_1_5' title="bbox 84 482 1095 527; baseline 0.002 -10"><span class='ocrx_word' id='word_1_34' title='bbox 84 485 242 517; x_wconf 85' lang='lat' dir='ltr'>Internae:</span> <span class='ocrx_word' id='word_1_35' title='bbox 270 482 351 516; x_wconf 88' lang='lat' dir='ltr'>addo</span> <span class='ocrx_word' id='word_1_36' title='bbox 373 485 469 516; x_wconf 80' lang='lat' dir='ltr'>etiam</span> <span class='ocrx_word' id='word_1_37' title='bbox 488 506 499 521; x_wconf 91' lang='lat'>,</span> <span class='ocrx_word' id='word_1_38' title='bbox 522 493 592 517; x_wconf 73' lang='lat' dir='ltr'>coni</span> <span class='ocrx_word' id='word_1_39' title='bbox 606 482 745 523; x_wconf 51' lang='lat' dir='ltr'>,vu-effioni</span> <span class='ocrx_word' id='word_1_40' title='bbox 771 486 869 527; x_wconf 76' lang='lat' dir='ltr'>magis</span> <span class='ocrx_word' id='word_1_41' title='bbox 891 486 1028 520; x_wconf 81' lang='lat' dir='ltr'>resistere</span> <span class='ocrx_word' id='word_1_42' title='bbox 1052 487 1095 519; x_wconf 90' lang='lat' dir='ltr'>ob</span> 
     </span>
     <span class='ocr_line' id='line_1_6' title="bbox 84 525 1093 572; baseline 0.004 -14"><span class='ocrx_word' id='word_1_43' title='bbox 84 527 266 560; x_wconf 88' lang='lat' dir='ltr'>tunicarum</span> <span class='ocrx_word' id='word_1_44' title='bbox 289 526 520 560; x_wconf 72' lang='lat' dir='ltr'>crassitudinem</span> <span class='ocrx_word' id='word_1_45' title='bbox 540 549 552 565; x_wconf 79' lang='lat'>,</span> <span class='ocrx_word' id='word_1_46' title='bbox 593 530 622 558; x_wconf 64' lang='grc' dir='ltr'>ἃ</span> <span class='ocrx_word' id='word_1_47' title='bbox 649 525 808 568; x_wconf 76' lang='lat' dir='ltr'>sanguinis</span> <span class='ocrx_word' id='word_1_48' title='bbox 842 529 1003 571; x_wconf 85' lang='lat' dir='ltr'>impetum</span> <span class='ocrx_word' id='word_1_49' title='bbox 1025 541 1093 572; x_wconf 88' lang='lat' dir='ltr'>quo</span> 
     </span>
     <span class='ocr_line' id='line_1_7' title="bbox 84 568 1097 616; baseline 0.002 -14"><span class='ocrx_word' id='word_1_50' title='bbox 84 568 327 604; x_wconf 85' lang='lat' dir='ltr'>distenduntur.</span> <span class='ocrx_word' id='word_1_51' title='bbox 354 570 410 603; x_wconf 88' lang='lat' dir='ltr'>Sed</span> <span class='ocrx_word' id='word_1_52' title='bbox 434 579 539 601; x_wconf 86' lang='lat' dir='ltr'>tamen</span> <span class='ocrx_word' id='word_1_53' title='bbox 563 568 644 610; x_wconf 58' lang='lat' dir='ltr'>ilwsae</span> <span class='ocrx_word' id='word_1_54' title='bbox 667 581 796 613; x_wconf 86' lang='lat' dir='ltr'>quoque</span> <span class='ocrx_word' id='word_1_55' title='bbox 808 572 977 616; x_wconf 77' lang='lat' dir='ltr'>Jugulares</span> <span class='ocrx_word' id='word_1_56' title='bbox 993 574 1097 606; x_wconf 89' lang='lat' dir='ltr'>Inter-</span> 
     </span>
     <span class='ocr_line' id='line_1_8' title="bbox 84 612 1094 655; baseline 0.001 -9"><span class='ocrx_word' id='word_1_57' title='bbox 84 624 132 646; x_wconf 77' lang='lat' dir='ltr'>nae</span> <span class='ocrx_word' id='word_1_58' title='bbox 156 613 374 655; x_wconf 74' lang='lat' dir='ltr'>prominentia</span> <span class='ocrx_word' id='word_1_59' title='bbox 397 612 524 654; x_wconf 76' lang='lat' dir='ltr'>Asperae</span> <span class='ocrx_word' id='word_1_60' title='bbox 541 614 668 645; x_wconf 68' lang='lat' dir='ltr'>arici-ize</span> <span class='ocrx_word' id='word_1_61' title='bbox 692 613 842 647; x_wconf 88' lang='lat' dir='ltr'>nonnihil</span> <span class='ocrx_word' id='word_1_62' title='bbox 857 614 1094 654; x_wconf 81' lang='lat' dir='ltr'>defenduntur3</span> 
     </span>
     <span class='ocr_line' id='line_1_9' title="bbox 83 655 1090 702; baseline 0.003 -13"><span class='ocrx_word' id='word_1_63' title='bbox 83 667 138 702; x_wconf 67' lang='lat' dir='ltr'>nec</span> <span class='ocrx_word' id='word_1_64' title='bbox 162 665 243 689; x_wconf 85' lang='lat' dir='ltr'>certe</span> <span class='ocrx_word' id='word_1_65' title='bbox 266 655 329 689; x_wconf 81' lang='lat' dir='ltr'>illae</span> <span class='ocrx_word' id='word_1_66' title='bbox 348 680 358 695; x_wconf 93' lang='lat'>‚</span> <span class='ocrx_word' id='word_1_67' title='bbox 392 655 442 688; x_wconf 85' lang='lat' dir='ltr'>sed</span> <span class='ocrx_word' id='word_1_68' title='bbox 465 657 620 688; x_wconf 76' lang='lat' dir='ltr'>Exterriae</span> <span class='ocrx_word' id='word_1_69' title='bbox 646 656 715 688; x_wconf 80' lang='lat' dir='ltr'>sunt</span> <span class='ocrx_word' id='word_1_70' title='bbox 739 669 809 699; x_wconf 68' lang='lat' dir='ltr'>quse</span> <span class='ocrx_word' id='word_1_71' title='bbox 836 660 904 691; x_wconf 86' lang='lat' dir='ltr'>cuti</span> <span class='ocrx_word' id='word_1_72' title='bbox 932 658 1090 701; x_wconf 75' lang='lat' dir='ltr'>subjacent</span> 
     </span>
     <span class='ocr_line' id='line_1_10' title="bbox 83 699 1090 744; baseline 0.002 -11"><span class='ocrx_word' id='word_1_73' title='bbox 83 711 159 741; x_wconf 89' lang='lat' dir='ltr'>pene</span> <span class='ocrx_word' id='word_1_74' title='bbox 184 699 273 734; x_wconf 83' lang='lat' dir='ltr'>nudae</span> <span class='ocrx_word' id='word_1_75' title='bbox 296 723 303 729; x_wconf 91' lang='lat'><em>.</em></span> <span class='ocrx_word' id='word_1_76' title='bbox 339 701 483 731; x_wconf 78' lang='lat' dir='ltr'>Internas</span> <span class='ocrx_word' id='word_1_77' title='bbox 508 708 617 731; x_wconf 84' lang='lat' dir='ltr'>autem</span> <span class='ocrx_word' id='word_1_78' title='bbox 643 699 695 731; x_wconf 86' lang='lat' dir='ltr'>hic</span> <span class='ocrx_word' id='word_1_79' title='bbox 732 700 928 741; x_wconf 79' lang='lat' dir='ltr'>potissimum</span> <span class='ocrx_word' id='word_1_80' title='bbox 953 702 1090 744; x_wconf 64' lang='lat' dir='ltr'>spectare</span> 
     </span>
     <span class='ocr_line' id='line_1_11' title="bbox 82 741 1090 784; baseline 0.003 -9"><span class='ocrx_word' id='word_1_81' title='bbox 82 745 232 776; x_wconf 81' lang='lat' dir='ltr'>convenit</span> <span class='ocrx_word' id='word_1_82' title='bbox 256 766 267 782; x_wconf 87' lang='grc'>,</span> <span class='ocrx_word' id='word_1_83' title='bbox 301 742 355 775; x_wconf 83' lang='lat' dir='ltr'>ubi</span> <span class='ocrx_word' id='word_1_84' title='bbox 380 741 417 775; x_wconf 89' lang='lat' dir='ltr'>de</span> <span class='ocrx_word' id='word_1_85' title='bbox 442 741 606 784; x_wconf 65' lang='lat' dir='ltr'>sangpiniis</span> <span class='ocrx_word' id='word_1_86' title='bbox 630 755 644 774; x_wconf 92' lang='lat' dir='ltr'>e</span> <span class='ocrx_word' id='word_1_87' title='bbox 668 744 796 776; x_wconf 81' lang='lat' dir='ltr'>cerebro</span> <span class='ocrx_word' id='word_1_88' title='bbox 819 745 1004 778; x_wconf 62' lang='lat' dir='ltr'>reduetione</span> <span class='ocrx_word' id='word_1_89' title='bbox 1029 745 1090 778; x_wconf 87' lang='lat' dir='ltr'>ser-</span> 
     </span>
     <span class='ocr_line' id='line_1_12' title="bbox 82 785 1092 828; baseline 0.002 -8"><span class='ocrx_word' id='word_1_90' title='bbox 82 799 138 820; x_wconf 89' lang='lat' dir='ltr'>mo</span> <span class='ocrx_word' id='word_1_91' title='bbox 159 786 221 826; x_wconf 82' lang='lat' dir='ltr'>est5</span> <span class='ocrx_word' id='word_1_92' title='bbox 247 796 311 820; x_wconf 87' lang='lat' dir='ltr'>non</span> <span class='ocrx_word' id='word_1_93' title='bbox 335 786 491 818; x_wconf 75' lang='lat' dir='ltr'>Externas</span> <span class='ocrx_word' id='word_1_94' title='bbox 512 809 518 815; x_wconf 96' lang='lat'>.</span> <span class='ocrx_word' id='word_1_95' title='bbox 554 785 629 817; x_wconf 63' lang='lat' dir='ltr'>Nlec</span> <span class='ocrx_word' id='word_1_96' title='bbox 655 787 721 818; x_wconf 82' lang='lat' dir='ltr'>sane</span> <span class='ocrx_word' id='word_1_97' title='bbox 746 788 903 823; x_wconf 75' lang='lat' dir='ltr'>Externas</span> <span class='ocrx_word' id='word_1_98' title='bbox 925 812 937 828; x_wconf 84' lang='lat'>,</span> <span class='ocrx_word' id='word_1_99' title='bbox 962 787 1013 821; x_wconf 86' lang='lat' dir='ltr'>sed</span> <span class='ocrx_word' id='word_1_100' title='bbox 1036 792 1092 822; x_wconf 81' lang='lat' dir='ltr'>In-</span> 
     </span>
     <span class='ocr_line' id='line_1_13' title="bbox 83 827 1092 875; baseline 0.001 -12"><span class='ocrx_word' id='word_1_101' title='bbox 83 840 207 867; x_wconf 89' lang='lat' dir='ltr'>ternas‚</span> <span class='ocrx_word' id='word_1_102' title='bbox 230 829 349 872; x_wconf 85' lang='lat' dir='ltr'>quippe</span> <span class='ocrx_word' id='word_1_103' title='bbox 372 827 511 864; x_wconf 59' lang='lat' dir='ltr'>dunum</span> <span class='ocrx_word' id='word_1_104' title='bbox 527 829 690 871; x_wconf 78' lang='lat' dir='ltr'>sequentes</span> <span class='ocrx_word' id='word_1_105' title='bbox 715 832 836 864; x_wconf 76' lang='lat' dir='ltr'>arteriae</span> <span class='ocrx_word' id='word_1_106' title='bbox 860 831 1014 874; x_wconf 76' lang='lat' dir='ltr'>Asperae,</span> <span class='ocrx_word' id='word_1_107' title='bbox 1038 844 1092 875; x_wconf 87' lang='lat' dir='ltr'>ap-</span> 
     </span>
     <span class='ocr_line' id='line_1_14' title="bbox 83 871 1092 919; baseline 0.001 -13"><span class='ocrx_word' id='word_1_108' title='bbox 83 872 247 916; x_wconf 85' lang='lat' dir='ltr'>prehensas</span> <span class='ocrx_word' id='word_1_109' title='bbox 270 872 382 919; x_wconf 35' lang='lat' dir='ltr'>esse-in</span> <span class='ocrx_word' id='word_1_110' title='bbox 405 871 592 905; x_wconf 74' lang='lat' dir='ltr'>Aristotelis</span> <span class='ocrx_word' id='word_1_111' title='bbox 615 874 858 915; x_wconf 79' lang='lat' dir='ltr'>experimento,</span> <span class='ocrx_word' id='word_1_112' title='bbox 884 875 974 917; x_wconf 84' lang='lat' dir='ltr'>supra</span> <span class='ocrx_word' id='word_1_113' title='bbox 997 878 1010 913; x_wconf 84' lang='lat'>(</span> <span class='ocrx_word' id='word_1_114' title='bbox 1033 887 1055 917; x_wconf 56' lang='grc' dir='ltr'><strong>ζ</strong></span> <span class='ocrx_word' id='word_1_115' title='bbox 1079 879 1092 916; x_wconf 92' lang='grc'>)</span> 
     </span>
     <span class='ocr_line' id='line_1_15' title="bbox 83 915 1089 960; baseline 0.003 -11"><span class='ocrx_word' id='word_1_116' title='bbox 83 928 101 950; x_wconf 82' lang='lat' dir='ltr'>a</span> <span class='ocrx_word' id='word_1_117' title='bbox 124 916 214 949; x_wconf 83' lang='lat' dir='ltr'>nobis</span> <span class='ocrx_word' id='word_1_118' title='bbox 237 916 390 948; x_wconf 55' lang='lat' dir='ltr'>ollonium</span> <span class='ocrx_word' id='word_1_119' title='bbox 414 915 455 949; x_wconf 86' lang='lat' dir='ltr'>est</span> <span class='ocrx_word' id='word_1_120' title='bbox 477 928 484 948; x_wconf 92' lang='grc'>.·</span> <span class='ocrx_word' id='word_1_121' title='bbox 508 915 562 958; x_wconf 87' lang='lat' dir='ltr'>idq</span> <span class='ocrx_word' id='word_1_122' title='bbox 573 927 607 948; x_wconf 89' lang='lat' dir='ltr'>ue</span> <span class='ocrx_word' id='word_1_123' title='bbox 631 928 668 949; x_wconf 89' lang='lat' dir='ltr'>ex</span> <span class='ocrx_word' id='word_1_124' title='bbox 691 928 729 949; x_wconf 88' lang='lat' dir='ltr'>eo</span> <span class='ocrx_word' id='word_1_125' title='bbox 752 929 880 960; x_wconf 76' lang='lat' dir='ltr'>quoque</span> <span class='ocrx_word' id='word_1_126' title='bbox 902 917 1089 952; x_wconf 80' lang='lat' dir='ltr'>confirmare</span> 
     </span>
     <span class='ocr_line' id='line_1_16' title="bbox 79 958 1089 1000; baseline 0.002 -7"><span class='ocrx_word' id='word_1_127' title='bbox 79 962 157 993; x_wconf 83' lang='lat' dir='ltr'>&#39;licet</span> <span class='ocrx_word' id='word_1_128' title='bbox 181 959 268 999; x_wconf 88' lang='lat' dir='ltr'>quod</span> <span class='ocrx_word' id='word_1_129' title='bbox 292 958 452 992; x_wconf 78' lang='lat' dir='ltr'>Harderus</span> <span class='ocrx_word' id='word_1_130' title='bbox 484 962 497 997; x_wconf 84' lang='lat'>&lt;</span> <span class='ocrx_word' id='word_1_131' title='bbox 520 971 537 991; x_wconf 77' lang='lat' dir='ltr'>cz</span> <span class='ocrx_word' id='word_1_132' title='bbox 555 959 576 1000; x_wconf 65' lang='lat' dir='ltr'>J)</span> <span class='ocrx_word' id='word_1_133' title='bbox 608 970 683 993; x_wconf 89' lang='lat' dir='ltr'>cum</span> <span class='ocrx_word' id='word_1_134' title='bbox 707 962 862 994; x_wconf 76' lang='lat' dir='ltr'>Externas</span> <span class='ocrx_word' id='word_1_135' title='bbox 893 963 926 993; x_wconf 89' lang='lat' dir='ltr'>in</span> <span class='ocrx_word' id='word_1_136' title='bbox 951 960 1089 995; x_wconf 80' lang='lat' dir='ltr'>molosso</span> 
     </span>
     <span class='ocr_line' id='line_1_17' title="bbox 82 1002 1088 1046; baseline 0.001 -11"><span class='ocrx_word' id='word_1_137' title='bbox 82 1003 254 1042; x_wconf 80' lang='lat' dir='ltr'>vinxisset,</span> <span class='ocrx_word' id='word_1_138' title='bbox 281 1002 487 1045; x_wconf 77' lang='lat' dir='ltr'>soporemque</span> <span class='ocrx_word' id='word_1_139' title='bbox 511 1002 587 1036; x_wconf 82' lang='lat' dir='ltr'>inde</span> <span class='ocrx_word' id='word_1_140' title='bbox 609 1014 682 1036; x_wconf 88' lang='lat' dir='ltr'>cum</span> <span class='ocrx_word' id='word_1_141' title='bbox 706 1004 772 1037; x_wconf 65' lang='lat' dir='ltr'>it‘tu</span> <span class='ocrx_word' id='word_1_142' title='bbox 797 1004 972 1046; x_wconf 87' lang='lat' dir='ltr'>epileptico</span> <span class='ocrx_word' id='word_1_143' title='bbox 994 1015 1088 1046; x_wconf 84' lang='lat' dir='ltr'>expe-</span> 
     </span>
     <span class='ocr_line' id='line_1_18' title="bbox 83 1044 1088 1090; baseline 0 -10"><span class='ocrx_word' id='word_1_144' title='bbox 83 1048 207 1086; x_wconf 65' lang='lat' dir='ltr'>&amp;aret,</span> <span class='ocrx_word' id='word_1_145' title='bbox 231 1045 311 1079; x_wconf 84' lang='lat' dir='ltr'>nihil</span> <span class='ocrx_word' id='word_1_146' title='bbox 338 1044 493 1086; x_wconf 79' lang='lat' dir='ltr'>ejusmodi</span> <span class='ocrx_word' id='word_1_147' title='bbox 506 1045 696 1088; x_wconf 84' lang='lat' dir='ltr'>conspexit.</span> <span class='ocrx_word' id='word_1_148' title='bbox 718 1049 765 1081; x_wconf 85' lang='lat' dir='ltr'>At</span> <span class='ocrx_word' id='word_1_149' title='bbox 789 1046 861 1081; x_wconf 88' lang='lat' dir='ltr'>sunt</span> <span class='ocrx_word' id='word_1_150' title='bbox 875 1048 936 1081; x_wconf 91' lang='lat' dir='ltr'>hoc</span> <span class='ocrx_word' id='word_1_151' title='bbox 962 1058 1088 1090; x_wconf 77' lang='lat' dir='ltr'>tempo·</span> 
     </span>
     <span class='ocr_line' id='line_1_19' title="bbox 83 1087 1089 1134; baseline 0.003 -12"><span class='ocrx_word' id='word_1_152' title='bbox 83 1101 115 1122; x_wconf 84' lang='lat' dir='ltr'>re</span> <span class='ocrx_word' id='word_1_153' title='bbox 140 1090 197 1133; x_wconf 86' lang='lat' dir='ltr'>qui</span> <span class='ocrx_word' id='word_1_154' title='bbox 230 1087 292 1124; x_wconf 82' lang='lat' dir='ltr'>huc</span> <span class='ocrx_word' id='word_1_155' title='bbox 315 1088 432 1122; x_wconf 81' lang='lat' dir='ltr'>addant</span> <span class='ocrx_word' id='word_1_156' title='bbox 469 1090 608 1125; x_wconf 73' lang='lat' dir='ltr'>alteruim</span> <span class='ocrx_word' id='word_1_157' title='bbox 631 1090 714 1124; x_wconf 87' lang='lat' dir='ltr'>illud</span> <span class='ocrx_word' id='word_1_158' title='bbox 738 1090 856 1123; x_wconf 85' lang='lat' dir='ltr'>Galeni</span> <span class='ocrx_word' id='word_1_159' title='bbox 891 1093 1089 1134; x_wconf 88' lang='lat' dir='ltr'>experimen-</span> 
     </span>
     <span class='ocr_line' id='line_1_20' title="bbox 83 1132 1089 1176; baseline 0.003 -11"><span class='ocrx_word' id='word_1_160' title='bbox 83 1142 153 1168; x_wconf 88' lang='lat' dir='ltr'>tum</span> <span class='ocrx_word' id='word_1_161' title='bbox 175 1159 185 1172; x_wconf 81' lang='lat'>‚</span> <span class='ocrx_word' id='word_1_162' title='bbox 220 1132 308 1175; x_wconf 89' lang='lat' dir='ltr'>quod</span> <span class='ocrx_word' id='word_1_163' title='bbox 334 1132 423 1166; x_wconf 82' lang='lat' dir='ltr'>simul</span> <span class='ocrx_word' id='word_1_164' title='bbox 456 1143 530 1165; x_wconf 89' lang='lat' dir='ltr'>cum</span> <span class='ocrx_word' id='word_1_165' title='bbox 554 1134 665 1175; x_wconf 80' lang='lat' dir='ltr'>primo</span> <span class='ocrx_word' id='word_1_166' title='bbox 696 1133 739 1167; x_wconf 90' lang='lat' dir='ltr'>est</span> <span class='ocrx_word' id='word_1_167' title='bbox 757 1145 773 1165; x_wconf 84' lang='lat' dir='ltr'>a</span> <span class='ocrx_word' id='word_1_168' title='bbox 805 1145 855 1168; x_wconf 88' lang='lat' dir='ltr'>me</span> <span class='ocrx_word' id='word_1_169' title='bbox 888 1145 976 1168; x_wconf 79' lang='lat' dir='ltr'>antea</span> <span class='ocrx_word' id='word_1_170' title='bbox 999 1138 1012 1173; x_wconf 90' lang='lat'>(</span> <span class='ocrx_word' id='word_1_171' title='bbox 1035 1133 1053 1168; x_wconf 83' lang='lat' dir='ltr'><em>b</em></span> <span class='ocrx_word' id='word_1_172' title='bbox 1076 1140 1089 1176; x_wconf 87' lang='lat'><em>)</em></span> 
     </span>
     <span class='ocr_line' id='line_1_21' title="bbox 84 1177 1089 1221; baseline 0.002 -11"><span class='ocrx_word' id='word_1_173' title='bbox 84 1187 374 1210; x_wconf 84' lang='lat' dir='ltr'>commemoratum</span> <span class='ocrx_word' id='word_1_174' title='bbox 395 1201 402 1206; x_wconf 96' lang='lat'>.</span> <span class='ocrx_word' id='word_1_175' title='bbox 439 1177 566 1210; x_wconf 83' lang='lat' dir='ltr'>Verum.</span> <span class='ocrx_word' id='word_1_176' title='bbox 590 1188 665 1209; x_wconf 88' lang='lat' dir='ltr'>curn</span> <span class='ocrx_word' id='word_1_177' title='bbox 688 1177 805 1210; x_wconf 75' lang='lat' dir='ltr'>Galerii</span> <span class='ocrx_word' id='word_1_178' title='bbox 832 1178 1030 1221; x_wconf 76' lang='lat' dir='ltr'>propositum</span> <span class='ocrx_word' id='word_1_179' title='bbox 1056 1179 1089 1212; x_wconf 89' lang='lat' dir='ltr'>in</span> 
     </span>
     <span class='ocr_line' id='line_1_22' title="bbox 81 1219 1090 1263; baseline 0.004 -10"><span class='ocrx_word' id='word_1_180' title='bbox 81 1232 121 1253; x_wconf 87' lang='lat' dir='ltr'>eo</span> <span class='ocrx_word' id='word_1_181' title='bbox 144 1231 272 1262; x_wconf 77' lang='lat' dir='ltr'>quoque</span> <span class='ocrx_word' id='word_1_182' title='bbox 304 1220 524 1261; x_wconf 84' lang='lat' dir='ltr'>experimento</span> <span class='ocrx_word' id='word_1_183' title='bbox 547 1219 648 1254; x_wconf 78' lang='lat' dir='ltr'>:luerit</span> <span class='ocrx_word' id='word_1_184' title='bbox 668 1243 680 1260; x_wconf 85' lang='lat'>‚</span> <span class='ocrx_word' id='word_1_185' title='bbox 712 1230 749 1255; x_wconf 87' lang='lat' dir='ltr'>ut</span> <span class='ocrx_word' id='word_1_186' title='bbox 772 1220 886 1261; x_wconf 78' lang='lat' dir='ltr'>ligaret</span> <span class='ocrx_word' id='word_1_187' title='bbox 918 1222 988 1256; x_wconf 83' lang='lat' dir='ltr'>vasa</span> <span class='ocrx_word' id='word_1_188' title='bbox 1027 1233 1090 1263; x_wconf 63' lang='lat' dir='ltr'>qnae</span> 
     </span>
     <span class='ocr_line' id='line_1_23' title="bbox 81 1262 1091 1307; baseline 0 -10"><span class='ocrx_word' id='word_1_189' title='bbox 81 1262 238 1297; x_wconf 79' lang='lat' dir='ltr'>cerebrum</span> <span class='ocrx_word' id='word_1_190' title='bbox 261 1264 348 1296; x_wconf 74' lang='lat' dir='ltr'>cordi</span> <span class='ocrx_word' id='word_1_191' title='bbox 369 1262 584 1306; x_wconf 70' lang='lat' dir='ltr'><em>conjungunc;</em></span> <span class='ocrx_word' id='word_1_192' title='bbox 606 1274 727 1307; x_wconf 86' lang='lat' dir='ltr'>nequeo</span> <span class='ocrx_word' id='word_1_193' title='bbox 749 1265 893 1299; x_wconf 84' lang='lat' dir='ltr'>animum</span> <span class='ocrx_word' id='word_1_194' title='bbox 917 1266 1091 1306; x_wconf 76' lang='lat' dir='ltr'>inducere,</span> 
     </span>
     <span class='ocr_line' id='line_1_24' title="bbox 81 1306 1091 1352; baseline 0.003 -13"><span class='ocrx_word' id='word_1_195' title='bbox 81 1316 118 1341; x_wconf 90' lang='lat' dir='ltr'>ut</span> <span class='ocrx_word' id='word_1_196' title='bbox 141 1306 265 1351; x_wconf 87' lang='lat' dir='ltr'>credam</span> <span class='ocrx_word' id='word_1_197' title='bbox 283 1329 290 1342; x_wconf 85' lang='lat'>‚</span> <span class='ocrx_word' id='word_1_198' title='bbox 317 1307 474 1339; x_wconf 82' lang='lat' dir='ltr'>Externas</span> <span class='ocrx_word' id='word_1_199' title='bbox 499 1306 536 1338; x_wconf 80' lang='lat' dir='ltr'>ab</span> <span class='ocrx_word' id='word_1_200' title='bbox 562 1306 646 1347; x_wconf 88' lang='lat' dir='ltr'>illo,</span> <span class='ocrx_word' id='word_1_201' title='bbox 670 1318 733 1340; x_wconf 90' lang='lat' dir='ltr'>non</span> <span class='ocrx_word' id='word_1_202' title='bbox 759 1310 901 1342; x_wconf 81' lang='lat' dir='ltr'>Internas</span> <span class='ocrx_word' id='word_1_203' title='bbox 928 1309 1091 1352; x_wconf 60' lang='lat' dir='ltr'>iugulares</span> 
     </span>
     <span class='ocr_line' id='line_1_25' title="bbox 84 1347 1091 1392; baseline 0.002 -9"><span class='ocrx_word' id='word_1_204' title='bbox 84 1362 177 1383; x_wconf 82' lang='lat' dir='ltr'>venas</span> <span class='ocrx_word' id='word_1_205' title='bbox 201 1347 292 1385; x_wconf 79' lang='lat' dir='ltr'>fuisse</span> <span class='ocrx_word' id='word_1_206' title='bbox 317 1349 520 1382; x_wconf 57' lang='lat' dir='ltr'>constr-ieras.</span> <span class='ocrx_word' id='word_1_207' title='bbox 548 1351 597 1382; x_wconf 62' lang='lat' dir='ltr'>At</span> <span class='ocrx_word' id='word_1_208' title='bbox 622 1351 708 1382; x_wconf 89' lang='lat' dir='ltr'>enim</span> <span class='ocrx_word' id='word_1_209' title='bbox 733 1375 746 1392; x_wconf 85' lang='lat'><em>‚</em></span> <span class='ocrx_word' id='word_1_210' title='bbox 777 1350 832 1385; x_wconf 82' lang='lat' dir='ltr'>hic</span> <span class='ocrx_word' id='word_1_211' title='bbox 856 1348 949 1385; x_wconf 78' lang='lat' dir='ltr'>facile</span> <span class='ocrx_word' id='word_1_212' title='bbox 973 1352 1059 1385; x_wconf 80' lang='lat' dir='ltr'>dices</span> <span class='ocrx_word' id='word_1_213' title='bbox 1084 1378 1091 1391; x_wconf 88' lang='lat'>‚</span> 
     </span>
     <span class='ocr_line' id='line_1_26' title="bbox 80 1392 1093 1436; baseline 0 -9"><span class='ocrx_word' id='word_1_214' title='bbox 80 1393 104 1427; x_wconf 84' lang='lat' dir='ltr'>fi</span> <span class='ocrx_word' id='word_1_215' title='bbox 128 1392 361 1427; x_wconf 71' lang='lat' dir='ltr'>constrinxisset</span> <span class='ocrx_word' id='word_1_216' title='bbox 385 1395 551 1431; x_wconf 75' lang='lat' dir='ltr'>Internas3</span> <span class='ocrx_word' id='word_1_217' title='bbox 577 1395 632 1435; x_wconf 76' lang='lat' dir='ltr'>qui</span> <span class='ocrx_word' id='word_1_218' title='bbox 657 1393 725 1427; x_wconf 80' lang='lat' dir='ltr'>sieri</span> <span class='ocrx_word' id='word_1_219' title='bbox 763 1395 913 1435; x_wconf 87' lang='lat' dir='ltr'>potuisset</span> <span class='ocrx_word' id='word_1_220' title='bbox 935 1420 947 1436; x_wconf 84' lang='lat'>,</span> <span class='ocrx_word' id='word_1_221' title='bbox 983 1405 1019 1429; x_wconf 90' lang='lat' dir='ltr'>ut</span> <span class='ocrx_word' id='word_1_222' title='bbox 1044 1397 1093 1427; x_wconf 91' lang='lat' dir='ltr'>in-</span> 
     </span>
     <span class='ocr_line' id='line_1_27' title="bbox 30 1435 1091 1482; baseline 0.002 -12"><span class='ocrx_word' id='word_1_223' title='bbox 30 1479 33 1481; x_wconf 35' lang='grc'><strong>,</strong></span> <span class='ocrx_word' id='word_1_224' title='bbox 83 1437 123 1473; x_wconf 90' lang='lat' dir='ltr'>de</span> <span class='ocrx_word' id='word_1_225' title='bbox 144 1435 338 1476; x_wconf 65' lang='lat' dir='ltr'>funffionem</span> <span class='ocrx_word' id='word_1_226' title='bbox 361 1436 660 1482; x_wconf 49' lang='lat' dir='ltr'>evidenterz&#39;nrteriraf</span> <span class='ocrx_word' id='word_1_227' title='bbox 684 1437 804 1471; x_wconf 79' lang='lat' dir='ltr'>nullam</span> <span class='ocrx_word' id='word_1_228' title='bbox 817 1438 1091 1481; x_wconf 79' lang='lat' dir='ltr'><strong>deprehenderet?</strong></span> 
     </span>
     <span class='ocr_line' id='line_1_28' title="bbox 81 1479 1094 1524; baseline 0 -10"><span class='ocrx_word' id='word_1_229' title='bbox 81 1480 258 1524; x_wconf 82' lang='lat' dir='ltr'>praesertim</span> <span class='ocrx_word' id='word_1_230' title='bbox 280 1491 355 1516; x_wconf 85' lang='lat' dir='ltr'>cum</span> <span class='ocrx_word' id='word_1_231' title='bbox 378 1479 566 1512; x_wconf 69' lang='lat' dir='ltr'>Aristoteles.</span> <span class='ocrx_word' id='word_1_232' title='bbox 591 1479 693 1513; x_wconf 82' lang='lat' dir='ltr'>sensus</span> <span class='ocrx_word' id='word_1_233' title='bbox 716 1480 758 1513; x_wconf 88' lang='lat' dir='ltr'>sic</span> <span class='ocrx_word' id='word_1_234' title='bbox 783 1483 864 1523; x_wconf 87' lang='lat' dir='ltr'>eripi</span> <span class='ocrx_word' id='word_1_235' title='bbox 889 1505 898 1520; x_wconf 88' lang='lat'>‚</span> <span class='ocrx_word' id='word_1_236' title='bbox 922 1482 1094 1515; x_wconf 81' lang='lat' dir='ltr'>confirma-</span> 
     </span>
     <span class='ocr_line' id='line_1_29' title="bbox 81 1521 1093 1562; baseline 0.001 -6"><span class='ocrx_word' id='word_1_237' title='bbox 81 1526 185 1558; x_wconf 81' lang='lat' dir='ltr'>verit.</span> <span class='ocrx_word' id='word_1_238' title='bbox 212 1525 289 1556; x_wconf 87' lang='lat' dir='ltr'>Utri</span> <span class='ocrx_word' id='word_1_239' title='bbox 311 1547 321 1562; x_wconf 94' lang='lat'>,</span> <span class='ocrx_word' id='word_1_240' title='bbox 347 1534 384 1555; x_wconf 92' lang='lat' dir='ltr'>an</span> <span class='ocrx_word' id='word_1_241' title='bbox 409 1521 726 1558; x_wconf 80' lang='lat' dir='ltr'>neutrihabebimus</span> <span class='ocrx_word' id='word_1_242' title='bbox 749 1524 843 1558; x_wconf 84' lang='lat' dir='ltr'>sidem</span> <span class='ocrx_word' id='word_1_243' title='bbox 865 1524 878 1558; x_wconf 90' lang='lat'>?</span> <span class='ocrx_word' id='word_1_244' title='bbox 911 1525 1093 1559; x_wconf 79' lang='lat' dir='ltr'>Rollincius</span> 
     </span>
     <span class='ocr_line' id='line_1_30' title="bbox 80 1566 1094 1611; baseline 0.001 -10"><span class='ocrx_word' id='word_1_245' title='bbox 80 1571 94 1607; x_wconf 94' lang='lat'>(</span> <span class='ocrx_word' id='word_1_246' title='bbox 116 1580 132 1601; x_wconf 85' lang='lat' dir='ltr'>c</span> <span class='ocrx_word' id='word_1_247' title='bbox 154 1572 168 1610; x_wconf 90' lang='lat'>)</span> <span class='ocrx_word' id='word_1_248' title='bbox 191 1568 276 1600; x_wconf 88' lang='lat' dir='ltr'>enim</span> <span class='ocrx_word' id='word_1_249' title='bbox 297 1566 435 1599; x_wconf 82' lang='lat' dir='ltr'>habebat</span> <span class='ocrx_word' id='word_1_250' title='bbox 459 1569 584 1599; x_wconf 83' lang='lat' dir='ltr'>neutri.</span> <span class='ocrx_word' id='word_1_251' title='bbox 610 1566 767 1610; x_wconf 77' lang='lat' dir='ltr'>Harvejus</span> <span class='ocrx_word' id='word_1_252' title='bbox 780 1579 883 1602; x_wconf 86' lang='lat' dir='ltr'>autem</span> <span class='ocrx_word' id='word_1_253' title='bbox 905 1570 966 1609; x_wconf 78' lang='lat' dir='ltr'>(d)</span> <span class='ocrx_word' id='word_1_254' title='bbox 989 1568 1094 1611; x_wconf 77' lang='lat' dir='ltr'>quod-</span> 
     </span>
     <span class='ocr_line' id='line_1_31' title="bbox 79 1609 1090 1654; baseline 0 -9"><span class='ocrx_word' id='word_1_255' title='bbox 79 1612 153 1645; x_wconf 80' lang='lat' dir='ltr'>dam</span> <span class='ocrx_word' id='word_1_256' title='bbox 177 1609 268 1643; x_wconf 87' lang='lat' dir='ltr'>aliud</span> <span class='ocrx_word' id='word_1_257' title='bbox 289 1610 482 1643; x_wconf 83' lang='lat' dir='ltr'>Galenicum</span> <span class='ocrx_word' id='word_1_258' title='bbox 506 1611 538 1641; x_wconf 90' lang='lat' dir='ltr'>in</span> <span class='ocrx_word' id='word_1_259' title='bbox 564 1610 640 1643; x_wconf 64' lang='lat' dir='ltr'>vafis</span> <span class='ocrx_word' id='word_1_260' title='bbox 678 1612 795 1651; x_wconf 81' lang='lat' dir='ltr'>pariter</span> <span class='ocrx_word' id='word_1_261' title='bbox 819 1611 1006 1654; x_wconf 79' lang='lat' dir='ltr'>sanguiferis</span> <span class='ocrx_word' id='word_1_262' title='bbox 1037 1625 1090 1645; x_wconf 78' lang='lat' dir='ltr'>ex-</span> 
     </span>
     <span class='ocr_line' id='line_1_32' title="bbox 80 1652 1087 1698; baseline 0.002 -12"><span class='ocrx_word' id='word_1_263' title='bbox 80 1657 295 1698; x_wconf 75' lang='lat' dir='ltr'>perimentum</span> <span class='ocrx_word' id='word_1_264' title='bbox 320 1664 482 1697; x_wconf 78' lang='lat' dir='ltr'>nunquam</span> <span class='ocrx_word' id='word_1_265' title='bbox 506 1652 654 1686; x_wconf 82' lang='lat' dir='ltr'>habitum</span> <span class='ocrx_word' id='word_1_266' title='bbox 678 1652 770 1687; x_wconf 84' lang='lat' dir='ltr'>fuisse</span> <span class='ocrx_word' id='word_1_267' title='bbox 790 1678 803 1695; x_wconf 84' lang='lat'>,</span> <span class='ocrx_word' id='word_1_268' title='bbox 828 1656 1054 1698; x_wconf 75' lang='lat' dir='ltr'>pronunciavit</span> <span class='ocrx_word' id='word_1_269' title='bbox 1080 1680 1087 1688; x_wconf 83' lang='grc'><strong>,</strong></span> 
     </span>
     <span class='ocr_line' id='line_1_33' title="bbox 85 1695 1091 1741; baseline 0 -10"><span class='ocrx_word' id='word_1_270' title='bbox 85 1697 305 1733; x_wconf 85' lang='lat' dir='ltr'>Pedctentim‚</span> <span class='ocrx_word' id='word_1_271' title='bbox 332 1695 441 1738; x_wconf 84' lang='lat' dir='ltr'>quaeso</span> <span class='ocrx_word' id='word_1_272' title='bbox 461 1719 473 1738; x_wconf 79' lang='lat'>,</span> <span class='ocrx_word' id='word_1_273' title='bbox 507 1695 684 1741; x_wconf 68' lang='lat' dir='ltr'>praesertim</span> <span class='ocrx_word' id='word_1_274' title='bbox 705 1708 778 1731; x_wconf 90' lang='lat' dir='ltr'>cum</span> <span class='ocrx_word' id='word_1_275' title='bbox 801 1698 839 1731; x_wconf 88' lang='lat' dir='ltr'>de</span> <span class='ocrx_word' id='word_1_276' title='bbox 863 1699 994 1733; x_wconf 85' lang='lat' dir='ltr'>summis</span> <span class='ocrx_word' id='word_1_277' title='bbox 1020 1700 1091 1741; x_wconf 79' lang='lat' dir='ltr'>agi-</span> 
     </span>
     <span class='ocr_line' id='line_1_34' title="bbox 79 1740 1091 1786; baseline 0 -11"><span class='ocrx_word' id='word_1_278' title='bbox 79 1752 134 1775; x_wconf 87' lang='lat' dir='ltr'>tur</span> <span class='ocrx_word' id='word_1_279' title='bbox 157 1741 271 1780; x_wconf 81' lang='lat' dir='ltr'>Viris,</span> <span class='ocrx_word' id='word_1_280' title='bbox 294 1750 330 1772; x_wconf 88' lang='lat' dir='ltr'>ne</span> <span class='ocrx_word' id='word_1_281' title='bbox 354 1740 443 1781; x_wconf 84' lang='lat' dir='ltr'>plus,</span> <span class='ocrx_word' id='word_1_282' title='bbox 467 1741 612 1786; x_wconf 57' lang='lat' dir='ltr'>minusve</span> <span class='ocrx_word' id='word_1_283' title='bbox 636 1752 734 1784; x_wconf 81' lang='lat' dir='ltr'>quam</span> <span class='ocrx_word' id='word_1_284' title='bbox 756 1741 897 1775; x_wconf 85' lang='lat' dir='ltr'>dixerint</span> <span class='ocrx_word' id='word_1_285' title='bbox 917 1767 929 1783; x_wconf 87' lang='lat'>,</span> <span class='ocrx_word' id='word_1_286' title='bbox 962 1754 1016 1784; x_wconf 90' lang='lat' dir='ltr'>per</span> <span class='ocrx_word' id='word_1_287' title='bbox 1040 1743 1091 1775; x_wconf 66' lang='lat' dir='ltr'>in-</span> 
     </span>
     <span class='ocr_line' id='line_1_35' title="bbox 80 1783 1090 1827; baseline -0.002 -8"><span class='ocrx_word' id='word_1_288' title='bbox 80 1786 204 1819; x_wconf 84' lang='lat' dir='ltr'>curiam</span> <span class='ocrx_word' id='word_1_289' title='bbox 226 1783 413 1825; x_wconf 74' lang='lat' dir='ltr'>affingamus</span> <span class='ocrx_word' id='word_1_290' title='bbox 437 1807 444 1813; x_wconf 96' lang='lat'>.</span> <span class='ocrx_word' id='word_1_291' title='bbox 481 1783 665 1817; x_wconf 71' lang='lat' dir='ltr'>Rollincius</span> <span class='ocrx_word' id='word_1_292' title='bbox 689 1785 819 1827; x_wconf 86' lang='lat' dir='ltr'>quidem</span> <span class='ocrx_word' id='word_1_293' title='bbox 844 1798 906 1818; x_wconf 80' lang='lat' dir='ltr'>non</span> <span class='ocrx_word' id='word_1_294' title='bbox 930 1787 1090 1819; x_wconf 78' lang='lat' dir='ltr'>Galenico</span> 
     </span>
     <span class='ocr_line' id='line_1_36' title="bbox 81 1825 1090 1872; baseline 0.002 -11"><span class='ocrx_word' id='word_1_295' title='bbox 81 1828 183 1861; x_wconf 83' lang='lat' dir='ltr'>solum</span> <span class='ocrx_word' id='word_1_296' title='bbox 200 1850 208 1864; x_wconf 86' lang='lat'><strong>‚</strong></span> <span class='ocrx_word' id='word_1_297' title='bbox 233 1825 283 1860; x_wconf 88' lang='lat' dir='ltr'>sed</span> <span class='ocrx_word' id='word_1_298' title='bbox 307 1827 406 1858; x_wconf 82' lang='lat' dir='ltr'>etiam</span> <span class='ocrx_word' id='word_1_299' title='bbox 429 1827 580 1860; x_wconf 87' lang='lat' dir='ltr'>omnibus</span> <span class='ocrx_word' id='word_1_300' title='bbox 603 1829 734 1871; x_wconf 82' lang='lat' dir='ltr'>reliquis</span> <span class='ocrx_word' id='word_1_301' title='bbox 746 1831 971 1872; x_wconf 77' lang='lat' dir='ltr'>experimentis</span> <span class='ocrx_word' id='word_1_302' title='bbox 994 1829 1090 1863; x_wconf 79' lang='lat' dir='ltr'>fidem</span> 
     </span>
     <span class='ocr_line' id='line_1_37' title="bbox 79 1869 1089 1915; baseline 0.002 -11"><span class='ocrx_word' id='word_1_303' title='bbox 79 1871 231 1915; x_wconf 70' lang='lat' dir='ltr'>derogare</span> <span class='ocrx_word' id='word_1_304' title='bbox 254 1869 304 1909; x_wconf 79' lang='lat' dir='ltr'>se,</span> <span class='ocrx_word' id='word_1_305' title='bbox 328 1869 433 1902; x_wconf 88' lang='lat' dir='ltr'>dixit.</span> <span class='ocrx_word' id='word_1_306' title='bbox 459 1870 562 1906; x_wconf 88' lang='lat' dir='ltr'>Nulla</span> <span class='ocrx_word' id='word_1_307' title='bbox 587 1880 697 1905; x_wconf 84' lang='lat' dir='ltr'>tamen</span> <span class='ocrx_word' id='word_1_308' title='bbox 719 1870 836 1906; x_wconf 83' lang='lat' dir='ltr'>horum</span> <span class='ocrx_word' id='word_1_309' title='bbox 862 1874 1010 1915; x_wconf 77' lang='lat' dir='ltr'>negavit;</span> <span class='ocrx_word' id='word_1_310' title='bbox 1037 1873 1089 1906; x_wconf 85' lang='lat' dir='ltr'>sed</span> 
     </span>
     <span class='ocr_line' id='line_1_38' title="bbox 82 1912 1088 1957; baseline 0.004 -10"><span class='ocrx_word' id='word_1_311' title='bbox 82 1913 150 1948; x_wconf 81' lang='lat' dir='ltr'>vim</span> <span class='ocrx_word' id='word_1_312' title='bbox 183 1924 309 1947; x_wconf 83' lang='lat' dir='ltr'>tanturn</span> <span class='ocrx_word' id='word_1_313' title='bbox 343 1912 519 1946; x_wconf 69' lang='lat' dir='ltr'>infirmavit</span> <span class='ocrx_word' id='word_1_314' title='bbox 553 1914 759 1957; x_wconf 84' lang='lat' dir='ltr'>quorundam</span> <span class='ocrx_word' id='word_1_315' title='bbox 781 1940 794 1956; x_wconf 82' lang='lat'><em>‚</em></span> <span class='ocrx_word' id='word_1_316' title='bbox 827 1916 912 1949; x_wconf 85' lang='lat' dir='ltr'>idem</span> <span class='ocrx_word' id='word_1_317' title='bbox 942 1916 1088 1951; x_wconf 76' lang='lat' dir='ltr'>causatus</span> 
     </span>
     <span class='ocr_line' id='line_1_39' title="bbox 82 1956 1090 2003; baseline 0.003 -12"><span class='ocrx_word' id='word_1_318' title='bbox 82 1957 172 2003; x_wconf 80' lang='lat' dir='ltr'>quod</span> <span class='ocrx_word' id='word_1_319' title='bbox 196 1957 339 1991; x_wconf 80' lang='lat' dir='ltr'>diximus</span> <span class='ocrx_word' id='word_1_320' title='bbox 363 1956 459 1999; x_wconf 85' lang='lat' dir='ltr'>paulo</span> <span class='ocrx_word' id='word_1_321' title='bbox 483 1966 575 1992; x_wconf 83' lang='lat' dir='ltr'>ante,</span> <span class='ocrx_word' id='word_1_322' title='bbox 599 1957 661 1990; x_wconf 88' lang='lat' dir='ltr'>five</span> <span class='ocrx_word' id='word_1_323' title='bbox 684 1960 810 1992; x_wconf 84' lang='lat' dir='ltr'>arteriae</span> <span class='ocrx_word' id='word_1_324' title='bbox 826 1984 839 2000; x_wconf 83' lang='lat'>,</span> <span class='ocrx_word' id='word_1_325' title='bbox 866 1960 916 1993; x_wconf 87' lang='lat' dir='ltr'>seu</span> <span class='ocrx_word' id='word_1_326' title='bbox 940 1971 1025 1993; x_wconf 85' lang='lat' dir='ltr'>venae</span> <span class='ocrx_word' id='word_1_327' title='bbox 1049 1961 1090 1994; x_wconf 90' lang='lat' dir='ltr'>li-</span> 
     </span>
     <span class='ocr_line' id='line_1_40' title="bbox 81 1999 1090 2047; baseline 0.002 -12"><span class='ocrx_word' id='word_1_328' title='bbox 81 2003 196 2045; x_wconf 75' lang='lat' dir='ltr'>gentur</span> <span class='ocrx_word' id='word_1_329' title='bbox 218 2015 228 2041; x_wconf 82' lang='lat'>5</span> <span class='ocrx_word' id='word_1_330' title='bbox 262 2001 385 2047; x_wconf 61' lang='lat' dir='ltr'>semper</span> <span class='ocrx_word' id='word_1_331' title='bbox 405 1999 517 2033; x_wconf 83' lang='lat' dir='ltr'>restare</span> <span class='ocrx_word' id='word_1_332' title='bbox 539 2001 741 2035; x_wconf 87' lang='lat' dir='ltr'>Vertebrales</span> <span class='ocrx_word' id='word_1_333' title='bbox 769 2028 777 2041; x_wconf 88' lang='lat'>‚</span> <span class='ocrx_word' id='word_1_334' title='bbox 812 2015 882 2047; x_wconf 76' lang='lat' dir='ltr'>quae</span> <span class='ocrx_word' id='word_1_335' title='bbox 908 2004 1001 2046; x_wconf 79' lang='lat' dir='ltr'>ligari</span> <span class='ocrx_word' id='word_1_336' title='bbox 1023 2015 1090 2038; x_wconf 84' lang='lat' dir='ltr'>non</span> 
     </span>
     <span class='ocr_line' id='line_1_41' title="bbox 81 2042 1091 2089; baseline 0.002 -11"><span class='ocrx_word' id='word_1_337' title='bbox 81 2044 211 2088; x_wconf 77' lang='lat' dir='ltr'>possint.</span> <span class='ocrx_word' id='word_1_338' title='bbox 242 2045 340 2086; x_wconf 83' lang='lat' dir='ltr'>Qod</span> <span class='ocrx_word' id='word_1_339' title='bbox 364 2044 385 2075; x_wconf 82' lang='lat' dir='ltr'>si</span> <span class='ocrx_word' id='word_1_340' title='bbox 413 2042 681 2078; x_wconf 81' lang='lat' dir='ltr'>animadvertisset</span> <span class='ocrx_word' id='word_1_341' title='bbox 705 2045 930 2089; x_wconf 78' lang='lat' dir='ltr'>Caesalpinus5</span> <span class='ocrx_word' id='word_1_342' title='bbox 957 2058 1019 2079; x_wconf 92' lang='lat' dir='ltr'>non</span> <span class='ocrx_word' id='word_1_343' title='bbox 1043 2047 1091 2080; x_wconf 88' lang='lat' dir='ltr'>fa-</span> 
     </span>
     <span class='ocr_line' id='line_1_42' title="bbox 81 2086 1090 2132; baseline 0.003 -11"><span class='ocrx_word' id='word_1_344' title='bbox 81 2089 142 2121; x_wconf 88' lang='lat' dir='ltr'>cile</span> <span class='ocrx_word' id='word_1_345' title='bbox 177 2099 236 2130; x_wconf 86' lang='lat' dir='ltr'>pro</span> <span class='ocrx_word' id='word_1_346' title='bbox 263 2086 434 2121; x_wconf 78' lang='lat' dir='ltr'>Aristotele</span> <span class='ocrx_word' id='word_1_347' title='bbox 468 2089 568 2128; x_wconf 80' lang='lat' dir='ltr'>priori</span> <span class='ocrx_word' id='word_1_348' title='bbox 592 2089 643 2121; x_wconf 87' lang='lat' dir='ltr'>illi</span> <span class='ocrx_word' id='word_1_349' title='bbox 676 2089 834 2122; x_wconf 80' lang='lat' dir='ltr'>Galenico</span> <span class='ocrx_word' id='word_1_350' title='bbox 868 2092 1090 2132; x_wconf 82' lang='lat' dir='ltr'>experimento</span> 
     </span>
     <span class='ocr_line' id='line_1_43' title="bbox 81 2130 1090 2176; baseline 0 -11"><span class='ocrx_word' id='word_1_351' title='bbox 81 2132 246 2175; x_wconf 78' lang='lat' dir='ltr'>objecisset</span> <span class='ocrx_word' id='word_1_352' title='bbox 270 2133 283 2170; x_wconf 72' lang='grc' dir='ltr'>ζ</span> <span class='ocrx_word' id='word_1_353' title='bbox 305 2141 319 2164; x_wconf 86' lang='lat' dir='ltr'>e</span> <span class='ocrx_word' id='word_1_354' title='bbox 342 2135 355 2171; x_wconf 87' lang='lat'><em>)</em></span> <span class='ocrx_word' id='word_1_355' title='bbox 377 2152 386 2168; x_wconf 94' lang='lat'><em>‚</em></span> <span class='ocrx_word' id='word_1_356' title='bbox 420 2132 568 2173; x_wconf 74' lang='lat' dir='ltr'>antiquos</span> <span class='ocrx_word' id='word_1_357' title='bbox 594 2133 757 2165; x_wconf 65' lang='lat' dir='ltr'>Car-otidas</span> <span class='ocrx_word' id='word_1_358' title='bbox 788 2130 906 2175; x_wconf 75' lang='lat' dir='ltr'>vocaffe</span> <span class='ocrx_word' id='word_1_359' title='bbox 928 2144 987 2165; x_wconf 80' lang='lat' dir='ltr'>non</span> <span class='ocrx_word' id='word_1_360' title='bbox 1001 2133 1090 2176; x_wconf 75' lang='lat' dir='ltr'>solas</span> 
     </span>
     <span class='ocr_line' id='line_1_44' title="bbox 81 2174 1092 2218; baseline -0.001 -9"><span class='ocrx_word' id='word_1_361' title='bbox 81 2176 216 2209; x_wconf 75' lang='lat' dir='ltr'>arterias</span> <span class='ocrx_word' id='word_1_362' title='bbox 230 2198 239 2213; x_wconf 94' lang='lat'>,</span> <span class='ocrx_word' id='word_1_363' title='bbox 256 2174 312 2217; x_wconf 76' lang='lat' dir='ltr'>scd</span> <span class='ocrx_word' id='word_1_364' title='bbox 335 2184 439 2207; x_wconf 84' lang='lat' dir='ltr'>omnes</span> <span class='ocrx_word' id='word_1_365' title='bbox 460 2183 580 2213; x_wconf 68' lang='lat' dir='ltr'>venas,</span> <span class='ocrx_word' id='word_1_366' title='bbox 602 2176 641 2208; x_wconf 84' lang='lat' dir='ltr'>ad</span> <span class='ocrx_word' id='word_1_367' title='bbox 653 2174 809 2208; x_wconf 74' lang='lat' dir='ltr'>cerebrum</span> <span class='ocrx_word' id='word_1_368' title='bbox 833 2176 954 2209; x_wconf 71' lang='lat' dir='ltr'>delatas</span> <span class='ocrx_word' id='word_1_369' title='bbox 971 2187 982 2214; x_wconf 86' lang='grc'>,·</span> <span class='ocrx_word' id='word_1_370' title='bbox 1004 2175 1092 2218; x_wconf 82' lang='lat' dir='ltr'>quasi</span> 
     </span>
     <span class='ocr_line' id='line_1_45' title="bbox 82 2215 1092 2259; baseline 0.002 -10"><span class='ocrx_word' id='word_1_371' title='bbox 82 2229 156 2251; x_wconf 81' lang='lat' dir='ltr'>vero</span> <span class='ocrx_word' id='word_1_372' title='bbox 178 2218 220 2251; x_wconf 87' lang='lat' dir='ltr'>sic</span> <span class='ocrx_word' id='word_1_373' title='bbox 243 2227 351 2251; x_wconf 87' lang='lat' dir='ltr'>omnes</span> <span class='ocrx_word' id='word_1_374' title='bbox 374 2215 608 2258; x_wconf 84' lang='lat' dir='ltr'>apprehendere</span> <span class='ocrx_word' id='word_1_375' title='bbox 632 2217 784 2259; x_wconf 87' lang='lat' dir='ltr'>potuisset</span> <span class='ocrx_word' id='word_1_376' title='bbox 806 2218 992 2251; x_wconf 84' lang='lat' dir='ltr'>Aristoteles</span> <span class='ocrx_word' id='word_1_377' title='bbox 1006 2244 1013 2253; x_wconf 92' lang='lat'><em>.</em></span> <span class='ocrx_word' id='word_1_378' title='bbox 1038 2221 1092 2252; x_wconf 82' lang='lat' dir='ltr'>De</span> 
     </span>
     <span class='ocr_line' id='line_1_46' title="bbox 79 2258 729 2302; baseline -0.005 -8"><span class='ocrx_word' id='word_1_379' title='bbox 79 2259 229 2302; x_wconf 74' lang='lat' dir='ltr'>Harvejo</span> <span class='ocrx_word' id='word_1_380' title='bbox 253 2269 357 2294; x_wconf 88' lang='lat' dir='ltr'>autem</span> <span class='ocrx_word' id='word_1_381' title='bbox 380 2258 519 2293; x_wconf 88' lang='lat' dir='ltr'>seorsum</span> <span class='ocrx_word' id='word_1_382' title='bbox 542 2260 729 2294; x_wconf 87' lang='lat' dir='ltr'>videamus.</span> 
     </span>
     <span class='ocr_line' id='line_1_47' title="bbox 127 2300 1091 2350; baseline 0.002 -13"><span class='ocrx_word' id='word_1_383' title='bbox 127 2316 179 2350; x_wconf 86' lang='lat'>30.</span> <span class='ocrx_word' id='word_1_384' title='bbox 207 2304 346 2336; x_wconf 88' lang='lat' dir='ltr'>Utinam</span> <span class='ocrx_word' id='word_1_385' title='bbox 368 2300 423 2336; x_wconf 86' lang='lat' dir='ltr'>hic</span> <span class='ocrx_word' id='word_1_386' title='bbox 448 2302 537 2335; x_wconf 85' lang='lat' dir='ltr'>illius</span> <span class='ocrx_word' id='word_1_387' title='bbox 560 2303 771 2345; x_wconf 81' lang='lat' dir='ltr'>experimenti</span> <span class='ocrx_word' id='word_1_388' title='bbox 795 2303 829 2336; x_wconf 86' lang='lat' dir='ltr'>in</span> <span class='ocrx_word' id='word_1_389' title='bbox 854 2316 920 2347; x_wconf 90' lang='lat' dir='ltr'>quo</span> <span class='ocrx_word' id='word_1_390' title='bbox 951 2303 1091 2339; x_wconf 83' lang='lat' dir='ltr'>immissa</span> 
     </span>
     <span class='ocr_line' id='line_1_48' title="bbox 84 2344 1091 2389; baseline 0 -9"><span class='ocrx_word' id='word_1_391' title='bbox 84 2349 119 2382; x_wconf 83' lang='lat' dir='ltr'>in</span> <span class='ocrx_word' id='word_1_392' title='bbox 143 2347 290 2380; x_wconf 80' lang='lat' dir='ltr'>arteriam</span> <span class='ocrx_word' id='word_1_393' title='bbox 314 2344 415 2379; x_wconf 87' lang='lat' dir='ltr'>fistula</span> <span class='ocrx_word' id='word_1_394' title='bbox 438 2367 448 2382; x_wconf 87' lang='lat'>‚</span> <span class='ocrx_word' id='word_1_395' title='bbox 485 2346 638 2389; x_wconf 86' lang='lat' dir='ltr'>nulloque</span> <span class='ocrx_word' id='word_1_396' title='bbox 661 2347 748 2389; x_wconf 84' lang='lat' dir='ltr'>prius</span> <span class='ocrx_word' id='word_1_397' title='bbox 770 2347 891 2380; x_wconf 88' lang='lat' dir='ltr'>circum</span> <span class='ocrx_word' id='word_1_398' title='bbox 915 2347 996 2380; x_wconf 88' lang='lat' dir='ltr'>hanc</span> <span class='ocrx_word' id='word_1_399' title='bbox 1021 2351 1091 2380; x_wconf 33' lang='lat' dir='ltr'>vin*-</span> 
     </span>
     <span class='ocr_line' id='line_1_49' title="bbox 88 2387 1091 2431; baseline -0.003 -7"><span class='ocrx_word' id='word_1_400' title='bbox 88 2391 163 2424; x_wconf 89' lang='lat' dir='ltr'>culo</span> <span class='ocrx_word' id='word_1_401' title='bbox 186 2389 338 2424; x_wconf 85' lang='lat' dir='ltr'>adhibito</span> <span class='ocrx_word' id='word_1_402' title='bbox 354 2413 363 2426; x_wconf 92' lang='lat'><strong><em>‚</em></strong></span> <span class='ocrx_word' id='word_1_403' title='bbox 388 2387 475 2421; x_wconf 87' lang='lat' dir='ltr'>infra</span> <span class='ocrx_word' id='word_1_404' title='bbox 499 2387 634 2422; x_wconf 85' lang='lat' dir='ltr'>fistulam</span> <span class='ocrx_word' id='word_1_405' title='bbox 659 2388 777 2431; x_wconf 85' lang='lat' dir='ltr'>pulsare</span> <span class='ocrx_word' id='word_1_406' title='bbox 800 2392 973 2428; x_wconf 84' lang='lat' dir='ltr'>arteriam3</span> <span class='ocrx_word' id='word_1_407' title='bbox 999 2391 1091 2423; x_wconf 80' lang='lat' dir='ltr'>adhi-</span> 
     </span>
     <span class='ocr_line' id='line_1_50' title="bbox 84 2429 1094 2474; baseline -0.001 -6"><span class='ocrx_word' id='word_1_408' title='bbox 84 2433 179 2474; x_wconf 83' lang='lat' dir='ltr'>bito,</span> <span class='ocrx_word' id='word_1_409' title='bbox 201 2444 266 2468; x_wconf 89' lang='lat' dir='ltr'>non</span> <span class='ocrx_word' id='word_1_410' title='bbox 291 2432 432 2474; x_wconf 85' lang='lat' dir='ltr'>pulsare,</span> <span class='ocrx_word' id='word_1_411' title='bbox 458 2431 600 2466; x_wconf 84' lang='lat' dir='ltr'>Galenus</span> <span class='ocrx_word' id='word_1_412' title='bbox 613 2429 673 2472; x_wconf 85' lang='lat' dir='ltr'>(f)</span> <span class='ocrx_word' id='word_1_413' title='bbox 687 2431 846 2465; x_wconf 86' lang='lat' dir='ltr'>tradidit:</span> <span class='ocrx_word' id='word_1_414' title='bbox 873 2435 1018 2472; x_wconf 88' lang='lat' dir='ltr'>utinam,</span> <span class='ocrx_word' id='word_1_415' title='bbox 1043 2436 1094 2467; x_wconf 88' lang='lat' dir='ltr'>in-</span> 
     </span>
     <span class='ocr_line' id='line_1_51' title="bbox 85 2473 1095 2521; baseline -0.001 -10"><span class='ocrx_word' id='word_1_416' title='bbox 85 2488 204 2521; x_wconf 85' lang='lat' dir='ltr'>quam,</span> <span class='ocrx_word' id='word_1_417' title='bbox 226 2478 293 2509; x_wconf 85' lang='lat' dir='ltr'>vim</span> <span class='ocrx_word' id='word_1_418' title='bbox 316 2473 493 2516; x_wconf 79' lang='lat' dir='ltr'>infregisset</span> <span class='ocrx_word' id='word_1_419' title='bbox 515 2475 706 2517; x_wconf 80' lang='lat' dir='ltr'>dumtaxat,</span> <span class='ocrx_word' id='word_1_420' title='bbox 729 2474 923 2521; x_wconf 87' lang='lat' dir='ltr'>ostendendo</span> <span class='ocrx_word' id='word_1_421' title='bbox 936 2488 1001 2510; x_wconf 90' lang='lat' dir='ltr'>non</span> <span class='ocrx_word' id='word_1_422' title='bbox 1025 2480 1095 2510; x_wconf 89' lang='lat' dir='ltr'>ani-</span> 
     </span>
     <span class='ocr_line' id='line_1_52' title="bbox 85 2516 1093 2564; baseline 0 -11"><span class='ocrx_word' id='word_1_423' title='bbox 85 2518 256 2554; x_wconf 77' lang='lat' dir='ltr'>madversae</span> <span class='ocrx_word' id='word_1_424' title='bbox 279 2531 295 2552; x_wconf 85' lang='lat' dir='ltr'>a</span> <span class='ocrx_word' id='word_1_425' title='bbox 319 2518 445 2552; x_wconf 86' lang='lat' dir='ltr'>Galeno</span> <span class='ocrx_word' id='word_1_426' title='bbox 468 2516 602 2551; x_wconf 79' lang='lat' dir='ltr'>fallaciae</span> <span class='ocrx_word' id='word_1_427' title='bbox 627 2519 751 2552; x_wconf 86' lang='lat' dir='ltr'>causam</span> <span class='ocrx_word' id='word_1_428' title='bbox 775 2543 787 2560; x_wconf 78' lang='lat'>,</span> <span class='ocrx_word' id='word_1_429' title='bbox 812 2531 868 2553; x_wconf 87' lang='lat' dir='ltr'>nec</span> <span class='ocrx_word' id='word_1_430' title='bbox 892 2519 1056 2564; x_wconf 83' lang='lat' dir='ltr'>scripsisset</span> <span class='ocrx_word' id='word_1_431' title='bbox 1083 2544 1093 2559; x_wconf 92' lang='lat'>,</span> 
     </span>
     <span class='ocr_line' id='line_1_53' title="bbox 66 2560 1094 2607; baseline -0.001 -9"><span class='ocrx_word' id='word_1_432' title='bbox 66 2564 269 2603; x_wconf 66' lang='lat' dir='ltr'>Calenum,</span> <span class='ocrx_word' id='word_1_433' title='bbox 293 2573 326 2595; x_wconf 85' lang='lat' dir='ltr'>ac</span> <span class='ocrx_word' id='word_1_434' title='bbox 350 2560 517 2595; x_wconf 84' lang='lat' dir='ltr'>Vesaliurn</span> <span class='ocrx_word' id='word_1_435' title='bbox 539 2572 598 2595; x_wconf 84' lang='lat' dir='ltr'>non</span> <span class='ocrx_word' id='word_1_436' title='bbox 631 2563 804 2604; x_wconf 75' lang='lat' dir='ltr'>cogitantes</span> <span class='ocrx_word' id='word_1_437' title='bbox 827 2572 883 2598; x_wconf 75' lang='lat' dir='ltr'>aut</span> <span class='ocrx_word' id='word_1_438' title='bbox 916 2564 1094 2607; x_wconf 72' lang='lat' dir='ltr'>intelligen-</span> 
     </span>
     <span class='ocr_line' id='line_1_54' title="bbox 85 2603 1093 2649; baseline 0.002 -9"><span class='ocrx_word' id='word_1_439' title='bbox 85 2615 133 2641; x_wconf 86' lang='lat' dir='ltr'>tes</span> <span class='ocrx_word' id='word_1_440' title='bbox 154 2604 371 2649; x_wconf 75' lang='lat' dir='ltr'>dzfficultatem</span> <span class='ocrx_word' id='word_1_441' title='bbox 393 2603 473 2647; x_wconf 14' lang='lat' dir='ltr'>ejus,</span> <span class='ocrx_word' id='word_1_442' title='bbox 488 2606 697 2646; x_wconf 82' lang='lat' dir='ltr'>experimenti</span> <span class='ocrx_word' id='word_1_443' title='bbox 719 2630 728 2645; x_wconf 87' lang='lat'>,</span> <span class='ocrx_word' id='word_1_444' title='bbox 760 2607 848 2649; x_wconf 89' lang='lat' dir='ltr'>quod</span> <span class='ocrx_word' id='word_1_445' title='bbox 873 2618 940 2640; x_wconf 88' lang='lat' dir='ltr'>non</span> <span class='ocrx_word' id='word_1_446' title='bbox 963 2606 1053 2649; x_wconf 80' lang='lat' dir='ltr'>ajunt</span> <span class='ocrx_word' id='word_1_447' title='bbox 1078 2620 1093 2642; x_wconf 86' lang='lat' dir='ltr'>a</span> 
     </span>
     <span class='ocr_line' id='line_1_55' title="bbox 84 2646 1095 2694; baseline -0.001 -10"><span class='ocrx_word' id='word_1_448' title='bbox 84 2650 115 2685; x_wconf 86' lang='lat' dir='ltr'>se</span> <span class='ocrx_word' id='word_1_449' title='bbox 132 2646 302 2694; x_wconf 84' lang='lat' dir='ltr'>probatum</span> <span class='ocrx_word' id='word_1_450' title='bbox 318 2672 329 2689; x_wconf 89' lang='lat'>,</span> <span class='ocrx_word' id='word_1_451' title='bbox 351 2649 473 2680; x_wconf 86' lang='lat' dir='ltr'>caeteris</span> <span class='ocrx_word' id='word_1_452' title='bbox 495 2647 721 2683; x_wconf 84' lang='lat' dir='ltr'>instituendum</span> <span class='ocrx_word' id='word_1_453' title='bbox 736 2650 933 2692; x_wconf 77' lang='lat' dir='ltr'>proposuisse</span> <span class='ocrx_word' id='word_1_454' title='bbox 949 2674 962 2691; x_wconf 83' lang='lat'><em>‚</em></span> <span class='ocrx_word' id='word_1_455' title='bbox 986 2653 1019 2683; x_wconf 89' lang='lat' dir='ltr'>in</span> <span class='ocrx_word' id='word_1_456' title='bbox 1042 2663 1095 2684; x_wconf 87' lang='lat' dir='ltr'>ea-</span> 
     </span>
     <span class='ocr_line' id='line_1_56' title="bbox 84 2691 1094 2736; baseline 0.001 -9"><span class='ocrx_word' id='word_1_457' title='bbox 84 2705 145 2736; x_wconf 93' lang='lat' dir='ltr'>que</span> <span class='ocrx_word' id='word_1_458' title='bbox 168 2705 200 2727; x_wconf 91' lang='lat' dir='ltr'>re</span> <span class='ocrx_word' id='word_1_459' title='bbox 223 2691 334 2736; x_wconf 81' lang='lat' dir='ltr'>Vesalii</span> <span class='ocrx_word' id='word_1_460' title='bbox 356 2702 487 2725; x_wconf 85' lang='lat' dir='ltr'>errorem</span> <span class='ocrx_word' id='word_1_461' title='bbox 507 2713 519 2730; x_wconf 86' lang='lat'>,</span> <span class='ocrx_word' id='word_1_462' title='bbox 551 2695 593 2728; x_wconf 44' lang='grc' dir='ltr'>ζῇν</span> <span class='ocrx_word' id='word_1_463' title='bbox 615 2692 748 2726; x_wconf 76' lang='lat' dir='ltr'>aliorum</span> <span class='ocrx_word' id='word_1_464' title='bbox 772 2693 1033 2736; x_wconf 80' lang='lat' dir='ltr'>inexperientiam</span> <span class='ocrx_word' id='word_1_465' title='bbox 1055 2706 1094 2728; x_wconf 87' lang='lat' dir='ltr'>o-</span> 
     </span>
     <span class='ocr_line' id='line_1_57' title="bbox 85 2732 1093 2780; baseline 0.001 -9"><span class='ocrx_word' id='word_1_466' title='bbox 85 2735 286 2772; x_wconf 83' lang='lat' dir='ltr'>stendendam</span> <span class='ocrx_word' id='word_1_467' title='bbox 310 2745 373 2768; x_wconf 89' lang='lat' dir='ltr'>non</span> <span class='ocrx_word' id='word_1_468' title='bbox 398 2732 593 2777; x_wconf 72' lang='lat' dir='ltr'>suscepisset.</span> <span class='ocrx_word' id='word_1_469' title='bbox 618 2736 707 2768; x_wconf 89' lang='lat' dir='ltr'>Nam</span> <span class='ocrx_word' id='word_1_470' title='bbox 730 2734 752 2768; x_wconf 87' lang='lat' dir='ltr'>fi</span> <span class='ocrx_word' id='word_1_471' title='bbox 777 2737 946 2771; x_wconf 88' lang='lat' dir='ltr'>Vesalium</span> <span class='ocrx_word' id='word_1_472' title='bbox 971 2741 981 2776; x_wconf 91' lang='lat'>(</span> <span class='ocrx_word' id='word_1_473' title='bbox 1002 2749 1024 2780; x_wconf 82' lang='lat' dir='ltr'><em>g</em></span> <span class='ocrx_word' id='word_1_474' title='bbox 1045 2741 1059 2778; x_wconf 93' lang='lat'><em>)</em></span> <span class='ocrx_word' id='word_1_475' title='bbox 1083 2759 1093 2775; x_wconf 88' lang='lat'>‚</span> 
     </span>
     <span class='ocr_line' id='line_1_58' title="bbox 86 2776 1093 2823; baseline 0 -9"><span class='ocrx_word' id='word_1_476' title='bbox 86 2783 119 2814; x_wconf 83' lang='lat'>&amp;</span> <span class='ocrx_word' id='word_1_477' title='bbox 143 2780 250 2815; x_wconf 83' lang='lat' dir='ltr'>multo</span> <span class='ocrx_word' id='word_1_478' title='bbox 273 2780 372 2821; x_wconf 78' lang='lat' dir='ltr'>magis</span> <span class='ocrx_word' id='word_1_479' title='bbox 395 2776 417 2811; x_wconf 92' lang='lat' dir='ltr'>fi</span> <span class='ocrx_word' id='word_1_480' title='bbox 437 2778 602 2812; x_wconf 80' lang='lat' dir='ltr'>Calenum</span> <span class='ocrx_word' id='word_1_481' title='bbox 627 2788 746 2812; x_wconf 86' lang='lat' dir='ltr'>attente</span> <span class='ocrx_word' id='word_1_482' title='bbox 770 2780 874 2823; x_wconf 82' lang='lat' dir='ltr'>legas3</span> <span class='ocrx_word' id='word_1_483' title='bbox 900 2793 932 2813; x_wconf 88' lang='lat' dir='ltr'>ea</span> <span class='ocrx_word' id='word_1_484' title='bbox 948 2780 1093 2814; x_wconf 77' lang='lat' dir='ltr'>assevera-</span> 
     </span>
     <span class='ocr_line' id='line_1_59' title="bbox 88 2821 1093 2867; baseline -0.001 -10"><span class='ocrx_word' id='word_1_485' title='bbox 88 2826 178 2859; x_wconf 82' lang='lat' dir='ltr'>tione</span> <span class='ocrx_word' id='word_1_486' title='bbox 200 2832 371 2865; x_wconf 85' lang='lat' dir='ltr'>utrurnque</span> <span class='ocrx_word' id='word_1_487' title='bbox 393 2821 538 2856; x_wconf 84' lang='lat' dir='ltr'>locutum</span> <span class='ocrx_word' id='word_1_488' title='bbox 561 2822 618 2857; x_wconf 87' lang='lat' dir='ltr'>esse</span> <span class='ocrx_word' id='word_1_489' title='bbox 638 2844 648 2859; x_wconf 90' lang='lat'><em>‚</em></span> <span class='ocrx_word' id='word_1_490' title='bbox 682 2824 844 2867; x_wconf 81' lang='lat' dir='ltr'>intelliges</span> <span class='ocrx_word' id='word_1_491' title='bbox 868 2848 881 2865; x_wconf 85' lang='lat'>,</span> <span class='ocrx_word' id='word_1_492' title='bbox 913 2836 975 2867; x_wconf 88' lang='lat' dir='ltr'>qua</span> <span class='ocrx_word' id='word_1_493' title='bbox 998 2835 1093 2857; x_wconf 89' lang='lat' dir='ltr'>nemo</span> 
     </span>
     <span class='ocr_line' id='line_1_60' title="bbox 89 2864 1094 2910; baseline 0.001 -9"><span class='ocrx_word' id='word_1_494' title='bbox 89 2869 177 2902; x_wconf 78' lang='lat' dir='ltr'>sanus</span> <span class='ocrx_word' id='word_1_495' title='bbox 203 2865 280 2899; x_wconf 85' lang='lat' dir='ltr'>solet</span> <span class='ocrx_word' id='word_1_496' title='bbox 295 2890 307 2906; x_wconf 79' lang='grc'>,</span> <span class='ocrx_word' id='word_1_497' title='bbox 331 2864 387 2899; x_wconf 75' lang='lat' dir='ltr'>nisi</span> <span class='ocrx_word' id='word_1_498' title='bbox 409 2866 465 2910; x_wconf 83' lang='lat' dir='ltr'>qui</span> <span class='ocrx_word' id='word_1_499' title='bbox 488 2866 533 2900; x_wconf 88' lang='lat' dir='ltr'>rei</span> <span class='ocrx_word' id='word_1_500' title='bbox 555 2866 733 2909; x_wconf 87' lang='lat' dir='ltr'>periculum</span> <span class='ocrx_word' id='word_1_501' title='bbox 756 2867 892 2908; x_wconf 81' lang='lat' dir='ltr'>fecerit,</span> <span class='ocrx_word' id='word_1_502' title='bbox 915 2867 953 2901; x_wconf 82' lang='lat' dir='ltr'>ad</span> <span class='ocrx_word' id='word_1_503' title='bbox 964 2879 1094 2910; x_wconf 83' lang='lat' dir='ltr'>eamque</span> 
     </span>
     <span class='ocr_line' id='line_1_61' title="bbox 90 2907 1092 2953; baseline 0 -9"><span class='ocrx_word' id='word_1_504' title='bbox 90 2920 216 2953; x_wconf 87' lang='lat' dir='ltr'>paratus</span> <span class='ocrx_word' id='word_1_505' title='bbox 239 2909 276 2941; x_wconf 83' lang='lat' dir='ltr'>fit</span> <span class='ocrx_word' id='word_1_506' title='bbox 300 2907 447 2941; x_wconf 84' lang='lat' dir='ltr'>omnibus</span> <span class='ocrx_word' id='word_1_507' title='bbox 472 2910 528 2951; x_wconf 88' lang='lat' dir='ltr'>qui</span> <span class='ocrx_word' id='word_1_508' title='bbox 551 2910 711 2944; x_wconf 87' lang='lat' dir='ltr'>voluerint</span> <span class='ocrx_word' id='word_1_509' title='bbox 731 2933 742 2949; x_wconf 86' lang='lat'>,</span> <span class='ocrx_word' id='word_1_510' title='bbox 765 2910 1092 2945; x_wconf 82' lang='lat' dir='ltr'>commonstrandam.</span> 
     </span>
     <span class='ocr_line' id='line_1_62' title="bbox 89 2952 1092 2996; baseline 0.002 -11"><span class='ocrx_word' id='word_1_511' title='bbox 89 2956 205 2996; x_wconf 82' lang='lat' dir='ltr'>Neque</span> <span class='ocrx_word' id='word_1_512' title='bbox 231 2953 368 2986; x_wconf 87' lang='lat' dir='ltr'>aliorum</span> <span class='ocrx_word' id='word_1_513' title='bbox 389 2952 560 2994; x_wconf 83' lang='lat' dir='ltr'>oportebat</span> <span class='ocrx_word' id='word_1_514' title='bbox 585 2954 899 2996; x_wconf 78' lang='lat' dir='ltr'>znexperiemiamita</span> <span class='ocrx_word' id='word_1_515' title='bbox 926 2954 1092 2996; x_wconf 83' lang='lat' dir='ltr'>accusare,</span> 
     </span>
     <span class='ocr_line' id='line_1_63' title="bbox 90 2995 1094 3041; baseline 0.002 -11"><span class='ocrx_word' id='word_1_516' title='bbox 90 2996 176 3041; x_wconf 86' lang='lat' dir='ltr'>quasi</span> <span class='ocrx_word' id='word_1_517' title='bbox 210 2995 371 3038; x_wconf 85' lang='lat' dir='ltr'>proposita</span> <span class='ocrx_word' id='word_1_518' title='bbox 404 2995 639 3030; x_wconf 85' lang='lat' dir='ltr'>administratio</span> <span class='ocrx_word' id='word_1_519' title='bbox 662 2996 736 3031; x_wconf 86' lang='lat' dir='ltr'>esset</span> <span class='ocrx_word' id='word_1_520' title='bbox 769 2999 1008 3040; x_wconf 81' lang='lat' dir='ltr'>propemodum</span> <span class='ocrx_word' id='word_1_521' title='bbox 1031 3000 1094 3032; x_wconf 86' lang='lat' dir='ltr'>im-</span> 
     </span>
     <span class='ocr_line' id='line_1_64' title="bbox 91 3039 1096 3084; baseline -0.003 -10"><span class='ocrx_word' id='word_1_522' title='bbox 91 3040 267 3084; x_wconf 83' lang='lat' dir='ltr'>poffibilis,</span> <span class='ocrx_word' id='word_1_523' title='bbox 291 3042 323 3072; x_wconf 89' lang='lat'>&amp;</span> <span class='ocrx_word' id='word_1_524' title='bbox 347 3048 494 3080; x_wconf 84' lang='lat' dir='ltr'>praeterea</span> <span class='ocrx_word' id='word_1_525' title='bbox 517 3039 539 3074; x_wconf 84' lang='lat' dir='ltr'>si</span> <span class='ocrx_word' id='word_1_526' title='bbox 563 3041 730 3075; x_wconf 89' lang='lat' dir='ltr'>vinculum</span> <span class='ocrx_word' id='word_1_527' title='bbox 753 3041 956 3084; x_wconf 75' lang='lat' dir='ltr'>adstringeres</span> <span class='ocrx_word' id='word_1_528' title='bbox 980 3055 989 3081; x_wconf 79' lang='lat'>3</span> <span class='ocrx_word' id='word_1_529' title='bbox 1015 3052 1096 3082; x_wconf 84' lang='lat' dir='ltr'>arte-</span> 
     </span>
     <span class='ocr_line' id='line_1_65' title="bbox 91 3081 1097 3129; baseline 0.001 -11"><span class='ocrx_word' id='word_1_530' title='bbox 91 3086 139 3118; x_wconf 86' lang='lat' dir='ltr'>ria</span> <span class='ocrx_word' id='word_1_531' title='bbox 163 3083 304 3126; x_wconf 83' lang='lat' dir='ltr'>superius</span> <span class='ocrx_word' id='word_1_532' title='bbox 328 3081 535 3122; x_wconf 79' lang='lat' dir='ltr'>dilataretur,</span> <span class='ocrx_word' id='word_1_533' title='bbox 558 3083 767 3127; x_wconf 89' lang='lat' dir='ltr'>inhibitoque</span> <span class='ocrx_word' id='word_1_534' title='bbox 790 3095 958 3129; x_wconf 87' lang='lat' dir='ltr'>propterea</span> <span class='ocrx_word' id='word_1_535' title='bbox 971 3086 1097 3129; x_wconf 77' lang='lat' dir='ltr'>sangui-</span> 
     </span>
     <span class='ocr_line' id='line_1_66' title="bbox 91 3125 1099 3169; baseline 0.004 -8"><span class='ocrx_word' id='word_1_536' title='bbox 91 3130 140 3162; x_wconf 86' lang='lat' dir='ltr'>nis</span> <span class='ocrx_word' id='word_1_537' title='bbox 162 3127 276 3166; x_wconf 81' lang='lat' dir='ltr'>fluxu,</span> <span class='ocrx_word' id='word_1_538' title='bbox 298 3125 432 3159; x_wconf 84' lang='lat' dir='ltr'>inferius</span> <span class='ocrx_word' id='word_1_539' title='bbox 456 3126 589 3168; x_wconf 87' lang='lat' dir='ltr'>pulsaret</span> <span class='ocrx_word' id='word_1_540' title='bbox 612 3128 742 3161; x_wconf 87' lang='lat' dir='ltr'>obscure</span> <span class='ocrx_word' id='word_1_541' title='bbox 764 3129 957 3169; x_wconf 81' lang='lat' dir='ltr'>admodum.-</span> <span class='ocrx_word' id='word_1_542' title='bbox 980 3129 1024 3162; x_wconf 90' lang='lat' dir='ltr'>sin</span> <span class='ocrx_word' id='word_1_543' title='bbox 1043 3142 1099 3165; x_wconf 87' lang='lat' dir='ltr'>au-</span> 
     </span>
     <span class='ocr_line' id='line_1_67' title="bbox 95 3169 1099 3216; baseline 0.003 -12"><span class='ocrx_word' id='word_1_544' title='bbox 95 3181 162 3204; x_wconf 87' lang='lat' dir='ltr'>tem</span> <span class='ocrx_word' id='word_1_545' title='bbox 185 3169 349 3204; x_wconf 87' lang='lat' dir='ltr'>vinculum</span> <span class='ocrx_word' id='word_1_546' title='bbox 373 3169 528 3209; x_wconf 78' lang='lat' dir='ltr'>solveres3</span> <span class='ocrx_word' id='word_1_547' title='bbox 553 3170 712 3214; x_wconf 79' lang='lat' dir='ltr'>sanguinis</span> <span class='ocrx_word' id='word_1_548' title='bbox 735 3183 750 3205; x_wconf 91' lang='lat' dir='ltr'>e</span> <span class='ocrx_word' id='word_1_549' title='bbox 772 3173 899 3207; x_wconf 89' lang='lat' dir='ltr'>vulnere</span> <span class='ocrx_word' id='word_1_550' title='bbox 935 3171 1099 3216; x_wconf 88' lang='lat' dir='ltr'>prosilien-</span> 
     </span>
     <span class='ocr_line' id='line_1_68' title="bbox 93 3212 1099 3261; baseline 0.003 -13"><span class='ocrx_word' id='word_1_551' title='bbox 93 3216 136 3249; x_wconf 90' lang='lat' dir='ltr'>tis</span> <span class='ocrx_word' id='word_1_552' title='bbox 159 3212 307 3247; x_wconf 85' lang='lat' dir='ltr'>effusione</span> <span class='ocrx_word' id='word_1_553' title='bbox 330 3214 439 3248; x_wconf 81' lang='lat' dir='ltr'>omnia</span> <span class='ocrx_word' id='word_1_554' title='bbox 464 3215 740 3261; x_wconf 62' lang='lat' dir='ltr'>perturbarentur.</span> <span class='ocrx_word' id='word_1_555' title='bbox 767 3217 942 3260; x_wconf 82' lang='lat' dir='ltr'>Namque,-</span> <span class='ocrx_word' id='word_1_556' title='bbox 966 3225 1002 3250; x_wconf 91' lang='lat' dir='ltr'>ut</span> <span class='ocrx_word' id='word_1_557' title='bbox 1022 3229 1099 3261; x_wconf 84' lang='lat' dir='ltr'>prae-</span> 
     </span>
     <span class='ocr_line' id='line_1_69' title="bbox 93 3256 1099 3300; baseline 0.003 -9"><span class='ocrx_word' id='word_1_558' title='bbox 93 3269 214 3292; x_wconf 81' lang='lat' dir='ltr'>teream</span> <span class='ocrx_word' id='word_1_559' title='bbox 237 3282 245 3296; x_wconf 90' lang='lat'>‚</span> <span class='ocrx_word' id='word_1_560' title='bbox 279 3266 447 3298; x_wconf 80' lang='lat' dir='ltr'>antequam</span> <span class='ocrx_word' id='word_1_561' title='bbox 469 3256 627 3300; x_wconf 72' lang='lat' dir='ltr'>Harvejus</span> <span class='ocrx_word' id='word_1_562' title='bbox 651 3258 800 3293; x_wconf 85' lang='lat' dir='ltr'>scriberet</span> <span class='ocrx_word' id='word_1_563' title='bbox 822 3284 830 3298; x_wconf 92' lang='lat'>‚</span> <span class='ocrx_word' id='word_1_564' title='bbox 862 3261 1010 3295; x_wconf 83' lang='lat' dir='ltr'>testatum</span> <span class='ocrx_word' id='word_1_565' title='bbox 1042 3260 1099 3294; x_wconf 85' lang='lat' dir='ltr'>esse</span> 
     </span>
     <span class='ocr_line' id='line_1_70' title="bbox 96 3298 1100 3347; baseline 0.003 -13"><span class='ocrx_word' id='word_1_566' title='bbox 96 3302 301 3336; x_wconf 65' lang='lat' dir='ltr'>Sanetorium</span> <span class='ocrx_word' id='word_1_567' title='bbox 324 3303 338 3339; x_wconf 92' lang='lat'>(</span> <span class='ocrx_word' id='word_1_568' title='bbox 360 3299 380 3332; x_wconf 84' lang='lat' dir='ltr'><em>h</em></span> <span class='ocrx_word' id='word_1_569' title='bbox 402 3302 438 3339; x_wconf 84' lang='lat'>),</span> <span class='ocrx_word' id='word_1_570' title='bbox 461 3298 489 3332; x_wconf 82' lang='lat' dir='ltr'>se</span> <span class='ocrx_word' id='word_1_571' title='bbox 512 3311 636 3344; x_wconf 87' lang='lat' dir='ltr'>quoque</span> <span class='ocrx_word' id='word_1_572' title='bbox 660 3301 723 3336; x_wconf 87' lang='lat' dir='ltr'>hoc</span> <span class='ocrx_word' id='word_1_573' title='bbox 747 3304 864 3337; x_wconf 86' lang='lat' dir='ltr'>Galeni</span> <span class='ocrx_word' id='word_1_574' title='bbox 899 3306 1100 3347; x_wconf 82' lang='lat' dir='ltr'>experimen-</span> 
     </span>
     <span class='ocr_line' id='line_1_71' title="bbox 96 3342 1100 3390; baseline 0.001 -11"><span class='ocrx_word' id='word_1_575' title='bbox 96 3355 167 3379; x_wconf 87' lang='lat' dir='ltr'>tum</span> <span class='ocrx_word' id='word_1_576' title='bbox 189 3346 222 3378; x_wconf 91' lang='lat' dir='ltr'>in</span> <span class='ocrx_word' id='word_1_577' title='bbox 245 3343 349 3378; x_wconf 85' lang='lat' dir='ltr'>brutis</span> <span class='ocrx_word' id='word_1_578' title='bbox 367 3342 566 3388; x_wconf 71' lang='lat' dir='ltr'>probam&#39;ſje;</span> <span class='ocrx_word' id='word_1_579' title='bbox 587 3356 672 3379; x_wconf 88' lang='lat' dir='ltr'>certe</span> <span class='ocrx_word' id='word_1_580' title='bbox 697 3347 898 3382; x_wconf 82' lang='lat' dir='ltr'>Vieussenius</span> <span class='ocrx_word' id='word_1_581' title='bbox 923 3353 934 3388; x_wconf 90' lang='lat'>(</span> <span class='ocrx_word' id='word_1_582' title='bbox 958 3349 970 3382; x_wconf 80' lang='lat' dir='ltr'>i</span> <span class='ocrx_word' id='word_1_583' title='bbox 991 3352 1004 3388; x_wconf 85' lang='lat'>&gt;</span> <span class='ocrx_word' id='word_1_584' title='bbox 1043 3360 1100 3390; x_wconf 86' lang='lat' dir='ltr'>po-</span> 
     </span>
     <span class='ocr_line' id='line_1_72' title="bbox 96 3387 1102 3432; baseline 0.001 -10"><span class='ocrx_word' id='word_1_585' title='bbox 96 3390 157 3422; x_wconf 83' lang='lat' dir='ltr'>stea</span> <span class='ocrx_word' id='word_1_586' title='bbox 181 3387 354 3421; x_wconf 82' lang='lat' dir='ltr'>feliciffime</span> <span class='ocrx_word' id='word_1_587' title='bbox 378 3388 524 3432; x_wconf 72' lang='lat' dir='ltr'>peregit,</span> <span class='ocrx_word' id='word_1_588' title='bbox 546 3398 644 3431; x_wconf 87' lang='lat' dir='ltr'>neque</span> <span class='ocrx_word' id='word_1_589' title='bbox 665 3400 738 3423; x_wconf 88' lang='lat' dir='ltr'>cum</span> <span class='ocrx_word' id='word_1_590' title='bbox 760 3392 887 3425; x_wconf 92' lang='lat' dir='ltr'>vincula</span> <span class='ocrx_word' id='word_1_591' title='bbox 920 3389 1102 3425; x_wconf 85' lang='lat' dir='ltr'>adstrinxis-</span> 
     </span>
     <span class='ocr_line' id='line_1_73' title="bbox 95 3429 1101 3479; baseline -0.004 -14"><span class='ocrx_word' id='word_1_592' title='bbox 95 3432 162 3471; x_wconf 64' lang='lat' dir='ltr'>&gt;set,</span> <span class='ocrx_word' id='word_1_593' title='bbox 187 3430 325 3465; x_wconf 88' lang='lat' dir='ltr'>inhiberi</span> <span class='ocrx_word' id='word_1_594' title='bbox 349 3429 432 3463; x_wconf 90' lang='lat' dir='ltr'>vidit</span> <span class='ocrx_word' id='word_1_595' title='bbox 456 3431 616 3472; x_wconf 82' lang='lat' dir='ltr'>sanguinis</span> <span class='ocrx_word' id='word_1_596' title='bbox 639 3433 762 3467; x_wconf 87' lang='lat' dir='ltr'>fluxum</span> <span class='ocrx_word' id='word_1_597' title='bbox 784 3458 796 3474; x_wconf 89' lang='lat'><em>‚</em></span> <span class='ocrx_word' id='word_1_598' title='bbox 820 3437 888 3469; x_wconf 90' lang='lat' dir='ltr'>imo</span> <span class='ocrx_word' id='word_1_599' title='bbox 910 3447 997 3479; x_wconf 81' lang='lat' dir='ltr'>aeque</span> <span class='ocrx_word' id='word_1_600' title='bbox 1021 3435 1101 3468; x_wconf 71' lang='lat' dir='ltr'>vali-</span> 
     </span>
     <span class='ocr_line' id='line_1_74' title="bbox 98 3472 1102 3520; baseline 0.004 -12"><span class='ocrx_word' id='word_1_601' title='bbox 98 3476 136 3508; x_wconf 87' lang='lat' dir='ltr'>de</span> <span class='ocrx_word' id='word_1_602' title='bbox 159 3475 223 3509; x_wconf 83' lang='lat' dir='ltr'>fere</span> <span class='ocrx_word' id='word_1_603' title='bbox 246 3473 353 3514; x_wconf 85' lang='lat' dir='ltr'>infra,</span> <span class='ocrx_word' id='word_1_604' title='bbox 378 3485 412 3507; x_wconf 89' lang='lat' dir='ltr'>ac</span> <span class='ocrx_word' id='word_1_605' title='bbox 437 3472 527 3515; x_wconf 84' lang='lat' dir='ltr'>supra</span> <span class='ocrx_word' id='word_1_606' title='bbox 551 3475 697 3509; x_wconf 88' lang='lat' dir='ltr'>tubulum</span> <span class='ocrx_word' id='word_1_607' title='bbox 717 3503 725 3515; x_wconf 89' lang='lat'><strong><em>‚</em></strong></span> <span class='ocrx_word' id='word_1_608' title='bbox 764 3480 909 3512; x_wconf 84' lang='lat' dir='ltr'>arteriam</span> <span class='ocrx_word' id='word_1_609' title='bbox 945 3479 1066 3520; x_wconf 85' lang='lat' dir='ltr'>pulsare</span> <span class='ocrx_word' id='word_1_610' title='bbox 1090 3502 1102 3519; x_wconf 87' lang='lat'>,</span> 
     </span>
     <span class='ocr_line' id='line_1_75' title="bbox 100 3518 1102 3564; baseline 0.004 -12"><span class='ocrx_word' id='word_1_611' title='bbox 100 3529 152 3556; x_wconf 79' lang='lat' dir='ltr'>aut</span> <span class='ocrx_word' id='word_1_612' title='bbox 176 3530 249 3553; x_wconf 88' lang='lat' dir='ltr'>cum</span> <span class='ocrx_word' id='word_1_613' title='bbox 272 3529 349 3553; x_wconf 80' lang='lat' dir='ltr'>mox</span> <span class='ocrx_word' id='word_1_614' title='bbox 371 3518 458 3551; x_wconf 80' lang='lat' dir='ltr'>nulla</span> <span class='ocrx_word' id='word_1_615' title='bbox 482 3519 610 3552; x_wconf 83' lang='lat' dir='ltr'>vincula</span> <span class='ocrx_word' id='word_1_616' title='bbox 633 3519 1018 3564; x_wconf 42' lang='lat' dir='ltr'>adhibuiffetbeffusione</span> <span class='ocrx_word' id='word_1_617' title='bbox 1031 3522 1102 3556; x_wconf 82' lang='lat' dir='ltr'>san-</span> 
     </span>
    </p>
   </div>
   <div class='ocr_carea' id='block_1_3' title="bbox 251 3763 276 3811">
    <p class='ocr_par' dir='ltr' id='par_1_3' title="bbox 251 3763 276 3811">
     <span class='ocr_line' id='line_1_76' title="bbox 251 3763 276 3811; textangle 90"><span class='ocrx_word' id='word_1_618' title='bbox 251 3763 276 3811; x_wconf 70' lang='lat' dir='ltr'>U?</span> 
     </span>
    </p>
   </div>
   <div class='ocr_carea' id='block_1_4' title="bbox 273 3787 613 3849">
    <p class='ocr_par' dir='ltr' id='par_1_4' title="bbox 273 3787 613 3849">
     <span class='ocr_line' id='line_1_77' title="bbox 273 3787 613 3818; baseline 0.009 -7"><span class='ocrx_word' id='word_1_619' title='bbox 273 3794 286 3811; x_wconf 82' lang='lat' dir='ltr'>e</span> <span class='ocrx_word' id='word_1_620' title='bbox 303 3787 368 3814; x_wconf 72' lang='lat' dir='ltr'>Cim.</span> <span class='ocrx_word' id='word_1_621' title='bbox 385 3788 465 3818; x_wconf 79' lang='lat' dir='ltr'>sangu.</span> <span class='ocrx_word' id='word_1_622' title='bbox 483 3790 569 3813; x_wconf 80' lang='lat' dir='ltr'>Exere.</span> <span class='ocrx_word' id='word_1_623' title='bbox 591 3798 613 3818; x_wconf 83' lang='lat'>3.</span> 
     </span>
     <span class='ocr_line' id='line_1_78' title="bbox 294 3818 609 3849; baseline 0.006 -8"><span class='ocrx_word' id='word_1_624' title='bbox 294 3826 315 3845; x_wconf 79' lang='lat'>9·</span> <span class='ocrx_word' id='word_1_625' title='bbox 332 3818 374 3843; x_wconf 84' lang='lat' dir='ltr'>cit.</span> <span class='ocrx_word' id='word_1_626' title='bbox 389 3818 472 3847; x_wconf 85' lang='lat' dir='ltr'>supra,</span> <span class='ocrx_word' id='word_1_627' title='bbox 489 3819 518 3843; x_wconf 82' lang='lat' dir='ltr'>ad</span> <span class='ocrx_word' id='word_1_628' title='bbox 535 3828 560 3843; x_wconf 90' lang='lat' dir='ltr'>n.</span> <span class='ocrx_word' id='word_1_629' title='bbox 580 3828 609 3849; x_wconf 82' lang='lat'>²9</span> 
     </span>
    </p>
   </div>
   <div class='ocr_carea' id='block_1_5' title="bbox 270 3849 882 3912">
    <p class='ocr_par' dir='ltr' id='par_1_5' title="bbox 270 3849 882 3912">
     <span class='ocr_line' id='line_1_79' title="bbox 270 3849 882 3883; baseline 0.015 -12"><span class='ocrx_word' id='word_1_630' title='bbox 270 3849 396 3883; x_wconf 50' lang='lat' dir='ltr'>euroni-31.</span> <span class='ocrx_word' id='word_1_631' title='bbox 419 3858 439 3873; x_wconf 85' lang='lat'>1.</span> <span class='ocrx_word' id='word_1_632' title='bbox 458 3858 479 3873; x_wconf 87' lang='lat' dir='ltr'>c.</span> <span class='ocrx_word' id='word_1_633' title='bbox 498 3858 521 3878; x_wconf 86' lang='lat'>4.</span> <span class='ocrx_word' id='word_1_634' title='bbox 584 3854 592 3880; x_wconf 69' lang='lat' dir='ltr'>s</span> <span class='ocrx_word' id='word_1_635' title='bbox 612 3851 628 3876; x_wconf 75' lang='lat' dir='ltr'><em>k</em></span> <span class='ocrx_word' id='word_1_636' title='bbox 646 3852 659 3880; x_wconf 82' lang='lat'>)</span> <span class='ocrx_word' id='word_1_637' title='bbox 679 3853 736 3878; x_wconf 83' lang='lat' dir='ltr'>{ocis</span> <span class='ocrx_word' id='word_1_638' title='bbox 752 3855 825 3880; x_wconf 88' lang='lat' dir='ltr'>modo</span> <span class='ocrx_word' id='word_1_639' title='bbox 840 3856 882 3880; x_wconf 83' lang='lat' dir='ltr'>cit.</span> 
     </span>
     <span class='ocr_line' id='line_1_80' title="bbox 288 3879 645 3912; baseline 0.011 -10"><span class='ocrx_word' id='word_1_640' title='bbox 288 3887 312 3902; x_wconf 82' lang='lat' dir='ltr'>in</span> <span class='ocrx_word' id='word_1_641' title='bbox 328 3879 402 3909; x_wconf 65' lang='lat' dir='ltr'>Epist.</span> <span class='ocrx_word' id='word_1_642' title='bbox 420 3881 439 3904; x_wconf 89' lang='lat'>1.</span> <span class='ocrx_word' id='word_1_643' title='bbox 457 3881 486 3904; x_wconf 80' lang='lat' dir='ltr'>de</span> <span class='ocrx_word' id='word_1_644' title='bbox 503 3884 564 3904; x_wconf 86' lang='lat' dir='ltr'>mot.</span> <span class='ocrx_word' id='word_1_645' title='bbox 581 3882 645 3912; x_wconf 80' lang='lat' dir='ltr'>chyl.</span> 
     </span>
    </p>
   </div>
   <div class='ocr_carea' id='block_1_6' title="bbox 244 3824 275 3902">
    <p class='ocr_par' dir='ltr' id='par_1_6' title="bbox 244 3824 275 3902">
     <span class='ocr_line' id='line_1_81' title="bbox 244 3824 275 3902; textangle 90"><span class='ocrx_word' id='word_1_646' title='bbox 244 3824 275 3902; x_wconf 68' lang='lat'>2-29</span> 
     </span>
    </p>
   </div>
   <div class='ocr_carea' id='block_1_7' title="bbox 292 3757 1692 3891">
    <p class='ocr_par' dir='ltr' id='par_1_7' title="bbox 292 3757 1692 3891">
     <span class='ocr_line' id='line_1_82' title="bbox 292 3757 1202 3796; baseline 0.007 -10"><span class='ocrx_word' id='word_1_647' title='bbox 292 3763 328 3781; x_wconf 78' lang='lat'>²1·</span> <span class='ocrx_word' id='word_1_648' title='bbox 390 3758 404 3787; x_wconf 80' lang='lat'>&lt;</span> <span class='ocrx_word' id='word_1_649' title='bbox 420 3766 434 3782; x_wconf 74' lang='lat' dir='ltr'>a</span> <span class='ocrx_word' id='word_1_650' title='bbox 449 3757 460 3787; x_wconf 75' lang='lat' dir='ltr'>J</span> <span class='ocrx_word' id='word_1_651' title='bbox 477 3757 539 3786; x_wconf 74' lang='lat' dir='ltr'>Eph.</span> <span class='ocrx_word' id='word_1_652' title='bbox 556 3760 590 3783; x_wconf 90' lang='lat' dir='ltr'>N.</span> <span class='ocrx_word' id='word_1_653' title='bbox 609 3761 638 3784; x_wconf 88' lang='lat' dir='ltr'>C.</span> <span class='ocrx_word' id='word_1_654' title='bbox 655 3762 712 3785; x_wconf 83' lang='lat' dir='ltr'>Dec.</span> <span class='ocrx_word' id='word_1_655' title='bbox 728 3769 751 3785; x_wconf 78' lang='lat' dir='ltr'>a..</span> <span class='ocrx_word' id='word_1_656' title='bbox 767 3764 798 3787; x_wconf 85' lang='lat' dir='ltr'>A.</span> <span class='ocrx_word' id='word_1_657' title='bbox 814 3772 836 3793; x_wconf 82' lang='lat'>3.</span> <span class='ocrx_word' id='word_1_658' title='bbox 853 3764 915 3790; x_wconf 70' lang='grc' dir='ltr'>ΟΜ.</span> <span class='ocrx_word' id='word_1_659' title='bbox 931 3770 985 3796; x_wconf 81' lang='lat'>115.</span> <span class='ocrx_word' id='word_1_660' title='bbox 1002 3766 1027 3790; x_wconf 89' lang='lat' dir='ltr'>in</span> <span class='ocrx_word' id='word_1_661' title='bbox 1043 3767 1124 3792; x_wconf 86' lang='lat' dir='ltr'>Schol.</span> <span class='ocrx_word' id='word_1_662' title='bbox 1141 3767 1202 3792; x_wconf 82' lang='lat' dir='ltr'>fine.</span> 
     </span>
     <span class='ocr_line' id='line_1_83' title="bbox 676 3792 1309 3828; baseline 0.013 -13"><span class='ocrx_word' id='word_1_663' title='bbox 676 3792 690 3820; x_wconf 74' lang='grc' dir='ltr'>ζ</span> <span class='ocrx_word' id='word_1_664' title='bbox 706 3799 717 3815; x_wconf 77' lang='grc' dir='ltr'><strong><em>ε</em></strong></span> <span class='ocrx_word' id='word_1_665' title='bbox 731 3792 746 3820; x_wconf 89' lang='grc'>)</span> <span class='ocrx_word' id='word_1_666' title='bbox 762 3795 841 3823; x_wconf 81' lang='lat' dir='ltr'>quaest.</span> <span class='ocrx_word' id='word_1_667' title='bbox 861 3803 897 3825; x_wconf 79' lang='grc' dir='ltr'>ις.</span> <span class='ocrx_word' id='word_1_668' title='bbox 915 3796 958 3820; x_wconf 85' lang='lat' dir='ltr'>cit.</span> <span class='ocrx_word' id='word_1_669' title='bbox 978 3797 1059 3827; x_wconf 81' lang='lat' dir='ltr'>supra,</span> <span class='ocrx_word' id='word_1_670' title='bbox 1077 3798 1106 3822; x_wconf 85' lang='lat' dir='ltr'>ad</span> <span class='ocrx_word' id='word_1_671' title='bbox 1124 3805 1151 3824; x_wconf 90' lang='lat' dir='ltr'>n.</span> <span class='ocrx_word' id='word_1_672' title='bbox 1167 3805 1208 3822; x_wconf 87' lang='lat'>21.</span> <span class='ocrx_word' id='word_1_673' title='bbox 1265 3798 1309 3828; x_wconf 79' lang='lat' dir='ltr'>(f</span> 
     </span>
     <span class='ocr_line' id='line_1_84' title="bbox 681 3822 1692 3860; baseline 0.008 -12"><span class='ocrx_word' id='word_1_674' title='bbox 681 3822 696 3851; x_wconf 78' lang='grc' dir='ltr'>ζ</span> <span class='ocrx_word' id='word_1_675' title='bbox 712 3823 725 3845; x_wconf 86' lang='lat' dir='ltr'>h</span> <span class='ocrx_word' id='word_1_676' title='bbox 742 3823 754 3851; x_wconf 86' lang='lat'>)</span> <span class='ocrx_word' id='word_1_677' title='bbox 771 3826 915 3851; x_wconf 80' lang='lat' dir='ltr'>comment.</span> <span class='ocrx_word' id='word_1_678' title='bbox 931 3827 956 3851; x_wconf 84' lang='lat' dir='ltr'>in</span> <span class='ocrx_word' id='word_1_679' title='bbox 975 3829 995 3851; x_wconf 88' lang='lat'>1.</span> <span class='ocrx_word' id='word_1_680' title='bbox 1014 3830 1061 3852; x_wconf 78' lang='lat' dir='ltr'>Fen</span> <span class='ocrx_word' id='word_1_681' title='bbox 1080 3829 1098 3852; x_wconf 87' lang='lat'>1.</span> <span class='ocrx_word' id='word_1_682' title='bbox 1117 3830 1179 3853; x_wconf 81' lang='lat' dir='ltr'>Can.</span> <span class='ocrx_word' id='word_1_683' title='bbox 1197 3828 1264 3852; x_wconf 79' lang='lat' dir='ltr'>Avic.</span> <span class='ocrx_word' id='word_1_684' title='bbox 1284 3831 1364 3854; x_wconf 76' lang='lat' dir='ltr'>Dostr.</span> <span class='ocrx_word' id='word_1_685' title='bbox 1388 3837 1408 3854; x_wconf 88' lang='grc'>1.</span> <span class='ocrx_word' id='word_1_686' title='bbox 1426 3838 1447 3854; x_wconf 80' lang='lat' dir='ltr'>c.</span> <span class='ocrx_word' id='word_1_687' title='bbox 1464 3838 1486 3855; x_wconf 81' lang='lat'>2.</span> <span class='ocrx_word' id='word_1_688' title='bbox 1503 3831 1527 3855; x_wconf 77' lang='lat'>8:</span> <span class='ocrx_word' id='word_1_689' title='bbox 1542 3832 1622 3860; x_wconf 78' lang='lat' dir='ltr'>quaest.</span> <span class='ocrx_word' id='word_1_690' title='bbox 1642 3839 1692 3856; x_wconf 82' lang='lat'><em>121.</em></span> 
     </span>
     <span class='ocr_line' id='line_1_85' title="bbox 945 3858 1452 3891; baseline 0.004 -9"><span class='ocrx_word' id='word_1_691' title='bbox 945 3858 960 3887; x_wconf 68' lang='grc' dir='ltr'>Ε</span> <span class='ocrx_word' id='word_1_692' title='bbox 974 3859 984 3882; x_wconf 82' lang='grc' dir='ltr'><em>Ι</em></span> <span class='ocrx_word' id='word_1_693' title='bbox 999 3858 1012 3886; x_wconf 88' lang='grc'>)</span> <span class='ocrx_word' id='word_1_694' title='bbox 1028 3859 1122 3884; x_wconf 72' lang='lat' dir='ltr'>Differ-t.</span> <span class='ocrx_word' id='word_1_695' title='bbox 1140 3859 1167 3884; x_wconf 80' lang='lat' dir='ltr'>de</span> <span class='ocrx_word' id='word_1_696' title='bbox 1185 3859 1278 3885; x_wconf 82' lang='lat' dir='ltr'>Circul.</span> <span class='ocrx_word' id='word_1_697' title='bbox 1294 3860 1373 3891; x_wconf 73' lang='lat' dir='ltr'>sangu.</span> <span class='ocrx_word' id='word_1_698' title='bbox 1391 3869 1412 3886; x_wconf 84' lang='lat' dir='ltr'>c.</span> <span class='ocrx_word' id='word_1_699' title='bbox 1431 3869 1452 3886; x_wconf 87' lang='lat'>1.</span> 
     </span>
    </p>
   </div>
   <div class='ocr_carea' id='block_1_8' title="bbox 1982 278 2068 326">
    <p class='ocr_par' dir='ltr' id='par_1_8' title="bbox 1982 278 2068 326">
     <span class='ocr_line' id='line_1_86' title="bbox 1982 278 2068 326; baseline -0.012 -1"><span class='ocrx_word' id='word_1_700' title='bbox 1982 278 2068 326; x_wconf 72' lang='lat'>181</span> 
     </span>
    </p>
   </div>
   <div class='ocr_carea' id='block_1_9' title="bbox 1139 352 2162 1437">
    <p class='ocr_par' dir='ltr' id='par_1_9' title="bbox 1139 352 2162 1437">
     <span class='ocr_line' id='line_1_87' title="bbox 1144 352 2144 399; baseline -0.002 -12"><span class='ocrx_word' id='word_1_701' title='bbox 1144 355 1250 396; x_wconf 72' lang='lat' dir='ltr'>guinis</span> <span class='ocrx_word' id='word_1_702' title='bbox 1276 354 1496 395; x_wconf 82' lang='lat' dir='ltr'>perturbatum</span> <span class='ocrx_word' id='word_1_703' title='bbox 1519 353 1561 387; x_wconf 88' lang='lat' dir='ltr'>est</span> <span class='ocrx_word' id='word_1_704' title='bbox 1586 353 1719 386; x_wconf 83' lang='lat' dir='ltr'>alterurn</span> <span class='ocrx_word' id='word_1_705' title='bbox 1742 354 1994 395; x_wconf 79' lang='lat' dir='ltr'>experimentum</span> <span class='ocrx_word' id='word_1_706' title='bbox 2015 374 2024 388; x_wconf 81' lang='lat'>‚</span> <span class='ocrx_word' id='word_1_707' title='bbox 2056 352 2144 399; x_wconf 69' lang='lat' dir='ltr'>quod</span> 
     </span>
     <span class='ocr_line' id='line_1_88' title="bbox 1146 395 2147 440; baseline -0.003 -10"><span class='ocrx_word' id='word_1_708' title='bbox 1146 398 1330 430; x_wconf 64' lang='lat' dir='ltr'>§ametor-ius</span> <span class='ocrx_word' id='word_1_709' title='bbox 1352 400 1364 435; x_wconf 84' lang='lat'>(</span> <span class='ocrx_word' id='word_1_710' title='bbox 1387 397 1403 437; x_wconf 65' lang='lat' dir='ltr'>l&lt;</span> <span class='ocrx_word' id='word_1_711' title='bbox 1427 401 1440 436; x_wconf 90' lang='lat'><em>)</em></span> <span class='ocrx_word' id='word_1_712' title='bbox 1463 399 1508 430; x_wconf 85' lang='lat' dir='ltr'>ait</span> <span class='ocrx_word' id='word_1_713' title='bbox 1532 410 1547 430; x_wconf 81' lang='lat' dir='ltr'>a</span> <span class='ocrx_word' id='word_1_714' title='bbox 1571 397 1698 429; x_wconf 78' lang='lat' dir='ltr'>Caleno</span> <span class='ocrx_word' id='word_1_715' title='bbox 1731 409 1854 440; x_wconf 58' lang='lat' dir='ltr'>quo-que</span> <span class='ocrx_word' id='word_1_716' title='bbox 1878 396 1968 431; x_wconf 85' lang='lat' dir='ltr'>fuisse</span> <span class='ocrx_word' id='word_1_717' title='bbox 2003 395 2147 437; x_wconf 78' lang='lat' dir='ltr'>proposi-</span> 
     </span>
     <span class='ocr_line' id='line_1_89' title="bbox 1146 439 2147 483; baseline -0.001 -10"><span class='ocrx_word' id='word_1_718' title='bbox 1146 451 1215 473; x_wconf 84' lang='lat' dir='ltr'>tum</span> <span class='ocrx_word' id='word_1_719' title='bbox 1239 439 1370 479; x_wconf 83' lang='lat' dir='ltr'>eodem,</span> <span class='ocrx_word' id='word_1_720' title='bbox 1392 451 1455 482; x_wconf 89' lang='lat' dir='ltr'>quo</span> <span class='ocrx_word' id='word_1_721' title='bbox 1477 441 1615 482; x_wconf 68' lang='lat' dir='ltr'>prii-num</span> <span class='ocrx_word' id='word_1_722' title='bbox 1642 465 1648 477; x_wconf 80' lang='grc'>,</span> <span class='ocrx_word' id='word_1_723' title='bbox 1671 442 1776 480; x_wconf 83' lang='lat' dir='ltr'>capite</span> <span class='ocrx_word' id='word_1_724' title='bbox 1799 464 1810 480; x_wconf 78' lang='lat'>,</span> <span class='ocrx_word' id='word_1_725' title='bbox 1844 442 1876 473; x_wconf 88' lang='lat' dir='ltr'>in</span> <span class='ocrx_word' id='word_1_726' title='bbox 1901 453 1967 483; x_wconf 89' lang='lat' dir='ltr'>quo</span> <span class='ocrx_word' id='word_1_727' title='bbox 1990 450 2049 481; x_wconf 76' lang='lat' dir='ltr'>ego</span> <span class='ocrx_word' id='word_1_728' title='bbox 2072 439 2147 483; x_wconf 79' lang='lat' dir='ltr'>qui-</span> 
     </span>
     <span class='ocr_line' id='line_1_90' title="bbox 1145 484 2146 526; baseline -0.002 -10"><span class='ocrx_word' id='word_1_729' title='bbox 1145 484 1218 516; x_wconf 90' lang='lat' dir='ltr'>dem</span> <span class='ocrx_word' id='word_1_730' title='bbox 1242 495 1305 515; x_wconf 93' lang='lat' dir='ltr'>non</span> <span class='ocrx_word' id='word_1_731' title='bbox 1329 484 1475 515; x_wconf 87' lang='lat' dir='ltr'>invenio.</span> <span class='ocrx_word' id='word_1_732' title='bbox 1610 484 1655 516; x_wconf 81' lang='lat' dir='ltr'>At</span> <span class='ocrx_word' id='word_1_733' title='bbox 1670 484 1778 522; x_wconf 82' lang='lat' dir='ltr'>enim,</span> <span class='ocrx_word' id='word_1_734' title='bbox 1801 485 1949 526; x_wconf 80' lang='lat' dir='ltr'>inquies,</span> <span class='ocrx_word' id='word_1_735' title='bbox 1974 492 2146 525; x_wconf 87' lang='lat' dir='ltr'>utrumque</span> 
     </span>
     <span class='ocr_line' id='line_1_91' title="bbox 1146 526 2147 568; baseline -0.002 -8"><span class='ocrx_word' id='word_1_736' title='bbox 1146 527 1227 560; x_wconf 78' lang='lat' dir='ltr'>cellit</span> <span class='ocrx_word' id='word_1_737' title='bbox 1250 534 1360 559; x_wconf 89' lang='lat' dir='ltr'>contra</span> <span class='ocrx_word' id='word_1_738' title='bbox 1380 526 1496 559; x_wconf 77' lang='lat' dir='ltr'>Galeni</span> <span class='ocrx_word' id='word_1_739' title='bbox 1511 526 1713 560; x_wconf 79' lang='lat' dir='ltr'>sententiam.</span> <span class='ocrx_word' id='word_1_740' title='bbox 1741 528 1870 559; x_wconf 52' lang='lat' dir='ltr'>Fateor.</span> <span class='ocrx_word' id='word_1_741' title='bbox 1897 538 1996 568; x_wconf 83' lang='lat' dir='ltr'>neque</span> <span class='ocrx_word' id='word_1_742' title='bbox 2007 535 2147 568; x_wconf 84' lang='lat' dir='ltr'>unquam</span> 
     </span>
     <span class='ocr_line' id='line_1_92' title="bbox 1148 568 2144 612; baseline -0.004 -9"><span class='ocrx_word' id='word_1_743' title='bbox 1148 573 1180 603; x_wconf 87' lang='lat' dir='ltr'>in</span> <span class='ocrx_word' id='word_1_744' title='bbox 1204 572 1311 602; x_wconf 83' lang='lat' dir='ltr'>animo</span> <span class='ocrx_word' id='word_1_745' title='bbox 1336 569 1432 602; x_wconf 82' lang='lat' dir='ltr'>habui</span> <span class='ocrx_word' id='word_1_746' title='bbox 1458 578 1493 602; x_wconf 87' lang='lat' dir='ltr'>ut</span> <span class='ocrx_word' id='word_1_747' title='bbox 1516 569 1597 603; x_wconf 87' lang='lat' dir='ltr'>hanc</span> <span class='ocrx_word' id='word_1_748' title='bbox 1623 580 1727 612; x_wconf 76' lang='lat' dir='ltr'>tuerer</span> <span class='ocrx_word' id='word_1_749' title='bbox 1751 596 1758 601; x_wconf 74' lang='lat'>„</span> <span class='ocrx_word' id='word_1_750' title='bbox 1784 569 1869 602; x_wconf 87' lang='lat' dir='ltr'>Illud</span> <span class='ocrx_word' id='word_1_751' title='bbox 1893 580 1991 602; x_wconf 89' lang='lat' dir='ltr'>unum</span> <span class='ocrx_word' id='word_1_752' title='bbox 2014 568 2110 601; x_wconf 83' lang='lat' dir='ltr'>habui</span> <span class='ocrx_word' id='word_1_753' title='bbox 2135 591 2144 606; x_wconf 93' lang='lat'>,</span> 
     </span>
     <span class='ocr_line' id='line_1_93' title="bbox 1149 611 2148 654; baseline -0.004 -7"><span class='ocrx_word' id='word_1_754' title='bbox 1149 622 1184 647; x_wconf 89' lang='lat' dir='ltr'>ut</span> <span class='ocrx_word' id='word_1_755' title='bbox 1208 613 1418 650; x_wconf 83' lang='lat' dir='ltr'>ostenderem,</span> <span class='ocrx_word' id='word_1_756' title='bbox 1444 623 1509 645; x_wconf 89' lang='lat' dir='ltr'>non</span> <span class='ocrx_word' id='word_1_757' title='bbox 1532 611 1707 654; x_wconf 70' lang='lat' dir='ltr'>oportuisse</span> <span class='ocrx_word' id='word_1_758' title='bbox 1732 613 1765 645; x_wconf 87' lang='lat' dir='ltr'>in</span> <span class='ocrx_word' id='word_1_759' title='bbox 1788 612 1922 646; x_wconf 87' lang='lat' dir='ltr'>dubium</span> <span class='ocrx_word' id='word_1_760' title='bbox 1946 623 2055 645; x_wconf 85' lang='lat' dir='ltr'>vocare</span> <span class='ocrx_word' id='word_1_761' title='bbox 2078 612 2148 644; x_wconf 85' lang='lat' dir='ltr'>Ga-</span> 
     </span>
     <span class='ocr_line' id='line_1_94' title="bbox 1144 655 2148 699; baseline -0.003 -10"><span class='ocrx_word' id='word_1_762' title='bbox 1144 657 1206 689; x_wconf 86' lang='lat' dir='ltr'>leui</span> <span class='ocrx_word' id='word_1_763' title='bbox 1232 656 1328 690; x_wconf 83' lang='lat' dir='ltr'>fidem</span> <span class='ocrx_word' id='word_1_764' title='bbox 1344 681 1354 697; x_wconf 86' lang='lat'>,</span> <span class='ocrx_word' id='word_1_765' title='bbox 1377 655 1463 699; x_wconf 84' lang='lat' dir='ltr'>quali</span> <span class='ocrx_word' id='word_1_766' title='bbox 1486 659 1740 698; x_wconf 83' lang='lat' dir='ltr'>experimentum</span> <span class='ocrx_word' id='word_1_767' title='bbox 1762 655 1852 699; x_wconf 80' lang='lat' dir='ltr'>quod</span> <span class='ocrx_word' id='word_1_768' title='bbox 1877 657 1930 688; x_wconf 67' lang='lat' dir='ltr'>alii</span> <span class='ocrx_word' id='word_1_769' title='bbox 1956 666 2065 696; x_wconf 84' lang='lat' dir='ltr'>capere</span> <span class='ocrx_word' id='word_1_770' title='bbox 2089 666 2148 696; x_wconf 84' lang='lat' dir='ltr'>po—</span> 
     </span>
     <span class='ocr_line' id='line_1_95' title="bbox 1145 697 2150 741; baseline -0.003 -9"><span class='ocrx_word' id='word_1_771' title='bbox 1145 710 1273 734; x_wconf 87' lang='lat' dir='ltr'>tuerunt</span> <span class='ocrx_word' id='word_1_772' title='bbox 1289 727 1303 736; x_wconf 84' lang='grc'>,.</span> <span class='ocrx_word' id='word_1_773' title='bbox 1321 699 1386 741; x_wconf 82' lang='lat' dir='ltr'>ipse</span> <span class='ocrx_word' id='word_1_774' title='bbox 1410 711 1517 740; x_wconf 80' lang='lat' dir='ltr'>capere</span> <span class='ocrx_word' id='word_1_775' title='bbox 1542 711 1605 731; x_wconf 87' lang='lat' dir='ltr'>non</span> <span class='ocrx_word' id='word_1_776' title='bbox 1630 697 1800 741; x_wconf 79' lang='lat' dir='ltr'>potuisset.</span> <span class='ocrx_word' id='word_1_777' title='bbox 1826 700 1916 733; x_wconf 78' lang='lat' dir='ltr'>Nam</span> <span class='ocrx_word' id='word_1_778' title='bbox 1941 697 2028 741; x_wconf 83' lang='lat' dir='ltr'>quod</span> <span class='ocrx_word' id='word_1_779' title='bbox 2052 699 2084 730; x_wconf 90' lang='lat' dir='ltr'>in</span> <span class='ocrx_word' id='word_1_780' title='bbox 2097 708 2150 729; x_wconf 79' lang='lat' dir='ltr'>ca·-</span> 
     </span>
     <span class='ocr_line' id='line_1_96' title="bbox 1145 742 2149 788; baseline -0.005 -12"><span class='ocrx_word' id='word_1_781' title='bbox 1145 743 1263 786; x_wconf 86' lang='lat' dir='ltr'>piendo</span> <span class='ocrx_word' id='word_1_782' title='bbox 1287 742 1358 777; x_wconf 86' lang='lat' dir='ltr'>falli</span> <span class='ocrx_word' id='word_1_783' title='bbox 1383 742 1448 786; x_wconf 85' lang='lat' dir='ltr'>ipse</span> <span class='ocrx_word' id='word_1_784' title='bbox 1469 765 1482 782; x_wconf 83' lang='lat'>,</span> <span class='ocrx_word' id='word_1_785' title='bbox 1507 745 1539 774; x_wconf 84' lang='lat'>&amp;</span> <span class='ocrx_word' id='word_1_786' title='bbox 1565 743 1749 775; x_wconf 65' lang='lat' dir='ltr'>Sanciorins</span> <span class='ocrx_word' id='word_1_787' title='bbox 1782 745 1945 784; x_wconf 75' lang='lat' dir='ltr'>potuerint</span> <span class='ocrx_word' id='word_1_788' title='bbox 1984 750 2149 788; x_wconf 70' lang='lat' dir='ltr'>prnpterea</span> 
     </span>
     <span class='ocr_line' id='line_1_97' title="bbox 1143 785 2150 830; baseline -0.005 -10"><span class='ocrx_word' id='word_1_789' title='bbox 1143 787 1231 830; x_wconf 87' lang='lat' dir='ltr'>quod</span> <span class='ocrx_word' id='word_1_790' title='bbox 1256 787 1406 821; x_wconf 70' lang='lat' dir='ltr'>adstricto</span> <span class='ocrx_word' id='word_1_791' title='bbox 1429 785 1560 818; x_wconf 90' lang='lat' dir='ltr'>vinculo</span> <span class='ocrx_word' id='word_1_792' title='bbox 1580 809 1592 826; x_wconf 81' lang='lat'>,</span> <span class='ocrx_word' id='word_1_793' title='bbox 1622 785 1664 817; x_wconf 90' lang='lat' dir='ltr'>ob</span> <span class='ocrx_word' id='word_1_794' title='bbox 1686 785 1811 819; x_wconf 75' lang='lat' dir='ltr'>causam</span> <span class='ocrx_word' id='word_1_795' title='bbox 1848 786 1886 818; x_wconf 81' lang='lat' dir='ltr'>ab</span> <span class='ocrx_word' id='word_1_796' title='bbox 1910 787 2051 828; x_wconf 78' lang='lat' dir='ltr'>Harvejo</span> <span class='ocrx_word' id='word_1_797' title='bbox 2083 785 2150 815; x_wconf 90' lang='lat' dir='ltr'>ani-</span> 
     </span>
     <span class='ocr_line' id='line_1_98' title="bbox 1145 826 2151 872; baseline -0.005 -9"><span class='ocrx_word' id='word_1_798' title='bbox 1145 829 1338 864; x_wconf 86' lang='lat' dir='ltr'>madversam</span> <span class='ocrx_word' id='word_1_799' title='bbox 1358 853 1367 868; x_wconf 90' lang='lat'>,</span> <span class='ocrx_word' id='word_1_800' title='bbox 1400 838 1456 863; x_wconf 82' lang='lat' dir='ltr'>aut</span> <span class='ocrx_word' id='word_1_801' title='bbox 1481 830 1576 862; x_wconf 85' lang='lat' dir='ltr'>aliam</span> <span class='ocrx_word' id='word_1_802' title='bbox 1600 828 1739 871; x_wconf 76' lang='lat' dir='ltr'>aliquam</span> <span class='ocrx_word' id='word_1_803' title='bbox 1762 828 1988 872; x_wconf 72' lang='lat' dir='ltr'>ejuscemodi,</span> <span class='ocrx_word' id='word_1_804' title='bbox 2020 826 2151 861; x_wconf 84' lang='lat' dir='ltr'>obscure</span> 
     </span>
     <span class='ocr_line' id='line_1_99' title="bbox 1143 872 2152 915; baseline -0.005 -9"><span class='ocrx_word' id='word_1_805' title='bbox 1143 874 1225 907; x_wconf 83' lang='lat' dir='ltr'>adeo</span> <span class='ocrx_word' id='word_1_806' title='bbox 1247 875 1360 906; x_wconf 84' lang='lat' dir='ltr'>arteria</span> <span class='ocrx_word' id='word_1_807' title='bbox 1387 872 1521 915; x_wconf 88' lang='lat' dir='ltr'>pulsaret</span> <span class='ocrx_word' id='word_1_808' title='bbox 1539 897 1551 913; x_wconf 79' lang='grc'>,</span> <span class='ocrx_word' id='word_1_809' title='bbox 1575 881 1610 906; x_wconf 89' lang='lat' dir='ltr'>ut</span> <span class='ocrx_word' id='word_1_810' title='bbox 1634 872 1754 914; x_wconf 71' lang='lat' dir='ltr'>pulsare</span> <span class='ocrx_word' id='word_1_811' title='bbox 1779 884 1840 904; x_wconf 88' lang='lat' dir='ltr'>non</span> <span class='ocrx_word' id='word_1_812' title='bbox 1866 872 2026 905; x_wconf 89' lang='lat' dir='ltr'>videretur</span> <span class='ocrx_word' id='word_1_813' title='bbox 2046 895 2057 911; x_wconf 82' lang='lat'>,</span> <span class='ocrx_word' id='word_1_814' title='bbox 2081 880 2152 902; x_wconf 84' lang='lat' dir='ltr'>tan-</span> 
     </span>
     <span class='ocr_line' id='line_1_100' title="bbox 1144 913 2152 958; baseline -0.005 -8"><span class='ocrx_word' id='word_1_815' title='bbox 1144 928 1182 950; x_wconf 90' lang='lat' dir='ltr'>to</span> <span class='ocrx_word' id='word_1_816' title='bbox 1206 918 1333 950; x_wconf 77' lang='lat' dir='ltr'>facilius</span> <span class='ocrx_word' id='word_1_817' title='bbox 1358 914 1560 950; x_wconf 78' lang='lat' dir='ltr'>concesserim</span> <span class='ocrx_word' id='word_1_818' title='bbox 1581 940 1592 956; x_wconf 85' lang='lat'>,</span> <span class='ocrx_word' id='word_1_819' title='bbox 1616 926 1738 958; x_wconf 86' lang='lat' dir='ltr'>quanto</span> <span class='ocrx_word' id='word_1_820' title='bbox 1761 918 1861 957; x_wconf 60' lang='lat' dir='ltr'>magis</span> <span class='ocrx_word' id='word_1_821' title='bbox 1888 915 1981 948; x_wconf 86' lang='lat' dir='ltr'>video</span> <span class='ocrx_word' id='word_1_822' title='bbox 2002 926 2024 955; x_wconf 73' lang='grc'>,’</span> <span class='ocrx_word' id='word_1_823' title='bbox 2045 913 2152 949; x_wconf 71' lang='lat' dir='ltr'>insum</span> 
     </span>
     <span class='ocr_line' id='line_1_101' title="bbox 1139 956 2154 1003; baseline -0.004 -9"><span class='ocrx_word' id='word_1_824' title='bbox 1139 972 1271 1003; x_wconf 61' lang='lat' dir='ltr'>quoque</span> <span class='ocrx_word' id='word_1_825' title='bbox 1294 959 1496 1002; x_wconf 85' lang='lat' dir='ltr'>Harvejum,</span> <span class='ocrx_word' id='word_1_826' title='bbox 1520 971 1584 992; x_wconf 86' lang='lat' dir='ltr'>non</span> <span class='ocrx_word' id='word_1_827' title='bbox 1609 958 1737 992; x_wconf 75' lang='lat' dir='ltr'>servatis</span> <span class='ocrx_word' id='word_1_828' title='bbox 1764 960 1914 993; x_wconf 77' lang='lat' dir='ltr'>omnihus</span> <span class='ocrx_word' id='word_1_829' title='bbox 1936 970 2013 1001; x_wconf 84' lang='lat' dir='ltr'>quas</span> <span class='ocrx_word' id='word_1_830' title='bbox 2036 956 2154 992; x_wconf 87' lang='lat' dir='ltr'>Vieus-</span> 
     </span>
     <span class='ocr_line' id='line_1_102' title="bbox 1141 1003 2155 1048; baseline -0.003 -12"><span class='ocrx_word' id='word_1_831' title='bbox 1141 1004 1244 1037; x_wconf 79' lang='lat' dir='ltr'>senius</span> <span class='ocrx_word' id='word_1_832' title='bbox 1273 1004 1375 1045; x_wconf 85' lang='lat' dir='ltr'>postea</span> <span class='ocrx_word' id='word_1_833' title='bbox 1400 1004 1576 1037; x_wconf 79' lang='lat' dir='ltr'>inculcavit</span> <span class='ocrx_word' id='word_1_834' title='bbox 1600 1024 1608 1038; x_wconf 91' lang='lat'>‚</span> <span class='ocrx_word' id='word_1_835' title='bbox 1642 1003 1846 1048; x_wconf 69' lang='lat' dir='ltr'>caucionibus</span> <span class='ocrx_word' id='word_1_836' title='bbox 1868 1028 1878 1042; x_wconf 87' lang='lat'>,</span> <span class='ocrx_word' id='word_1_837' title='bbox 1912 1004 2016 1036; x_wconf 85' lang='lat' dir='ltr'>multo</span> <span class='ocrx_word' id='word_1_838' title='bbox 2049 1003 2155 1034; x_wconf 88' lang='lat' dir='ltr'>minus</span> 
     </span>
     <span class='ocr_line' id='line_1_103' title="bbox 1142 1044 2157 1089; baseline -0.003 -9"><span class='ocrx_word' id='word_1_839' title='bbox 1142 1057 1238 1089; x_wconf 84' lang='lat' dir='ltr'>quam</span> <span class='ocrx_word' id='word_1_840' title='bbox 1264 1047 1372 1086; x_wconf 88' lang='lat' dir='ltr'>hunc,</span> <span class='ocrx_word' id='word_1_841' title='bbox 1396 1047 1516 1088; x_wconf 80' lang='lat' dir='ltr'>pulsare</span> <span class='ocrx_word' id='word_1_842' title='bbox 1538 1044 1731 1086; x_wconf 81' lang='lat' dir='ltr'>conspexille</span> <span class='ocrx_word' id='word_1_843' title='bbox 1761 1072 1768 1078; x_wconf 96' lang='lat'>.</span> <span class='ocrx_word' id='word_1_844' title='bbox 1795 1048 1870 1080; x_wconf 78' lang='lat' dir='ltr'>Una</span> <span class='ocrx_word' id='word_1_845' title='bbox 1895 1045 2057 1078; x_wconf 86' lang='lat' dir='ltr'>interdum</span> <span class='ocrx_word' id='word_1_846' title='bbox 2082 1050 2157 1077; x_wconf 80' lang='lat' dir='ltr'>cau-</span> 
     </span>
     <span class='ocr_line' id='line_1_104' title="bbox 1144 1088 2156 1131; baseline -0.003 -8"><span class='ocrx_word' id='word_1_847' title='bbox 1144 1092 1195 1123; x_wconf 92' lang='lat' dir='ltr'>tio</span> <span class='ocrx_word' id='word_1_848' title='bbox 1219 1091 1332 1123; x_wconf 81' lang='lat' dir='ltr'>omissa</span> <span class='ocrx_word' id='word_1_849' title='bbox 1355 1091 1388 1122; x_wconf 90' lang='lat' dir='ltr'>in</span> <span class='ocrx_word' id='word_1_850' title='bbox 1410 1089 1501 1122; x_wconf 84' lang='lat' dir='ltr'>causa</span> <span class='ocrx_word' id='word_1_851' title='bbox 1525 1089 1589 1128; x_wconf 76' lang='lat' dir='ltr'>est,</span> <span class='ocrx_word' id='word_1_852' title='bbox 1612 1098 1647 1121; x_wconf 82' lang='lat' dir='ltr'>ut</span> <span class='ocrx_word' id='word_1_853' title='bbox 1671 1091 1775 1122; x_wconf 86' lang='lat' dir='ltr'>minus</span> <span class='ocrx_word' id='word_1_854' title='bbox 1800 1089 2007 1131; x_wconf 76' lang='lat' dir='ltr'>respondeant</span> <span class='ocrx_word' id='word_1_855' title='bbox 2033 1088 2156 1130; x_wconf 80' lang='lat' dir='ltr'>experi-</span> 
     </span>
     <span class='ocr_line' id='line_1_105' title="bbox 1144 1130 2156 1174; baseline -0.005 -6"><span class='ocrx_word' id='word_1_856' title='bbox 1144 1143 1251 1168; x_wconf 82' lang='lat' dir='ltr'>menta</span> <span class='ocrx_word' id='word_1_857' title='bbox 1274 1157 1286 1174; x_wconf 84' lang='lat'>,</span> <span class='ocrx_word' id='word_1_858' title='bbox 1322 1134 1409 1167; x_wconf 89' lang='lat' dir='ltr'>velut</span> <span class='ocrx_word' id='word_1_859' title='bbox 1435 1133 1556 1174; x_wconf 78' lang='lat' dir='ltr'>experti</span> <span class='ocrx_word' id='word_1_860' title='bbox 1590 1132 1669 1163; x_wconf 87' lang='lat' dir='ltr'>olim</span> <span class='ocrx_word' id='word_1_861' title='bbox 1707 1132 1811 1165; x_wconf 85' lang='lat' dir='ltr'>sumus</span> <span class='ocrx_word' id='word_1_862' title='bbox 1848 1133 1880 1164; x_wconf 85' lang='lat' dir='ltr'>in</span> <span class='ocrx_word' id='word_1_863' title='bbox 1916 1133 1977 1164; x_wconf 85' lang='lat' dir='ltr'>illo</span> <span class='ocrx_word' id='word_1_864' title='bbox 2004 1130 2156 1174; x_wconf 85' lang='lat' dir='ltr'>Pecqueti</span> 
     </span>
     <span class='ocr_line' id='line_1_106' title="bbox 1143 1173 2156 1220; baseline -0.004 -10"><span class='ocrx_word' id='word_1_865' title='bbox 1143 1181 1157 1217; x_wconf 83' lang='grc'>&lt;</span> <span class='ocrx_word' id='word_1_866' title='bbox 1180 1177 1225 1219; x_wconf 88' lang='lat' dir='ltr'>l)</span> <span class='ocrx_word' id='word_1_867' title='bbox 1249 1190 1259 1216; x_wconf 83' lang='lat'>5</span> <span class='ocrx_word' id='word_1_868' title='bbox 1294 1188 1331 1208; x_wconf 90' lang='lat' dir='ltr'>ne</span> <span class='ocrx_word' id='word_1_869' title='bbox 1356 1189 1372 1209; x_wconf 82' lang='lat' dir='ltr'>a</span> <span class='ocrx_word' id='word_1_870' title='bbox 1408 1174 1484 1208; x_wconf 80' lang='lat' dir='ltr'>vafis</span> <span class='ocrx_word' id='word_1_871' title='bbox 1508 1174 1698 1216; x_wconf 70' lang='lat' dir='ltr'>sanguiferis</span> <span class='ocrx_word' id='word_1_872' title='bbox 1720 1198 1728 1212; x_wconf 92' lang='lat'>,</span> <span class='ocrx_word' id='word_1_873' title='bbox 1767 1178 1799 1207; x_wconf 59' lang='grc' dir='ltr'>δέ</span> <span class='ocrx_word' id='word_1_874' title='bbox 1824 1174 1986 1220; x_wconf 74' lang='lat' dir='ltr'>sanguinis</span> <span class='ocrx_word' id='word_1_875' title='bbox 2012 1187 2066 1217; x_wconf 89' lang='lat' dir='ltr'>per</span> <span class='ocrx_word' id='word_1_876' title='bbox 2089 1173 2156 1216; x_wconf 82' lang='lat' dir='ltr'>ipsa</span> 
     </span>
     <span class='ocr_line' id='line_1_107' title="bbox 1144 1216 2158 1265; baseline -0.005 -11"><span class='ocrx_word' id='word_1_877' title='bbox 1144 1230 1237 1254; x_wconf 87' lang='lat' dir='ltr'>motu</span> <span class='ocrx_word' id='word_1_878' title='bbox 1259 1221 1386 1263; x_wconf 77' lang='lat' dir='ltr'>longius</span> <span class='ocrx_word' id='word_1_879' title='bbox 1411 1218 1557 1252; x_wconf 80' lang='lat' dir='ltr'>abeamus</span> <span class='ocrx_word' id='word_1_880' title='bbox 1581 1230 1591 1256; x_wconf 78' lang='lat'><em>3</em></span> <span class='ocrx_word' id='word_1_881' title='bbox 1624 1223 1691 1260; x_wconf 87' lang='lat' dir='ltr'>quo</span> <span class='ocrx_word' id='word_1_882' title='bbox 1717 1216 1838 1259; x_wconf 81' lang='lat' dir='ltr'>scripsit</span> <span class='ocrx_word' id='word_1_883' title='bbox 1864 1242 1875 1258; x_wconf 83' lang='lat'>,</span> <span class='ocrx_word' id='word_1_884' title='bbox 1909 1220 2006 1261; x_wconf 77' lang='lat' dir='ltr'>ligata</span> <span class='ocrx_word' id='word_1_885' title='bbox 2042 1217 2158 1265; x_wconf 78' lang='lat' dir='ltr'>arteria</span> 
     </span>
     <span class='ocr_line' id='line_1_108' title="bbox 1144 1263 2160 1305; baseline -0.005 -8"><span class='ocrx_word' id='word_1_886' title='bbox 1144 1264 1300 1303; x_wconf 86' lang='lat' dir='ltr'>Crurali,</span> <span class='ocrx_word' id='word_1_887' title='bbox 1326 1264 1512 1305; x_wconf 75' lang='lat' dir='ltr'>sanguinem</span> <span class='ocrx_word' id='word_1_888' title='bbox 1535 1263 1591 1305; x_wconf 86' lang='lat' dir='ltr'>qui</span> <span class='ocrx_word' id='word_1_889' title='bbox 1618 1272 1657 1294; x_wconf 87' lang='lat' dir='ltr'>ex</span> <span class='ocrx_word' id='word_1_890' title='bbox 1680 1270 1829 1302; x_wconf 74' lang='lat' dir='ltr'>turgente</span> <span class='ocrx_word' id='word_1_891' title='bbox 1853 1273 1930 1295; x_wconf 72' lang='lat' dir='ltr'>vena</span> <span class='ocrx_word' id='word_1_892' title='bbox 1964 1263 2085 1295; x_wconf 86' lang='lat' dir='ltr'>comite</span> <span class='ocrx_word' id='word_1_893' title='bbox 2110 1271 2160 1292; x_wconf 78' lang='lat' dir='ltr'>in-</span> 
     </span>
     <span class='ocr_line' id='line_1_109' title="bbox 1145 1304 2160 1348; baseline -0.005 -7"><span class='ocrx_word' id='word_1_894' title='bbox 1145 1308 1209 1341; x_wconf 82' lang='lat' dir='ltr'>cisa</span> <span class='ocrx_word' id='word_1_895' title='bbox 1235 1308 1460 1344; x_wconf 72' lang='lat' dir='ltr'>scaturiebat,</span> <span class='ocrx_word' id='word_1_896' title='bbox 1495 1304 1632 1338; x_wconf 66' lang='lat' dir='ltr'>extimfz‘o</span> <span class='ocrx_word' id='word_1_897' title='bbox 1652 1305 1779 1346; x_wconf 73' lang='lat' dir='ltr'>prorsus</span> <span class='ocrx_word' id='word_1_898' title='bbox 1813 1313 1932 1346; x_wconf 60' lang='lat' dir='ltr'>impetn</span> <span class='ocrx_word' id='word_1_899' title='bbox 1957 1329 1970 1345; x_wconf 80' lang='lat'><em>‚</em></span> <span class='ocrx_word' id='word_1_900' title='bbox 2000 1304 2160 1348; x_wconf 68' lang='lat' dir='ltr'>guttatim</span> 
     </span>
     <span class='ocr_line' id='line_1_110' title="bbox 1142 1346 2158 1396; baseline -0.004 -13"><span class='ocrx_word' id='word_1_901' title='bbox 1142 1353 1284 1394; x_wconf 66' lang='lat' dir='ltr'>primum</span> <span class='ocrx_word' id='word_1_902' title='bbox 1307 1347 1489 1392; x_wconf 54' lang='lat' dir='ltr'>exstillaffe,</span> <span class='ocrx_word' id='word_1_903' title='bbox 1513 1348 1634 1396; x_wconf 71' lang='lat' dir='ltr'>demum</span> <span class='ocrx_word' id='word_1_904' title='bbox 1654 1349 1782 1390; x_wconf 58' lang='lat' dir='ltr'>penitus</span> <span class='ocrx_word' id='word_1_905' title='bbox 1800 1346 1924 1391; x_wconf 64' lang='lat' dir='ltr'>fluxum</span> <span class='ocrx_word' id='word_1_906' title='bbox 1955 1346 2158 1390; x_wconf 70' lang='lat' dir='ltr'>compescuis-</span> 
     </span>
     <span class='ocr_line' id='line_1_111' title="bbox 1141 1392 2162 1437; baseline -0.004 -10"><span class='ocrx_word' id='word_1_907' title='bbox 1141 1394 1200 1437; x_wconf 68' lang='grc' dir='ltr'>[ες</span> <span class='ocrx_word' id='word_1_908' title='bbox 1225 1404 1255 1426; x_wconf 88' lang='lat' dir='ltr'>at</span> <span class='ocrx_word' id='word_1_909' title='bbox 1281 1395 1419 1427; x_wconf 81' lang='lat' dir='ltr'>relaxata</span> <span class='ocrx_word' id='word_1_910' title='bbox 1445 1392 1558 1425; x_wconf 80' lang='lat' dir='ltr'>arteria</span> <span class='ocrx_word' id='word_1_911' title='bbox 1573 1418 1580 1430; x_wconf 93' lang='lat'><strong>‚</strong></span> <span class='ocrx_word' id='word_1_912' title='bbox 1604 1398 1719 1424; x_wconf 69' lang='lat' dir='ltr'>iterum</span> <span class='ocrx_word' id='word_1_913' title='bbox 1743 1402 1781 1425; x_wconf 77' lang='lat' dir='ltr'>ex</span> <span class='ocrx_word' id='word_1_914' title='bbox 1804 1402 1883 1424; x_wconf 64' lang='lat' dir='ltr'>vena</span> <span class='ocrx_word' id='word_1_915' title='bbox 1905 1393 1979 1434; x_wconf 78' lang='lat' dir='ltr'>pari</span> <span class='ocrx_word' id='word_1_916' title='bbox 1999 1393 2107 1434; x_wconf 68' lang='lat' dir='ltr'>vigore</span> <span class='ocrx_word' id='word_1_917' title='bbox 2131 1401 2162 1423; x_wconf 86' lang='lat' dir='ltr'>e-</span> 
     </span>
    </p>
   </div>
   <div class='ocr_carea' id='block_1_10' title="bbox 1138 1434 2161 1485">
    <p class='ocr_par' dir='ltr' id='par_1_10' title="bbox 1138 1434 2161 1485">
     <span class='ocr_line' id='line_1_112' title="bbox 1138 1434 2161 1485; baseline -0.004 -15"><span class='ocrx_word' id='word_1_918' title='bbox 1138 1435 1278 1479; x_wconf 54' lang='lat' dir='ltr'>rupem.</span> <span class='ocrx_word' id='word_1_919' title='bbox 1305 1437 1364 1470; x_wconf 89' lang='lat' dir='ltr'>Sed</span> <span class='ocrx_word' id='word_1_920' title='bbox 1388 1434 1715 1485; x_wconf 30' lang='lat' dir='ltr'>quoniamupleraque</span> <span class='ocrx_word' id='word_1_921' title='bbox 1738 1446 1848 1467; x_wconf 81' lang='lat' dir='ltr'>corum</span> <span class='ocrx_word' id='word_1_922' title='bbox 1876 1447 1945 1478; x_wconf 75' lang='lat' dir='ltr'>quae</span> <span class='ocrx_word' id='word_1_923' title='bbox 1972 1437 2005 1468; x_wconf 86' lang='lat' dir='ltr'>in</span> <span class='ocrx_word' id='word_1_924' title='bbox 2030 1434 2161 1467; x_wconf 83' lang='lat' dir='ltr'>canibus</span> 
     </span>
    </p>
   </div>
   <div class='ocr_carea' id='block_1_11' title="bbox 1146 1478 2172 3576">
    <p class='ocr_par' dir='ltr' id='par_1_11' title="bbox 1146 1478 2172 2953">
     <span class='ocr_line' id='line_1_113' title="bbox 1146 1478 2161 1516; baseline -0.005 -2"><span class='ocrx_word' id='word_1_925' title='bbox 1146 1481 1274 1514; x_wconf 83' lang='lat' dir='ltr'>duobus</span> <span class='ocrx_word' id='word_1_926' title='bbox 1297 1490 1373 1514; x_wconf 92' lang='lat' dir='ltr'>tunc</span> <span class='ocrx_word' id='word_1_927' title='bbox 1397 1479 1633 1512; x_wconf 74' lang='lat' dir='ltr'>observavrmus</span> <span class='ocrx_word' id='word_1_928' title='bbox 1658 1489 1717 1510; x_wconf 80' lang='lat' dir='ltr'>una</span> <span class='ocrx_word' id='word_1_929' title='bbox 1740 1490 1815 1511; x_wconf 89' lang='lat' dir='ltr'>cum</span> <span class='ocrx_word' id='word_1_930' title='bbox 1842 1479 1984 1511; x_wconf 76' lang='lat' dir='ltr'>Homob.</span> <span class='ocrx_word' id='word_1_931' title='bbox 2012 1478 2125 1510; x_wconf 85' lang='lat' dir='ltr'>Pisone</span> <span class='ocrx_word' id='word_1_932' title='bbox 2147 1500 2161 1516; x_wconf 86' lang='lat'><em>‚</em></span> 
     </span>
     <span class='ocr_line' id='line_1_114' title="bbox 1149 1520 2162 1563; baseline -0.005 -6"><span class='ocrx_word' id='word_1_933' title='bbox 1149 1524 1284 1557; x_wconf 66' lang='lat' dir='ltr'>Medico</span> <span class='ocrx_word' id='word_1_934' title='bbox 1309 1526 1342 1557; x_wconf 72' lang='grc' dir='ltr'>δε</span> <span class='ocrx_word' id='word_1_935' title='bbox 1368 1521 1542 1557; x_wconf 71' lang='lat' dir='ltr'>Profesl&#39;ore</span> <span class='ocrx_word' id='word_1_936' title='bbox 1567 1521 1747 1554; x_wconf 82' lang='lat' dir='ltr'>Clarissimo</span> <span class='ocrx_word' id='word_1_937' title='bbox 1766 1544 1776 1558; x_wconf 88' lang='lat'>‚</span> <span class='ocrx_word' id='word_1_938' title='bbox 1812 1523 1843 1554; x_wconf 69' lang='lat' dir='ltr'>&lt;Sc</span> <span class='ocrx_word' id='word_1_939' title='bbox 1868 1533 1939 1563; x_wconf 72' lang='lat' dir='ltr'>erga</span> <span class='ocrx_word' id='word_1_940' title='bbox 1966 1533 2024 1554; x_wconf 83' lang='lat' dir='ltr'>nos</span> <span class='ocrx_word' id='word_1_941' title='bbox 2048 1520 2162 1554; x_wconf 86' lang='lat' dir='ltr'>huma-</span> 
     </span>
     <span class='ocr_line' id='line_1_115' title="bbox 1149 1563 2164 1609; baseline -0.004 -9"><span class='ocrx_word' id='word_1_942' title='bbox 1149 1567 1277 1600; x_wconf 66' lang='lat' dir='ltr'>nillimo</span> <span class='ocrx_word' id='word_1_943' title='bbox 1302 1589 1310 1604; x_wconf 90' lang='lat'>‚</span> <span class='ocrx_word' id='word_1_944' title='bbox 1345 1565 1386 1599; x_wconf 77' lang='lat' dir='ltr'>ab</span> <span class='ocrx_word' id='word_1_945' title='bbox 1410 1565 1472 1599; x_wconf 91' lang='lat' dir='ltr'>hoc</span> <span class='ocrx_word' id='word_1_946' title='bbox 1508 1564 1579 1598; x_wconf 90' lang='lat' dir='ltr'>sunt</span> <span class='ocrx_word' id='word_1_947' title='bbox 1605 1565 1690 1596; x_wconf 88' lang='lat' dir='ltr'>edita</span> <span class='ocrx_word' id='word_1_948' title='bbox 1712 1587 1720 1601; x_wconf 90' lang='lat'>,</span> <span class='ocrx_word' id='word_1_949' title='bbox 1756 1564 1961 1609; x_wconf 82' lang='lat' dir='ltr'>dilucideque</span> <span class='ocrx_word' id='word_1_950' title='bbox 2000 1563 2164 1607; x_wconf 76' lang='lat' dir='ltr'>proposita</span> 
     </span>
     <span class='ocr_line' id='line_1_116' title="bbox 1148 1608 2165 1651; baseline -0.004 -8"><span class='ocrx_word' id='word_1_951' title='bbox 1148 1614 1162 1649; x_wconf 82' lang='grc'>&lt;</span> <span class='ocrx_word' id='word_1_952' title='bbox 1185 1623 1214 1643; x_wconf 75' lang='lat' dir='ltr'>m</span> <span class='ocrx_word' id='word_1_953' title='bbox 1237 1615 1270 1650; x_wconf 74' lang='lat'>&gt;3</span> <span class='ocrx_word' id='word_1_954' title='bbox 1296 1609 1370 1642; x_wconf 84' lang='lat' dir='ltr'>satis</span> <span class='ocrx_word' id='word_1_955' title='bbox 1393 1608 1447 1643; x_wconf 86' lang='lat' dir='ltr'>hic</span> <span class='ocrx_word' id='word_1_956' title='bbox 1470 1609 1530 1642; x_wconf 89' lang='lat' dir='ltr'>erit</span> <span class='ocrx_word' id='word_1_957' title='bbox 1555 1619 1808 1641; x_wconf 85' lang='lat' dir='ltr'>commemorare</span> <span class='ocrx_word' id='word_1_958' title='bbox 1835 1632 1845 1647; x_wconf 92' lang='lat'>,</span> <span class='ocrx_word' id='word_1_959' title='bbox 1869 1618 2016 1641; x_wconf 78' lang='lat' dir='ltr'>neutram</span> <span class='ocrx_word' id='word_1_960' title='bbox 2041 1608 2165 1651; x_wconf 77' lang='lat' dir='ltr'>experi-</span> 
     </span>
     <span class='ocr_line' id='line_1_117' title="bbox 1146 1650 2166 1695; baseline -0.003 -9"><span class='ocrx_word' id='word_1_961' title='bbox 1146 1657 1250 1686; x_wconf 67' lang='lat' dir='ltr'>menti</span> <span class='ocrx_word' id='word_1_962' title='bbox 1275 1662 1397 1695; x_wconf 87' lang='lat' dir='ltr'>partem</span> <span class='ocrx_word' id='word_1_963' title='bbox 1424 1654 1463 1686; x_wconf 90' lang='lat' dir='ltr'>iis</span> <span class='ocrx_word' id='word_1_964' title='bbox 1488 1653 1522 1684; x_wconf 86' lang='lat' dir='ltr'>in</span> <span class='ocrx_word' id='word_1_965' title='bbox 1545 1652 1676 1685; x_wconf 84' lang='lat' dir='ltr'>canibus</span> <span class='ocrx_word' id='word_1_966' title='bbox 1693 1650 1903 1693; x_wconf 84' lang='lat' dir='ltr'>respondisse.</span> <span class='ocrx_word' id='word_1_967' title='bbox 1929 1653 2018 1685; x_wconf 86' lang='lat' dir='ltr'>Nam</span> <span class='ocrx_word' id='word_1_968' title='bbox 2042 1651 2166 1694; x_wconf 76' lang='lat' dir='ltr'>sanguis</span> 
     </span>
     <span class='ocr_line' id='line_1_118' title="bbox 1148 1693 2167 1738; baseline -0.001 -9"><span class='ocrx_word' id='word_1_969' title='bbox 1148 1709 1165 1729; x_wconf 89' lang='lat' dir='ltr'>e</span> <span class='ocrx_word' id='word_1_970' title='bbox 1188 1709 1266 1730; x_wconf 83' lang='lat' dir='ltr'>vena</span> <span class='ocrx_word' id='word_1_971' title='bbox 1291 1697 1429 1730; x_wconf 84' lang='lat' dir='ltr'>relaxata</span> <span class='ocrx_word' id='word_1_972' title='bbox 1454 1696 1569 1728; x_wconf 79' lang='lat' dir='ltr'>arteria</span> <span class='ocrx_word' id='word_1_973' title='bbox 1593 1721 1601 1735; x_wconf 97' lang='lat'>‚</span> <span class='ocrx_word' id='word_1_974' title='bbox 1635 1693 1749 1737; x_wconf 80' lang='lat' dir='ltr'>majori</span> <span class='ocrx_word' id='word_1_975' title='bbox 1774 1696 1906 1738; x_wconf 86' lang='lat' dir='ltr'>quidem</span> <span class='ocrx_word' id='word_1_976' title='bbox 1931 1697 2041 1737; x_wconf 77' lang='lat' dir='ltr'>vigore</span> <span class='ocrx_word' id='word_1_977' title='bbox 2065 1695 2167 1737; x_wconf 85' lang='lat' dir='ltr'>proli-</span> 
     </span>
     <span class='ocr_line' id='line_1_119' title="bbox 1150 1738 2169 1783; baseline -0.002 -10"><span class='ocrx_word' id='word_1_978' title='bbox 1150 1742 1213 1774; x_wconf 89' lang='lat' dir='ltr'>luit</span> <span class='ocrx_word' id='word_1_979' title='bbox 1235 1763 1246 1780; x_wconf 88' lang='lat'>,</span> <span class='ocrx_word' id='word_1_980' title='bbox 1280 1751 1376 1783; x_wconf 87' lang='lat' dir='ltr'>quam</span> <span class='ocrx_word' id='word_1_981' title='bbox 1402 1738 1502 1773; x_wconf 85' lang='lat' dir='ltr'>modo</span> <span class='ocrx_word' id='word_1_982' title='bbox 1525 1750 1599 1771; x_wconf 88' lang='lat' dir='ltr'>cum</span> <span class='ocrx_word' id='word_1_983' title='bbox 1623 1739 1811 1781; x_wconf 25' lang='lat' dir='ltr'>eratxligata</span> <span class='ocrx_word' id='word_1_984' title='bbox 1832 1751 1842 1778; x_wconf 77' lang='lat'>5</span> <span class='ocrx_word' id='word_1_985' title='bbox 1877 1751 1940 1772; x_wconf 90' lang='lat' dir='ltr'>non</span> <span class='ocrx_word' id='word_1_986' title='bbox 1966 1750 2072 1772; x_wconf 87' lang='lat' dir='ltr'>tamen</span> <span class='ocrx_word' id='word_1_987' title='bbox 2098 1739 2169 1780; x_wconf 81' lang='lat' dir='ltr'>pari</span> 
     </span>
     <span class='ocr_line' id='line_1_120' title="bbox 1150 1782 2168 1827; baseline -0.001 -10"><span class='ocrx_word' id='word_1_988' title='bbox 1150 1794 1245 1826; x_wconf 83' lang='lat' dir='ltr'>atque</span> <span class='ocrx_word' id='word_1_989' title='bbox 1270 1793 1342 1816; x_wconf 83' lang='lat' dir='ltr'>ante</span> <span class='ocrx_word' id='word_1_990' title='bbox 1365 1794 1460 1827; x_wconf 81' lang='lat' dir='ltr'>quarn</span> <span class='ocrx_word' id='word_1_991' title='bbox 1486 1783 1637 1825; x_wconf 75' lang='lat' dir='ltr'>ligaretur</span> <span class='ocrx_word' id='word_1_992' title='bbox 1663 1795 1671 1814; x_wconf 88' lang='lat'><em>:</em></span> <span class='ocrx_word' id='word_1_993' title='bbox 1708 1783 1808 1824; x_wconf 76' lang='lat' dir='ltr'>ligata</span> <span class='ocrx_word' id='word_1_994' title='bbox 1831 1791 1937 1817; x_wconf 81' lang='lat' dir='ltr'>autem</span> <span class='ocrx_word' id='word_1_995' title='bbox 1960 1785 2072 1816; x_wconf 84' lang='lat' dir='ltr'>arteria</span> <span class='ocrx_word' id='word_1_996' title='bbox 2097 1785 2110 1821; x_wconf 86' lang='lat'>(</span> <span class='ocrx_word' id='word_1_997' title='bbox 2133 1782 2168 1816; x_wconf 86' lang='lat' dir='ltr'>id</span> 
     </span>
     <span class='ocr_line' id='line_1_121' title="bbox 1149 1824 2170 1871; baseline -0.002 -10"><span class='ocrx_word' id='word_1_998' title='bbox 1149 1827 1238 1871; x_wconf 88' lang='lat' dir='ltr'>quod</span> <span class='ocrx_word' id='word_1_999' title='bbox 1266 1827 1338 1860; x_wconf 84' lang='lat' dir='ltr'>Piso</span> <span class='ocrx_word' id='word_1_1000' title='bbox 1365 1828 1465 1868; x_wconf 76' lang='lat' dir='ltr'>magis</span> <span class='ocrx_word' id='word_1_1001' title='bbox 1492 1825 1630 1858; x_wconf 80' lang='lat' dir='ltr'>attendit</span> <span class='ocrx_word' id='word_1_1002' title='bbox 1654 1829 1667 1866; x_wconf 84' lang='grc'>&gt;</span> <span class='ocrx_word' id='word_1_1003' title='bbox 1693 1824 1816 1859; x_wconf 70' lang='lat' dir='ltr'>fraetus</span> <span class='ocrx_word' id='word_1_1004' title='bbox 1839 1827 1969 1869; x_wconf 86' lang='lat' dir='ltr'>quidem</span> <span class='ocrx_word' id='word_1_1005' title='bbox 1994 1826 2036 1860; x_wconf 84' lang='lat' dir='ltr'>est</span> <span class='ocrx_word' id='word_1_1006' title='bbox 2061 1827 2170 1867; x_wconf 88' lang='lat' dir='ltr'>impe-</span> 
     </span>
     <span class='ocr_line' id='line_1_122' title="bbox 1148 1868 2167 1913; baseline -0.002 -10"><span class='ocrx_word' id='word_1_1007' title='bbox 1148 1882 1201 1904; x_wconf 83' lang='lat' dir='ltr'>tus</span> <span class='ocrx_word' id='word_1_1008' title='bbox 1225 1869 1386 1903; x_wconf 77' lang='lat' dir='ltr'>effluentis</span> <span class='ocrx_word' id='word_1_1009' title='bbox 1412 1871 1572 1911; x_wconf 69' lang='lat' dir='ltr'>sanguinis</span> <span class='ocrx_word' id='word_1_1010' title='bbox 1598 1882 1607 1908; x_wconf 82' lang='lat'>3</span> <span class='ocrx_word' id='word_1_1011' title='bbox 1642 1868 1692 1901; x_wconf 89' lang='lat' dir='ltr'>sed</span> <span class='ocrx_word' id='word_1_1012' title='bbox 1718 1878 1825 1902; x_wconf 80' lang='lat' dir='ltr'>tamen</span> <span class='ocrx_word' id='word_1_1013' title='bbox 1861 1871 1894 1902; x_wconf 92' lang='lat' dir='ltr'>in</span> <span class='ocrx_word' id='word_1_1014' title='bbox 1920 1873 2027 1913; x_wconf 91' lang='lat' dir='ltr'>primo</span> <span class='ocrx_word' id='word_1_1015' title='bbox 2060 1881 2134 1903; x_wconf 80' lang='lat' dir='ltr'>cane</span> <span class='ocrx_word' id='word_1_1016' title='bbox 2158 1895 2167 1909; x_wconf 85' lang='lat'>‚</span> 
     </span>
     <span class='ocr_line' id='line_1_123' title="bbox 1146 1910 2170 1958; baseline -0.003 -10"><span class='ocrx_word' id='word_1_1017' title='bbox 1146 1916 1206 1958; x_wconf 84' lang='lat' dir='ltr'>qui</span> <span class='ocrx_word' id='word_1_1018' title='bbox 1233 1915 1374 1956; x_wconf 75' lang='lat' dir='ltr'>vegetior</span> <span class='ocrx_word' id='word_1_1019' title='bbox 1397 1923 1487 1953; x_wconf 84' lang='lat' dir='ltr'>erat,</span> <span class='ocrx_word' id='word_1_1020' title='bbox 1511 1924 1574 1945; x_wconf 86' lang='lat' dir='ltr'>non</span> <span class='ocrx_word' id='word_1_1021' title='bbox 1598 1910 1720 1946; x_wconf 76' lang='lat' dir='ltr'>destitit</span> <span class='ocrx_word' id='word_1_1022' title='bbox 1745 1925 1819 1946; x_wconf 87' lang='lat' dir='ltr'>cum</span> <span class='ocrx_word' id='word_1_1023' title='bbox 1844 1912 1926 1947; x_wconf 87' lang='lat' dir='ltr'>saltu</span> <span class='ocrx_word' id='word_1_1024' title='bbox 1950 1915 2061 1956; x_wconf 80' lang='lat' dir='ltr'>aliquo</span> <span class='ocrx_word' id='word_1_1025' title='bbox 2078 1938 2089 1953; x_wconf 87' lang='lat'>‚</span> <span class='ocrx_word' id='word_1_1026' title='bbox 2113 1925 2170 1946; x_wconf 90' lang='lat' dir='ltr'>co-</span> 
     </span>
     <span class='ocr_line' id='line_1_124' title="bbox 1147 1956 2169 2000; baseline 0 -11"><span class='ocrx_word' id='word_1_1027' title='bbox 1147 1957 1301 2000; x_wconf 83' lang='lat' dir='ltr'>pioseque</span> <span class='ocrx_word' id='word_1_1028' title='bbox 1326 1956 1457 1991; x_wconf 78' lang='lat' dir='ltr'>ess-luere</span> <span class='ocrx_word' id='word_1_1029' title='bbox 1485 1982 1492 1995; x_wconf 97' lang='lat'>,</span> <span class='ocrx_word' id='word_1_1030' title='bbox 1517 1959 1548 1989; x_wconf 46' lang='grc' dir='ltr'>ὃς</span> <span class='ocrx_word' id='word_1_1031' title='bbox 1575 1959 1606 1988; x_wconf 87' lang='lat' dir='ltr'>in</span> <span class='ocrx_word' id='word_1_1032' title='bbox 1634 1966 1748 1990; x_wconf 88' lang='lat' dir='ltr'>neutro</span> <span class='ocrx_word' id='word_1_1033' title='bbox 1772 1959 1930 1999; x_wconf 75' lang='lat' dir='ltr'>guttatim</span> <span class='ocrx_word' id='word_1_1034' title='bbox 1955 1982 1962 1996; x_wconf 90' lang='lat'>,</span> <span class='ocrx_word' id='word_1_1035' title='bbox 1999 1958 2169 2000; x_wconf 84' lang='lat' dir='ltr'>multoque</span> 
     </span>
     <span class='ocr_line' id='line_1_125' title="bbox 1147 1999 2171 2043; baseline -0.001 -9"><span class='ocrx_word' id='word_1_1036' title='bbox 1147 2003 1254 2034; x_wconf 82' lang='lat' dir='ltr'>minus</span> <span class='ocrx_word' id='word_1_1037' title='bbox 1278 2001 1369 2034; x_wconf 90' lang='lat' dir='ltr'>nullo</span> <span class='ocrx_word' id='word_1_1038' title='bbox 1394 1999 1492 2033; x_wconf 87' lang='lat' dir='ltr'>modo</span> <span class='ocrx_word' id='word_1_1039' title='bbox 1517 1999 1691 2034; x_wconf 76' lang='lat' dir='ltr'>exstillavit</span> <span class='ocrx_word' id='word_1_1040' title='bbox 1717 2012 1725 2033; x_wconf 93' lang='lat'>.·</span> <span class='ocrx_word' id='word_1_1041' title='bbox 1751 2011 1852 2043; x_wconf 86' lang='lat' dir='ltr'>neque</span> <span class='ocrx_word' id='word_1_1042' title='bbox 1877 2011 1946 2034; x_wconf 84' lang='lat' dir='ltr'>ante</span> <span class='ocrx_word' id='word_1_1043' title='bbox 1970 2003 2081 2043; x_wconf 88' lang='lat' dir='ltr'>potuit</span> <span class='ocrx_word' id='word_1_1044' title='bbox 2107 2001 2171 2034; x_wconf 79' lang='lat' dir='ltr'>Hu-</span> 
     </span>
     <span class='ocr_line' id='line_1_126' title="bbox 1148 2044 2168 2086; baseline -0.002 -8"><span class='ocrx_word' id='word_1_1045' title='bbox 1148 2055 1210 2078; x_wconf 81' lang='lat' dir='ltr'>xus</span> <span class='ocrx_word' id='word_1_1046' title='bbox 1244 2046 1379 2076; x_wconf 75' lang='lat' dir='ltr'>omnino</span> <span class='ocrx_word' id='word_1_1047' title='bbox 1415 2044 1575 2086; x_wconf 81' lang='lat' dir='ltr'>compesci</span> <span class='ocrx_word' id='word_1_1048' title='bbox 1607 2055 1703 2085; x_wconf 86' lang='lat' dir='ltr'>quam</span> <span class='ocrx_word' id='word_1_1049' title='bbox 1737 2044 1903 2077; x_wconf 87' lang='lat' dir='ltr'>vinculum</span> <span class='ocrx_word' id='word_1_1050' title='bbox 1939 2044 1995 2079; x_wconf 83' lang='lat' dir='ltr'>sub</span> <span class='ocrx_word' id='word_1_1051' title='bbox 2037 2045 2168 2078; x_wconf 85' lang='lat' dir='ltr'>elevatis</span> 
     </span>
     <span class='ocr_line' id='line_1_127' title="bbox 1147 2086 2170 2131; baseline 0 -11"><span class='ocrx_word' id='word_1_1052' title='bbox 1147 2086 1302 2121; x_wconf 83' lang='lat' dir='ltr'>nonnihil</span> <span class='ocrx_word' id='word_1_1053' title='bbox 1328 2089 1441 2120; x_wconf 86' lang='lat' dir='ltr'>arteria</span> <span class='ocrx_word' id='word_1_1054' title='bbox 1457 2111 1467 2126; x_wconf 90' lang='lat'>,</span> <span class='ocrx_word' id='word_1_1055' title='bbox 1492 2098 1656 2130; x_wconf 84' lang='lat' dir='ltr'>venaque,</span> <span class='ocrx_word' id='word_1_1056' title='bbox 1680 2097 1715 2121; x_wconf 83' lang='lat' dir='ltr'>ut</span> <span class='ocrx_word' id='word_1_1057' title='bbox 1740 2088 1773 2120; x_wconf 92' lang='lat' dir='ltr'>in</span> <span class='ocrx_word' id='word_1_1058' title='bbox 1799 2088 1913 2121; x_wconf 80' lang='lat' dir='ltr'>Walaei</span> <span class='ocrx_word' id='word_1_1059' title='bbox 1939 2090 2055 2131; x_wconf 71' lang='lat' dir='ltr'>Figura</span> <span class='ocrx_word' id='word_1_1060' title='bbox 2079 2091 2093 2128; x_wconf 88' lang='lat'><strong>(</strong></span> <span class='ocrx_word' id='word_1_1061' title='bbox 2115 2099 2134 2120; x_wconf 84' lang='lat' dir='ltr'>n</span> <span class='ocrx_word' id='word_1_1062' title='bbox 2156 2092 2170 2130; x_wconf 85' lang='lat'>)</span> 
     </span>
     <span class='ocr_line' id='line_1_128' title="bbox 1146 2129 2168 2176; baseline 0.001 -13"><span class='ocrx_word' id='word_1_1063' title='bbox 1146 2129 1259 2168; x_wconf 80' lang='lat' dir='ltr'>vides,</span> <span class='ocrx_word' id='word_1_1064' title='bbox 1285 2130 1492 2170; x_wconf 62' lang='lat' dir='ltr'>traductum,</span> <span class='ocrx_word' id='word_1_1065' title='bbox 1516 2131 1599 2165; x_wconf 62' lang='lat' dir='ltr'>arete</span> <span class='ocrx_word' id='word_1_1066' title='bbox 1623 2132 1747 2163; x_wconf 83' lang='lat' dir='ltr'>circum</span> <span class='ocrx_word' id='word_1_1067' title='bbox 1772 2130 1878 2165; x_wconf 88' lang='lat' dir='ltr'>femur</span> <span class='ocrx_word' id='word_1_1068' title='bbox 1904 2132 2058 2175; x_wconf 76' lang='lat' dir='ltr'>adstringi</span> <span class='ocrx_word' id='word_1_1069' title='bbox 2073 2131 2168 2176; x_wconf 82' lang='lat' dir='ltr'>jube-</span> 
     </span>
     <span class='ocr_line' id='line_1_129' title="bbox 1150 2175 2171 2219; baseline 0.003 -14"><span class='ocrx_word' id='word_1_1070' title='bbox 1150 2185 1216 2206; x_wconf 77' lang='lat' dir='ltr'>rern</span> <span class='ocrx_word' id='word_1_1071' title='bbox 1242 2176 1275 2205; x_wconf 91' lang='lat' dir='ltr'>in</span> <span class='ocrx_word' id='word_1_1072' title='bbox 1299 2185 1373 2207; x_wconf 77' lang='lat' dir='ltr'>cane</span> <span class='ocrx_word' id='word_1_1073' title='bbox 1398 2175 1498 2207; x_wconf 82' lang='lat' dir='ltr'>altero</span> <span class='ocrx_word' id='word_1_1074' title='bbox 1520 2199 1527 2206; x_wconf 94' lang='lat'><strong><em>.</em></strong></span> <span class='ocrx_word' id='word_1_1075' title='bbox 1563 2176 1651 2208; x_wconf 91' lang='lat' dir='ltr'>Cum</span> <span class='ocrx_word' id='word_1_1076' title='bbox 1674 2176 1759 2208; x_wconf 86' lang='lat' dir='ltr'>enim</span> <span class='ocrx_word' id='word_1_1077' title='bbox 1783 2175 1816 2207; x_wconf 89' lang='lat' dir='ltr'>in</span> <span class='ocrx_word' id='word_1_1078' title='bbox 1854 2175 1917 2208; x_wconf 90' lang='lat' dir='ltr'>hoc</span> <span class='ocrx_word' id='word_1_1079' title='bbox 1942 2188 2070 2219; x_wconf 85' lang='lat' dir='ltr'>quoque</span> <span class='ocrx_word' id='word_1_1080' title='bbox 2093 2187 2171 2209; x_wconf 87' lang='lat' dir='ltr'>eun-</span> 
     </span>
     <span class='ocr_line' id='line_1_130' title="bbox 1150 2217 2170 2259; baseline 0.004 -11"><span class='ocrx_word' id='word_1_1081' title='bbox 1150 2217 1223 2249; x_wconf 84' lang='lat' dir='ltr'>dem</span> <span class='ocrx_word' id='word_1_1082' title='bbox 1248 2218 1457 2259; x_wconf 81' lang='lat' dir='ltr'>experimenti</span> <span class='ocrx_word' id='word_1_1083' title='bbox 1482 2217 1539 2251; x_wconf 88' lang='lat' dir='ltr'>esse</span> <span class='ocrx_word' id='word_1_1084' title='bbox 1562 2220 1686 2250; x_wconf 84' lang='lat' dir='ltr'>exitum</span> <span class='ocrx_word' id='word_1_1085' title='bbox 1708 2242 1720 2257; x_wconf 83' lang='lat'>,</span> <span class='ocrx_word' id='word_1_1086' title='bbox 1751 2218 2036 2253; x_wconf 76' lang='lat' dir='ltr'>animadverterem</span> <span class='ocrx_word' id='word_1_1087' title='bbox 2060 2232 2070 2258; x_wconf 87' lang='lat'>;</span> <span class='ocrx_word' id='word_1_1088' title='bbox 2105 2230 2170 2252; x_wconf 89' lang='lat' dir='ltr'>non</span> 
     </span>
     <span class='ocr_line' id='line_1_131' title="bbox 1150 2259 2172 2303; baseline 0.004 -11"><span class='ocrx_word' id='word_1_1089' title='bbox 1150 2260 1323 2299; x_wconf 84' lang='lat' dir='ltr'>dubitavi,</span> <span class='ocrx_word' id='word_1_1090' title='bbox 1349 2262 1544 2303; x_wconf 86' lang='lat' dir='ltr'>Pecquetum</span> <span class='ocrx_word' id='word_1_1091' title='bbox 1580 2259 1665 2293; x_wconf 89' lang='lat' dir='ltr'>forte</span> <span class='ocrx_word' id='word_1_1092' title='bbox 1690 2262 1723 2293; x_wconf 89' lang='lat' dir='ltr'>in</span> <span class='ocrx_word' id='word_1_1093' title='bbox 1757 2273 1829 2296; x_wconf 90' lang='lat' dir='ltr'>eum</span> <span class='ocrx_word' id='word_1_1094' title='bbox 1850 2274 1962 2296; x_wconf 91' lang='lat' dir='ltr'>canem</span> <span class='ocrx_word' id='word_1_1095' title='bbox 1986 2261 2132 2297; x_wconf 80' lang='lat' dir='ltr'>incidisse</span> <span class='ocrx_word' id='word_1_1096' title='bbox 2161 2288 2172 2302; x_wconf 95' lang='lat'>,</span> 
     </span>
     <span class='ocr_line' id='line_1_132' title="bbox 1149 2303 2169 2350; baseline 0.005 -15"><span class='ocrx_word' id='word_1_1097' title='bbox 1149 2304 1185 2336; x_wconf 87' lang='lat' dir='ltr'>in</span> <span class='ocrx_word' id='word_1_1098' title='bbox 1207 2315 1274 2346; x_wconf 80' lang='lat' dir='ltr'>quo</span> <span class='ocrx_word' id='word_1_1099' title='bbox 1295 2315 1370 2336; x_wconf 77' lang='lat' dir='ltr'>curn</span> <span class='ocrx_word' id='word_1_1100' title='bbox 1393 2305 1577 2342; x_wconf 80' lang='lat' dir='ltr'>tenuiores,</span> <span class='ocrx_word' id='word_1_1101' title='bbox 1606 2304 1831 2347; x_wconf 82' lang='lat' dir='ltr'>paucioresque</span> <span class='ocrx_word' id='word_1_1102' title='bbox 1854 2303 1949 2339; x_wconf 79' lang='lat' dir='ltr'>essent</span> <span class='ocrx_word' id='word_1_1103' title='bbox 1973 2330 1981 2344; x_wconf 93' lang='lat'>,</span> <span class='ocrx_word' id='word_1_1104' title='bbox 2014 2318 2112 2350; x_wconf 83' lang='lat' dir='ltr'>quam</span> <span class='ocrx_word' id='word_1_1105' title='bbox 2134 2307 2169 2340; x_wconf 89' lang='lat' dir='ltr'>in</span> 
     </span>
     <span class='ocr_line' id='line_1_133' title="bbox 1149 2345 2171 2392; baseline 0.006 -14"><span class='ocrx_word' id='word_1_1106' title='bbox 1149 2345 1289 2385; x_wconf 83' lang='lat' dir='ltr'>nostris,</span> <span class='ocrx_word' id='word_1_1107' title='bbox 1313 2348 1395 2379; x_wconf 79' lang='lat' dir='ltr'>rami</span> <span class='ocrx_word' id='word_1_1108' title='bbox 1419 2347 1476 2380; x_wconf 86' lang='lat' dir='ltr'>alii</span> <span class='ocrx_word' id='word_1_1109' title='bbox 1501 2350 1557 2389; x_wconf 87' lang='lat' dir='ltr'>qui</span> <span class='ocrx_word' id='word_1_1110' title='bbox 1583 2348 1620 2379; x_wconf 87' lang='lat' dir='ltr'>ab</span> <span class='ocrx_word' id='word_1_1111' title='bbox 1653 2348 1771 2380; x_wconf 82' lang='lat' dir='ltr'>arteria</span> <span class='ocrx_word' id='word_1_1112' title='bbox 1795 2348 1886 2391; x_wconf 87' lang='lat' dir='ltr'>supra</span> <span class='ocrx_word' id='word_1_1113' title='bbox 1920 2350 2093 2392; x_wconf 78' lang='lat' dir='ltr'>ligaturam</span> <span class='ocrx_word' id='word_1_1114' title='bbox 2117 2361 2171 2383; x_wconf 87' lang='lat' dir='ltr'>or-</span> 
     </span>
     <span class='ocr_line' id='line_1_134' title="bbox 1151 2391 2168 2437; baseline 0.007 -16"><span class='ocrx_word' id='word_1_1115' title='bbox 1151 2391 1202 2427; x_wconf 88' lang='lat' dir='ltr'>ti,</span> <span class='ocrx_word' id='word_1_1116' title='bbox 1226 2401 1301 2423; x_wconf 90' lang='lat' dir='ltr'>cum</span> <span class='ocrx_word' id='word_1_1117' title='bbox 1327 2391 1460 2424; x_wconf 85' lang='lat' dir='ltr'>Crurali</span> <span class='ocrx_word' id='word_1_1118' title='bbox 1484 2401 1561 2423; x_wconf 84' lang='lat' dir='ltr'>vena</span> <span class='ocrx_word' id='word_1_1119' title='bbox 1586 2393 1864 2425; x_wconf 81' lang='lat' dir='ltr'>communicarent</span> <span class='ocrx_word' id='word_1_1120' title='bbox 1887 2415 1896 2430; x_wconf 93' lang='lat'><em>‚</em></span> <span class='ocrx_word' id='word_1_1121' title='bbox 1921 2393 2009 2428; x_wconf 90' lang='lat' dir='ltr'>aliud</span> <span class='ocrx_word' id='word_1_1122' title='bbox 2034 2403 2168 2437; x_wconf 86' lang='lat' dir='ltr'>propte-</span> 
     </span>
     <span class='ocr_line' id='line_1_135' title="bbox 1152 2432 2168 2477; baseline 0.004 -12"><span class='ocrx_word' id='word_1_1123' title='bbox 1152 2444 1204 2466; x_wconf 86' lang='lat' dir='ltr'>rea</span> <span class='ocrx_word' id='word_1_1124' title='bbox 1227 2432 1309 2475; x_wconf 87' lang='lat' dir='ltr'>ipsi,</span> <span class='ocrx_word' id='word_1_1125' title='bbox 1334 2445 1367 2466; x_wconf 84' lang='lat' dir='ltr'>ac</span> <span class='ocrx_word' id='word_1_1126' title='bbox 1393 2435 1509 2471; x_wconf 87' lang='lat' dir='ltr'>nobis,</span> <span class='ocrx_word' id='word_1_1127' title='bbox 1534 2434 1641 2467; x_wconf 87' lang='lat' dir='ltr'>videre</span> <span class='ocrx_word' id='word_1_1128' title='bbox 1662 2435 1850 2477; x_wconf 67' lang='lat' dir='ltr'>contigisset</span> <span class='ocrx_word' id='word_1_1129' title='bbox 1874 2448 1881 2469; x_wconf 89' lang='lat'>:</span> <span class='ocrx_word' id='word_1_1130' title='bbox 1916 2447 1969 2471; x_wconf 86' lang='lat' dir='ltr'>aut</span> <span class='ocrx_word' id='word_1_1131' title='bbox 1995 2440 2096 2472; x_wconf 83' lang='lat' dir='ltr'>etiam</span> <span class='ocrx_word' id='word_1_1132' title='bbox 2121 2436 2168 2470; x_wconf 88' lang='lat' dir='ltr'>al-</span> 
     </span>
     <span class='ocr_line' id='line_1_136' title="bbox 1151 2474 2167 2526; baseline 0.007 -18"><span class='ocrx_word' id='word_1_1133' title='bbox 1151 2478 1218 2509; x_wconf 90' lang='lat' dir='ltr'>tius</span> <span class='ocrx_word' id='word_1_1134' title='bbox 1252 2474 1382 2510; x_wconf 82' lang='lat' dir='ltr'>fortasse</span> <span class='ocrx_word' id='word_1_1135' title='bbox 1415 2488 1512 2519; x_wconf 85' lang='lat' dir='ltr'>quam</span> <span class='ocrx_word' id='word_1_1136' title='bbox 1546 2489 1604 2510; x_wconf 81' lang='lat' dir='ltr'>nos</span> <span class='ocrx_word' id='word_1_1137' title='bbox 1639 2479 1696 2521; x_wconf 88' lang='lat' dir='ltr'>qui</span> <span class='ocrx_word' id='word_1_1138' title='bbox 1730 2479 1897 2520; x_wconf 87' lang='lat' dir='ltr'>aliquanto</span> <span class='ocrx_word' id='word_1_1139' title='bbox 1931 2479 2016 2514; x_wconf 86' lang='lat' dir='ltr'>infra</span> <span class='ocrx_word' id='word_1_1140' title='bbox 2049 2484 2167 2526; x_wconf 75' lang='lat' dir='ltr'>inguen</span> 
     </span>
     <span class='ocr_line' id='line_1_137' title="bbox 1150 2518 2168 2569; baseline 0.008 -17"><span class='ocrx_word' id='word_1_1141' title='bbox 1150 2519 1259 2561; x_wconf 85' lang='lat' dir='ltr'>spatio</span> <span class='ocrx_word' id='word_1_1142' title='bbox 1284 2518 1454 2562; x_wconf 83' lang='lat' dir='ltr'>injecimus</span> <span class='ocrx_word' id='word_1_1143' title='bbox 1473 2544 1485 2560; x_wconf 84' lang='lat'>,</span> <span class='ocrx_word' id='word_1_1144' title='bbox 1510 2522 1634 2553; x_wconf 70' lang='lat' dir='ltr'>arteriae</span> <span class='ocrx_word' id='word_1_1145' title='bbox 1660 2522 1826 2557; x_wconf 86' lang='lat' dir='ltr'>vinculum</span> <span class='ocrx_word' id='word_1_1146' title='bbox 1849 2522 1987 2566; x_wconf 75' lang='lat' dir='ltr'>injecisse</span> <span class='ocrx_word' id='word_1_1147' title='bbox 2009 2550 2016 2557; x_wconf 92' lang='lat'><strong><em>.</em></strong></span> <span class='ocrx_word' id='word_1_1148' title='bbox 2054 2529 2168 2569; x_wconf 85' lang='lat' dir='ltr'>Itaque</span> 
     </span>
     <span class='ocr_line' id='line_1_138' title="bbox 1150 2562 2167 2613; baseline 0.009 -19"><span class='ocrx_word' id='word_1_1149' title='bbox 1150 2562 1335 2604; x_wconf 75' lang='lat' dir='ltr'>intelligis,</span> <span class='ocrx_word' id='word_1_1150' title='bbox 1359 2574 1423 2596; x_wconf 89' lang='lat' dir='ltr'>non</span> <span class='ocrx_word' id='word_1_1151' title='bbox 1447 2562 1537 2598; x_wconf 77' lang='lat' dir='ltr'>fuisse</span> <span class='ocrx_word' id='word_1_1152' title='bbox 1563 2567 1723 2607; x_wconf 85' lang='lat' dir='ltr'>Pecqueto</span> <span class='ocrx_word' id='word_1_1153' title='bbox 1745 2568 1986 2608; x_wconf 88' lang='lat' dir='ltr'>omittendum,</span> <span class='ocrx_word' id='word_1_1154' title='bbox 2010 2581 2076 2613; x_wconf 89' lang='lat' dir='ltr'>quo</span> <span class='ocrx_word' id='word_1_1155' title='bbox 2094 2571 2167 2604; x_wconf 89' lang='lat' dir='ltr'>loco</span> 
     </span>
     <span class='ocr_line' id='line_1_139' title="bbox 1146 2605 2167 2650; baseline 0.012 -13"><span class='ocrx_word' id='word_1_1156' title='bbox 1146 2605 1319 2639; x_wconf 83' lang='lat' dir='ltr'>vincienda</span> <span class='ocrx_word' id='word_1_1157' title='bbox 1345 2608 1458 2640; x_wconf 85' lang='lat' dir='ltr'>arteria</span> <span class='ocrx_word' id='word_1_1158' title='bbox 1474 2633 1483 2646; x_wconf 84' lang='lat'>,</span> <span class='ocrx_word' id='word_1_1159' title='bbox 1509 2617 1563 2642; x_wconf 83' lang='lat' dir='ltr'>aut</span> <span class='ocrx_word' id='word_1_1160' title='bbox 1587 2606 1691 2642; x_wconf 87' lang='lat' dir='ltr'>femur</span> <span class='ocrx_word' id='word_1_1161' title='bbox 1714 2609 1813 2650; x_wconf 84' lang='lat' dir='ltr'>esset,</span> <span class='ocrx_word' id='word_1_1162' title='bbox 1839 2610 1859 2644; x_wconf 88' lang='lat' dir='ltr'>si</span> <span class='ocrx_word' id='word_1_1163' title='bbox 1885 2613 1984 2647; x_wconf 87' lang='lat' dir='ltr'>modo</span> <span class='ocrx_word' id='word_1_1164' title='bbox 1999 2615 2086 2650; x_wconf 88' lang='lat' dir='ltr'>idem</span> <span class='ocrx_word' id='word_1_1165' title='bbox 2111 2627 2167 2649; x_wconf 71' lang='lat' dir='ltr'>vo-</span> 
     </span>
     <span class='ocr_line' id='line_1_140' title="bbox 1150 2650 2167 2703; baseline 0.013 -22"><span class='ocrx_word' id='word_1_1166' title='bbox 1150 2650 1238 2682; x_wconf 83' lang='lat' dir='ltr'>lebat</span> <span class='ocrx_word' id='word_1_1167' title='bbox 1264 2650 1304 2699; x_wconf 74' lang='lat' dir='ltr'>ab</span> <span class='ocrx_word' id='word_1_1168' title='bbox 1327 2651 1396 2683; x_wconf 85' lang='lat' dir='ltr'>aliis</span> <span class='ocrx_word' id='word_1_1169' title='bbox 1421 2650 1585 2693; x_wconf 88' lang='lat' dir='ltr'>conspici,</span> <span class='ocrx_word' id='word_1_1170' title='bbox 1612 2652 1698 2695; x_wconf 85' lang='lat' dir='ltr'>quod</span> <span class='ocrx_word' id='word_1_1171' title='bbox 1724 2652 1789 2695; x_wconf 85' lang='lat' dir='ltr'>ipse</span> <span class='ocrx_word' id='word_1_1172' title='bbox 1802 2654 2039 2697; x_wconf 82' lang='lat' dir='ltr'>conspexisset.-</span> <span class='ocrx_word' id='word_1_1173' title='bbox 2064 2672 2167 2703; x_wconf 87' lang='lat' dir='ltr'>quan-</span> 
     </span>
     <span class='ocr_line' id='line_1_141' title="bbox 1149 2694 2163 2744; baseline 0.012 -19"><span class='ocrx_word' id='word_1_1174' title='bbox 1149 2703 1247 2734; x_wconf 86' lang='lat' dir='ltr'>quam</span> <span class='ocrx_word' id='word_1_1175' title='bbox 1276 2694 1437 2728; x_wconf 89' lang='lat' dir='ltr'>1nterdum</span> <span class='ocrx_word' id='word_1_1176' title='bbox 1461 2697 1672 2737; x_wconf 80' lang='lat' dir='ltr'>experimenti</span> <span class='ocrx_word' id='word_1_1177' title='bbox 1698 2697 1831 2739; x_wconf 72' lang='lat' dir='ltr'>alicujus</span> <span class='ocrx_word' id='word_1_1178' title='bbox 1865 2701 2001 2741; x_wconf 60' lang='lat' dir='ltr'>austor,</span> <span class='ocrx_word' id='word_1_1179' title='bbox 2025 2713 2060 2737; x_wconf 89' lang='lat' dir='ltr'>ut</span> <span class='ocrx_word' id='word_1_1180' title='bbox 2088 2714 2163 2744; x_wconf 79' lang='lat' dir='ltr'>puta</span> 
     </span>
     <span class='ocr_line' id='line_1_142' title="bbox 1149 2735 2165 2782; baseline 0.006 -12"><span class='ocrx_word' id='word_1_1181' title='bbox 1149 2735 1325 2778; x_wconf 83' lang='lat' dir='ltr'>Valsalva,</span> <span class='ocrx_word' id='word_1_1182' title='bbox 1347 2738 1380 2771; x_wconf 87' lang='lat' dir='ltr'>in</span> <span class='ocrx_word' id='word_1_1183' title='bbox 1404 2750 1441 2770; x_wconf 87' lang='lat' dir='ltr'>eo</span> <span class='ocrx_word' id='word_1_1184' title='bbox 1465 2738 1678 2782; x_wconf 87' lang='lat' dir='ltr'>proponendo</span> <span class='ocrx_word' id='word_1_1185' title='bbox 1702 2739 1784 2773; x_wconf 90' lang='lat' dir='ltr'>nihil</span> <span class='ocrx_word' id='word_1_1186' title='bbox 1808 2741 1917 2775; x_wconf 86' lang='lat' dir='ltr'>omisit</span> <span class='ocrx_word' id='word_1_1187' title='bbox 1941 2758 1950 2781; x_wconf 72' lang='grc' dir='ltr'>ς</span> <span class='ocrx_word' id='word_1_1188' title='bbox 1973 2744 2093 2779; x_wconf 74' lang='lat' dir='ltr'>frustra</span> <span class='ocrx_word' id='word_1_1189' title='bbox 2114 2757 2165 2782; x_wconf 83' lang='lat' dir='ltr'>ta-</span> 
     </span>
     <span class='ocr_line' id='line_1_143' title="bbox 1149 2783 2164 2833; baseline 0.013 -21"><span class='ocrx_word' id='word_1_1190' title='bbox 1149 2791 1245 2819; x_wconf 80' lang='lat' dir='ltr'>men5</span> <span class='ocrx_word' id='word_1_1191' title='bbox 1269 2792 1342 2814; x_wconf 86' lang='lat' dir='ltr'>nam</span> <span class='ocrx_word' id='word_1_1192' title='bbox 1366 2784 1422 2825; x_wconf 87' lang='lat' dir='ltr'>qui</span> <span class='ocrx_word' id='word_1_1193' title='bbox 1443 2792 1591 2824; x_wconf 86' lang='lat' dir='ltr'>repetunt</span> <span class='ocrx_word' id='word_1_1194' title='bbox 1613 2808 1621 2823; x_wconf 90' lang='lat'><em>‚</em></span> <span class='ocrx_word' id='word_1_1195' title='bbox 1655 2783 1778 2825; x_wconf 85' lang='lat' dir='ltr'>aliquid</span> <span class='ocrx_word' id='word_1_1196' title='bbox 1802 2785 1969 2821; x_wconf 80' lang='lat' dir='ltr'>manifesto</span> <span class='ocrx_word' id='word_1_1197' title='bbox 2002 2799 2127 2825; x_wconf 85' lang='lat' dir='ltr'>mutant</span> <span class='ocrx_word' id='word_1_1198' title='bbox 2150 2816 2164 2833; x_wconf 86' lang='lat'>,</span> 
     </span>
     <span class='ocr_line' id='line_1_144' title="bbox 1150 2823 2164 2868; baseline 0.008 -12"><span class='ocrx_word' id='word_1_1199' title='bbox 1150 2826 1184 2856; x_wconf 86' lang='lat'>&amp;</span> <span class='ocrx_word' id='word_1_1200' title='bbox 1207 2823 1291 2867; x_wconf 85' lang='lat' dir='ltr'>quasi</span> <span class='ocrx_word' id='word_1_1201' title='bbox 1317 2825 1400 2859; x_wconf 91' lang='lat' dir='ltr'>nihil</span> <span class='ocrx_word' id='word_1_1202' title='bbox 1427 2826 1614 2866; x_wconf 77' lang='lat' dir='ltr'>mutassent,</span> <span class='ocrx_word' id='word_1_1203' title='bbox 1638 2829 1890 2868; x_wconf 81' lang='lat' dir='ltr'>experimentum</span> <span class='ocrx_word' id='word_1_1204' title='bbox 1923 2830 1982 2864; x_wconf 88' lang='lat' dir='ltr'>sibi</span> <span class='ocrx_word' id='word_1_1205' title='bbox 2016 2843 2080 2866; x_wconf 93' lang='lat' dir='ltr'>non</span> <span class='ocrx_word' id='word_1_1206' title='bbox 2111 2847 2164 2868; x_wconf 85' lang='lat' dir='ltr'>re-</span> 
     </span>
     <span class='ocr_line' id='line_1_145' title="bbox 1151 2866 2160 2919; baseline 0.012 -20"><span class='ocrx_word' id='word_1_1207' title='bbox 1151 2866 1335 2909; x_wconf 83' lang='lat' dir='ltr'>spondilse,</span> <span class='ocrx_word' id='word_1_1208' title='bbox 1360 2871 1515 2903; x_wconf 82' lang='lat' dir='ltr'>mirantur</span> <span class='ocrx_word' id='word_1_1209' title='bbox 1537 2869 1544 2903; x_wconf 85' lang='lat' dir='ltr'>l</span> <span class='ocrx_word' id='word_1_1210' title='bbox 1576 2869 1635 2904; x_wconf 88' lang='lat' dir='ltr'>Sed</span> <span class='ocrx_word' id='word_1_1211' title='bbox 1658 2868 1725 2903; x_wconf 77' lang='lat' dir='ltr'>haec</span> <span class='ocrx_word' id='word_1_1212' title='bbox 1750 2880 1803 2905; x_wconf 88' lang='lat' dir='ltr'>aut</span> <span class='ocrx_word' id='word_1_1213' title='bbox 1829 2874 1906 2906; x_wconf 86' lang='lat' dir='ltr'>alias</span> <span class='ocrx_word' id='word_1_1214' title='bbox 1929 2896 1939 2913; x_wconf 92' lang='lat'>‚</span> <span class='ocrx_word' id='word_1_1215' title='bbox 1971 2884 2026 2909; x_wconf 86' lang='lat' dir='ltr'>aut</span> <span class='ocrx_word' id='word_1_1216' title='bbox 2049 2880 2160 2919; x_wconf 85' lang='lat' dir='ltr'>potius</span> 
     </span>
     <span class='ocr_line' id='line_1_146' title="bbox 1151 2921 1341 2953; baseline 0 -10"><span class='ocrx_word' id='word_1_1217' title='bbox 1151 2921 1318 2953; x_wconf 88' lang='lat' dir='ltr'>nunqu-am</span> <span class='ocrx_word' id='word_1_1218' title='bbox 1334 2937 1341 2943; x_wconf 87' lang='lat'><strong>.</strong></span> 
     </span>
    </p>

    <p class='ocr_par' dir='ltr' id='par_1_12' title="bbox 1150 2955 2162 3576">
     <span class='ocr_line' id='line_1_147' title="bbox 1194 2955 2161 3008; baseline 0.016 -23"><span class='ocrx_word' id='word_1_1219' title='bbox 1194 2965 1246 2997; x_wconf 87' lang='lat'>31.</span> <span class='ocrx_word' id='word_1_1220' title='bbox 1272 2956 1391 3003; x_wconf 70' lang='lat' dir='ltr'>Credas</span> <span class='ocrx_word' id='word_1_1221' title='bbox 1418 2955 1542 2990; x_wconf 75' lang='lat' dir='ltr'>fortasse</span> <span class='ocrx_word' id='word_1_1222' title='bbox 1557 2981 1569 2996; x_wconf 83' lang='lat'><em>‚</em></span> <span class='ocrx_word' id='word_1_1223' title='bbox 1593 2968 1643 2990; x_wconf 89' lang='lat' dir='ltr'>me</span> <span class='ocrx_word' id='word_1_1224' title='bbox 1667 2958 1796 3001; x_wconf 75' lang='lat' dir='ltr'>longius</span> <span class='ocrx_word' id='word_1_1225' title='bbox 1818 2972 1914 3004; x_wconf 82' lang='lat' dir='ltr'>quam</span> <span class='ocrx_word' id='word_1_1226' title='bbox 1936 2964 2126 3006; x_wconf 83' lang='lat' dir='ltr'>oportuisset</span> <span class='ocrx_word' id='word_1_1227' title='bbox 2148 2991 2161 3008; x_wconf 83' lang='lat'><em>‚</em></span> 
     </span>
     <span class='ocr_line' id='line_1_148' title="bbox 1150 2998 2162 3047; baseline 0.014 -17"><span class='ocrx_word' id='word_1_1228' title='bbox 1150 3009 1166 3031; x_wconf 84' lang='lat' dir='ltr'>a</span> <span class='ocrx_word' id='word_1_1229' title='bbox 1189 3002 1355 3041; x_wconf 81' lang='lat' dir='ltr'>proposito</span> <span class='ocrx_word' id='word_1_1230' title='bbox 1379 2998 1436 3032; x_wconf 76' lang='lat' dir='ltr'>esse</span> <span class='ocrx_word' id='word_1_1231' title='bbox 1458 3000 1628 3041; x_wconf 76' lang='lat' dir='ltr'>digressum</span> <span class='ocrx_word' id='word_1_1232' title='bbox 1648 3026 1654 3032; x_wconf 88' lang='lat'><em>.</em></span> <span class='ocrx_word' id='word_1_1233' title='bbox 1691 3003 1807 3046; x_wconf 85' lang='lat' dir='ltr'>Neque</span> <span class='ocrx_word' id='word_1_1234' title='bbox 1829 3003 1978 3047; x_wconf 71' lang='lat' dir='ltr'>digressus</span> <span class='ocrx_word' id='word_1_1235' title='bbox 2013 3008 2079 3043; x_wconf 90' lang='lat' dir='ltr'>sum</span> <span class='ocrx_word' id='word_1_1236' title='bbox 2113 3019 2162 3043; x_wconf 88' lang='lat' dir='ltr'>ta-</span> 
     </span>
     <span class='ocr_line' id='line_1_149' title="bbox 1151 3044 2160 3092; baseline 0.008 -18"><span class='ocrx_word' id='word_1_1237' title='bbox 1151 3053 1243 3075; x_wconf 88' lang='lat' dir='ltr'>men.</span> <span class='ocrx_word' id='word_1_1238' title='bbox 1270 3044 1348 3075; x_wconf 83' lang='lat' dir='ltr'>Erat</span> <span class='ocrx_word' id='word_1_1239' title='bbox 1372 3044 1457 3076; x_wconf 87' lang='lat' dir='ltr'>enirn</span> <span class='ocrx_word' id='word_1_1240' title='bbox 1481 3045 1681 3087; x_wconf 88' lang='lat' dir='ltr'>propositum</span> <span class='ocrx_word' id='word_1_1241' title='bbox 1705 3071 1713 3085; x_wconf 98' lang='lat'>,</span> <span class='ocrx_word' id='word_1_1242' title='bbox 1746 3056 1782 3080; x_wconf 90' lang='lat' dir='ltr'>ut</span> <span class='ocrx_word' id='word_1_1243' title='bbox 1807 3044 1972 3092; x_wconf 78' lang='lat' dir='ltr'>postquam</span> <span class='ocrx_word' id='word_1_1244' title='bbox 2006 3051 2045 3086; x_wconf 89' lang='lat' dir='ltr'>de</span> <span class='ocrx_word' id='word_1_1245' title='bbox 2079 3064 2160 3087; x_wconf 72' lang='lat' dir='ltr'>arre-</span> 
     </span>
     <span class='ocr_line' id='line_1_150' title="bbox 1150 3086 2160 3141; baseline 0.014 -23"><span class='ocrx_word' id='word_1_1246' title='bbox 1150 3096 1271 3120; x_wconf 75' lang='lat' dir='ltr'>1‘1arum</span> <span class='ocrx_word' id='word_1_1247' title='bbox 1293 3086 1488 3121; x_wconf 83' lang='lat' dir='ltr'>Catotidurn</span> <span class='ocrx_word' id='word_1_1248' title='bbox 1513 3088 1650 3130; x_wconf 81' lang='lat' dir='ltr'>ligatura</span> <span class='ocrx_word' id='word_1_1249' title='bbox 1673 3089 1791 3123; x_wconf 86' lang='lat' dir='ltr'>Galeni</span> <span class='ocrx_word' id='word_1_1250' title='bbox 1815 3096 2071 3135; x_wconf 84' lang='lat' dir='ltr'>experimentum</span> <span class='ocrx_word' id='word_1_1251' title='bbox 2089 3109 2160 3141; x_wconf 88' lang='lat' dir='ltr'>per-</span> 
     </span>
     <span class='ocr_line' id='line_1_151' title="bbox 1156 3130 2158 3181; baseline 0.007 -19"><span class='ocrx_word' id='word_1_1252' title='bbox 1156 3130 1324 3169; x_wconf 86' lang='lat' dir='ltr'>penderam</span> <span class='ocrx_word' id='word_1_1253' title='bbox 1345 3156 1352 3169; x_wconf 86' lang='lat'>,</span> <span class='ocrx_word' id='word_1_1254' title='bbox 1389 3131 1425 3163; x_wconf 86' lang='lat' dir='ltr'>de</span> <span class='ocrx_word' id='word_1_1255' title='bbox 1450 3131 1552 3164; x_wconf 84' lang='lat' dir='ltr'>altero</span> <span class='ocrx_word' id='word_1_1256' title='bbox 1574 3131 1711 3174; x_wconf 79' lang='lat' dir='ltr'>ejusdem</span> <span class='ocrx_word' id='word_1_1257' title='bbox 1737 3134 1877 3168; x_wconf 87' lang='lat' dir='ltr'>viderem</span> <span class='ocrx_word' id='word_1_1258' title='bbox 1901 3138 1989 3181; x_wconf 86' lang='lat' dir='ltr'>quod</span> <span class='ocrx_word' id='word_1_1259' title='bbox 2024 3143 2057 3173; x_wconf 89' lang='lat' dir='ltr'>in</span> <span class='ocrx_word' id='word_1_1260' title='bbox 2081 3151 2158 3174; x_wconf 89' lang='lat' dir='ltr'>con-</span> 
     </span>
     <span class='ocr_line' id='line_1_152' title="bbox 1153 3171 2159 3225; baseline 0.012 -20"><span class='ocrx_word' id='word_1_1261' title='bbox 1153 3171 1318 3207; x_wconf 63' lang='lat' dir='ltr'>striftione</span> <span class='ocrx_word' id='word_1_1262' title='bbox 1343 3177 1545 3207; x_wconf 87' lang='lat' dir='ltr'>Internarum</span> <span class='ocrx_word' id='word_1_1263' title='bbox 1577 3187 1726 3210; x_wconf 85' lang='lat' dir='ltr'>venarum</span> <span class='ocrx_word' id='word_1_1264' title='bbox 1744 3178 1950 3221; x_wconf 59' lang='lat' dir='ltr'>Jugularium</span> <span class='ocrx_word' id='word_1_1265' title='bbox 1983 3182 2124 3217; x_wconf 88' lang='lat' dir='ltr'>consistit</span> <span class='ocrx_word' id='word_1_1266' title='bbox 2148 3209 2159 3225; x_wconf 84' lang='lat'>,</span> 
     </span>
     <span class='ocr_line' id='line_1_153' title="bbox 1152 3216 2157 3266; baseline 0.013 -17"><span class='ocrx_word' id='word_1_1267' title='bbox 1152 3217 1238 3250; x_wconf 84' lang='lat' dir='ltr'>nulla</span> <span class='ocrx_word' id='word_1_1268' title='bbox 1271 3218 1344 3252; x_wconf 86' lang='lat' dir='ltr'>inde</span> <span class='ocrx_word' id='word_1_1269' title='bbox 1367 3216 1528 3251; x_wconf 80' lang='lat' dir='ltr'>evidenter</span> <span class='ocrx_word' id='word_1_1270' title='bbox 1561 3229 1708 3262; x_wconf 87' lang='lat' dir='ltr'>pereunte</span> <span class='ocrx_word' id='word_1_1271' title='bbox 1739 3217 1932 3256; x_wconf 37' lang='lat' dir='ltr'>sun—&amp;iona</span> <span class='ocrx_word' id='word_1_1272' title='bbox 1969 3225 2069 3266; x_wconf 84' lang='lat' dir='ltr'>Qod</span> <span class='ocrx_word' id='word_1_1273' title='bbox 2101 3227 2157 3263; x_wconf 87' lang='lat' dir='ltr'>etsi</span> 
     </span>
     <span class='ocr_line' id='line_1_154' title="bbox 1152 3261 2157 3310; baseline 0.013 -18"><span class='ocrx_word' id='word_1_1274' title='bbox 1152 3261 1279 3295; x_wconf 89' lang='lat' dir='ltr'>creditu</span> <span class='ocrx_word' id='word_1_1275' title='bbox 1303 3261 1434 3295; x_wconf 83' lang='lat' dir='ltr'>difficile</span> <span class='ocrx_word' id='word_1_1276' title='bbox 1458 3261 1640 3302; x_wconf 83' lang='lat' dir='ltr'>videretur3</span> <span class='ocrx_word' id='word_1_1277' title='bbox 1663 3264 1734 3298; x_wconf 89' lang='lat' dir='ltr'>dedi</span> <span class='ocrx_word' id='word_1_1278' title='bbox 1759 3275 1866 3299; x_wconf 86' lang='lat' dir='ltr'>tamen</span> <span class='ocrx_word' id='word_1_1279' title='bbox 1889 3279 2039 3310; x_wconf 85' lang='lat' dir='ltr'>operam,</span> <span class='ocrx_word' id='word_1_1280' title='bbox 2062 3280 2097 3304; x_wconf 90' lang='lat' dir='ltr'>ut</span> <span class='ocrx_word' id='word_1_1281' title='bbox 2120 3282 2157 3305; x_wconf 91' lang='lat' dir='ltr'>o-</span> 
     </span>
     <span class='ocr_line' id='line_1_155' title="bbox 1152 3303 2156 3351; baseline 0.013 -15"><span class='ocrx_word' id='word_1_1282' title='bbox 1152 3303 1326 3338; x_wconf 86' lang='lat' dir='ltr'>stenderem</span> <span class='ocrx_word' id='word_1_1283' title='bbox 1348 3329 1359 3344; x_wconf 83' lang='lat'>,</span> <span class='ocrx_word' id='word_1_1284' title='bbox 1392 3316 1456 3337; x_wconf 92' lang='lat' dir='ltr'>non</span> <span class='ocrx_word' id='word_1_1285' title='bbox 1479 3304 1538 3339; x_wconf 85' lang='lat' dir='ltr'>esse</span> <span class='ocrx_word' id='word_1_1286' title='bbox 1561 3307 1649 3341; x_wconf 87' lang='lat' dir='ltr'>illius</span> <span class='ocrx_word' id='word_1_1287' title='bbox 1682 3311 1973 3351; x_wconf 81' lang='lat' dir='ltr'>experimentorum</span> <span class='ocrx_word' id='word_1_1288' title='bbox 1995 3311 2089 3347; x_wconf 87' lang='lat' dir='ltr'>fidem</span> <span class='ocrx_word' id='word_1_1289' title='bbox 2121 3317 2156 3349; x_wconf 93' lang='lat' dir='ltr'>in</span> 
     </span>
     <span class='ocr_line' id='line_1_156' title="bbox 1152 3348 2154 3400; baseline 0.011 -19"><span class='ocrx_word' id='word_1_1290' title='bbox 1152 3348 1288 3382; x_wconf 88' lang='lat' dir='ltr'>dubium</span> <span class='ocrx_word' id='word_1_1291' title='bbox 1313 3360 1512 3391; x_wconf 82' lang='lat' dir='ltr'>praepropere</span> <span class='ocrx_word' id='word_1_1292' title='bbox 1536 3351 1736 3391; x_wconf 88' lang='lat' dir='ltr'>vocandam;</span> <span class='ocrx_word' id='word_1_1293' title='bbox 1757 3351 1809 3386; x_wconf 82' lang='lat' dir='ltr'>sed</span> <span class='ocrx_word' id='word_1_1294' title='bbox 1820 3352 1992 3388; x_wconf 86' lang='lat' dir='ltr'>videndum</span> <span class='ocrx_word' id='word_1_1295' title='bbox 2017 3359 2154 3400; x_wconf 84' lang='lat' dir='ltr'>potius,</span> 
     </span>
     <span class='ocr_line' id='line_1_157' title="bbox 1153 3394 2156 3443; baseline 0.006 -19"><span class='ocrx_word' id='word_1_1296' title='bbox 1153 3403 1253 3432; x_wconf 88' lang='lat' dir='ltr'>num,</span> <span class='ocrx_word' id='word_1_1297' title='bbox 1277 3394 1425 3426; x_wconf 84' lang='lat' dir='ltr'>cautione</span> <span class='ocrx_word' id='word_1_1298' title='bbox 1447 3395 1598 3436; x_wconf 83' lang='lat' dir='ltr'>quapiam</span> <span class='ocrx_word' id='word_1_1299' title='bbox 1623 3395 1757 3435; x_wconf 84' lang='lat' dir='ltr'>omissa,</span> <span class='ocrx_word' id='word_1_1300' title='bbox 1782 3396 1903 3438; x_wconf 86' lang='lat' dir='ltr'>aliquid</span> <span class='ocrx_word' id='word_1_1301' title='bbox 1928 3398 2061 3433; x_wconf 85' lang='lat' dir='ltr'>humani</span> <span class='ocrx_word' id='word_1_1302' title='bbox 2086 3402 2156 3443; x_wconf 76' lang='lat' dir='ltr'>pas.</span> 
     </span>
     <span class='ocr_line' id='line_1_158' title="bbox 1155 3435 2153 3482; baseline 0.009 -13"><span class='ocrx_word' id='word_1_1303' title='bbox 1155 3435 1204 3470; x_wconf 86' lang='lat' dir='ltr'>sus</span> <span class='ocrx_word' id='word_1_1304' title='bbox 1227 3435 1264 3469; x_wconf 88' lang='lat' dir='ltr'>fit</span> <span class='ocrx_word' id='word_1_1305' title='bbox 1289 3462 1301 3478; x_wconf 86' lang='lat'><em>‚</em></span> <span class='ocrx_word' id='word_1_1306' title='bbox 1332 3446 1366 3469; x_wconf 89' lang='lat' dir='ltr'>ut</span> <span class='ocrx_word' id='word_1_1307' title='bbox 1392 3445 1468 3478; x_wconf 86' lang='lat' dir='ltr'>puta</span> <span class='ocrx_word' id='word_1_1308' title='bbox 1492 3436 1513 3470; x_wconf 78' lang='lat' dir='ltr'>si</span> <span class='ocrx_word' id='word_1_1309' title='bbox 1537 3436 1620 3472; x_wconf 88' lang='lat' dir='ltr'>forte</span> <span class='ocrx_word' id='word_1_1310' title='bbox 1644 3441 1684 3471; x_wconf 86' lang='lat' dir='ltr'>iis</span> <span class='ocrx_word' id='word_1_1311' title='bbox 1709 3439 1764 3471; x_wconf 81' lang='lat' dir='ltr'>vix</span> <span class='ocrx_word' id='word_1_1312' title='bbox 1787 3439 1896 3482; x_wconf 76' lang='lat' dir='ltr'>ligatis</span> <span class='ocrx_word' id='word_1_1313' title='bbox 1922 3444 2007 3476; x_wconf 83' lang='lat' dir='ltr'>venis</span> <span class='ocrx_word' id='word_1_1314' title='bbox 2029 3467 2038 3482; x_wconf 87' lang='lat'><em>‚</em></span> <span class='ocrx_word' id='word_1_1315' title='bbox 2075 3456 2153 3481; x_wconf 84' lang='lat' dir='ltr'>mox</span> 
     </span>
     <span class='ocr_line' id='line_1_159' title="bbox 1152 3478 2154 3524; baseline 0.008 -13"><span class='ocrx_word' id='word_1_1316' title='bbox 1152 3481 1281 3514; x_wconf 90' lang='lat' dir='ltr'>vincula</span> <span class='ocrx_word' id='word_1_1317' title='bbox 1305 3478 1507 3519; x_wconf 76' lang='lat' dir='ltr'>detraxisset,</span> <span class='ocrx_word' id='word_1_1318' title='bbox 1530 3492 1585 3513; x_wconf 86' lang='lat' dir='ltr'>ant</span> <span class='ocrx_word' id='word_1_1319' title='bbox 1610 3483 1725 3515; x_wconf 70' lang='lat' dir='ltr'>animal</span> <span class='ocrx_word' id='word_1_1320' title='bbox 1739 3483 1927 3524; x_wconf 76' lang='lat' dir='ltr'>occidisset,</span> <span class='ocrx_word' id='word_1_1321' title='bbox 1950 3484 2074 3521; x_wconf 86' lang='lat' dir='ltr'>securus</span> <span class='ocrx_word' id='word_1_1322' title='bbox 2098 3501 2154 3522; x_wconf 90' lang='lat' dir='ltr'>eo..</span> 
     </span>
     <span class='ocr_line' id='line_1_160' title="bbox 1153 3523 2154 3576; baseline 0.008 -19"><span class='ocrx_word' id='word_1_1323' title='bbox 1153 3534 1224 3558; x_wconf 88' lang='lat' dir='ltr'>rum</span> <span class='ocrx_word' id='word_1_1324' title='bbox 1256 3536 1326 3568; x_wconf 81' lang='lat' dir='ltr'>quae</span> <span class='ocrx_word' id='word_1_1325' title='bbox 1350 3525 1445 3567; x_wconf 83' lang='lat' dir='ltr'>paulo</span> <span class='ocrx_word' id='word_1_1326' title='bbox 1467 3523 1590 3560; x_wconf 87' lang='lat' dir='ltr'>diutius</span> <span class='ocrx_word' id='word_1_1327' title='bbox 1625 3526 1790 3569; x_wconf 68' lang='lat' dir='ltr'>protracfto</span> <span class='ocrx_word' id='word_1_1328' title='bbox 1813 3529 2032 3570; x_wconf 87' lang='lat' dir='ltr'>experimento</span> <span class='ocrx_word' id='word_1_1329' title='bbox 2067 3531 2154 3576; x_wconf 85' lang='lat' dir='ltr'>sequi</span> 
     </span>
    </p>
   </div>
   <div class='ocr_carea' id='block_1_12' title="bbox 2041 3574 2115 3618">
    <p class='ocr_par' dir='ltr' id='par_1_13' title="bbox 2041 3574 2115 3618">
     <span class='ocr_line' id='line_1_161' title="bbox 2041 3574 2115 3618; baseline 0 0"><span class='ocrx_word' id='word_1_1330' title='bbox 2041 3574 2115 3618; x_wconf 78' lang='lat' dir='ltr'>pos-</span> 
     </span>
    </p>
   </div>
   <div class='ocr_carea' id='block_1_13' title="bbox 1264 3768 1435 3798">
    <p class='ocr_par' dir='ltr' id='par_1_14' title="bbox 1264 3768 1435 3798">
     <span class='ocr_line' id='line_1_162' title="bbox 1264 3768 1435 3798; baseline -0.006 -6"><span class='ocrx_word' id='word_1_1331' title='bbox 1264 3768 1435 3798; x_wconf 80' lang='lat' dir='ltr'>(b)n.24.</span> 
     </span>
    </p>
   </div>
   <div class='ocr_carea' id='block_1_14' title="bbox 1324 3769 1946 3828">
    <p class='ocr_par' dir='ltr' id='par_1_15' title="bbox 1324 3769 1946 3828">
     <span class='ocr_line' id='line_1_163' title="bbox 1477 3769 1946 3803; baseline 0.006 -10"><span class='ocrx_word' id='word_1_1332' title='bbox 1477 3799 1484 3803; x_wconf 39' lang='lat'>‚</span> <span class='ocrx_word' id='word_1_1333' title='bbox 1498 3770 1512 3798; x_wconf 79' lang='grc' dir='ltr'>ζ</span> <span class='ocrx_word' id='word_1_1334' title='bbox 1529 3777 1540 3793; x_wconf 83' lang='lat' dir='ltr'>c</span> <span class='ocrx_word' id='word_1_1335' title='bbox 1556 3773 1567 3796; x_wconf 88' lang='lat'><em>)</em></span> <span class='ocrx_word' id='word_1_1336' title='bbox 1584 3769 1678 3794; x_wconf 73' lang='lat' dir='ltr'>Differ-t.</span> <span class='ocrx_word' id='word_1_1337' title='bbox 1696 3773 1769 3795; x_wconf 84' lang='lat' dir='ltr'>Anat.</span> <span class='ocrx_word' id='word_1_1338' title='bbox 1785 3771 1802 3795; x_wconf 91' lang='grc'>1.</span> <span class='ocrx_word' id='word_1_1339' title='bbox 1826 3775 1851 3796; x_wconf 87' lang='lat'>6.</span> <span class='ocrx_word' id='word_1_1340' title='bbox 1865 3778 1887 3795; x_wconf 86' lang='lat' dir='ltr'>c.</span> <span class='ocrx_word' id='word_1_1341' title='bbox 1905 3779 1946 3800; x_wconf 65' lang='lat'>44,</span> 
     </span>
     <span class='ocr_line' id='line_1_164' title="bbox 1324 3800 1774 3828; baseline 0.009 -6"><span class='ocrx_word' id='word_1_1342' title='bbox 1324 3800 1331 3827; x_wconf 84' lang='lat'>)</span> <span class='ocrx_word' id='word_1_1343' title='bbox 1349 3802 1385 3823; x_wconf 85' lang='lat' dir='ltr'>An</span> <span class='ocrx_word' id='word_1_1344' title='bbox 1402 3800 1498 3828; x_wconf 79' lang='lat' dir='ltr'>sanguis</span> <span class='ocrx_word' id='word_1_1345' title='bbox 1513 3800 1536 3824; x_wconf 90' lang='lat' dir='ltr'>in</span> <span class='ocrx_word' id='word_1_1346' title='bbox 1554 3806 1627 3825; x_wconf 83' lang='lat' dir='ltr'>arter.</span> <span class='ocrx_word' id='word_1_1347' title='bbox 1646 3804 1690 3826; x_wconf 73' lang='lat' dir='ltr'>Sec.</span> <span class='ocrx_word' id='word_1_1348' title='bbox 1714 3809 1736 3825; x_wconf 88' lang='lat' dir='ltr'>c.</span> <span class='ocrx_word' id='word_1_1349' title='bbox 1753 3804 1774 3826; x_wconf 77' lang='lat'>8.</span> 
     </span>
    </p>
   </div>
   <div class='ocr_carea' id='block_1_15' title="bbox 1515 3862 2113 3895">
    <p class='ocr_par' dir='ltr' id='par_1_16' title="bbox 1515 3862 2113 3895">
     <span class='ocr_line' id='line_1_165' title="bbox 1515 3862 2113 3895; baseline 0 -9"><span class='ocrx_word' id='word_1_1350' title='bbox 1515 3862 1523 3892; x_wconf 86' lang='lat'>(</span> <span class='ocrx_word' id='word_1_1351' title='bbox 1540 3871 1563 3886; x_wconf 89' lang='lat' dir='ltr'>m</span> <span class='ocrx_word' id='word_1_1352' title='bbox 1582 3864 1589 3895; x_wconf 90' lang='lat'>)</span> <span class='ocrx_word' id='word_1_1353' title='bbox 1607 3865 1672 3888; x_wconf 86' lang='lat' dir='ltr'>Nov.</span> <span class='ocrx_word' id='word_1_1354' title='bbox 1690 3863 1714 3887; x_wconf 70' lang='lat' dir='ltr'>in</span> <span class='ocrx_word' id='word_1_1355' title='bbox 1731 3862 1808 3893; x_wconf 78' lang='lat' dir='ltr'>sangu.</span> <span class='ocrx_word' id='word_1_1356' title='bbox 1827 3864 1916 3888; x_wconf 75' lang='lat' dir='ltr'>Circul,</span> <span class='ocrx_word' id='word_1_1357' title='bbox 1936 3862 2022 3894; x_wconf 72' lang='lat' dir='ltr'>inquis.</span> <span class='ocrx_word' id='word_1_1358' title='bbox 2039 3869 2059 3887; x_wconf 85' lang='lat' dir='ltr'>c.</span> <span class='ocrx_word' id='word_1_1359' title='bbox 2077 3864 2113 3891; x_wconf 53' lang='lat'>71</span> 
     </span>
    </p>
   </div>
  </div>
 </body>
</html>
