2498 4075
475 268 626 336 Epist.
661 270 824 325 Anat.
856 268 1071 324 Medica
1107 268 1247 324 LXI.
1269 267 1392 322 Art.
1411 269 1458 322 8.
1477 283 1522 336 9.
1540 261 1686 323 &ia-

94 354 219 391 partem
242 348 353 390 rugis,
376 355 447 383 tota
470 348 593 392 reliqua
616 347 697 383 facie
730 347 926 382 laeviffimani
947 369 956 381 .
990 347 1089 382 Uteri

91 390 257 429 osculum,
280 395 310 426 δε
333 392 397 434 ipse
421 400 528 425 uterus
551 392 645 433 sana,
667 393 699 424 δι
721 403 793 434 quae
817 393 937 433 virgini
970 402 1090 426 conve-

92 437 221 468 nirent.
245 435 416 468 Tubarum
448 445 556 470 neutra
583 434 712 479 specillo
734 436 783 468 vel
808 435 921 475 tenui,
943 446 999 477 per
1022 445 1089 469 ma-

88 477 141 522 jus
163 477 327 512 orificium
349 476 514 517 immisso,
538 478 621 514 ultra
645 477 786 513 medium
810 489 917 512 earum
942 479 1089 521 longitu-

88 522 174 555 dinis
197 524 282 556 viam
305 521 393 555 dedit
409 545 416 553 .
443 522 550 557 Testis
583 532 717 566 uterque
750 519 972 559 duriusculus‚
996 521 1090 561 alba,

90 567 122 599 &
146 565 299 610 inaequali
312 564 498 607 superficie,
520 565 641 600 nullam
674 566 762 599 intus
775 563 944 598 vesiculam
957 564 1089 601 habuit.

224 609 349 642 Cranio
374 617 479 644 autem
498 607 739 652 comprehensas
762 618 865 652 partes
878 616 999 641 attente
1022 618 1090 650 per-

91 651 216 689 secans‚
238 662 349 685 omnes
374 651 545 685 secundum
575 662 723 686 naturam
760 652 900 685 inveni.
932 651 1034 688 Quod
1067 649 1089 684 si

91 695 295 738 peculiariter
328 706 449 738 quaeras
475 695 514 729 de
536 706 672 738 corpore
705 693 864 734 Calloso,
885 697 915 728 δι
938 695 976 728 de
1000 695 1090 737 glan·

90 739 164 771 dula
190 739 335 775 Pineali3
359 740 392 770 iii
424 739 484 771 illo
509 739 628 773 trafftus
648 749 752 779 unm,
773 741 805 771 &
842 737 996 777 simplem
1021 737 1090 771 liaec

91 780 267 824 majuscula
298 780 449 824 quidem,
474 786 502 815 ἃ
529 795 567 816 ex
591 781 682 816 fusco
715 783 803 824 quasi
830 779 994 822 subflava‚
1018 781 1090 815 sana

92 835 199 858 tamen
229 834 317 858 erat.
453 826 567 859 Unum
589 827 690 867 igitur
721 825 930 858 adnotatione
952 825 1088 866 dignum

91 868 155 903 fuit
169 890 178 906 ,
201 868 291 911 quod
313 868 456 908 cerebri,
480 871 511 901 &
534 869 682 903 cerebelli
715 868 919 906 substantiam
952 870 1088 902 ubicun-

90 921 154 955 que
177 912 372 952 inciderem,
393 910 560 946 manifesto
582 912 746 946 duriorem
770 910 913 946 offendi.

134 955 162 988 8.
198 955 327 998 Nempe
360 956 422 989 hoc
455 955 537 989 illud
571 966 637 989 erat
659 955 747 997 quod
780 955 877 988 etiam
912 957 945 987 in
969 955 1090 990 duabus

88 997 267 1041 propositis
298 999 614 1039 Observationibus,
636 1000 705 1032 imo
727 1000 761 1032 iri
771 1000 895 1033 caeteri's
919 998 1090 1033 stultorum

92 1040 192 1075 ferme
213 1042 385 1081 omnibns,
410 1055 426 1076 a
452 1054 500 1076 me
523 1042 654 1084 quidem
677 1041 798 1076 habitis
813 1063 823 1079 ‚
846 1041 937 1077 fuisse
960 1067 969 1082 ‚
1004 1041 1092 1076 dice-

91 1085 189 1118 bam.
214 1085 334 1127 Relege
367 1088 406 1120 sis
439 1084 620 1129 Epistolam
651 1087 865 1125 V111.(o)
900 1085 1022 1125 videbis
1057 1087 1091 1119 in

92 1128 217 1162 cunffls
249 1138 329 1171 quos
363 1129 400 1162 ad
435 1129 467 1163 id
504 1139 628 1172 tempus
651 1128 832 1168 secueram,
854 1140 918 1162 rem
944 1130 981 1163 ad
1014 1140 1092 1163 eun-

91 1172 165 1205 dem
190 1173 323 1205 modum
348 1171 375 1205 se
398 1172 562 1206 habuisse.
587 1175 625 1206 In
649 1173 767 1215 quibus
799 1181 908 1205 autem
931 1173 1016 1207 idem
1052 1172 1092 1205 ab

92 1217 163 1248 aliis
195 1224 398 1257 compertum
431 1215 525 1255 esset,
550 1216 672 1250 ibidem
697 1218 751 1257 (p
772 1219 785 1255 )
808 1216 961 1258 reperies.
985 1215 1092 1250 Adde-

92 1270 126 1291 re
149 1270 233 1292 nunc
266 1262 387 1300 poteris
420 1260 593 1294 Gunzium
617 1264 629 1299 (
653 1271 671 1301 q
692 1262 727 1298 ),
752 1261 808 1301 qui
833 1261 865 1293 in
889 1259 1015 1293 duobus
1030 1258 1092 1302 fic·-

90 1312 162 1335 cum
184 1303 351 1336 cerebrum
375 1302 480 1343 vidit,
506 1312 601 1345 atque
623 1302 836 1344 compassum,
860 1315 958 1346 eaque
985 1301 1091 1344 firmi-

91 1354 158 1379 tate
182 1371 191 1388 ‚
229 1355 265 1379 ut
289 1357 348 1388 pro
369 1345 529 1380 saiiiffimo
552 1358 616 1379 non
641 1343 742 1388 posset
765 1344 903 1380 habere.
929 1347 1019 1380 Huic
1043 1356 1092 1379 ta-

93 1399 166 1422 nien
189 1401 253 1423 non
277 1391 421 1432 contigit
444 1400 551 1429 certe,
574 1399 610 1423 ut
633 1400 735 1431 neque
768 1390 839 1422 aliis
873 1390 939 1424 illis
960 1413 970 1428 ,
1004 1389 1093 1431 quod

91 1433 211 1472 sciam,
235 1432 321 1467 idem
343 1433 432 1476 quod
456 1433 539 1467 mihi
570 1432 750 1472 acciderat,
773 1442 807 1465 ut
842 1433 946 1474 plures
982 1432 1094 1468 stultos

92 1476 295 1518 dissecando,
321 1479 354 1510 iti
389 1478 540 1511 omnibus
572 1477 681 1511 durius
702 1476 867 1510 cerebrum
890 1478 1093 1510 invenirent.

92 1519 151 1553 Sed
172 1522 203 1553 δι
238 1519 319 1554 mihi
355 1521 484 1555 tandein
506 1521 645 1560 accidit,
668 1519 942 1562 quemadmodum
965 1520 1095 1563 Episto-

91 1562 122 1596 la
145 1563 258 1606 legeris
281 1565 369 1597 LIX.
393 1567 409 1603 (
430 1575 445 1596 r
467 1568 480 1604 )
513 1573 550 1597 ut
572 1564 605 1597 in
638 1575 676 1596 eo
709 1564 766 1606 qui
800 1564 917 1597 delirio
950 1562 1094 1605 quodam

92 1606 329 1641 melancholico
361 1608 589 1647 laboraverat,
613 1606 705 1640 valde
738 1607 846 1640 laxum
880 1605 1095 1651 deprehende-

92 1661 186 1689 rem,
210 1662 248 1683 an
272 1650 360 1694 quod
385 1651 536 1685 delirium
560 1648 666 1684 fuisset
689 1650 810 1683 levius?
835 1662 873 1684 an
904 1649 994 1693 quod
1027 1649 1095 1692 jam

93 1692 169 1727 esset
190 1692 368 1727 curatum?
391 1705 577 1737 quanquam
601 1705 670 1726 mea
695 1694 785 1735 parvi
809 1692 907 1727 refert
930 1693 1092 1727 utramob

89 1737 238 1774 causam,
263 1748 301 1769 an
325 1737 369 1770 ob
403 1737 497 1770 aliam
530 1737 572 1770 sic
594 1736 720 1777 fuerit,
752 1749 827 1771 cum
859 1736 1025 1771 cerebrum
1059 1737 1094 1771 in

92 1779 198 1814 stultis
221 1780 330 1813 laxum
353 1781 410 1823 qui
423 1779 670 1823 conspexerint,
699 1791 763 1813 nori
777 1782 962 1814 reticuerim
985 1782 998 1820 (
1018 1778 1094 1822 s),

91 1825 124 1856 &
147 1822 264 1857 durum
287 1822 351 1857 sine
374 1823 510 1857 stultitia
534 1823 592 1857 esse
614 1822 721 1863 posse,
747 1834 811 1856 non
833 1823 1093 1858 dissimulaverim

91 1867 111 1908 (
131 1874 145 1899 t
168 1870 205 1907 ),-
226 1866 375 1900 ubiillud
399 1878 528 1909 quoque
549 1866 667 1900 diserte
691 1865 824 1904 addidi,
847 1868 992 1901 crebram
1017 1866 1096 1901 adeo

93 1910 126 1942 ih
150 1909 215 1943 hoc
238 1910 346 1944 morbi
371 1921 484 1953 genere
507 1910 761 1943 observationem
786 1911 911 1944 cerebri
934 1911 1007 1944 duri
1030 1922 1095 1945 non

94 1952 156 1987 esse
178 1953 311 1997 quidem
326 1953 572 1996 negligendam;
596 1953 645 1987 sed
658 1962 786 1993 tamen,
810 1954 900 1997 quod
911 1965 995 1987 nunc
1019 1966 1097 1987 con-

94 1994 213 2035 firmo,
238 2007 304 2030 non
326 1997 428 2031 videri
463 1997 563 2039 ipsam
586 1996 645 2031 esse
670 1998 829 2039 praecipue
862 1997 1064 2040 spectandam
1088 2023 1097 2033 .

94 2040 146 2074 Eo
170 2050 277 2074 autem
300 2041 405 2074 minus
416 2040 619 2083 speftandam
642 2041 771 2075 credent
783 2040 863 2084 siqui
876 2042 1019 2075 Doc‘tum
1033 2042 1097 2075 Vi-

91 2094 167 2118 rum
191 2083 377 2127 sequentes,
398 2086 449 2118 cui
475 2085 579 2125 placet
603 2083 749 2119 stultitiae
780 2084 906 2119 causam
942 2085 1096 2119 deducere

94 2137 110 2160 a
134 2128 286 2169 sanguine
309 2126 451 2161 craffiore
474 2126 584 2166 facto,
617 2129 648 2167 &
680 2127 850 2162 viscidiore
873 2151 887 2169 ,
917 2127 1097 2171 lentiusque

95 2181 265 2215 propterea
277 2182 333 2212 per
357 2170 490 2204 intimas
502 2170 627 2204 cerebri
651 2172 816 2205 arteriolas
826 2180 999 2213 pergente,
1024 2171 1097 2206 has-

93 2226 155 2256 que
178 2214 401 2254 distendente,
423 2217 455 2247 &
479 2227 533 2258 per
556 2214 670 2248 harum
691 2214 920 2249 distentionem
953 2215 1096 2255 substan-

93 2259 174 2292 tiam
201 2258 406 2291 medullarem
418 2258 542 2292 cerebri
566 2258 723 2299 attiguam
747 2261 1008 2301 comprimente,
1033 2259 1096 2293 mi-

93 2303 214 2345 nusque
239 2311 347 2343 aptam
383 2301 425 2335 sic
449 2301 604 2336 efficiente
628 2302 665 2335 ad
698 2301 811 2335 solitos
841 2301 912 2336 usus
948 2301 1096 2345 praestan—

90 2344 170 2384 dos,
195 2343 278 2387 siqui
301 2345 404 2387 igitur
428 2345 467 2379 ad
490 2344 559 2379 haec
584 2343 724 2385 addent,
748 2344 879 2389 pressam
903 2357 920 2379 a
950 2345 1098 2380 distentis

91 2388 253 2422 arteriolis
276 2388 400 2421 cerebri
424 2386 633 2422 substantiam
657 2388 697 2422 fic
721 2389 854 2431 quidem
877 2392 1045 2432 compingi
1061 2401 1097 2423 ac

91 2432 267 2474 constipari
291 2457 301 2473 ,
331 2435 389 2472 δε,
412 2431 501 2474 quod
525 2431 755 2474 consequitur,
787 2433 952 2469 duriorem
987 2432 1057 2467 fieri
1083 2445 1095 2472 3

87 2487 196 2510 verum
220 2475 365 2509 stultitiae
400 2475 527 2509 causam
564 2487 581 2509 a
618 2486 740 2510 mutata
775 2487 970 2519 quocunque
994 2477 1094 2511 modo

84 2521 173 2554 illius
200 2518 380 2553 substantiae
407 2520 523 2553 intima
548 2518 779 2561 dispositione,
803 2530 867 2554 non
901 2521 942 2554 ab
971 2520 1092 2555 duritie

87 2575 160 2607 quae
184 2575 222 2596 ex
246 2562 404 2596 accidenti
444 2563 660 2596 mutationem
693 2562 773 2598 hanc
809 2565 1011 2602 comitetur,
1033 2563 1093 2597 esse

88 2605 292 2649 repetendam
318 2629 326 2637 .
360 2607 525 2639 Caeterum
549 2616 624 2640 num
649 2605 727 2648 saepe
761 2607 840 2641 adeo
864 2608 896 2639 in
920 2606 1093 2641 stultorum

88 2652 221 2685 cerebro
245 2660 280 2684 ut
305 2649 460 2689 durities,
483 2650 530 2685 ita
556 2649 625 2683 vasa
639 2660 753 2692 praeter
777 2651 908 2684 modum
943 2651 1095 2693 sanguine

90 2694 228 2728 distenta
251 2694 473 2736 reperiantur,
498 2692 521 2725 ii
544 2692 630 2727 forte
654 2694 731 2728 velis
762 2706 801 2728 ex
826 2693 941 2727 nostris
973 2693 1095 2728 Obser-

95 2737 284 2772 vationibus
312 2736 497 2769 existimare
519 2746 533 2776 ,·
563 2736 613 2770 fac
637 2738 774 2780 relegas:
798 2739 830 2770 δε
853 2736 984 2779 quando
1016 2738 1094 2771 Viri

96 2782 150 2813 alii
175 2780 352 2813 Dofflnon
375 2778 489 2812 desunt
513 2781 570 2821 qui
595 2793 611 2814 a
635 2781 765 2823 polypis
789 2782 872 2814 intra
896 2781 1021 2814 cerebri
1047 2782 1096 2814 Si-

95 2835 155 2858 nus
178 2821 457 2856 concrescentibus
482 2823 620 2857 maniam
644 2823 703 2857 esse
737 2823 822 2867 posse
845 2847 854 2861 ‚
892 2833 1061 2858 autumant
1085 2845 1095 2862 ‚

96 2878 194 2910 eaque
228 2873 336 2898 mente
359 2864 436 2898 duas
460 2865 563 2899 tresve
588 2868 770 2909 producunt
793 2867 916 2902 cerebri
939 2889 948 2904 ‚
982 2869 1013 2900 δε
1047 2868 1097 2900 vi-

98 2911 223 2945 scerum
247 2908 478 2942 Maniacorum
501 2908 723 2947 dissefii'ones3
749 2911 804 2944 has
828 2919 863 2944 tu
888 2911 1019 2953 quidem
1044 2922 1095 2945 ac·

94 2955 219 2996 cipias,
243 2951 366 2992 velim,
388 2953 506 2994 quibus
529 2963 698 2987 numerum
722 2953 1003 2988 Observationum
1038 2966 1094 2987 aii-

95 3010 168 3042 geas
192 2995 254 3029 huc
286 2996 515 3032 attinentium3
541 2994 592 3030 sed
615 2996 703 3039 quod
728 2997 765 3030 ad
789 2999 927 3039 polypos
951 2998 1068 3030 attinet
1084 3023 1093 3039 ‚

97 3052 163 3076 nori
187 3050 253 3073 tarn
274 3049 415 3080 quaeras,
434 3049 477 3080 *an
503 3036 583 3072 mihi
617 3051 758 3082 unquam
780 3042 813 3074 in
847 3040 1021 3078 stultorum
1046 3042 1093 3074 Si-

96 3086 191 3118 iiibus
213 3083 438 3121 occurrerint,
460 3093 558 3124 quam
581 3093 692 3116 eorum
718 3085 898 3117 memineris
921 3095 992 3127 quae
1017 3085 1094 3119 alias

95 3132 108 3168 (
132 3140 150 3161 u
174 3130 187 3167 )
211 3138 226 3159 a
250 3136 300 3159 me
323 3124 470 3167 accepisti
492 3125 530 3158 de
554 3128 682 3169 polypis
702 3137 765 3159 non
785 3126 842 3160 nisi
867 3128 900 3159 in
923 3128 1094 3161 moribun-

94 3172 157 3209 do,
184 3178 240 3203 aut
271 3178 403 3202 mortuo
436 3168 567 3203 homine
598 3169 803 3213 agnoscendis
825 3195 833 3203 .
867 3170 993 3205 Verum
1026 3171 1093 3214 jam

96 3216 134 3249 ad
160 3215 219 3247 alia
242 3213 422 3247 veniamus.
600 3229 602 3231 >

139 3270 169 3297 9.
198 3254 264 3290 Etsi
289 3267 353 3288 non
376 3265 486 3289 omnes
508 3255 645 3291 delirant
668 3256 897 3300 hydrophobi‚
921 3267 955 3292 ut
989 3258 1090 3291 VIII.

96 3300 239 3343 Epistola
262 3300 318 3342 (x
338 3302 351 3337 )
373 3298 532 3332 ostensum
558 3302 625 3339 est,·
646 3302 678 3334 in
713 3303 819 3335 eadem
851 3311 955 3335 tamen
971 3324 982 3341 ‚
1005 3312 1043 3335 ne
1076 3313 1092 3334 a

96 3344 296 3385 Sepulchreti
321 3340 434 3375 ordine
466 3342 678 3377 recederemus
703 3367 712 3382 ,
749 3346 818 3387 poll:
854 3345 1020 3381 Maniaaos
1051 3344 1090 3378 de

96 3385 337 3428 Hydropliobis
361 3386 454 3418 verba
477 3384 629 3420 fecimus.
652 3387 739 3421 Idem
763 3390 795 3421 in
820 3386 877 3421 hac
899 3399 1030 3430 quoque
1043 3387 1089 3421 fa-

96 3431 238 3463 ciemus.
271 3430 314 3461 Et
349 3430 507 3470 qnoniam
539 3429 600 3463 hoc
633 3433 786 3473 temporis
820 3432 993 3465 intervallo
1024 3442 1087 3465 non

96 3472 237 3510 accidit,
259 3481 296 3505 ut
319 3483 430 3505 eorum
454 3472 605 3506 cadavera
629 3475 766 3508 incidere
802 3474 982 3517 posscmus5
1007 3474 1089 3508 alio-

96 3529 167 3552 rum
182 3540 191 3555 ‚
216 3527 288 3559 quae
311 3524 389 3549 tunc
413 3527 476 3549 non
499 3518 674 3557 extabant„
697 3518 951 3552 Observationes
982 3518 1015 3551 in
1048 3520 1088 3551 iis

93 3560 219 3596 habitas
242 3560 585 3593 commeinorabimus2
611 3561 699 3599 Quas
725 3563 850 3600 utinam
862 3562 966 3603 plenas
989 3560 1089 3595 dedis-

94 3605 187 3638 sent:
213 3602 302 3646 quod
326 3604 489 3637 nonnullis
512 3604 720 3644 institutum,
743 3606 811 3638 aliis
832 3605 923 3639 causa
949 3605 1010 3639 alia
1031 3605 1088 3638 ali-

1973 278 2071 329 407

1139 357 1204 389 qua
1226 357 1291 380 non
1315 345 1481 388 permisit.
1504 347 1548 380 Et
1573 341 1779 387 Ampliffimo
1790 340 1922 384 quidem
1934 343 2020 376 Viro
2043 344 2137 375 Sena-¹

1137 390 1192 423 scio
1216 391 1267 432 (y
1289 393 1302 431 )
1325 389 1504 431 susceptum
1517 387 1674 425 scribendi
1698 384 1899 435 propositum
1923 396 1988 435 noti
2010 385 2140 435 conces-

1139 432 1198 471 sit,
1224 432 1281 467 nisi
1305 442 1340 467 ut
1364 432 1427 467 hoc
1450 444 1550 467 unum
1573 432 1718 468 diceret,
1742 429 1772 463 se
1796 428 2008 470 pericardium
2042 427 2139 461 vidis-

1140 476 1172 511 se
1193 476 1227 509 in
1249 475 1379 512 homine
1410 487 1449 510 ex
1471 476 1558 511 rabie
1594 483 1724 510 mortuo
1755 471 1943 508 adstrinum
1976 471 2079 510 aden,
2109 472 2141 504 &

1139 519 1245 555 cordis
1268 519 1364 554 faciei
1388 530 1569 557 annexum,
1593 529 1629 553 ut
1654 519 1695 551 ab
1718 515 1776 551 hac
1789 515 2002 557 separarinori
2015 512 2115 564 posset
2131 535 2139 544 -

1140 562 1322 597 Alexander
1346 572 1454 600 autem
1477 563 1580 598 Bruce
1601 564 1636 597 in
1660 558 1891 600 Dissertatione
1914 558 1970 602 (z
1991 563 2005 601 )
2026 557 2142 607 Edirn-

1141 607 1239 648 burgi
1260 608 1346 640 edita
1369 608 1413 639 A.
1439 615 1534 648 1755.
1558 606 1611 640 Cl.
1643 601 1891 638 Rutherfoerdii
1924 602 2143 635 Observatio-

1143 661 1217 684 nem
1241 649 1378 684 referens
1401 650 1435 682 in
1472 650 1623 687 vivente,
1647 649 1679 680 δε
1702 656 1834 681 mortuo
1858 643 2077 686 hydrophobo
2087 654 2143 693 nq-

1135 693 1308 737 socomico‚
1331 693 1436 735 postea
1458 704 1557 735 quam
1590 701 1703 726 caetera
1726 686 1895 732 proposuit
1919 710 1932 729 ,
1963 691 1998 737 ‹Sc-
2026 688 2060 721 in
2094 686 2145 721 his

1141 736 1253 770 Craffa
1298 735 1452 771 intestina
1488 748 1556 770 aere
1600 737 1720 769 mirum
1763 740 1923 782 quantum
1965 730 2105 781 distenta
2130 751 2144 773 ,

1142 779 1244 814 Ileum
1267 780 1379 815 leviter
1411 776 1679 817 inflammatum,
1711 775 1853 818 rarisque
1882 774 2044 808 livoribus
2068 794 2078 810 ,
2109 780 2146 822 ut

1141 822 1292 865 jecinoris
1313 834 1444 865 quoque
1475 825 1659 865 portionem
1680 843 1693 861 ‚
1723 818 1895 856 affectum,
1918 819 1951 851 &
1973 827 2048 851 cum
2071 816 2147 849 reli—

1143 868 1215 908 quis
1229 869 1348 899 ventris
1372 865 1543 900 visceribus
1567 874 1659 900 extra
1684 865 1772 898 suam
1797 862 1904 897 sedem
1915 857 2145 902 compulsum,

1145 911 1179 943 in
1203 909 1334 944 thorace
1358 919 1463 944 autem
1487 909 1569 943 nihil
1591 907 1742 944 insoliti3
1766 917 1841 940 cum
1873 904 2020 948 expeffls
2054 913 2147 952 cere-

1141 954 1216 993 bri,
1240 954 1402 997 laryngis‚
1426 952 1602 995 pharyngis
1612 951 1904 989 constitutionem,
1927 949 2017 988 haec²
2042 947 2146 989 legis,

1141 996 1278 1039 inspici,
1303 1009 1319 1029 a
1343 995 1587 1038 consanguineis
1598 995 1804 1038 prohibitum
1826 991 1907 1026 esse.
1930 991 1989 1024 Ob
2013 990 2146 1040 eandem

1141 1039 1271 1074 fortasse
1291 1039 1419 1078 causam
1444 1039 1564 1074 factum
1589 1038 1806 1075 crediderim,
1829 1047 1866 1070 ne
1889 1035 1928 1069 de
1952 1034 2058 1081 tribus
2081 1031 2148 1083 liis-

1141 1095 1176 1117 ce
1212 1084 1359 1117 Partibus
1381 1082 1560 1126 quidquam
1585 1082 1747 1124 scripserit
1784 1081 1811 1114 is
1842 1089 1939 1121 quein
1964 1087 2036 1111 ante
2058 1076 2147 1111 diem

1141 1126 1258 1161 obiiffe
1282 1138 1370 1169 aegre
1390 1127 1451 1161 tuli
1477 1149 1486 1165 ‚
1520 1126 1700 1160 Morandus
1722 1123 1915 1158 Morandius
1938 1123 1991 1165 (a
2015 1124 2049 1160 ),
2072 1129 2148 1154 cum

1142 1169 1294 1212 quasdam
1317 1171 1384 1204 suas
1409 1170 1520 1203 eodem
1545 1169 1662 1203 morbo
1684 1166 1911 1203 confectorum
1945 1163 2148 1199 disseffiones

1142 1215 1203 1247 illo
1226 1213 1297 1255 ipso
1321 1224 1405 1246 anno
1430 1213 1598 1256 vulgaret.
1624 1214 1660 1244 In
1686 1222 1750 1245 uno
1773 1211 1859 1243 enirn
1883 1208 1964 1243 nihil
1990 1218 2151 1241 memora-

1143 1267 1215 1291 tum
1242 1257 1360 1294 video,
1385 1254 1443 1290 nisi
1468 1255 1628 1292 musculos
1651 1254 1793 1289 thoracis
1818 1253 1946 1295 aliquot
1979 1260 2150 1287 externos,

1142 1299 1351 1343 internosque
1387 1298 1636 1340 inflammatos,
1659 1301 1726 1332 imo
1760 1307 1938 1340 gangraenae
1960 1318 1983 1345 ,-
2007 1297 2038 1328 &
2060 1293 2153 1336 quasi

1167 1343 1310 1379 utredini
1343 1344 1529 1387 proximos.
1557 1344 1595 1377 In
1619 1342 1746 1377 duobus
1767 1350 1874 1374 autem
1897 1340 1936 1375 de
1959 1350 2000 1372 iis
2024 1337 2153 1387 muscu-

1157 1390 1183 1422 is
1215 1386 1299 1421 nihil
1323 1388 1456 1429 attigit:
1482 1386 1533 1420 sed
1558 1385 1801 1421 ventriculum,
1825 1386 1857 1419 &
1888 1383 2039 1418 intestina
2072 1379 2154 1429 fuis-

1146 1431 1198 1470 se,
1219 1430 1326 1468 dixit,
1349 1441 1519 1474 gangra-na
1543 1428 1652 1464 affecta
1667 1453 1676 1469 ‚
1703 1432 1734 1462 &
1758 1429 1852 1470 nigra
1875 1426 2079 1476 ‘graveolente
2105 1424 2155 1457 bi-

1147 1475 1177 1509 le
1199 1475 1427 1517 conspurcata,
1453 1474 1609 1511 vesicam,
1633 1477 1663 1506 δι
1686 1470 1860 1506 cavernosa
1895 1480 1983 1513 penis
2015 1478 2152 1517 corpora

1146 1517 1416 1553 inflammatione
1446 1527 1615 1560 correpta,
1637 1529 1677 1549 ex
1711 1515 1906 1550 membranis
1940 1513 2057 1563 multas
2089 1522 2156 1561 ari-

1145 1562 1221 1600 das,
1248 1560 1436 1604 tensasque,
1469 1560 1650 1602 multasque
1683 1560 1759 1593 alias
1794 1559 1902 1595 arete,
1927 1566 1962 1591 ut
1997 1567 2031 1589 iii
2069 1565 2156 1604 peri-

1148 1606 1343 1648 pneumonia
1367 1629 1377 1644 ‚
1409 1615 1482 1638 cum
1516 1604 1693 1639 visceribus
1716 1601 1914 1636 cohaerentes
1939 1624 1948 1639 ,
1981 1598 2153 1643 pinguedi-

1146 1659 1220 1682 nem
1243 1647 1332 1691 quasi
1346 1649 1466 1681 nullam
1480 1671 1488 1686 ‚
1514 1657 1681 1682 omentum
1704 1644 1938 1688 propemodum
1952 1642 2125 1691 arefactum
2144 1664 2154 1679 ‚

1145 1702 1241 1726 venas
1264 1691 1402 1734 denique
1436 1690 1589 1732 sanguine
1614 1689 1741 1734 prorsus
1765 1688 1871 1729 plenas
1893 1697 1991 1731 quam
2026 1683 2156 1719 fluidis-

1147 1734 1228 1769 fimo
1250 1757 1261 1773 ,
1293 1737 1424 1769 arterias
1461 1744 1567 1768 autem
1590 1734 1727 1768 omnino
1751 1741 1865 1764 vacuas
1897 1739 2032 1767 contra,
2059 1739 2155 1771 atque

1146 1779 1226 1820 alii,
1249 1777 1283 1812 id
1306 1778 1393 1820 quod
1428 1778 1566 1813 minime
1604 1777 1799 1818 ignorabat,
1823 1774 1873 1810 sed
1909 1784 1976 1808 non
2007 1783 2120 1808 omnes
2145 1797 2156 1814 ,

1146 1824 1180 1856 in
1204 1823 1274 1856 aliis
1297 1821 1524 1864 hydrophobis
1555 1822 1807 1865 conspexerant.

1193 1877 1241 1900 ιο.
1267 1866 1350 1904 Qiae
1373 1865 1628 1901 Observationes
1643 1887 1652 1903 ‚
1674 1863 1695 1899 si
1720 1862 1837 1906 ίρεᾶςε
1851 1860 1939 1904 quod
1962 1862 1995 1894 in
2020 1860 2154 1911 singulis

1147 1908 1252 1949 deest,
1273 1910 1432 1945 continuo
1467 1909 1653 1947 ostendent,
1679 1918 1736 1950 per
1767 1904 1849 1948 ipsas
1874 1915 1943 1939 non
1968 1916 2076 1949 augeri
2100 1916 2153 1938 ea-

1147 1964 1221 1986 rum
1244 1964 1437 1992 numerum,
1460 1954 1650 1997 quasVlII.
1674 1948 1820 1994 Epistola
1837 1950 1858 1987 ’ζ
1877 1947 1897 1982 b
1918 1953 1932 1990 )
1956 1950 2052 1982 nimis
2076 1959 2155 1991 pau-

1148 2008 1199 2030 cas
1220 1996 1322 2031 adhuc
1346 1997 1428 2034 esse,
1451 1996 1686 2040 querebamur.
1712 1995 1744 2028 Si
1779 2002 1887 2027 t-amen
1911 1992 2029 2035 spectes
2064 1991 2156 2042 quod

1147 2039 1281 2083 lingulae
1304 2042 1337 2074 in
1361 2041 1553 2075 cadaverum
1578 2040 1626 2074 vel
1658 2035 1852 2082 quibusdam
1885 2046 2014 2071 tantum
2047 2037 2154 2069 Parti-

1149 2085 1209 2130 bus
1230 2094 1433 2127 compertum
1457 2092 1668 2128 proponunt,
1692 2081 1787 2125 idque
1819 2090 1892 2114 cum
1927 2089 1979 2115 tot
2008 2079 2155 2115 conferas

1148 2127 1400 2169 cujusquemodi
1425 2126 1745 2164 Observationibus,
1771 2134 1909 2167 quarum
1933 2124 2089 2158 summam
2101 2134 2155 2158 ea-

1148 2171 1221 2206 dem
1245 2171 1300 2204 illa
1331 2171 1478 2214 Epistola
1502 2175 1513 2211 (
1537 2173 1584 2209 c)
1609 2171 1727 2214 partite
1763 2178 1857 2211 atque
1891 2168 2005 2201 ordine
2028 2168 2154 2201 indica-

1149 2216 1291 2254 vimus5
1326 2213 1397 2248 fore
1428 2215 1524 2249 utiles
1557 2213 1669 2247 saltem
1693 2212 1816 2247 videbis
1848 2211 1890 2245 ad·
1919 2221 2044 2246 tantam
2066 2213 2152 2246 inter

1149 2257 1385 2302 hydrophobos
1418 2260 1610 2292 varietatem
1633 2282 1642 2297 ,
1671 2264 1826 2300 quantam
1849 2255 1897 2288 ibi
1929 2255 2151 2291 ostendimus.

1148 2302 1453 2344 comprobandam:
1489 2313 1547 2337 nec
1581 2302 1700 2338 mirum
1724 2323 1735 2343 ‚
1765 2309 1841 2337 cum
1873 2300 1924 2340 ¹¹¹3}
1963 2319 2070 2350 paucae
2103 2298 2155 2343 lia}

1150 2357 1229 2389 quas
1262 2356 1346 2379 nunc
1382 2346 1583 2390 addidimus,
1607 2349 1654 2383 ita
1686 2346 1869 2391 discrepent
1900 2351 1984 2384 inter
2019 2351 2050 2386 se
2074 2379 2083 2394 ‚
2114 2361 2153 2387 ut

1149 2390 1241 2432 quod
1274 2388 1394 2425 habent
1425 2391 1539 2436 allquae
1562 2415 1572 2432 ‚
1606 2403 1670 2428 non
1714 2391 1853 2427 habeant
1899 2396 2030 2438 reliquae
2054 2416 2064 2433 ‚
2097 2407 2153 2431 aut

1149 2443 1238 2468 certe
1272 2443 1337 2468 non
1378 2447 1488 2472 omnes
1515 2461 1522 2468 .
1556 2438 1636 2478 Qo
1669 2438 1771 2479 magis
1803 2446 1910 2476 autem
1943 2440 2035 2473 novis
2077 2439 2153 2474 Ob-

1147 2476 1383 2513 servationibus
1418 2480 1588 2515 varietates
1619 2481 1690 2515 illas
1721 2480 1816 2515 video
1846 2481 2067 2521 confirmari,
2115 2496 2153 2518 eo

1147 2522 1250 2569 magis
1274 2522 1447 2565 intelligo,
1470 2535 1534 2558 non
1559 2524 1689 2560 aliunde
1711 2536 1800 2566 aeque
1813 2525 2018 2560 verisimilem
2042 2527 2152 2570 conje-

1145 2566 1271 2598 ἀοι-ειη
1294 2566 1334 2599 de
1356 2564 1595 2610 hydrophobia·
1618 2569 1713 2603 causa.
1745 2569 1812 2610 peti
1845 2569 1930 2611 posse
1951 2591 1964 2609 ,
1998 2582 2033 2604 ac
2068 2572 2152 2607 unde

1148 2619 1222 2642 cum
1258 2610 1448 2651 graviffimis
1483 2611 1573 2646 Viris
1606 2620 1683 2646 tunc
1708 2611 1795 2654 (d)
1828 2613 1940 2655 petii.
1971 2614 2153 2652 Quomodo

1148 2653 1237 2690 enim
1260 2664 1466 2688 communem
1490 2655 1643 2690 omnibus
1666 2655 1882 2698 deglutiendae
1903 2668 1992 2699 aquae
2015 2657 2153 2693 difficul—

1148 2704 1274 2736 tatem,
1296 2698 1434 2740 exempli
1468 2698 1581 2737 causa,
1612 2711 1628 2732 a
1661 2698 1825 2741 sanguinis
1859 2700 1943 2733 vitio
1974 2709 2113 2742 repetam
2136 2725 2150 2742 ,

1147 2750 1244 2780 quem
1269 2741 1301 2774 iii
1326 2741 1395 2774 aliis
1428 2741 1519 2774 aliter
1551 2743 1581 2776 se
1611 2742 1781 2776 habentem
1803 2740 1947 2784 conspici
1971 2768 1981 2784 ,
2015 2742 2111 2778 sciam
2137 2749 2148 2778 ἓ

1148 2783 1241 2821 Quin
1265 2795 1282 2816 e
1306 2785 1393 2817 venis
1417 2783 1544 2818 emissus
1567 2785 1654 2818 illius
1679 2784 1891 2827 hydrophobi
1917 2797 2012 2828 quein
2035 2788 2150 2822 Edim-

1148 2826 1315 2868 burgenfis
1339 2826 1532 2861 Dissertatio
1557 2829 1605 2871 (e
1630 2830 1842 2871 yproponit,
1860 2838 1917 2870 per
1940 2837 2042 2864 totum
2065 2839 2150 2865 mora

1146 2868 1181 2902 ln·
1202 2869 1360 2911 decursum
1394 2868 1487 2903 bonus
1503 2867 1598 2912 fuit.
1725 2872 1773 2904 At
1796 2871 1818 2904 {i
1853 2872 1893 2906 ab
1928 2872 1991 2907 hoc
2026 2885 2148 2910 veneno

1144 2913 1343 2956 peculiarem
1367 2914 1528 2956 quandam
1555 2915 1771 2948 mutationem
1795 2915 1830 2947 in
1862 2916 2053 2959 cerebrum,
2078 2929 2150 2953 ner.

1146 2955 1245 2989 vosve
1266 2956 1429 2989 indueram
1455 2956 1613 2999 suspicer,
1637 2959 1719 2991 unde
1742 2958 1780 2991 ad
1804 2959 2026 2993 convulsiones
2059 2964 2147 2996 cien-

1144 2999 1199 3046 das
1224 3009 1366 3032 externas
1381 3025 1392 3040 ,
1415 3000 1593 3035 internasve
1606 3000 1698 3035 facile
1719 3002 1915 3043 adigantur3
1937 3003 2018 3037 nihil
2043 3003 2146 3040 ferme

1144 3053 1212 3085 Jam
1236 3042 1378 3076 obstabit
1409 3055 1476 3086 quo
1512 3045 1615 3078 minus
1649 3047 1681 3077 δε
1713 3044 1938 3080 difficultatem
1972 3047 2062 3083 illam
2093 3049 2146 3084 de.

1145 3086 1304 3128 glutiendi
1329 3097 1535 3121 communem
1559 3088 1729 3124 omnibus,
1752 3090 1783 3120 ὃς
1806 3098 1859 3122 tot
1890 3090 1961 3123 illas
1990 3103 2050 3132 pro
2083 3094 2145 3126 alia

1146 3130 1283 3162 aliorum
1318 3128 1528 3171 dispositione
1564 3142 1629 3167 non
1663 3132 1762 3166 modo
1794 3134 1827 3166 in
1861 3133 2064 3173 viventibus,
2091 3136 2145 3173 sed

1145 3175 1178 3205 &
1201 3174 1233 3205 in
1259 3175 1396 3206 mortuis
1420 3176 1589 3208 varietates
1612 3176 1789 3217 explicem:
1813 3175 1899 3218 quod
1925 3178 1949 3209 fi
1973 3188 1989 3210 a
2026 3190 2074 3212 me
2098 3178 2145 3213 sa-

1144 3219 1187 3249 tis
1212 3227 1274 3249 non
1310 3216 1369 3250 esse
1389 3225 1466 3250 tunc
1490 3216 1612 3252 fa&um
1636 3219 1806 3255 videatur;
1827 3219 1947 3260 poteris
1980 3220 2143 3257 laudatam

1144 3258 1413 3300 Dissertationem
1448 3262 1606 3303 perlegere
1629 3283 1639 3299 ‚
1672 3273 1742 3304 quae
1767 3271 1842 3294 cum
1866 3262 1997 3297 eandem
2032 3264 2143 3306 conje-

1146 3304 1271 3336 &uram
1296 3303 1439 3345 sequitur
1461 3325 1472 3343 ‚
1505 3314 1574 3339 tum
1607 3315 1662 3346 per
1696 3306 1778 3338 hanc
1814 3303 1912 3340 fusius
1935 3307 1969 3340 in
2001 3309 2142 3343 viventi-

1144 3346 1203 3380 bus
1237 3346 1411 3397 praesertim
1437 3369 1446 3385 ‚
1483 3346 1559 3381 satis
1591 3357 1696 3381 autem
1732 3349 1767 3381 in
1811 3347 1989 3385 demortuis
2030 3354 2140 3388 omnia

1142 3399 1298 3431 exponit.

1188 3444 1237 3466 11·
1260 3431 1383 3480 Vid‘fh
1405 3442 1560 3476 quatenus
1583 3428 1749 3469 cerebrum
1773 3456 1783 3473 ,
1816 3437 1847 3469 δε
1883 3446 1900 3469 a
1933 3446 2056 3474 veneno
2079 3438 2142 3477 hoc

1139 3475 1268 3519 quidem
1292 3475 1396 3517 affici,
1419 3477 1581 3519 suspicer;
1604 3489 1641 3511 ne
1666 3477 1750 3511 forte
1774 3489 1848 3512 curn
1872 3480 1910 3513 iis
1933 3479 2037 3516 facere
2060 3494 2114 3518 me*
2130 3506 2141 3523 ,

1139 3519 1248 3553 credas
1279 3520 1336 3562 qui
1369 3521 1611 3562 imaginationis
1642 3522 1674 3555 vi
1709 3521 1859 3557 morbum
1890 3520 1975 3556 hunc
2008 3537 2139 3562 omnem

1142 3563 1327 3596 tribuerunt
1350 3588 1358 3596 .
1390 3564 1551 3606 Equidem
1584 3575 1649 3597 non
1672 3566 1699 3598 is
1732 3564 1800 3600 sum
1841 3567 1897 3608 qui
1930 3578 1945 3598 a
1979 3579 2138 3612 concepto

1141 3614 1263 3640 terrore
1296 3608 1405 3648 augeri
1431 3607 1526 3641 illum
1549 3606 1635 3650 posse
1657 3630 1670 3648 ‚
1704 3618 1818 3651 negem
1844 3634 1852 3642 .
1887 3611 1947 3645 Sed
1979 3621 2082 3654 neque
2110 3616 2137 3650 is

2027 3654 2098 3691 sum

154 3793 195 3817 (ο
211 3792 224 3820 )
242 3801 263 3846 τὲ.
281 3799 320 3845 ιβ..
333 3831 358 3845 Ἤ
381 3793 425 3821 (ρ
441 3792 455 3820 >
471 3800 493 3816 ο.
515 3800 553 3822 ¹7·
613 3795 654 3846 (ἂρ
671 3798 680 3819 )
698 3793 789 3819 Prolus.
807 3794 873 3822 supra
889 3795 930 3830 eit.
943 3825 957 3848 d
992 3793 1032 3849 ἓν
1047 3794 1061 3821 )
1078 3801 1101 3848 n.
1117 3802 1151 3825 ig.
1211 3798 1276 3827 (s)
1293 3797 1367 3826 Epist.
1384 3796 1407 3821 8.
1425 3804 1450 3821 n.
1469 3799 1506 3822 18.
1568 3798 1582 3826 (
1598 3803 1608 3820 t
1624 3797 1639 3825 )
1657 3797 1721 3831 Ibid-

155 3825 315 3914 isis&
334 3840 397 3909 {Tira
413 3825 616 3912 pfecsssgat‘s'diiia
630 3831 727 3881 aista
744 3825 928 3885 έεέῑηζῖωῖ
944 3833 986 3885 ε’“)
1001 3827 1193 3885 ηῗεζὲᾞῑιῗὲιιιῗ
1212 3836 1232 3852 ¹'
1250 3835 1320 3887 {¹2¹5
1337 3865 1361 3883 n.
1376 3828 1423 3888 (ςῖ
1436 3829 1501 3888 {nik
1517 3827 1710 3889 ΗέἀᾶοῗὴιῗΡῗιΖ

157 3902 171 3916 ν
247 3892 304 3914 upra
320 3893 332 3908 a
366 3892 388 3908 ri.
410 3892 431 3912 9.
463 3892 468 3908 i
