2498 4075
562 162 717 229 Epist.
752 162 918 216 Anat.
954 160 1178 218 Medica
1212 161 1427 216 XXIV.
1465 163 1592 217 Art.
1631 180 1683 230 4.

112 242 149 276 in
181 240 317 277 secunda
347 241 523 286 palpitatio
550 240 662 275 cordis
691 263 705 281 ,
745 241 949 284 inaequalitas
979 241 1089 285 pulsus
1112 266 1123 283 ,

115 284 259 327 asthma,
278 285 403 328 aliaque
427 285 619 327 diligenter,
643 282 694 318 sed
712 294 782 318 ¹non
795 284 952 328 asphyxia
966 309 979 326 ‚
1002 297 1125 320 memo-

113 338 252 369 rantur3
275 329 423 370 quamvis
447 328 569 363 sinister
590 327 698 362 cordis
720 329 918 363 ventriculus
941 330 1046 366 intus,
1070 341 1127 364 ex—

115 380 228 415 traque
251 372 325 408 esset
346 372 563 416 cartilaginea:
585 369 799 406 firmitudinis
818 384 829 411 3
852 375 884 406 ἅτ
907 373 1126 415 pericardium

114 423 223 450 tamen
239 439 251 455 ,
274 418 308 450 in
331 415 392 451 hac
414 416 582 451 carnosum
600 438 612 455 ,
647 415 683 448 in
705 416 812 459 prima
843 417 1089 460 cartilagineum
1111 441 1126 460 ,

113 459 249 502 undique
273 460 359 494 cordi
379 460 508 498 valide,
533 457 696 501 arllzffime
707 480 722 499 ,
741 460 888 497 adcurare
910 461 953 494 (3·
979 462 1127 504 pertina-

112 503 215 543 citer,
237 512 274 538 ut
298 505 333 537 in
357 505 451 538 tertia
468 513 620 547 quoque,
643 513 799 537 annexum
810 511 898 536 erat.
959 522 961 525 ν
1031 504 1126 547 Qid

112 555 190 588 ergo
213 546 464 590 respondendum
486 546 555 580 est?
578 546 687 587 Vide,
707 556 746 579 an
768 544 831 580 hoc
854 546 938 581 forte
961 560 972 580 .-
994 547 1123 581 Valsal-

112 598 186 624 vam
210 601 324 632 praeter
345 591 435 624 illam
459 590 681 633 alligationem
699 611 708 626 ‚
731 589 883 625 invenisse
904 590 1123 625 membranam

113 631 225 667 cordis
248 638 402 669 extimam
416 634 522 668 multo
544 632 721 667 craffiorem
734 632 855 668 faetam
868 657 881 674 ‚
903 631 1123 677 pericardium

113 684 222 712 autem
244 679 413 721 oppletum
435 676 536 711 setosa
560 678 714 715 materia,
738 679 770 710 δι
795 678 985 721 purulenta.
1009 676 1125 711 Craffi-

113 720 198 755 tudo
219 722 306 755 enim
328 722 417 756 illius
440 720 631 755 membranae
655 719 794 754 faciebat
818 719 948 755 fortasse
967 744 981 762 ,
1004 731 1042 754 ne
1064 732 1124 754 cor

114 762 191 798 satis
214 765 388 809 expandere
413 764 443 799 se
467 764 569 807 posset
588 787 598 802 ,
633 766 666 797 &
688 775 764 798 curn
787 775 925 807 paucum
958 774 1129 807 propterea

114 807 301 843 admitteret
325 809 510 851 sanguinem
521 831 534 849 ‚
557 818 658 852 neque
682 806 811 841 modica
824 807 920 850 hujus
942 808 1037 850 copia
1050 820 1128 843 mox

113 851 151 884 in
174 853 306 886 arterias
329 853 481 893 extrusa,
503 863 558 886 nec
582 853 614 884 vi
635 862 698 894 qua
721 851 925 894 extruderet,
949 850 1031 895 ipsas
1046 851 1128 885 dila-

94 899 180 929 “tare
204 895 280 929 satis
302 896 418 930 valeret
444 918 456 936 ,
487 895 673 930 cohibitum
696 893 819 929 scilicet
842 896 883 929 ab
905 895 1094 938 alligatione
1117 919 1127 935 ‚

114 942 149 974 ἃ
170 949 320 982 praeterea
343 950 360 973 a
383 940 519 973 materia
542 940 598 974 illa
612 961 620 975 ‚
635 949 679 973 ⁴ut
703 938 806 973 serosa
829 948 920 980 erat,
941 939 1087 973 laxatum
1112 961 1124 977 ‚

112 991 152 1017 ut
176 984 344 1025 purulenta
368 993 474 1018 autem
493 1007 507 1024 ‚
541 983 664 1027 peffime
687 981 838 1017 affectum
862 1006 876 1024 ,
907 982 969 1017 sive
992 981 1061 1016 haec
1085 993 1125 1016 ex

113 1026 325 1068 pulmonibus
357 1028 391 1060 in
416 1027 691 1071 peripneumoniae
727 1026 945 1060 declinatione
967 1026 1123 1060 translata

111 1071 177 1105 huc
201 1069 306 1105 fuerat
326 1094 339 1112 ,
370 1069 433 1103 sive
456 1071 719 1114 peripneumonia
744 1068 897 1105 habuerat
913 1070 1020 1103 etiam
1043 1071 1128 1113 peri-

113 1112 243 1155 cardii‚
265 1118 298 1149 &
322 1114 516 1148 membranae
538 1113 647 1149 cordis
678 1113 967 1149 inflammationem
990 1112 1127 1157 conjun-

71 1167 75 1194 ἶ
112 1157 223 1192 etam:
247 1169 390 1202 quorum
413 1167 523 1193 utrum
547 1157 736 1192 credibilius
761 1157 800 1191 sit
821 1183 830 1198 ,
857 1165 992 1200 propter
1014 1168 1129 1191 eorum

110 1213 183 1244 quae
206 1211 285 1236 tunc
307 1213 431 1246 aegrum
455 1200 638 1236 afflixerant
656 1225 668 1242 ,
699 1203 731 1235 &
755 1212 826 1245 quae
849 1202 883 1234 in
908 1201 1032 1234 mortui
1056 1201 1130 1244 pul-

112 1245 266 1279 monibus
299 1246 506 1289 apparuerint
526 1270 540 1288 ,
572 1246 815 1289 ignorationem
834 1269 846 1285 ,
879 1242 966 1278 haud
988 1243 1093 1287 liquet
1117 1269 1125 1276 .

97 1305 101 1314 2
112 1288 239 1323 Verum
272 1289 316 1324 est
361 1289 496 1334 quidem
518 1314 531 1331 ,
573 1289 740 1332 utriusque
758 1311 771 1329 ,
816 1297 870 1323 aut
915 1288 1044 1322 alterius
1089 1288 1127 1321 il-

110 1331 219 1367 larum
242 1333 502 1368 membranarum
526 1333 820 1368 inflammationem
842 1341 1009 1375 exceptam
1034 1330 1127 1366 fuisse

110 1386 179 1410 non
210 1375 306 1411 semel
340 1377 381 1411 ab
412 1377 580 1419 utriusque
612 1378 697 1410 inter
729 1376 757 1409 se
788 1376 913 1411 coalitu
955 1374 1127 1417 secundum

111 1419 276 1463 Ruyschii
299 1443 309 1460 ,
342 1423 375 1455 δε
410 1420 557 1455 Freindii
591 1419 846 1454 Observationes
864 1444 877 1461 ‚
908 1418 1125 1461 superioribus

110 1464 253 1498 Litteris
276 1467 289 1505 <
313 1465 363 1505 ἰ)
386 1469 673 1499 commemoratas.
700 1463 760 1498 Sed
784 1474 892 1498 verum
906 1463 950 1497 est
971 1474 1101 1506 quoque
1117 1488 1128 1504 ‚

110 1506 215 1542 serum
238 1507 363 1548 craffis‚
386 1510 419 1541 &
442 1520 513 1552 quae
537 1508 633 1541 facile
657 1506 855 1541 concrescere
879 1506 995 1550 poffins
1019 1529 1032 1546 ,
1054 1518 1126 1550 par-

110 1551 224 1586 ticulis
249 1552 393 1592 foetum,
414 1552 495 1595 saepe
522 1552 607 1585 intra
631 1549 850 1594 pericardium
874 1551 1013 1593 exprimi
1035 1575 1044 1590 ,
1072 1561 1128 1583 eo-

110 1605 184 1629 rum
208 1594 385 1639 praesertim
408 1597 466 1638 qui
488 1595 639 1628 laborant
657 1595 947 1637 peripneumonia,
969 1592 1065 1627 sicuti
1088 1592 1129 1628 ad

110 1638 345 1682 rescripsimus
368 1639 444 1673 alias
466 1641 480 1678 (
503 1638 521 1679 lz
542 1642 557 1678 )
578 1663 585 1672 .
610 1639 664 1672 Ex
685 1637 842 1681 ejusmodi
866 1646 972 1671 autem
996 1647 1129 1671 concre-

109 1684 282 1723 tionibus,
304 1683 327 1715 fi
340 1689 447 1716 tenues
461 1707 471 1722 ‚
494 1680 700 1725 disjestaeque
723 1681 813 1716 cordi
830 1681 1034 1721 adhaereant,
1056 1681 1129 1725 pos·

110 1725 141 1760 se
163 1726 246 1761 effici
271 1726 370 1759 instar
416 1726 536 1759 ilorum
554 1737 566 1765 3
589 1724 613 1758 fi
635 1724 822 1769 constipatae
844 1734 952 1759 autem
972 1725 1011 1758 in
1025 1735 1127 1759 unum

110 1770 297 1812 autplures
320 1737 414 1812 quasi)
431 1768 530 1803 fasces
554 1771 640 1802 inter
660 1779 742 1809 cor,
767 1772 800 1803 δε
824 1767 1043 1812 pericardium
1067 1768 1128 1803 du-

109 1822 225 1848 cantur
239 1835 249 1851 ,
270 1812 338 1847 fieri
358 1812 450 1857 posse
472 1811 570 1847 crassa
592 1812 723 1846 vincula
745 1812 828 1847 illud
850 1812 889 1846 ad
913 1812 977 1846 hoc
989 1812 1128 1855 alligan-

109 1859 159 1892 tia
180 1881 194 1899 ,
225 1858 364 1891 alterum
387 1855 520 1900 quidem
556 1856 595 1890 ab
618 1856 767 1890 Riolano
798 1859 813 1897 ζ
835 1856 847 1890 l
869 1859 884 1896 )
907 1855 1094 1890 indicatum
1119 1879 1131 1898 ,

108 1910 284 1944 utrumque
329 1909 436 1935 autem
478 1912 532 1945 per
572 1899 809 1935 observationes
854 1911 871 1934 a
904 1899 1135 1934 Weitbrechto

111 1949 124 1985 (
148 1956 180 1980 m
202 1949 217 1985 )
238 1943 469 1979 confirmatum
493 1943 537 1978 est
557 1968 564 1976 .
600 1944 691 1977 Nam
711 1944 876 1978 Riolanus
912 1941 976 1977 hoc
1000 1953 1128 1978 tantum

113 1987 284 2032 scripserat
298 2002 308 2021 .·
324 1987 353 2031 fi
375 1999 457 2032 aqua
480 1985 650 2031 pericardii
673 1986 770 2032 craffa
795 1990 837 2023 ὅ»
860 1985 982 2028 νιΥεὶιΙα
997 1985 1106 2029 fuerit
1119 2001 1128 2026 ς

112 2031 183 2067 e‘us
205 2029 445 2077 craffamentum
467 2031 500 2065 in
520 2031 605 2073 pilos
629 2032 846 2065 convertitur.
868 2030 952 2065 Unde
974 2041 1026 2064 cor
1043 2030 1129 2073 pilo-

107 2042 181 2121 [itm
213 2076 246 2109 in
268 2075 453 2120 quibusdam
485 2074 686 2117 observatum
711 2071 786 2117 suit
806 2099 814 2107 .
848 2076 902 2109 Eo
933 2083 1041 2108 tamen
1063 2085 1129 2109 ma-

111 2120 163 2164 gis
185 2118 324 2153 inclinat
349 2120 497 2159 animus,
518 2129 593 2152 curn
615 2126 734 2162 praeter
756 2129 815 2161 pus
835 2141 845 2156 ‚
869 2122 902 2152 δε
924 2116 1129 2152 crassamfa.

110 2163 200 2197 ctam
215 2162 444 2197 membranam
465 2161 573 2196 cordis
593 2185 606 2202 ‚
638 2160 876 2195 firmitudinem
899 2161 1036 2195 attendo
1058 2162 1130 2195 vin-

109 2207 181 2241 culi
198 2217 221 2239 ·a
240 2205 391 2241 Val-salva
411 2204 596 2249 deprehenfi
610 2227 619 2243 ‚
644 2213 681 2238 ut
692 2205 796 2247 prima
807 2204 871 2238 hoc
882 2206 994 2247 potius
1005 2206 1131 2238 ratione

112 2249 368 2293 suspicer,quam
379 2249 477 2283 altera
489 2248 572 2291 prod
576 2248 688 2282 u6tum
700 2245 802 2286 fuiffe,
812 2258 925 2290 nempe
934 2249 1128 2288 coalitu‚ne-

111 2304 175 2336 que
187 2293 250 2326 illo
260 2291 432 2326 aretiffimo
443 2317 452 2333 ,
463 2293 521 2335 qui
531 2291 571 2325 ad
584 2301 769 2325 mucronem
782 2300 913 2325 tantum
925 2293 1104 2335 contigerit
1116 2316 1127 2324 .

155 2347 190 2379 4.
212 2337 379 2371 Caeterum
401 2336 424 2369 fi
461 2333 555 2378 pilosi
579 2333 689 2368 cordis
713 2333 829 2377 injefia
853 2337 980 2369 mentio
1001 2345 1033 2369 te
1055 2333 1126 2369 for-

113 2388 149 2413 te
170 2379 327 2423 cupidum
350 2378 471 2413 sciendi
494 2378 575 2412 facit
598 2400 609 2417 ,
644 2389 683 2411 an
713 2377 876 2422 quidquid
910 2378 948 2412 de
981 2378 1047 2421 ejus
1072 2379 1126 2411 in-

114 2424 221 2456 ventis
244 2423 321 2467 pilis
355 2423 394 2456 ab
416 2421 593 2456 Historicis
613 2444 627 2462 ‚
658 2422 800 2464 itemque
835 2434 853 2455 a
875 2422 1016 2456 Medicis
1050 2433 1126 2465 pro-

110 2465 227 2503 ditum
244 2465 301 2500 :est
325 2490 336 2506 ,
368 2465 510 2500 censeam
534 2464 573 2498 ad
607 2463 744 2498 eundem
775 2464 909 2499 modum
940 2464 1000 2500 esse
1023 2466 1128 2509 expli-

113 2508 252 2545 candum
273 2532 288 2550 ,
322 2507 363 2544 ad
382 2519 489 2552 :quem
523 2508 620 2551 paulo
643 2517 716 2541 ante
753 2509 935 2543 indicabam
952 2521 967 2550 ;
998 2508 1041 2543 fic
1071 2509 1128 2543 ha-

113 2553 186 2586 beas
207 2553 306 2586 velim
325 2575 339 2593 ,
362 2552 467 2587 -dubia
490 2552 604 2592 mihi,
635 2563 735 2596 neque
766 2564 864 2587 unam
898 2555 942 2587 ob
962 2553 1089 2588 causam
1112 2574 1127 2592 ‚

113 2595 216 2632 videri
240 2597 391 2640 pleraque
423 2595 491 2630 e'us
512 2595 748 2630 observationis
777 2598 847 2630 anti
873 2597 995 2631 uiffima
1019 2607 1126 2631 exem-

114 2643 169 2684 pla
189 2664 198 2673 .
232 2641 322 2674 Nam
358 2651 425 2684 quo
480 2641 530 2673 ine
550 2639 751 2673 Aristomene
784 2641 840 2674 Me
867 2642 941 2674 enio
973 2640 1125 2676 Valerius

114 2685 135 2727 (
148 2694 174 2717 fn
196 2683 395 2727 )·scripserat
415 2683 458 2718 ab
479 2682 729 2718 Atheniensibus
743 2694 905 2727 repertum
929 2683 1012 2726 esse,
1034 2683 1069 2718 id
1082 2683 1132 2717 fa-

114 2727 206 2762 &um
231 2728 354 2762 Plinius
375 2730 390 2767 (
411 2738 429 2761 o
451 2731 467 2768 )
489 2727 596 2771 postea
619 2726 757 2762 tradidit
780 2727 820 2761 ab
842 2728 1097 2764 Lacedaemoniis
1117 2751 1133 2768 ,

118 2771 288 2805 Pausanias
321 2779 428 2805 autem
450 2774 465 2811 (
485 2780 507 2813 p
527 2775 542 2812 )
563 2772 805 2806 Aristomenem
824 2795 838 2813 ‚
871 2784 939 2807 non
962 2773 1130 2816 captivum

117 2815 204 2848 inter
238 2814 378 2849 crudeles
402 2813 545 2849 hostiurn
571 2827 684 2850 manus
705 2838 718 2857 ‚
750 2814 803 2850 sed
828 2816 968 2851 liberum
990 2841 999 2856 ,
1033 2819 1065 2850 δε
1089 2816 1132 2849 ab

116 2858 265 2902 utrisque
286 2859 381 2899 longe
402 2857 545 2893 dissitum
559 2883 572 2900 ‚
594 2871 668 2894 cum
693 2857 732 2893 ad
753 2859 920 2894 Generum
943 2859 1029 2904 apud
1038 2858 1136 2893 Rho-

118 2901 195 2936 dios
217 2900 408 2943 transiisset,
422 2912 468 2937 vex
490 2902 597 2937 morbo
609 2901 713 2947 obiiffe
731 2927 740 2937 .
765 2903 868 2940 Quod
891 2915 968 2937 vero
990 2905 1023 2937 in
1047 2905 1136 2937 exci-

118 2943 332 2980 soLeonidae
355 2944 452 2980 corde
475 2958 491 2981 a
514 2946 617 2980 Xerxe
638 2945 845 2990 conspeetum
878 2956 986 2982 narrat
1010 2948 1137 2982 Plutar-

119 2989 201 3023 chus
222 2992 237 3029 (
257 3000 277 3032 q
299 2993 334 3030 ),
357 2989 530 3024 Aristidem
552 2992 609 3033 qui
633 2990 672 3025 de
694 2989 788 3024 rebus
812 2992 943 3025 Persicis
976 2990 1100 3035 scripfit
1123 3017 1137 3034 ,

121 3032 313 3072 secutus3<a
335 3033 469 3068 barbaro
491 3035 652 3077 quidem,
674 3036 708 3069 &
729 3035 871 3069 inimico
893 3037 982 3077 Rege
1004 3034 1040 3070 id
1063 3036 1134 3071 fieri

122 3078 258 3122 potuit3
281 3075 333 3110 sed
355 3077 390 3110 in
412 3077 485 3110 viro
507 3077 545 3113 ad
567 3087 745 3113 extremum
765 3078 864 3122 usque
886 3077 1055 3113 fortiffime
1074 3091 1133 3122 pu-

121 3129 240 3164 gnante
261 3130 328 3153 non
352 3119 427 3154 fatis
449 3122 513 3154 veri
548 3121 652 3155 simile
675 3121 717 3156 est
735 3144 748 3162 ‚
781 3133 840 3156 cor
861 3121 1004 3156 morbidi
1037 3123 1134 3167 quid-

123 3175 222 3208 quam
244 3161 580 3208 habuisse.⁴1demque
601 3178 618 3200 a
640 3177 691 3200 me
712 3165 779 3200 dici
802 3190 811 3205 ,
836 3166 985 3206 credito,
1006 3165 1044 3201 de
1067 3168 1137 3210 Ly-

125 3207 241 3242 sandro
256 3232 266 3248 ,
288 3208 345 3250 qui
366 3209 548 3257 exercitum
569 3208 710 3250 ducens,
735 3209 792 3243 sub
815 3210 959 3244 Haliarti
974 3211 1135 3245 moenibus

115 3253 160 3286 a‘n
179 3261 285 3294 pugna
307 3252 422 3285 ceczdzt
442 3253 457 3291 <
480 3256 531 3292 ν’)
550 3277 558 3285 .
581 3255 737 3288 Ῥοειιετει-
760 3252 831 3287 sane
854 3253 895 3288 ab
917 3253 1136 3288 interfetctori-

118 3296 187 3330 'bus
212 3293 380 3328 Thebanis
402 3317 417 3335 ‚
450 3297 484 3328 δε
507 3296 753 3332 Atheniensibus
773 3320 784 3336 ,
815 3299 872 3341 qui
905 3297 1012 3342 ipsum
1043 3296 1136 3333 vehe-

126 3347 251 3373 menter
273 3337 430 3379 oderant,
454 3341 576 3375 mortui
597 3351 713 3385 corpus
734 3340 836 3375 discet
861 3343 892 3376 i.
919 3340 979 3377 Sed
1003 3340 1067 3375 hoc
1090 3342 1136 3376 sa-

127 3384 218 3417 ctum
240 3393 341 3425 neque
365 3381 535 3416 Pausanias
553 3407 566 3424 ,
598 3395 699 3429 neque
721 3387 755 3419 in
778 3386 831 3428 Ly
846 3387 935 3422 andri
960 3386 1040 3420 Vita
1064 3387 1139 3421 Plu-

119 3426 284 3466 tarchus,
304 3427 363 3469 qui
388 3425 551 3462 redditum
575 3428 829 3464 Lacedaemoniis
851 3442 967 3474 corpus
991 3429 1139 3473 scripsit,

129 3469 324 3505 ullomodo
346 3469 493 3505 indicant
507 3493 516 3503 .
543 3472 659 3513 Unus,
680 3472 770 3518 quod
793 3471 911 3515 sciam,
934 3476 1138 3509 memoratio

2024 180 2121 231 247

1165 239 1345 284 „Lysandro
1361 263 1370 280 ‚
1385 244 1428 276 3&
1451 242 1486 275 in
1508 252 1584 276 cane
1603 243 1786 278 Alexandri
1802 243 1991 278 Eustathius
2015 245 2101 286 apud
2113 246 2188 279 Cae-

1176 286 1259 320 lium
1276 282 1512 328 ‘Rhodiginum
1536 288 1556 328 (
1565 285 1593 328 s
1606 290 1619 325 )
1631 310 1643 327 ‚
1666 298 1705 320 ex
1716 287 1842 321 Graecis
1866 286 2033 322 addentem
2056 288 2189 321 in-Her-

1177 338 1313 371 mogene
1335 339 1464 376 quoque
1484 328 1676 364 Rhetoricae
1699 332 1776 364 artis
1788 332 1952 375 Scriptore
1967 356 1975 365 .
2000 328 2061 364 Sed
2084 339 2120 364 ut
2134 342 2189 364 ca-

1177 382 1252 407 nem
1262 371 1356 405 illum
1379 371 1523 406 dissecari
1536 371 1691 416 potuisse,
1715 372 1839 415 fateor;
1862 375 1905 409 fic
1927 374 2090 408 rhetorem
2103 373 2190 408 hunc

1176 426 1243 451 non
1266 414 1362 448 facile
1383 415 1574 450 crediderim
1592 438 1603 455 ‚
1635 418 1756 460 quippe
1782 428 1946 454 mortuum
1969 418 2010 452 iis
2032 419 2192 459 tempori-

1166 461 1235 495 rbus
1257 458 1376 502 quibus
1398 457 1570 495 hominum
1600 470 1738 503 corpora
1757 460 1903 496 dissecare
1934 460 1982 495 fas
2004 471 2069 495 non
2091 469 2157 494 erat
2177 483 2192 502 ‚

1176 507 1210 539 &
1231 502 1276 535 ob
1299 513 1368 535 eam
1390 503 1425 535 in
1447 514 1545 547 quarn
1567 514 1606 538 ex
1629 506 1786 539 acerrimo
1808 504 1941 547 iuvenili
1964 505 2096 547 ingenio
2117 503 2192 539 diu-

1175 557 1304 582 turnam
1335 545 1493 580 inciderat
1524 548 1641 581 mentis
1670 547 1898 583 hebetudinem
1927 552 1941 588 (
1964 552 2016 589 t)
2045 548 2195 583 omnium

1176 590 1288 634 potius
1311 588 1538 629 miseratione,
1563 602 1662 634 quam
1683 592 1783 627 ullius
1807 591 1917 626 hostili
1940 591 2021 625 odio
2043 616 2054 632 ,
2086 594 2119 625 δε
2143 603 2193 625 ra-

1175 636 1227 669 bie
1249 633 1282 667 di
1309 644 1410 674 num,
1434 645 1450 666 a
1473 645 1556 676 qua,
1579 644 1616 669 ut
1627 634 1807 678 superiores
1830 636 1882 669 illi
1897 643 2068 679 potuerant
2087 658 2099 675 ‚
2122 645 2193 669 cre-

1175 678 1211 713 di
1233 688 1276 721 po
1300 685 1326 710 lt
1349 676 1416 719 ipse
1440 678 1559 719 pariter
1591 678 1661 721 post
1683 689 1824 714 mortem
1847 680 2003 713 tractatus
2022 703 2030 710 .
2065 679 2196 712 Intelli-

1178 722 1250 766 gis‚
1274 731 1334 756 cur
1356 722 1391 754 in
1415 719 1575 763 plerisque
1599 723 1739 765 antiquis
1763 723 1920 766 exemplis
1942 722 2115 762 dubitem,
2137 733 2195 756 ve-

1181 775 1312 808 rearque
1329 786 1339 802 ‚
1373 775 1412 797 ne
1435 763 1583 798 homines
1614 773 1708 800 tanto
1730 778 1766 800 ea
1804 766 1934 800 facilius
1956 764 2155 800 crediderint
2178 789 2193 807 ,

1178 810 1253 852 quia
1276 819 1351 842 cum
1373 809 1538 843 Homerus
1560 816 1597 842 ut
1621 807 1826 852 prudentiam
1848 807 2062 854 significaret,
2083 820 2196 851 quem-

1179 851 1355 886 admodum
1388 861 1482 895 putat
1513 851 1704 887 Eustathius
1733 857 1748 893 <
1772 865 1792 887 u
1816 858 1828 894 )
1850 876 1862 894 ‚
1894 853 2020 897 densum
2040 852 2119 895 pilis
2141 863 2195 887 cor

1178 896 1284 931 dicere
1305 894 1391 929 visus
1412 895 1451 928 fit
1470 919 1483 936 ,
1516 898 1550 929 δέ
1575 905 1725 938 praeterea
1759 896 1902 932 Nonnus
1924 899 1939 937 (
1960 906 1983 930 x
2003 899 2018 936 )
2040 903 2076 931 ut
2100 896 2196 930 Sabi-

1178 951 1297 974 norum
1330 938 1496 974 audaciam
1519 941 1712 982 exprimeret
1729 963 1744 981 ,
1775 941 1894 976 iisrcor
1926 939 2024 982 densis
2046 940 2196 981 vestitum

1171 984 1252 1026 pilis
1274 982 1426 1017 tribuerit
1449 995 1460 1022 3
1493 984 1644 1016 eximiam
1667 983 1828 1026 quandam
1859 984 1921 1018 five
1955 982 2161 1027 prudentiam
2182 1007 2198 1025 ‚

1175 1027 1238 1062 sive
1260 1026 1472 1060 calliditatem
1490 1050 1503 1066 ,
1536 1026 1598 1059 sive
1621 1027 1787 1062 audaciam
1808 1028 2065 1063 existimaverint
2087 1051 2099 1069 ‚
2130 1026 2196 1061 fine

1177 1069 1285 1115 piloso
1305 1068 1402 1104 corde
1426 1068 1519 1102 facile
1542 1069 1600 1103 esse
1623 1081 1689 1104 non
1713 1071 1849 1113 potuisse
1861 1096 1873 1113 ‚
1897 1070 2074 1114 praesertim
2093 1082 2199 1115 quan-

1179 1115 1244 1154 do3
1268 1122 1304 1148 ut
1326 1112 1368 1146 ad
1391 1115 1498 1146 minus
1521 1112 1641 1147 vetusta
1663 1116 1809 1158 exempla
1831 1115 2015 1155 transeam3
2035 1113 2196 1158 ejusmodi

1179 1169 1240 1192 cor
1264 1158 1298 1191 in
1321 1156 1426 1190 tribus
1449 1156 1656 1197 latronibus,
1680 1157 1792 1192 scelere
1818 1182 1827 1197 ,
1864 1161 1897 1192 &
1921 1157 2051 1192 audacia
2069 1159 2199 1192 nobili-

1180 1202 1239 1236 bus
1270 1202 1437 1234 inventum
1460 1200 1518 1234 esse
1537 1223 1550 1240 ,
1582 1200 1728 1243 legerunt
1763 1201 1847 1245 apud
1881 1202 2050 1236 Muretum
2085 1206 2097 1241 (
2113 1202 2199 1245 y),

1180 1246 1394 1280 Beniveniurn
1428 1246 1442 1284 (
1464 1256 1490 1288 z
1511 1247 1525 1284 )
1548 1264 1559 1281 ‚
1591 1246 1625 1278 &
1655 1245 1817 1280 Amatum
1850 1243 2040 1279 Lusitanurn
2073 1248 2088 1285 (
2110 1256 2129 1278 a
2150 1249 2164 1285 )
2186 1269 2196 1277 .

1180 1290 1251 1330 Qi
1284 1290 1320 1322 in
1342 1299 1384 1321 eo
1415 1298 1514 1331 quem
1546 1286 1733 1323 consectum
1766 1301 1783 1322 a
1808 1288 1838 1323 se
1869 1289 1984 1329 dicit,
2015 1287 2201 1332 cujusmodi

1180 1332 1303 1368 fuerint
1326 1332 1411 1374 pili,
1434 1342 1500 1365 non
1523 1330 1649 1365 indicat
1672 1343 1681 1365 :
1714 1342 1749 1366 ut
1773 1344 1874 1377 neque
1907 1333 2069 1368 Scultetus
2092 1333 2201 1367 Nori-

1178 1373 1338 1419 bergensis
1358 1378 1372 1415 (
1393 1374 1413 1407 b
1436 1377 1473 1415 ),
1494 1375 1552 1418 qui
1576 1376 1611 1408 in
1630 1374 1835 1410 audaciffimo
1859 1377 2141 1421 pariterJnvene,
2163 1377 2200 1411 in

1179 1420 1331 1455 Theatro
1356 1417 1421 1452 hoc
1443 1418 1552 1452 nostro
1572 1420 1772 1453 Anatornico
1795 1421 1839 1454 A.
1867 1422 1961 1462 1650.
1986 1418 2121 1454 dissecto
2140 1430 2200 1455 cor

1177 1464 1379 1506 undequaque
1397 1461 1533 1504 pilosum
1556 1460 1674 1503 fuisse,
1698 1462 1808 1497 scribit
1834 1475 1842 1497 :
1867 1474 1927 1496 nec
1950 1464 2088 1507 denique
2112 1465 2202 1497 Lanu

1176 1518 1280 1541 zonus
1302 1510 1318 1548 (
1339 1518 1355 1540 c
1379 1509 1415 1545 ),
1437 1507 1493 1548 qui
1517 1507 1550 1539 in
1574 1506 1721 1549 plebnjo,
1744 1508 1784 1541 ab
1807 1507 1836 1541 se
1859 1506 1963 1541 inciso
1982 1530 1995 1548 ,
2025 1518 2084 1540 cor
2107 1508 2203 1541 uadi„

1179 1562 1237 1594 que
1259 1550 1338 1592 pilis
1362 1547 1516 1593 refertum
1539 1551 1663 1583 invenit
1684 1575 1691 1582 .
1726 1551 1838 1589 Quem
1872 1559 1981 1585 tamen
2010 1561 2087 1585 cum
2111 1551 2204 1594 peri-2

1180 1593 1435 1638 pneumonicum
1458 1591 1575 1633 fuisse‚
1599 1603 1772 1636 appareat,
1797 1595 1943 1637 proclive
1952 1592 1995 1628 est
2018 1594 2203 1637 conjicere,

1176 1649 1247 1672 -non
1272 1637 1356 1680 pilos
1378 1661 1388 1677 ,
1421 1636 1473 1670 sed
1495 1635 1632 1670 viscidas
1663 1640 1886 1673 concretiones
1918 1635 2062 1673 habuisse
2083 1661 2094 1676 ‚
2127 1650 2201 1682 quae

1181 1680 1398 1725 pericardium
1422 1703 1435 1721 ‚
1466 1691 1541 1715 cum
1566 1691 1584 1714 a
1606 1680 1704 1714 corde
1726 1691 1944 1717 removeretur
1967 1707 1976 1723 ,
2000 1680 2203 1725 sequentes,

1181 1726 1234 1760 sua
1257 1726 1416 1759 tenuitate
1436 1747 1449 1765 ,
1478 1727 1511 1758 &
1550 1723 1696 1759 albedine
1730 1727 1865 1760 incanos
1889 1727 1973 1769 pilos
1997 1726 2201 1768 repraesenta=

1179 1779 1273 1803 rent.
1299 1770 1354 1802 An
1376 1779 1456 1802 vero
1480 1767 1586 1802 eidem
1607 1768 1802 1813 conjecturae
1833 1769 1874 1804 sit
1897 1771 1988 1805 locus
2012 1771 2048 1803 in
2070 1770 2199 1804 caetetis

1178 1815 1236 1857 qui
1260 1811 1361 1846 modo
1386 1811 1458 1846 sunt
1483 1813 1654 1845 memorati
1666 1816 1767 1853 ‚iinon
1790 1813 1887 1847 facile
1897 1813 2039 1848 dixerim
2056 1825 2070 1846 :v
2087 1824 2205 1857 quam-

1183 1857 1232 1890 vis
1256 1858 1290 1890 in
1313 1855 1515 1894 latronibus,
1537 1857 1661 1900 quippe
1679 1855 1739 1892 diu
1760 1858 1977 1891 inteterrimo
1999 1868 2205 1892 carceremaa

1183 1900 1285 1934 cerari
1309 1899 1416 1934 solitis
1432 1922 1443 1938 ,
1468 1908 1505 1934 ut
1529 1900 1632 1933 socios
1656 1899 1801 1935 indicent
1821 1925 1837 1942 >
1857 1905 1890 1935 δε
1914 1900 2063 1935 facinora
2086 1903 2201 1936 omnia

1183 1944 1423 1981 confiteantur,
1447 1942 1632 1977 cachexiam
1656 1945 1772 1984 liceat,
1797 1945 1937 1990 hincque
1950 1957 2016 1980 non
2040 1957 2202 1989 paucum„

1180 1998 1318 2032 eumque
1340 1986 1474 2022 crassum
1499 1985 1628 2022 fortasse
1654 2012 1668 2030 ,
1703 1992 1736 2023 &
1760 1989 1922 2025 viscidum
1943 1988 2114 2035 pericardii
2131 1989 2203 2025 *hu⁶

1181 2043 1303 2066 morem
1329 2030 1482 2074 suspicari
1508 2056 1515 2064 .
1549 2032 1622 2066 Nec
1646 2032 1724 2076 quia
1739 2034 1878 2080 Juvenis
1901 2035 1941 2068 in:
1960 2034 2024 2069 hoc
2049 2033 2207 2069 ”rheam

1180 2074 1354 2117 diffestus,
1377 2087 1417 2110 ex
1440 2085 1575 2120 accepto
1594 2076 1722 2111 vulnere
1745 2079 1913 2114 continuo·v
1930 2079 2061 2114 obierat
2067 2101 2087 2120 ,η
2102 2078 2178 2114 ideo
2186 2102 2207 2121 55

1180 2119 1270 2162 quod
1295 2118 1334 2154 ad
1355 2131 1436 2162 cor,
1459 2123 1493 2154 δε
1513 2120 1731 2163 pericardium
1754 2123 1872 2157 attinet
1893 2146 1906 2165 ,
1929 2135 1950 2157 o
1975 2123 2057 2159 time
2079 2146 2094 2166 ,
2124 2134 2205 2159 turre

1180 2166 1303 2198 viveret
1325 2187 1338 2205 ,
1375 2163 1405 2198 se
1429 2162 1572 2199 habuisse
1592 2188 1607 2205 ,
1637 2164 1831 2201 existimabis
1851 2190 1862 2206 ‚
1894 2179 1937 2211 po
1964 2179 2062 2214 quam
2085 2170 2200 2214 legeris

1179 2209 1195 2246 <
1216 2207 1236 2240 d
1257 2211 1272 2250 )
1294 2217 1353 2250 per
1380 2208 1490 2249 plures
1512 2219 1611 2241 annos
1639 2209 1676 2242 de
1698 2209 1806 2244 ardore
1839 2212 1943 2246 cordis
1968 2211 2028 2248 esse
2063 2224 2201 2258 conque-

1171 2249 1277 2300 stam.
1303 2250 1407 2300 Quod
1429 2251 1452 2285 si
1477 2261 1627 2294 praeterea
1650 2253 1911 2290 animadverteris
1932 2278 1943 2295 ,
1966 2268 2069 2301 neque
2091 2260 2201 2294 Anto-

1178 2304 1272 2328 mum
1296 2293 1512 2344 Molmettum
1525 2320 1534 2335 ‚
1558 2306 1661 2339 neque
1684 2298 1821 2333 Petrum
1840 2299 1879 2334 de
1898 2300 2094 2335 Marchettis
2104 2325 2118 2343 ‚
2140 2313 2200 2337 ne-

1177 2348 1239 2379 que
1263 2339 1480 2373 Dominicum
1504 2339 1632 2378 filium,
1653 2342 1711 2384 qui
1735 2343 1867 2378 Parenti·
1889 2355 2002 2379 manus
2024 2344 2199 2389 adjutrices

1178 2380 1340 2430 praebebat
1362 2404 1372 2419 ‚
1404 2393 1505 2425 neque
1530 2381 1648 2417 horum
1683 2386 1834 2420 omnium·
1854 2388 2008 2423 Amicum
2034 2390 2200 2433 joannem

1178 2423 1354 2458 Rhodium
1371 2448 1383 2465 ,
1406 2427 1464 2469 qui
1490 2436 1542 2460 tot
1566 2425 1621 2460 hic
1644 2425 1770 2462 habitas
1795 2432 1899 2472 paulo·
1917 2433 2057 2467 rariores
2077 2435 2200 2469 Obser-

1179 2469 1326 2501 vationes
1349 2469 1508 2512 collegit,
1532 2470 1657 2504 nullam
1680 2494 1689 2510 ,
1714 2473 1804 2514 quod
1828 2476 2029 2510 mem-inerim
2051 2501 2065 2518 ,
2098 2477 2196 2522 hujus

1179 2509 1218 2544 de
1240 2523 1303 2553 qua
1325 2509 1402 2560 dico
1420 2534 1434 2553 ,
1466 2516 1499 2546 &
1522 2511 1614 2556 cujus
1638 2514 1695 2548 alii
1717 2525 1830 2550 eorum
1853 2517 1900 2551 ob
1917 2519 2104 2563 injunfflrm
2125 2534 2196 2558 mu.

1178 2565 1237 2588 nus
1257 2555 1359 2604 ,alii
1381 2555 1425 2589 ob
1455 2555 1603 2590 affiduarn
1634 2559 1670 2591 in
1702 2557 1854 2594 Theatro
1875 2561 2096 2607 frequentiam
2130 2576 2199 2601 non

1182 2597 1304 2648 conscii
1329 2596 1387 2632 effe
1409 2610 1475 2633 non
1499 2599 1698 2643 potuissent,
1722 2603 1877 2644 nullam,
1909 2607 2043 2650 inquam
2065 2633 2074 2647 ‚
2097 2608 2200 2655 hujus-

1183 2639 1290 2692 feciss‘e
1313 2644 1512 2692 mentionem
1526 2669 1534 2682 ,
1558 2655 1598 2677 ne
1619 2645 1667 2679 ibi
1689 2646 1821 2689 quidem
1844 2649 1901 2683 ubi
1922 2651 2088 2687 Antonius
2106 2677 2119 2694 ‚
2140 2664 2198 2689 aut

1180 2687 1380 2737 Dominicus
1402 2686 1442 2721 de
1465 2688 1541 2730 pilis
1565 2688 1669 2730 postea
1692 2714 1703 2731 ,
1733 2693 1767 2724 &
1790 2692 1829 2726 de
1852 2693 1949 2728 corde
1970 2694 2161 2740 scripserunt
2182 2710 2197 2740 ,-

1180 2727 1205 2762 fi
1224 2728 1296 2780 ‘haec
1318 2740 1424 2778 igitur
1445 2732 1707 2767 animadverteris
1728 2745 1741 2772 3
1775 2733 1872 2771 facile
1892 2739 2076 2781 opinaberis
2095 2766 2104 2781 ‚
2135 2744 2197 2785 qui

1181 2783 1291 2815 prlmo
1312 2775 1439 2817 aipeetu
1462 2774 1520 2808 vifi
1531 2774 1627 2810 essent
1650 2778 1736 2819 pili,
1758 2788 1811 2813 eos
1822 2783 1998 2821 accuratius
2023 2783 2100 2818 dein
2121 2797 2197 2819 exa-

1180 2819 1341 2856 minatos‚
1365 2818 1461 2860 longe
1484 2818 1571 2853 aliud
1595 2818 1688 2855 fuiss'e
1709 2831 1915 2865 compertos.
1943 2827 2036 2865 Quin
2060 2828 2118 2863 ubi
2140 2840 2197 2862 or-

1185 2860 1252 2903 do,
1276 2864 1310 2896 &
1333 2873 1431 2904 genus
1451 2863 1586 2908 Juvenis
1609 2863 1698 2899 illius
1730 2867 1819 2900 venit
1843 2868 1878 2900 in
1898 2879 2039 2904 mentem
2066 2895 2080 2913 ‚
2110 2883 2197 2915 quo·

1185 2916 1259 2938 rum
1281 2915 1454 2948 utrumque
1478 2907 1512 2939 in
1536 2907 1719 2941 Theatrum
1740 2908 1854 2943 inferri
1867 2935 1881 2952 ‚
1894 2914 1936 2946 ·&
1958 2914 2086 2956 publice
2103 2914 2197 2950 disse·

1186 2950 1253 2982 cari
1276 2948 1468 2991 prohibebat
1493 2961 1504 2987 3
1537 2949 1714 2986 confidam
1738 2953 1777 2986 ab
1810 2954 1922 2998 aliquo
1944 2956 2032 2992 hunc
2053 2958 2159 2994 casum
2184 2983 2195 3000 ‚

1187 2995 1220 3026 δε
1244 2993 1390 3040 Sculteto
1421 2992 1502 3025 alibi
1526 3003 1691 3029 narratum
1722 2996 1883 3032 crederem
1907 3024 1921 3041 ‚
1953 3001 2012 3036 nisi
2034 3015 2074 3037 ex
2104 3002 2199 3037 libris

1187 3047 1265 3070 meae
1297 3036 1393 3078 hujus
1418 3036 1555 3079 Inclytae
1578 3038 1737 3073 Nationis
1766 3041 1971 3079 Germanicae
1994 3055 2161 3089 appareret
2182 3070 2194 3087 ‚

1185 3088 1295 3113 totum
1319 3079 1401 3113 illud
1424 3080 1590 3114 biennium
1613 3103 1624 3119 ‚
1648 3084 1682 3115 in
1704 3084 1791 3127 quod
1813 3086 1840 3120 is
1863 3098 1962 3123 annus
1983 3090 2073 3124 cadit
2100 3094 2194 3132 1650.

1185 3121 1241 3157 hic
1274 3122 1380 3166 ipsum
1412 3122 1534 3175 fuisse,
1567 3124 1746 3162 studiorum
1781 3130 1930 3165 videlicet
1952 3133 2042 3167 causa
2067 3156 2078 3173 ,
2109 3134 2198 3177 quod

1186 3166 1308 3210 semper
1339 3167 1497 3201 Germani
1528 3169 1668 3203 fecerant
1695 3196 1704 3212 ,
1737 3183 1797 3205 nec
1826 3173 1930 3217 postea
1965 3175 2066 3210 facere
2088 3177 2196 3220 quoad

1186 3211 1314 3245 cunffis
1336 3212 1500 3253 integrum
1524 3211 1614 3252 fuit,
1636 3215 1901 3252 intermiserunt.
1926 3220 1998 3260 Qi
2019 3220 2114 3254 aliter
2137 3232 2196 3264 pu.

1186 3263 1257 3288 tant
1270 3277 1286 3301 ,q
1302 3252 1324 3287 fi
1347 3266 1401 3288 eos
1424 3255 1579 3299 inspicere
1602 3258 1778 3301 potuissent
1799 3260 1901 3296 libros
1921 3274 1935 3303 ,-
1956 3261 2105 3297 vidissent
2128 3265 2198 3299 uti-

1186 3310 1247 3341 que
1269 3299 1421 3333 servatam
1443 3311 1512 3333 eam
1534 3302 1825 3342 consuetudinem3
1847 3313 1883 3339 ut
1906 3306 2114 3345 innumeros,
2136 3309 2197 3351 qui

1188 3344 1294 3375 minus
1318 3342 1389 3376 sunt
1415 3345 1506 3384 noti,
1529 3347 1736 3388 praeteream3
1758 3347 2078 3395 aPhilippoJacobo
2100 3352 2198 3386 Sach-

1189 3385 1235 3420 sio
1253 3410 1266 3427 ,
1292 3386 1422 3432 Jacobo
1452 3389 1624 3423 Pancratio
1653 3390 1803 3424 Brunone
1821 3416 1832 3432 ‚
1875 3392 2064 3429 Christiano
2086 3394 2200 3429 Ment-

1187 3430 1275 3464 zelio
1288 3453 1297 3469 ,
1324 3431 1424 3465 Paulo
1448 3431 1487 3465 de
1510 3433 1659 3471 Sorbait‚
1678 3435 1734 3479 Jo.
1759 3434 1967 3478 sigismundo
1989 3437 2164 3474 Elsholtio
2188 3464 2199 3479 ‚

1189 3475 1326 3509 Erasmo
1359 3473 1555 3511 Bartholino
1574 3503 1586 3520 ‚
1618 3477 1780 3513 Michaele
1809 3479 1935 3523 Lysero
1954 3504 1969 3522 ,
2000 3481 2154 3516 Henrico
2182 3494 2200 3517 a

2030 3525 2162 3560 Moini-

127 3603 2214 3629 ΝΜ

244 3668 256 3694 )
272 3672 299 3690 n.
316 3667 354 3691 18.
371 3665 396 3691 δι
412 3673 452 3702 ¹⁹)
514 3666 529 3696 (
544 3666 561 3691 k
577 3667 591 3696 )
607 3667 682 3697 Epist.
701 3676 742 3696 ae.
757 3676 783 3694 n.
798 3678 840 3701 37.

285 3697 354 3722 Fast.
370 3705 399 3722 ac
414 3697 479 3724 Dnst.
496 3698 658 3723 Memorabn.
675 3699 692 3723 l.
709 3707 732 3725 1.
747 3707 770 3725 c·
785 3702 831 3727 ult.

277 3727 333 3752 Vid.
351 3728 452 3753 Pausan.
469 3729 547 3757 Oper.
564 3729 606 3753 cit.
622 3732 640 3754 1.
657 3738 679 3760 3.
696 3732 718 3756 δι
734 3732 751 3756 1.
769 3739 793 3761 9.
852 3730 896 3763 (s
935 3734 1004 3759 Lea.
1019 3735 1106 3764 Antiq.
1124 3735 1141 3759 l.

282 3759 345 3786 apud
362 3761 454 3784 Mutet.
471 3761 528 3784 Var.
546 3760 610 3785 Less.
627 3761 644 3784 l.
659 3768 696 3785 12.
713 3769 733 3786 c.
753 3769 789 3787 ιο.
849 3765 864 3793 (
876 3772 894 3794 y
942 3764 1007 3790 lbid.
1069 3764 1080 3794 s
1096 3774 1115 3796 ζ
1128 3766 1143 3796 )

188 3664 204 3695 ζ
219 3665 229 3690 ι’

191 3698 208 3726 c
221 3704 239 3721 n

189 3728 205 3756 (
221 3734 233 3751 ν

193 3758 209 3787 (
223 3765 239 3781 x

192 3789 207 3818 ζ
222 3788 236 3812 b
283 3789 401 3815 Trichias.
421 3791 509 3817 admir-
572 3791 579 3821 (
596 3799 609 3816 ι·
624 3791 638 3821 )
655 3792 717 3823 Epit-
733 3795 767 3819 N.
785 3793 815 3821 C,
832 3794 890 3821 Dec.
907 3802 928 3824 3.
946 3797 978 3820 A.
996 3804 1017 3826 ς.
1035 3794 1094 3822 obs.
1113 3804 1164 3824 122.

255 3696 269 3725 )

249 3728 267 3818 '3

928 3672 938 3696 Ι
953 3671 968 3700 )
985 3672 1151 3705 Anthropogr.
1167 3674 1186 3698 1.
1204 3681 1227 3703 ς.
1242 3682 1264 3699 e.
1280 3683 1305 3705 7.

924 3711 937 3727 o
952 3703 967 3732 )
983 3706 1073 3729 Natur.
1091 3704 1154 3729 nist.
1173 3705 1190 3729 l.
1210 3712 1245 3730 ιι.
1261 3714 1283 3731 e.
1301 3714 1338 3736 37.

1156 3745 1179 3765 4.

1158 3769 1195 3792 De

1369 3675 1384 3705 (
1400 3680 1425 3697 m
1441 3673 1451 3702 2
1467 3675 1611 3702 comment.
1627 3676 1704 3702 Aeaci.
1720 3678 1759 3704 Se.
1777 3679 1844 3707 lmp-
1861 3679 1985 3709 Pettopol.
2003 3682 2081 3706 Tom.
2096 3682 2123 3706 6.

1399 3705 1414 3733 (
1427 3711 1445 3734 Ρ
1456 3707 1470 3742 ‚l
1487 3708 1524 3733 De
1538 3714 1590 3733 tota
1607 3710 1700 3735 Graeeia
1718 3709 1736 3733 l.
1752 3719 1778 3739 4.
1840 3711 1855 3740 (
1871 3719 1886 3740 q
1898 3712 1912 3738 )
1932 3712 1959 3737 in
1976 3711 2091 3737 Parallet.

1197 3742 1220 3759 c·
1238 3740 1277 3762 16.
1338 3737 1352 3765 ζ
1367 3742 1379 3760 1
1395 3741 1404 3763 )
1424 3736 1488 3762 lbid.
1506 3739 1523 3763 Ι.
1541 3747 1579 3763 21.
1595 3747 1616 3764 c.
1633 3744 1658 3767 6.
1718 3742 1734 3770 (
1749 3749 1765 3766 u
1780 3741 1795 3770 )
1811 3741 1874 3766 lbid.
1891 3744 1908 3767 l.
1923 3751 1948 3771 4.
1965 3744 2010 3767 cit.
2028 3751 2050 3768 e.
2069 3744 2105 3767 16.

1209 3767 1287 3793 abdit.
1304 3766 1397 3803 MOFbt
1409 3767 1544 3804 &apaan
1560 3777 1583 3796 t.
1601 3772 1642 3801 83.
1702 3771 1712 3801 s
1730 3779 1745 3796 a
1762 3776 1771 3802 )
1787 3774 1860 3798 cent.
1876 3775 1900 3798 6.
1918 3776 2007 3800 Curat.
2023 3775 2093 3799 Med.
2111 3775 2152 3802 ἅς.

1228 3798 1239 3829 (
1254 3800 1269 3823 cl
1286 3802 1295 3830 )
1311 3798 1432 3826 Trichrus.
1449 3805 1495 3825 eit.
2041 3804 2048 3809 “
