2498 4075
423 107 518 168 156

358 193 507 224 naturam
529 185 637 224 minus
659 184 875 228 conspicuos,
899 184 938 219 ad
961 197 1031 220 eurn
1056 183 1189 218 modum
1212 185 1366 228 pateface-

361 240 414 265 re,
443 230 523 262 Sane
546 231 602 273 qui
629 226 784 271 ejusmodi
810 229 929 262 ibidem
954 228 1131 273 cisternulas
1155 252 1166 267 ,
1199 228 1256 262 nifi
1281 229 1366 272 quod

356 273 467 315 panici
493 283 585 309 erant
610 272 858 314 magnitudine,
881 272 1047 313 conspexit
1086 270 1189 314 postea
1223 273 1366 307 Santori-

354 326 415 354 nus
441 318 496 357 (y
517 320 554 359 )‚
578 315 644 358 ipse
666 327 819 359 quoque,
843 325 878 352 ut
905 314 1078 360 Valsalva,
1111 314 1201 351 semel
1224 338 1232 351 ‚
1269 318 1300 349 δε
1333 317 1366 348 in

355 370 395 391 eo
428 359 513 392 vidit
551 370 646 402 quem
681 358 889 396 interfecerat
923 360 1140 401 anenrysma.
1175 358 1278 401 Cujus
1311 358 1365 391 etsi

352 412 420 439 non
445 401 572 439 indicat
596 401 723 441 sedem3
748 402 791 437 ibi
818 413 925 437 tamen
950 401 1006 447 esse
1033 403 1162 444 potuit,
1187 401 1240 435 ubi
1275 402 1366 443 chyli

354 454 485 482 motum
520 445 716 483 retardaret.-
737 456 883 488 certeque
916 447 982 487 ipse
1004 446 1061 487 qui
1094 446 1149 479 vix
1181 445 1271 480 semel
1307 446 1367 479 ali-

355 489 434 530 quid
462 488 619 532 ejusmodi
634 489 869 529 animadverti,
894 490 927 523 in
953 499 1131 530 praegnante
1142 499 1217 522 cane
1234 489 1367 523 memini

353 533 629 573 animadvertisse3
656 543 688 569 ,ut
715 532 900 574 compressio
923 533 1027 574 aliqua
1050 535 1172 566 viarum
1191 531 1282 574 chyli
1303 543 1367 566 nou

353 574 499 613 deesset·
537 578 724 618 Utcumque
759 575 835 614 est3
866 575 1025 613 Valsalvae
1070 577 1257 617 opinionem
1290 576 1367 609 San-

353 621 481 654 ‚torinus
518 642 531 660 ,
584 623 615 657 ᾖδε
663 631 721 661 ego
772 620 862 661 plane
916 618 1199 664 comprobavimus
1232 643 1241 658 ,
1292 630 1366 651 cum

351 662 410 695 ille
440 674 480 699 ex
525 662 696 702 czstcrnulis
741 662 815 707 ipsis
860 661 983 696 vascula
1025 672 1184 704 emergere
1227 661 1366 703 chylife-

350 716 385 743 ra
416 704 616 748 conspexerit
642 728 653 745 ,
678 717 737 748 ego
768 717 844 740 vero
877 716 940 738 non
974 704 1008 738 id
1040 714 1168 740 tantum
1191 727 1199 742 ³
1237 705 1287 740 sed
1333 708 1364 738 &

349 749 414 786 ‚alia
439 749 564 787 minora
597 761 666 791 quae
698 760 748 781 eas
784 749 908 784 adirent
929 774 936 780 .
1070 749 1131 781 Sed
1166 747 1204 781 ad
1246 750 1364 784 certio-

349 803 418 843 res,
452 793 674 840 gravioresque
710 792 868 838 propositi
902 790 1131 834 aneurysmatis
1153 789 1282 828 effectus
1313 804 1365 825 ve-

348 846 495 874 ruamus,

404 882 451 913 16,
479 879 510 913 A
536 879 644 912 multo
668 878 731 921 jam
756 887 900 923 tempore
926 879 988 914 hoc
1012 878 1195 922 aneurysma
1227 879 1364 921 incepis-

351 921 381 960 se
405 946 415 961 ,
439 921 590 958 diuturni
613 922 665 955 illi
690 922 816 956 dolores
840 923 1008 957 ostendunt
1032 924 1085 965 qui
1111 922 1264 958 sinistram
1289 922 1363 957 tho-

347 967 427 1001 racis
452 975 573 1007 partem
598 966 786 1008 gravabant.
816 966 917 1010 Qod
943 976 1047 1000 autem
1081 978 1095 998 a
1121 967 1257 1002 flatuum
1291 979 1361 1000 eru-

350 1011 463 1053 ptione
488 1008 711 1050 mitescerent,
735 1018 860 1054 poterat
885 1012 917 1044 id
943 1009 1019 1047 huic
1043 1021 1130 1052 aegro
1160 1012 1325 1053 imponere
1350 1032 1359 1048 ‚

348 1051 623 1096 quemadmodum
645 1062 697 1087 tot
722 1053 795 1087 aliis
829 1054 898 1087 vidi
923 1076 936 1094 ‚
970 1053 1057 1087 nulla
1091 1053 1118 1087 se
1156 1064 1325 1096 propterea
1348 1077 1361 1094 ,

344 1097 404 1130 nifi
429 1097 592 1134 flatuleuta
607 1120 618 1136 ,
642 1096 810 1133 affectione
832 1098 959 1135 vexari,
983 1096 1205 1131 credentibus.
1232 1098 1361 1130 Scilicet

345 1140 492 1178 thoracis
516 1150 605 1182 parte
630 1142 669 1174 ab
694 1141 910 1183 aneurysmate
942 1150 1097 1180 occupata
1119 1163 1128 1179 ,
1167 1140 1244 1183 saepe
1279 1141 1361 1174 oeso-

346 1183 471 1227 phagus
496 1185 542 1216 ita
567 1186 752 1226 premitur,
776 1194 811 1218 ut
847 1185 981 1221 minime
1015 1183 1121 1219 facilis
1153 1182 1192 1216 fit
1226 1184 1358 1219 flatibus

330 1225 528 1268 [erumpendi
554 1229 623 1273 via,
650 1226 844 1264 Distendunt
869 1229 943 1261 ideo
967 1228 1205 1268 ventriculum,
1228 1230 1261 1262 &
1282 1226 1358 1261 huic

346 1272 535 1315 proximam
559 1270 731 1313 oesopbagi
759 1282 883 1313 partem
904 1296 916 1312 ,
951 1270 1171 1312 molestiasque
1208 1281 1324 1314 augent
1349 1295 1361 1311 ,

347 1313 490 1351 thoracis
515 1313 654 1357 spatium
678 1314 726 1349 vel
751 1316 854 1358 magis
879 1314 1055 1348 minuendo
1079 1340 1087 1355 ,
1112 1317 1144 1347 δε
1178 1315 1362 1357 aneurysma

345 1357 615 1400 comprimendo.
646 1358 708 1394 Hae
733 1359 862 1400 igitur,
886 1359 1016 1397 flatibus
1047 1357 1184 1401 denique
1221 1359 1363 1392 eluctan-

346 1403 434 1438 tibus
451 1428 459 1443 ,
486 1401 654 1438 mitescant
680 1400 797 1435 necesse
820 1402 882 1437 est.
910 1403 991 1436 Non
1023 1411 1130 1435 tamen
1164 1402 1326 1436 tolluntur
1353 1414 1361 1436 :

346 1458 421 1489 quae
448 1457 519 1487 res,
543 1449 574 1480 &
600 1444 772 1487 ponderis,
805 1455 861 1481 aut
894 1447 1026 1480 alterius
1059 1445 1258 1479 incommodi
1294 1445 1361 1479 sen-

347 1492 423 1530 sus,
449 1491 506 1533 qui
531 1487 622 1531 rejici
650 1490 683 1521 in
708 1489 801 1526 flatus
824 1501 889 1523 non
914 1489 1031 1532 poffit,
1055 1488 1225 1523 admonere
1251 1489 1359 1523 Medi·

348 1543 424 1567 cum
447 1533 539 1567 debet
562 1556 573 1573 ,
598 1544 634 1567 ne
658 1532 710 1572 se,
733 1542 769 1566 ut
793 1544 915 1576 aegrum
939 1556 948 1571 ‚
984 1532 1053 1568 falli
1091 1535 1233 1575 patiatur
1256 1558 1264 1567 .
1299 1532 1358 1567 Sed

347 1576 439 1617 haec,
463 1587 557 1619 atque
581 1577 643 1611 alia
667 1575 748 1610 alibi
773 1578 870 1612 etiam
896 1576 1107 1619 explicanda,
1131 1577 1202 1611 sunt
1239 1578 1272 1610 in
1307 1576 1358 1610 hi-

348 1620 443 1655 storia
470 1620 530 1653 hac
556 1619 703 1653 faciliora
729 1644 736 1653 .
875 1621 1045 1654 Nonnulla
1071 1628 1175 1654 autem
1200 1623 1271 1654 sunt
1296 1622 1356 1653 mi-

346 1675 406 1698 nus
430 1663 560 1703 facilia,
586 1665 618 1698 in
645 1663 762 1705 quibus
787 1661 854 1696 liaec
876 1663 966 1699 duo.-
991 1664 1123 1697 alterurn
1146 1688 1158 1704 ,
1192 1665 1357 1707 quomodo

345 1707 418 1751 post
440 1707 578 1749 disrupti
605 1706 836 1748 aneurysmatis
859 1706 946 1749 signa
969 1730 981 1747 ‚
1013 1706 1121 1741 decem
1145 1706 1238 1740 horas
1269 1710 1357 1740 vive-

344 1762 376 1788 te
400 1775 412 1793 ,
443 1761 496 1785 aut
521 1762 560 1785 eo
585 1750 724 1792 amplius
758 1749 813 1786 hic
850 1750 940 1785 senex
974 1752 1118 1793 potuerit
1144 1763 1153 1789 3
1187 1752 1322 1786 alterum
1345 1774 1358 1792 ,

348 1807 414 1832 oua
436 1796 487 1828 via
512 1795 680 1838 copiosum
704 1793 788 1828 illud
821 1792 984 1828 sanguinis
1016 1793 1144 1839 sputum
1178 1796 1323 1827 extiterit
1348 1818 1355 1827 .

344 1837 445 1886 Qod
472 1839 510 1873 ad
536 1839 675 1880 primum
699 1840 817 1870 attinet
833 1859 842 1873 ,
866 1838 931 1871 Vir
955 1838 1086 1870 Clariis.
1114 1839 1227 1873 Paulus
1238 1838 1358 1870 Valca-

346 1894 462 1926 rengus
484 1885 498 1924 (
522 1893 546 1924 z
567 1885 582 1922 )
604 1882 637 1914 in
660 1884 734 1915 casu
757 1892 853 1924 quem
876 1891 950 1915 cum
986 1880 1154 1923 proposito
1187 1881 1357 1925 quadante-

342 1938 401 1963 nus
423 1925 572 1963 conferre
596 1924 689 1970 possis
712 1946 723 1961 ‚
749 1935 814 1958 rem
848 1924 1171 1969 explicatrsponendo
1189 1948 1201 1965 ‚
1234 1923 1359 1966 sangui-

344 1983 416 2007 nem
443 1981 502 2006 non
525 1969 699 2004 omnimode
715 1967 829 2007 statim
853 1968 891 2003 ab
917 1969 1151 2010 aneurysmatis
1176 1969 1328 2009 ruptione
1350 1992 1358 2005 ,

338 2015 395 2061 sed
414 2014 573 2059 paulatim
597 2009 754 2056 effluxiffe
778 2035 786 2045 .
823 2011 992 2053 Qoniam
1017 2021 1123 2044 autem
1159 2011 1248 2045 illius
1281 2021 1364 2052 :eger

342 2059 381 2094 ad
404 2068 546 2101 quatuor
566 2057 694 2091 circiter
719 2055 813 2091 horas
836 2056 923 2090 vixit
939 2080 947 2096 ,
969 2056 997 2088 is
1020 2063 1125 2088 autern
1150 2054 1188 2088 de
1212 2066 1278 2097 quo
1304 2060 1364 2086 ser-

343 2114 401 2137 mo
426 2101 491 2141 est,
516 2100 554 2136 ad
580 2099 714 2140 decem
738 2098 891 2143 suspicari
916 2099 1017 2139 licet,
1039 2101 1280 2132 concretionem
1306 2108 1365 2139 po-

337 2145 498 2189 vlyposam
523 2167 534 2183 ,
568 2154 638 2186 quae
673 2144 761 2178 circa
796 2143 941 2185 amplum
971 2142 1204 2186 aneurysmatis
1238 2141 1365 2175 hiatum

347 2192 381 2224 in
406 2189 516 2223 tubuli
541 2186 683 2222 formam
705 2195 857 2220 excavata
883 2195 1007 2227 reperta
1030 2185 1095 2226 est,
1122 2186 1243 2226 semel,
1268 2194 1360 2227 atque

345 2235 492 2272 iterum,
516 2240 553 2267 ut
576 2230 627 2265 bis
665 2230 801 2276 rediens,
819 2229 1073 2272 gravissimorum
1104 2228 1362 2272 symptomatum

346 2276 519 2320 mitigatio
542 2274 688 2313 indicat,
717 2274 801 2317 quasi
826 2273 1011 2308 obturatam
1035 2271 1126 2309 fuisse
1138 2274 1290 2317 portione
1302 2271 1364 2306 ali-

348 2332 414 2365 qua
437 2330 503 2354 non
529 2316 688 2352 absimilis
722 2318 944 2351 concretionis
967 2340 979 2358 ‚
1015 2327 1068 2351 aut
1100 2318 1222 2359 grumis
1267 2318 1366 2349 etiam

352 2363 502 2400 concreti
526 2362 692 2404 sanguinis
717 2383 726 2397 ,
760 2371 842 2402 quos
867 2361 1008 2402 reliquus
1041 2361 1160 2395 fluidus
1194 2360 1296 2394 secum
1330 2370 1368 2392 ex

351 2420 440 2443 cavo
464 2407 563 2449 ampli
591 2404 823 2446 aneurysmatis
846 2403 926 2436 illuc
964 2403 1122 2443 abriperet
1146 2429 1153 2442 ,
1192 2403 1291 2447 donc-c
1324 2402 1367 2434 se-

351 2453 439 2489 mel,
464 2460 557 2492 atque
582 2449 701 2482 iterum
726 2458 795 2488 pars
818 2457 929 2480 eorum
955 2457 969 2480 e
994 2446 1108 2480 tubulo
1131 2447 1253 2480 extrusa
1280 2456 1368 2487 repe-

351 2489 433 2530 titae'
449 2506 505 2538 per
531 2494 616 2527 vices
641 2489 788 2526 effusioni
816 2489 942 2524 aditum
970 2489 1195 2532 semiapertum
1212 2513 1225 2530 ,
1257 2480 1367 2522 novis-

349 2540 425 2577 sime
451 2547 556 2574 autem
584 2536 721 2568 omnino
747 2544 892 2575 apertum
916 2533 1127 2576 relinqueret.
1262 2529 1365 2578 Qod

351 2596 429 2619 vcro
453 2584 491 2615 ad
517 2580 645 2621 sputum
670 2579 832 2620 sanguinis
858 2577 973 2610 attinet
998 2600 1008 2616 ,
1040 2576 1130 2619 poffis
1164 2575 1295 2610 fortasse
1329 2575 1367 2608 ab

351 2625 511 2673 ejusmodi
536 2626 753 2666 anturysmare
777 2620 945 2655 cuniculos
969 2621 1094 2662 aliquos
1119 2621 1152 2652 in
1176 2619 1367 2653 utrumlibet

351 2672 539 2715 proximum
568 2675 621 2700 aut
646 2664 843 2709 oesophagi,
869 2673 926 2697 aut
957 2664 1080 2697 arteriae
1114 2662 1244 2705 Asperae
1274 2674 1370 2696 cana—

352 2717 416 2750 lem
437 2721 611 2748 excavatos
635 2710 729 2744 conci
756 2719 830 2748 ere,
853 2708 910 2749 qui
936 2717 1068 2750 propter
1100 2706 1273 2749 obliquum
1309 2705 1368 2739 du-

353 2760 444 2794 &um
467 2760 554 2791 intra
591 2719 787 2799 polyposgm
822 2751 912 2785 illam
949 2751 1189 2783 concretionem
1213 2774 1226 2790 ,
1261 2751 1367 2783 minus

353 2802 479 2837 fuerint
504 2800 543 2832 ab
567 2809 605 2832 eo
630 2796 805 2840 praesertim
838 2795 897 2837 qui
931 2792 1148 2837 perquisivisse
1181 2805 1246 2826 non
1280 2793 1370 2826 vide-

354 2855 433 2881 tur,
460 2840 690 2876 animadversi.
714 2841 876 2872 Caeterum
891 2861 903 2879 ‚
928 2849 1119 2882 quacunque
1143 2836 1177 2870 id
1201 2837 1241 2870 sit
1268 2839 1369 2870 ratio-

357 2900 396 2924 ne
420 2884 649 2930 explicandum
673 2906 685 2923 ,
709 2882 791 2914 illud
826 2892 949 2914 certum
983 2882 1025 2915 cst
1049 2904 1058 2918 ‚
1106 2882 1178 2914 aliis
1209 2892 1336 2923 quoque
1360 2903 1373 2920 ,

359 2932 440 2967 dum
488 2927 673 2969 aneurysnia
698 2926 782 2957 intra
820 2936 932 2959 cavum
966 2926 1105 2966 pefftoris
1141 2933 1372 2967 rumperetur,

359 2975 546 3018 sanguinem
593 2969 684 3003 simul
733 2979 788 3009 per
831 2980 867 3001 os
911 2968 1019 3003 exiisse
1039 2992 1060 3003 ,.
1109 2970 1161 3002 Sic
1207 2971 1233 3001 is
1278 2979 1373 3010 quem

361 3018 511 3054 laudatus
557 3014 778 3053 Valcarengus
824 3010 978 3045 describit
1012 3035 1026 3053 ,
1079 3015 1180 3054 eodem
1238 3020 1373 3054 tempore

1052 3056 1246 3101 exscreatum
1300 3057 1373 3090 edu-

362 3064 518 3099 modicam
558 3056 728 3103 sanguinis
773 3057 895 3099 copiam
936 3065 994 3099 per

380 3116 408 3142 zt
431 3130 439 3138 .

356 3119 378 3144 x
406 3161 457 3193 17.
484 3149 571 3183 VIR
595 3144 835 3190 quinquaginta
859 3143 1002 3187 quinque
1038 3142 1196 3179 annorum
1221 3167 1233 3184 ,
1269 3154 1371 3189 paryae

360 3194 513 3232 staturae,
538 3190 590 3226 sed
614 3189 761 3223 robustus
786 3210 795 3225 ‚
831 3190 861 3220 ἃ
887 3188 978 3220 valde¹
1002 3186 1107 3230 salax,
1130 3189 1185 3230 qui
1222 3186 1250 3220 se
1281 3187 1372 3220 cisra-

360 3239 405 3272 rii
428 3236 552 3275 modo,
575 3234 675 3268 modo
699 3229 840 3264 rhedarii
866 3231 1022 3264 laboriosa
1048 3231 1116 3264 arte
1136 3230 1373 3270 tuebatur‚an-

359 3291 393 3316 te
415 3280 606 3314 decennium
629 3277 763 3311 circiter
787 3274 925 3314 multis,
956 3287 989 3307 ac
1005 3276 1111 3308 ⁴variis
1133 3276 1294 3309 obnoxius
1328 3272 1374 3305 es-

363 3324 391 3359 se
416 3324 539 3359 morbis
563 3322 666 3364 coepit
683 3346 690 3360 ‚
717 3317 861 3352 febribus
887 3319 1051 3360 primum,
1073 3319 1186 3353 deinde
1211 3318 1302 3351 lienis
1325 3318 1374 3349 vi-

361 3370 444 3407 tiis,
469 3366 573 3410 postea
597 3364 758 3399 cachexiae
782 3386 795 3402 ,
830 3361 973 3405 hydropi
1006 3361 1143 3405 denique
1167 3387 1174 3395 .
1207 3362 1247 3411 A⁴
1274 3373 1339 3403 quo
1363 3384 1374 3400 ,

362 3423 445 3445 anno
470 3420 539 3444 ante
562 3421 659 3452 quam
682 3419 697 3439 e
722 3407 790 3439 vita
814 3408 998 3442 excederet,
1023 3406 1197 3446 liberatus,
1221 3407 1373 3439 citrinum

363 3463 469 3488 tamen
491 3455 581 3487 cutis
604 3453 773 3489 colorem,
797 3448 1082 3483 &Niifficultatem
1116 3448 1259 3493 spirandi
1296 3449 1369 3481 reti-

363 3501 435 3532 nuit
462 3520 469 3526 -
501 3498 581 3530 Haec
609 3508 625 3529 a
649 3504 742 3529 motu
766 3493 1026 3537 ingravescebat,
1053 3504 1117 3527 non
1140 3491 1202 3526 fine
1225 3494 1369 3536 quodam

943 106 1102 163 Liber
1135 106 1200 160 11,
1233 107 1318 162 Dc
1353 106 1561 160 Morbis
1594 95 1859 164 Thoracis

1417 185 1526 220 cordis
1548 186 1632 226 quasi
1655 198 1771 228 angore
1794 211 1801 218 .
1836 187 1873 220 In
1895 184 2033 229 jugulo,
2056 185 2312 228 &temporibus
2334 194 2418 220 arte-

1420 231 1474 265 riae
1498 229 1659 263 evidenter
1684 230 1856 264 saliebant:
1885 228 1991 270 pulsus
2015 237 2082 261 erat
2102 228 2224 268 durus,
2248 240 2335 264 rarus
2358 241 2420 272 po·

1419 274 1505 308 tius,
1532 276 1563 306 &
1587 275 1752 312 vibratus,
1775 284 1936 316 nunquam
1969 271 2189 306 intermittens
2209 295 2222 312 ‚
2253 283 2419 316 nunquam

1419 317 1586 359 inaequalis
1602 342 1609 349 .
1640 319 1677 351 In
1700 325 1809 351 utrum
1832 316 1945 349 liberet
1965 338 1978 356 ,
2010 314 2146 348 cubabat
2180 316 2263 349 latus
2285 341 2293 348 .
2329 318 2420 360 Saepe

1420 360 1583 396 tumebat,
1609 363 1641 393 δε
1664 360 1857 400 exspuebat,
1881 358 1931 399 sed
1957 369 2052 400 pauca
2068 381 2081 398 ,
2103 361 2135 392 δι’
2173 358 2272 392 setosa
2293 384 2300 390 .
2336 359 2420 393 Mis-

1418 404 1467 437 sus
1491 404 1633 446 sanguis,
1660 402 1824 445 postquam
1845 411 2071 439 concreverat,
2097 412 2253 445 perpauco
2275 402 2419 436 seceden-

1417 457 1448 480 te
1473 450 1561 486 iero,
1584 449 1617 480 δε
1640 445 1703 481 hoc
1727 447 1833 483 luteo,
1857 445 1962 478 albam
1977 468 1986 483 ,
2010 454 2044 478 ut
2068 446 2102 479 in
2125 446 2166 479 iis
2178 447 2234 490 qui
2251 448 2421 488 peripneu-

1418 492 1524 525 monia
1549 490 1717 529 laborant,
1740 489 1875 523 crustam
1908 488 2049 523 ostendit
2069 512 2081 529 ,
2116 498 2180 522 tres
2212 489 2337 531 digitos
2371 490 2419 523 al-

1418 545 1511 574 tam,
1534 545 1607 567 cum
1631 534 1727 567 rubra
1750 532 1890 574 subjecta
1915 543 1985 574 pars
2008 531 2090 565 duos
2105 557 2113 572 ,
2137 530 2220 566 haud
2246 532 2381 575 amplius
2406 556 2419 574 ‚

1417 576 1509 611 esset.
1535 578 1649 619 Coepit
1672 575 1795 622 deinde.
1807 574 1968 609 interdum
2001 577 2100 610 animi
2134 574 2284 619 deliquiis
2316 577 2418 609 corri.

1418 623 1475 663 pi,
1499 622 1530 652 δε
1554 620 1663 655 sensim
1686 622 1719 653 in
1745 630 1832 661 pejus
1857 629 1969 658 ruere,
1993 618 2073 651 facie
2096 619 2223 654 ultimis
2236 619 2346 653 diebus
2368 620 2419 653 in-

1416 663 1608 698 tumescente
1625 688 1632 695 .
1659 662 1807 698 Tandem
1831 673 1905 697 cum
1928 661 1965 696 de
1988 662 2072 696 lecto
2094 665 2127 696 in
2162 663 2280 696 le6tum
2316 662 2419 697 trans-

1415 708 1571 747 ferretur,
1596 706 1702 741 subito
1726 706 1767 739 est
1791 715 1958 739 mortuus.
2092 707 2299 740 VENTRE
2331 716 2418 748 aper-

1415 761 1472 789 to,
1497 750 1642 783 intestina
1664 749 1832 793 conspecta
1857 748 1928 783 sunt
1950 750 2109 783 anteriore
2133 749 2295 783 faciecum
2307 760 2419 783 omen·

1415 805 1474 835 το,
1498 794 1619 827 laterali
1644 802 1749 827 autem
1772 794 1854 826 inter
1877 792 1905 826 se
1928 804 2027 826 nexa:
2053 792 2103 826 sed
2126 795 2158 826 δε
2181 802 2292 827 caetera
2316 793 2418 827 visce-

1415 850 1450 872 ra
1473 846 1588 881 praeter
1611 837 1766 877 solitum,
1789 835 1892 869 valide
1917 836 1953 869 ad
1978 837 2137 878 proximas
2162 838 2269 870 Partes
2304 837 2418 879 alliga-

1412 891 1465 917 ta.
1602 883 1653 915 Sic
1677 882 1774 913 etiam
1798 880 1949 914 Thorace
1973 879 2113 916 recluso,
2138 881 2304 921 pulmones
2328 880 2418 924 pleu-

1413 938 1454 961 rae
1477 925 1695 962 cohaerentes,
1722 924 1833 958 dexter
1856 923 1987 966 quidem
2012 922 2166 966 plerisque
2191 936 2222 957 in
2246 924 2327 958 locis
2359 922 2416 958 ubi

1412 981 1446 1003 ea
1468 969 1568 1003 costas
1592 968 1771 1011 succingit,
1793 966 1913 1002 sinister
1934 977 2009 999 vero
2033 978 2110 1008 pene
2133 966 2271 1010 ubique,
2295 977 2329 1001 ut
2362 977 2418 999 ne-

1412 1024 1472 1055 que
1497 1024 1512 1045 a
1537 1011 1746 1047 mediastino,
1771 1022 1870 1054 neque
1893 1022 1911 1043 a
1934 1008 2178 1052 diaphragmate
2198 1033 2209 1050 ,
2243 1021 2343 1054 neque
2377 1011 2416 1043 ab

1410 1057 1475 1092 ulla
1499 1054 1599 1090 ferme
1623 1065 1708 1099 parte
1731 1054 1853 1088 solutus
1877 1052 1969 1088 esset.
1995 1053 2092 1086 Circa
2115 1053 2269 1088 bronchia
2302 1065 2417 1097 quarn-

1413 1100 1558 1142 plurimae
1583 1108 1670 1132 erant
1694 1102 1792 1141 nigrae
1812 1121 1824 1138 ‚
1857 1097 2004 1141 duraeque
2037 1096 2195 1139 glandulae
2217 1120 2230 1138 ,
2263 1097 2333 1130 aliae
2369 1096 2419 1130 fa-

1413 1144 1479 1180 bae‚
1504 1143 1574 1176 aliae
1600 1141 1713 1176 hordei
1747 1142 1992 1184 magnitudine.
2022 1141 2161 1173 'Arteria
2196 1149 2304 1174 autem
2341 1142 2414 1186 Ma-

1413 1198 1474 1229 gna
1497 1186 1666 1227 indurata,
1691 1185 1839 1227 intusque
1863 1184 1952 1218 osseis
1977 1183 2117 1227 squamis
2143 1183 2277 1225 praedita
2298 1208 2311 1225 ,
2334 1183 2418 1217 dila-

1414 1240 1479 1264 tata
1504 1239 1593 1270 erat,
1616 1239 1652 1262 ut
1674 1228 1858 1270 aneurysma
1882 1228 2015 1261 efficeret
2041 1237 2103 1260 tres
2126 1226 2251 1269 digitos
2284 1229 2386 1261 latum
2406 1250 2417 1265 ‚

1415 1274 1558 1317 palmum
1580 1273 1731 1316 longum:
1755 1273 1833 1315 quin
1857 1273 1954 1305 etiam
1978 1272 2063 1304 circa
2088 1280 2235 1312 quartam
2270 1270 2420 1305 thoracis

1414 1317 1590 1350 vertebram
1616 1318 1717 1359 magis
1741 1314 1960 1355 dilatabatur,
1982 1323 2018 1349 ut
2043 1313 2109 1357 ejus
2142 1314 2294 1348 vertebrae
2326 1326 2420 1348 exca-

1414 1370 1490 1395 vato
1512 1372 1672 1404 corpore,
1696 1359 1763 1402 ipsa
1788 1358 1882 1403 hujus
1904 1367 2075 1400 occuparet
2100 1358 2233 1391 locum:
2257 1359 2313 1392 ubi
2346 1367 2416 1392 erat

1413 1416 1493 1439 nexa
1517 1406 1599 1438 arete
1624 1403 1724 1443 adeo,
1746 1411 1783 1437 ut
1806 1401 1868 1435 fine
1893 1403 2083 1435 laceratione
2119 1402 2211 1434 avelli
2245 1412 2310 1434 non
2345 1401 2420 1445 pos-

1414 1448 1476 1481 set.
1506 1448 1668 1491 Polvposa
1691 1447 1860 1480 concretio
1884 1458 1923 1479 ex
1944 1444 2070 1479 sinistro
2092 1444 2200 1480 cordis
2235 1445 2419 1478 ventriculo

1415 1501 1512 1532 orta,
1538 1486 1599 1526 hoc
1624 1490 1841 1531 aneurysmate
1866 1489 2111 1524 continebatur.
2135 1492 2173 1522 In
2197 1487 2320 1522 sinistro
2342 1487 2420 1522 tho-

1415 1537 1495 1569 racis
1519 1547 1595 1568 cavo
1620 1534 1677 1568 seri
1703 1532 1825 1578 aliquid
1848 1532 2029 1576 stagnabat,
2048 1533 2246 1577 *magnusque
2270 1541 2420 1575 praeterea

1415 1590 1547 1613 strumus
1569 1579 1753 1621 sanguinis,
1777 1578 1832 1620 qui
1856 1588 1894 1610 ex
1916 1586 2012 1618 rupto
2033 1575 2169 1609 sortaffis
2201 1575 2431 1618 aneurysmate

1410 1618 1602 1661 effluxo-au
1626 1632 1811 1663 quanquam
1835 1628 1976 1664 rupturae
2001 1619 2171 1663 vestigium
2194 1620 2351 1663 nusquam
2365 1631 2419 1663 ap-

1410 1668 1517 1711 paruit
1540 1664 1739 1709 manifestum
1751 1688 1758 1695 .

1457 1710 1503 1741 18.
1530 1709 1636 1742 Nullo
1660 1705 1786 1741 sortasse
1810 1708 1844 1739 in
1869 1705 2039 1740 hominnm
2062 1717 2174 1749 genere
2198 1706 2312 1748 saepius
2335 1716 2422 1740 arte-

1409 1754 1464 1786 riae
1488 1753 1616 1795 Magnae
1640 1750 1858 1793 aneurysmata
1883 1762 1964 1792 ego,
1989 1755 2020 1783 ck·
2046 1751 2157 1783 Amici
2171 1750 2420 1793 conspeximUS,

1408 1807 1504 1838 quam
1529 1798 1562 1828 in
1587 1794 1743 1834 cisiariis,
1766 1796 1819 1835 qui
1846 1793 1884 1826 ab
1908 1792 2101 1828 nostratibus
2126 1794 2284 1827 Vettnrini
2306 1793 2422 1828 dicun-

1410 1849 1485 1881 tur,
1510 1839 1704 1877 veredariis,
1728 1838 1861 1880 aliisque
1885 1848 1966 1880 equo
2000 1849 2077 1879 pene
2110 1837 2222 1870 affidue
2255 1835 2424 1870 insidenti-

1409 1884 1485 1917 bus.
1508 1884 1579 1916 Nec
1604 1883 1751 1921 mirum,·
1774 1892 1846 1913 nam
1870 1882 1919 1913 vel
1955 1882 2077 1914 caeteris
2112 1882 2230 1923 quibus
2263 1879 2292 1913 se
2325 1892 2426 1923 expo-

1411 1935 1516 1966 nunt,
1538 1927 1646 1963 casus,
1672 1924 1883 1968 nisusfaeris
1908 1922 2037 1967 injuriis
2060 1925 2198 1964 omissis,
2223 1924 2323 1957 nimia
2356 1925 2423 1967 ipsa

1415 1970 1598 2009 concussio,
1623 1972 1655 2002 δε
1680 1968 1869 2001 succuslatio
1895 1967 1968 2001 hinc
1995 1977 2122 2001 motum
2147 1967 2310 2009 sanguinis
2343 1979 2424 2001 con-

1415 2012 1568 2053 citando,
1592 2015 1624 2047 &
1648 2014 1780 2054 parietes
1805 2012 1927 2044 arteriae
1950 2012 2116 2053 urgendo,
2140 2010 2214 2043 inde
2237 2022 2311 2044 vero
2335 2009 2394 2045 hos
2412 2034 2423 2049 ,

1416 2057 1536 2098 quippe
1570 2053 1737 2088 concussos
1757 2078 1770 2094 ,
1802 2057 1835 2086 in
1867 2058 2034 2087 occursum
2070 2056 2228 2088 concitati
2263 2054 2425 2097 sanguinis

1416 2100 1543 2133 iftuum
1569 2097 1697 2132 subinde
1720 2096 1965 2139 compellendO,
1989 2097 2131 2139 ipsorum
2168 2098 2307 2142 denique
2345 2098 2425 2132 stru-

1418 2144 1543 2177 &uram
1570 2143 1729 2185 parietum
1763 2141 1847 2175 laxet
1868 2163 1881 2180 ,
1915 2151 1949 2172 ac
1983 2142 2049 2174 vim
2084 2141 2276 2184 infringat,
2310 2140 2427 2178 necesse

1416 2187 1474 2220 est.
1503 2185 1604 2224 Quod
1627 2197 1664 2218 eo
1687 2195 1815 2228 quoque
1838 2183 1967 2217 facilius
1990 2185 2155 2227 contingit
2178 2185 2233 2218 ubi
2257 2184 2426 2227 salacitas,

1417 2233 1448 2262 ἃ
1473 2229 1578 2263 morbi
1606 2229 1774 2265 accedant,
1800 2236 1836 2262 ut
1861 2228 1894 2260 in
1919 2228 1977 2260 hac
1991 2226 2142 2261 historia.
2278 2231 2324 2263 Iis
2337 2240 2426 2262 mor-

1416 2273 1485 2312 bis,
1510 2274 1760 2314 &nominatim
1787 2270 1952 2313 praegresso
1975 2269 2119 2316 hydropi
2143 2274 2157 2312 (
2180 2283 2198 2305 a
2221 2275 2232 2311 )
2255 2283 2305 2305 eas
2328 2272 2429 2306 visce-

1418 2327 1490 2349 rum
1515 2316 1719 2357 alligationes
1743 2314 1839 2348 sacile
1863 2314 2033 2348 tribuerim
2058 2341 2066 2354 ‚
2099 2327 2172 2359 quae
2208 2316 2242 2348 in
2279 2317 2429 2349 cadavere

1418 2369 1593 2402 compertae
1634 2358 1706 2392 sunt
1729 2382 1737 2390 .
1886 2357 2098 2392 Broncliiales
2133 2367 2238 2393 autem
2269 2360 2429 2402 glandulae

1419 2414 1484 2436 non
1511 2402 1658 2437 omnibus
1683 2401 1814 2445 quidem
1847 2402 1893 2434 ita
1931 2411 2027 2433 motae
2063 2413 2150 2436 erant
2182 2414 2220 2435 eo
2253 2412 2430 2446 tempore,-

1419 2457 1483 2479 non
1509 2455 1614 2479 tamen
1638 2444 1679 2478 ob
1702 2445 1736 2478 id
1761 2444 1958 2488 praesertim,
1997 2453 2031 2478 ut
2065 2446 2098 2479 in
2133 2445 2296 2489 superiore
2328 2447 2428 2479 etiam

1419 2489 1488 2523 sene
1514 2494 1523 2530 (
1548 2489 1567 2522 h
1589 2492 1624 2531 >‚
1650 2488 1816 2522 adnotatas
1839 2487 2030 2522 crediderim
2053 2510 2065 2527 ‚
2087 2483 2156 2523 *sed
2189 2488 2278 2530 quod
2311 2488 2429 2532 majori

1420 2542 1474 2566 aut
1499 2533 1605 2571 mole,
1632 2541 1686 2566 aut
1710 2543 1841 2566 numero
1862 2556 1874 2572 ,
1905 2541 1959 2564 aut
1983 2530 2104 2565 duritie
2138 2543 2234 2574 quarn
2269 2534 2303 2565 in
2334 2542 2430 2566 caete-

1421 2577 1488 2616 ris,
1512 2576 1652 2614 soleant,
1679 2575 1706 2609 se
1730 2575 1759 2608 se
1790 2575 1969 2608 obtulerint
1992 2599 1999 2607 .
2134 2578 2186 2610 De
2220 2574 2310 2609 oss'eis
2345 2577 2430 2610 intra

1421 2620 1591 2653 dilatatam
1617 2621 1766 2653 arteriam
1791 2618 1926 2652 lamellis
1950 2618 2026 2652 alias
2049 2621 2063 2658 (
2084 2631 2100 2652 c
2123 2622 2134 2659 )
2158 2618 2329 2653 scribemus
2350 2643 2362 2661 ,
2393 2629 2429 2654 ut

1422 2664 1459 2696 de
1484 2665 1639 2705 proximis
1663 2662 1831 2705 adfitisque
1853 2662 1968 2696 offibus
1991 2664 2168 2696 excavatis.
2197 2664 2264 2696 Hic
2289 2663 2363 2697 satis
2388 2664 2431 2698 est

1421 2707 1608 2744 admonere,
1633 2707 1678 2740 vel
1705 2719 1720 2740 a
1744 2709 1871 2749 primo,
1896 2706 1984 2749 quod
2005 2717 2059 2749 per
2082 2717 2251 2740 anatomen
2285 2709 2432 2750 recogni-

1420 2761 1490 2784 tum
1516 2751 1638 2791 sciam,
1662 2754 1791 2786 interno
1815 2750 2037 2792 aneurysmate
2071 2751 2230 2783 vertebras
2265 2762 2336 2792 quae
2372 2750 2431 2794 ipfi

1419 2805 1571 2827 connexae
1595 2803 1704 2833 erant,
1727 2791 1818 2827 fuisse
1841 2802 2030 2835 excavatas,
2052 2803 2088 2827 ut
2113 2794 2202 2838 supra
2227 2796 2240 2834 <
2266 2794 2285 2826 ts
2308 2799 2320 2837 >
2345 2794 2433 2829 indi-

1419 2842 1512 2872 cavi.
1538 2840 1625 2872 Cum
1650 2849 1717 2871 eam
1750 2839 1782 2870 in
1808 2837 2015 2879 Sepulchreto
2049 2836 2216 2872 historiam
2250 2836 2331 2880 leges
2353 2862 2362 2878 ‚
2397 2838 2433 2873 id

1424 2893 1552 2924 quoque
1576 2882 1808 2916 animadvertes
1831 2880 1918 2924 quod
1942 2881 1980 2914 ad
2003 2881 2205 2924 propofitum
2229 2880 2310 2915 facit
2325 2906 2336 2922 ,
2363 2883 2432 2927 pri-

1425 2937 1513 2959 mum
1540 2926 1623 2959 illud
1645 2925 1830 2967 aneurylrna
1853 2935 1898 2972 ex*
1909 2922 1997 2967 saltu
2023 2929 2065 2962 &⁶
2088 2923 2268 2970 concuffione
2292 2927 2363 2969 equi
2383 2923 2432 2968 fe-

1425 2971 1572 3003 rocientis
1596 2971 1745 3012 originem
1767 2967 1906 3012 habuiJJe
1919 2993 1926 3001 .

1473 3023 1519 3053 19.
1546 3014 1629 3047 VIR
1655 3023 1811 3046 annorum
1835 3012 2096 3055 quinquaginta,
2130 3011 2282 3046 laudabili
2315 3024 2433 3056 corpo-

1425 3057 1468 3090 ris
1492 3056 1722 3091 constitutione
1746 3053 1900 3098 praeditus
1916 3081 1923 3094 ,
1949 3056 2075 3095 tribus,
2098 3065 2154 3090 aut
2187 3065 2328 3098 quatuor
2362 3067 2434 3090 ante

1426 3102 1516 3133 annis
1539 3099 1576 3133 de
1601 3101 1689 3143 gravi
1716 3098 1945 3141 respiratione,
1978 3111 1993 3132 a
2031 3100 2224 3133 violentiore
2257 3099 2434 3142 praesertim

1426 3153 1542 3182 motu,
1564 3146 1652 3188 queri
1678 3152 1839 3186 coeperat.
1863 3144 1952 3176 Huic
1978 3144 2080 3178 tribus
2105 3144 2235 3177 circiter
2260 3153 2332 3177 ante
2347 3156 2435 3177 men-

1427 3187 1510 3222 sibus
1534 3190 1565 3221 in
1591 3188 1709 3221 sinistra
1733 3186 1840 3229 juguli
1865 3196 1953 3228 parte
1978 3199 2128 3230 apparere
2165 3188 2286 3230 incepit
2321 3196 2434 3223 tumor

1426 3233 1524 3266 durus
1541 3257 1553 3272 ,
1575 3231 1699 3265 doloris
1720 3242 1854 3274 expers,
1878 3233 1931 3268 δε,
1957 3241 2112 3273 quantum
2135 3230 2272 3264 indit-aii
2312 3233 2434 3265 extrin-

1426 3276 1513 3309 secus
1538 3285 1662 3318 poterat
1679 3299 1687 3313 ,
1712 3273 1750 3307 ad
1776 3274 1987 3308 sai-comatum
2013 3286 2109 3316 genus
2135 3274 2315 3308 1·es.icndus
2338 3287 2344 3308 :
2378 3277 2435 3319 qui.

1426 3321 1582 3361 paulatim
1607 3319 1738 3356 alfius,
1762 3318 1912 3351 crassioris
1937 3320 2037 3361 pugni
2063 3317 2319 3361 magnitudinem
2332 3331 2436 3362 aequa-

1426 3364 1504 3404 bat,·
1526 3367 1594 3397 imo
1618 3363 1684 3405 jam
1709 3361 1817 3402 duos,
1855 3363 1987 3395 alterum
2020 3363 2110 3396 alteri
2148 3361 2318 3404 impositos
2345 3388 2353 3401 ‚
2387 3374 2436 3396 re-

1427 3406 1614 3450 praesentare
1640 3405 1827 3439 videbatur.
1854 3408 2025 3451 Exceptus
2048 3406 2090 3440 est
2121 3404 2223 3439 homo
2257 3407 2290 3437 in
2325 3407 2436 3439 Bono-

1427 3451 1529 3484 niensc
1556 3452 1586 3483 S.
1613 3450 1729 3484 Mariae
1753 3449 1789 3482 de
1813 3450 1922 3484 Morte
1947 3451 2187 3483 Nosocomiurn
2204 3473 2215 3489 ,
2237 3460 2310 3484 curn
2331 3473 2344 3490 ,
2371 3449 2437 3483 sen-

1421 3492 1479 3528 sim
1502 3494 1686 3527 labantibus
1708 3493 1832 3533 viribus
1858 3518 1868 3536 ,
1902 3493 2056 3527 febricula
2091 3492 2285 3536 ingruisset.
2325 3492 2436 3527 Pulsus
2486 3528 2498 3535 ,

2326 3546 2395 3570 ΕΓΕἴ

536 3704 568 3728 bs.
586 3704 659 3729 Anat.
674 3711 695 3728 c.
714 3711 736 3733 9.
755 3705 769 3735 §
799 3711 836 3728 ιο.

899 3703 914 3735 (
929 3711 946 3733 z
961 3703 975 3732 )
992 3705 1028 3728 De
1045 3705 1126 3732 Aortae
1142 3707 1233 3730 Aneur.
1250 3703 1309 3729 obs.
1326 3713 1348 3730 2.

537 3735 589 3765 p'rss.
607 3742 645 3765 ²7·
664 3742 690 3760 n.
706 3742 744 3760 ιο,
760 3735 783 3760 8(
799 3734 863 3765 seqq.

924 3734 1073 3765 (d)n.3.

509 3706 534 3761 trio

1119 3768 1134 3782 θ

1411 3707 1426 3736 (
1441 3714 1457 3731 a
1472 3705 1486 3735 )
1503 3705 1558 3732 Vid.
1576 3705 1647 3734 Epist.
1668 3713 1703 3734 39,
1722 3713 1744 3730 ni
1764 3712 1800 3734 30.
1862 3704 1869 3733 s
1889 3704 1902 3729 b
1919 3704 1932 3732 )
1949 3712 1971 3727 n,
1991 3711 2026 3731 14,
