2498 4075
440 164 534 221 166

379 244 484 287 spatio
509 247 577 280 aliis
600 238 781 281 adhaesifse,
804 240 954 275 novimus
969 262 979 278 ‚
1010 235 1096 270 haud
1120 247 1181 269 una
1206 237 1306 279 potest
1329 235 1377 268 es-

377 288 407 321 se
430 291 518 324 causa
545 316 553 324 .
585 290 674 322 Nam
699 294 799 326 neque
831 283 981 317 omnibus
1004 282 1096 314 urina
1119 285 1207 321 aeque
1231 278 1378 313 estsoeta

375 335 543 373 particulis
567 332 603 364 ad
629 327 855 362 subsistendum
882 353 890 366 ‚
925 323 1187 367 gignendumque
1219 322 1378 356 calculum

379 376 525 414 idoneis,
549 378 579 407 δε
603 374 670 406 aliae
695 372 830 416 diutius*
845 370 964 402 lotium
989 367 1130 399 retinent
1146 389 1156 404 ‚
1180 368 1249 399 aliae
1274 366 1380 404 secus,

377 421 410 451 δέ
436 430 495 452 alia
520 419 653 450 ali-arum
678 424 791 446 acuum
816 413 948 445 materia
973 411 1014 442 esl:
1041 433 1053 449 ‚
1090 418 1143 441 aut
1168 408 1348 450 superficies
1371 431 1378 437 .

381 462 431 494 Sic
459 469 639 501 argenteam
665 467 757 489 acum
779 456 823 488 ob
848 453 881 488 id
913 453 1017 496 ipsum
1050 451 1139 492 quod
1165 462 1312 494 argentea
1336 450 1382 483 es-

382 505 426 537 set
453 527 463 544 ‚
486 502 702 536 Vallisnerius
724 501 738 537 (
760 498 818 541 z)
841 496 978 538 conjicit
1003 494 1067 527 fine
1090 495 1156 528 ulla
1176 496 1292 528 calculi
1329 494 1383 527 ad—

378 548 446 580 dita
471 549 677 580 concretione
700 554 715 574 e
740 541 839 573 vesica
862 538 952 573 fuisse
976 538 1119 571 eduetam
1147 550 1154 570 .·
1178 550 1249 580 quae
1274 547 1381 570 tamen

378 589 565 631 conjectura
589 585 776 621 credibilior
799 583 874 621 siet,
901 582 923 615 fi
948 583 1019 615 aliis
1031 580 1185 622 exemplis
1208 581 1381 614 confirma-

381 636 469 667 bitur
488 657 496 663 .
523 635 571 665 Sic
596 631 636 664 ad
663 628 853 670 asperiorem
879 625 1077 667 superficiem
1105 624 1230 656 facilius
1253 623 1381 657 videtur

380 679 547 710 concretio
571 673 755 707 adhaesura,
781 679 879 712 quam
904 668 942 702 ad
967 666 1186 710 politissimam
1211 679 1219 699 .·
1254 668 1285 700 δε
1308 666 1384 700 hinc

380 720 513 754 forsitan
538 720 619 751 ratio
644 712 779 758 petenda
792 713 832 746 est
848 735 857 751 ‚
881 723 940 745 cur
954 713 1141 752 plerumque
1165 720 1259 742 unam
1273 721 1386 743 acuum

382 772 504 807 partem
529 761 671 796 calculus
694 758 837 791 obducat
858 779 870 794 ‚
905 756 1063 796 reliquam
1099 753 1216 786 nudam
1251 754 1386 786 omnino

381 808 565 846 relinquat,
589 805 699 844 itaque
722 801 761 833 de
784 797 907 832 duabus
930 807 1066 839 quarum
1092 798 1246 830 cadavera
1279 796 1386 838 inspe-

383 854 439 888 xi,
463 850 576 892 puellis
599 847 632 879 in
656 846 762 889 priore
786 842 920 876 vesicam
943 850 1016 875 acus
1035 840 1239 882 capitulum,
1260 840 1294 871 in
1327 840 1385 873 liac

383 899 481 932 altera
505 901 636 926 acumen
664 887 897 930 perforaverit,
919 882 1006 925 quod
1029 882 1062 914 in
1086 882 1287 924 illa·partem
1310 884 1386 916 infi-

383 952 469 976 mam
494 933 625 970 fortasse
650 930 840 973 asperiorem
865 951 877 968 ,
899 928 933 959 in
958 927 1016 959 hac
1039 926 1084 958 ob
1105 926 1235 959 eandem
1259 927 1385 959 causam

381 982 567 1028 oppositum
585 983 764 1010 extremum
786 971 955 1005 concretio
980 969 1105 1002 facilius
1128 970 1309 1003 obtexerit.
1334 970 1386 1003 Ex

380 1032 422 1063 iis
450 1034 554 1061 autem
577 1018 722 1053 foeminis
745 1027 817 1058 quae
841 1014 996 1047 intrusam
1021 1023 1112 1046 acum
1137 1035 1147 1049 ‚
1169 1013 1385 1054 adnatumque

382 1073 458 1108 huic
482 1066 640 1103 calculum
664 1071 728 1095 non
752 1058 919 1093 modicum
945 1058 1046 1090 vesica
1080 1056 1197 1097 gessere
1222 1079 1231 1095 ,
1271 1056 1355 1089 nulla
1381 1080 1390 1095 ,

380 1123 541 1160 quantum
567 1106 672 1149 legisse
693 1103 851 1139 memini,
874 1101 998 1134 diutius
1022 1099 1113 1141 gessit
1135 1098 1176 1132 fic
1199 1098 1329 1140 quidem
1354 1109 1390 1131 ut

387 1172 445 1193 acu
470 1153 611 1191 extra&a
627 1176 635 1190 ‚
659 1148 725 1191 ipsa
750 1147 929 1179 servaretur
944 1165 953 1181 ,
976 1154 1075 1184 quam
1099 1144 1224 1176 Veneta
1248 1142 1304 1175 illa
1336 1154 1393 1176 cu..

383 1205 433 1246 jus
458 1207 545 1234 extat
569 1193 656 1230 casus
680 1204 695 1225 a
723 1190 924 1225 Molinetto‚
948 1188 1006 1228 qui
1031 1188 1073 1218 A.
1098 1189 1186 1228 1649.
1213 1195 1393 1225 curaverat,

386 1248 492 1280 editus
519 1243 572 1285 (a
595 1242 605 1276 )
632 1234 752 1277 adjecta
776 1243 847 1264 acus
863 1256 871 1270 ‚
895 1229 1075 1270 calculique
1100 1229 1213 1267 icone,
1239 1239 1334 1269 quem
1358 1230 1392 1261 iri

382 1289 530 1324 Theatro
555 1284 616 1317 hoc
643 1276 841 1312 Anatomico
867 1273 990 1307 solebat
1013 1271 1179 1305 ostendere
1205 1296 1214 1312 ,
1238 1272 1294 1304 ubi
1320 1284 1336 1305 a
1361 1271 1391 1304 se

383 1333 488 1365 visum
524 1327 653 1361 testatur
686 1316 934 1354 Moinichenius
965 1315 1113 1357 Epistola
1149 1314 1187 1348 ad
1222 1313 1389 1348 Tliornam

384 1372 613 1411 Bartholinum
637 1370 650 1406 (
672 1363 690 1396 b
713 1368 725 1402 )
750 1377 759 1400 ·‚
784 1372 885 1402 neque
910 1360 994 1392 enirn
1019 1357 1073 1391 hic
1095 1356 1327 1396 Bartholinus‚
1351 1367 1388 1392 ut

388 1420 505 1460 aliquis
539 1407 779 1448 Eruditiffimus
815 1404 961 1446 alioquin
997 1402 1122 1435 Auctor
1147 1412 1200 1443 per
1224 1402 1386 1435 incuriam

385 1461 532 1503 scripsit,
557 1455 640 1495 restis
664 1450 722 1484 else
747 1449 858 1491 potuit
882 1445 998 1480 calculi
1013 1446 1119 1490 postea
1141 1445 1386 1488 extrac‘tiquam

383 1506 449 1549 ipse
475 1503 608 1536 patavio
633 1522 641 1536 ,
664 1503 759 1536 atque
784 1491 865 1524 adeo
888 1501 925 1522 ex
949 1488 1044 1521 Italia
1067 1487 1245 1521 discesserat
1269 1493 1279 1526 (
1302 1500 1318 1520 c
1338 1492 1353 1528 )
1377 1513 1385 1520 .

384 1549 538 1589 Idemque
571 1545 597 1575 is
634 1538 775 1574 calculus
798 1533 841 1567 est
876 1534 931 1575 qui
955 1534 994 1564 ab
1018 1532 1129 1564 eodeni
1156 1530 1386 1565 Moinichenio

384 1591 580 1637 proponitur
605 1587 637 1617 in
663 1577 956 1615 observationibus
979 1575 1032 1624 (vd
1055 1578 1065 1612 )
1091 1587 1098 1608 ι
1133 1574 1220 1616 quod
1245 1575 1318 1608 idco
1341 1585 1388 1608 at-

384 1638 447 1678 tigi
471 1657 484 1674 ‚
517 1632 592 1675 quia
617 1630 651 1660 in
686 1633 827 1657 extrema
850 1619 1077 1654 Adnotatione
1112 1619 1150 1652 ad
1174 1617 1388 1652 Observatio-

385 1691 459 1714 nem
484 1670 670 1708 Vallisnerii
695 1691 706 1707 ,
742 1675 877 1708 quarum
911 1672 1079 1704 utramque
1103 1660 1181 1703 saepe
1215 1662 1356 1694 indicavi
1379 1683 1388 1701 ‚

385 1734 449 1757 non
486 1720 615 1752 videtur
649 1723 708 1754 pro
739 1709 850 1742 eodem
887 1704 1014 1748 agnosci
1047 1715 1141 1753 que-m
1177 1704 1388 1738 Vallisnerin‘s

385 1763 573 1807 scripserat,
600 1761 632 1791 in
656 1757 717 1789 lioc
742 1751 891 1786 'I‘heatro
913 1748 1033 1781 ostendi
1057 1747 1190 1780 solitum
1213 1769 1224 1785 ,
1248 1758 1330 1781 nunc
1354 1750 1387 1781 in

385 1808 511 1844 Museo
537 1804 593 1838 suo
618 1797 761 1835 asservari
785 1807 797 1836 ‚·
831 1804 904 1826 nam
928 1791 1016 1834 quod
1043 1802 1091 1823 ex>
1106 1789 1257 1823 Patavina
1282 1813 1290 1827 ‚
1324 1802 1388 1823 non

385 1865 423 1887 ex
447 1852 574 1882 Veneta
598 1852 782 1884 exemptum
807 1838 948 1873 dixerit,
973 1835 1006 1868 id
1031 1834 1146 1867 erroris
1173 1854 1182 1870 ‚
1215 1843 1250 1866 ut
1276 1843 1355 1874 puto
1380 1856 1389 1872 ‚

387 1894 479 1930 causa
506 1891 594 1925 fuit,
619 1886 669 1921 sed
693 1884 786 1919 facile
812 1879 937 1914 vitandi
962 1901 974 1918 ,
1010 1877 1030 1910 si
1056 1877 1156 1923 Ιεᾶμε
1180 1875 1290 1909 fuisset
1315 1878 1389 1910 Mo-

388 1942 546 1975 linettus‚
570 1937 603 1966 in
615 1929 707 1971 cujus
729 1929 816 1961 libro
827 1923 1023 1965 descriptum
1048 1919 1142 1953 fuisle
1158 1919 1391 1961 videturi'gno-

387 1984 472 2020 rari,
497 1981 682 2013 aLanzono
706 1974 804 2005 etiarn
826 1967 923 2005 dice,
948 1967 1051 1998 minus
1075 1963 1244 2005 alioquiin
1260 1964 1391 1996 Scholio

388 2027 426 2062 ad
452 2025 541 2058 illam
566 2016 785 2054 Moiniclienii
810 2009 1085 2044 Observationem
1110 2007 1266 2040 miraturo
1292 2031 1300 2044 ,
1326 2006 1388 2038 lon.

387 2082 427 2114 go
451 2074 585 2109 tempore
608 2070 697 2095 acum
720 2054 826 2101 offeam
850 2055 881 2087 in
904 2051 1001 2095 reficti
1023 2046 1146 2091 latuiffe
1161 2048 1227 2090 fine
1249 2048 1314 2082 ulla
1336 2059 1391 2082 νε-

383 2115 452 2157 ficae
475 2109 569 2153 ipsius
591 2103 726 2147 laesione,
748 2110 801 2134 nec
824 2096 887 2131 ullo
910 2095 1032 2138 quidem
1053 2092 1160 2135 puella*
1183 2093 1388 2125 incommodO.

391 2159 473 2195 Qxae
500 2166 537 2187 ne
562 2144 778 2184 Moiniclienii
801 2139 932 2184 quidem
955 2138 1049 2171 verba
1072 2135 1177 2169 dicere
1210 2135 1356 2168 sinebant
1379 2158 1388 2173 ,

393 2186 499 2234 multo
525 2204 630 2229 autem
654 2194 761 2223 minus
787 2183 958 2218 Molinetti
981 2202 990 2218 ,
1023 2189 1089 2212 non
1124 2177 1221 2212 modo
1249 2190 1319 2221 quae
1352 2181 1388 2212 in

392 2242 591 2279 extfflfflone
611 2259 619 2273 ‚
653 2234 703 2267 sed
728 2234 758 2265 δι
782 2239 851 2272 quae
875 2235 967 2259 antea
983 2249 999 2270 ι,
1032 2226 1061 2256 &
1086 2222 1188 2266 postea
1205 2223 1317 2271 ‘puella
1340 2231 1394 2256 tu-

393 2290 487 2323 lfflt,
511 2277 737 2319 memorantis.
762 2271 862 2309 Quod
887 2269 907 2302 si
933 2267 1026 2309 hujus
1049 2267 1143 2308 longe
1168 2276 1392 2312 minus-quam

394 2341 501 2367 earum
527 2328 565 2362 de
597 2323 714 2364 quibus
747 2330 763 2351 a
796 2314 890 2349 nobis
926 2311 1079 2353 scriptum
1114 2309 1157 2342 est
1182 2334 1191 2349 ‚
1226 2309 1321 2342 vesica
1355 2308 1395 2342 ab

372 2382 378 2389 ·
400 2387 455 2410 acu
482 2373 550 2407 laesa
575 2369 637 2402 fuit
668 2388 674 2402 ‚
707 2358 835 2396 fortasse
868 2355 901 2389 id
934 2353 1051 2388 accidit
1076 2352 1162 2394 quod
1187 2364 1259 2385 acus
1282 2363 1395 2386 mucro

395 2418 516 2454 diutius
539 2422 635 2458 quarn
658 2410 691 2441 in
716 2405 812 2438 vesica
827 2424 840 2441 ,
863 2397 1035 2432 inurethra
1049 2396 1164 2435 haesit,
1186 2405 1274 2428 extra
1298 2406 1395 2438 quam

395 2464 466 2499 dem
484 2471 524 2493 -m
549 2461 681 2492 urgente
705 2449 837 2489 desuper
859 2441 972 2477 calculi
1001 2438 1139 2482 pondere
1161 2438 1304 2471 detrusus
1328 2438 1394 2477 est,

397 2517 434 2541 ut
461 2503 657 2537 Molinettus
682 2493 825 2526 invenit.
1188 2526 1194 2531 ι

446 2559 496 2576 «π.
523 2547 583 2579 Eas
605 2539 798 2574 calamitates
822 2557 831 2572 ‚
862 2537 1063 2569 mortemque
1087 2524 1163 2559 adeo
1186 2524 1285 2568 ipsam
1309 2533 1397 2559 ante-

399 2574 500 2629 ver-tet
523 2591 548 2622 is
572 2587 629 2629 qui
654 2584 686 2613 in
712 2587 852 2620 tempore
878 2573 1059 2606 admonitus
1077 2595 1086 2609 ‚
1110 2581 1199 2602 acum
1214 2567 1399 2611 priusquam

399 2636 541 2672 calculus
567 2626 743 2663 accrescat,
768 2633 801 2655 ea
824 2618 1013 2652 dexteritate
1037 2612 1147 2660 educat
1171 2635 1181 2650 ,
1205 2621 1241 2645 ut
1265 2613 1398 2644 minime

399 2692 467 2722 quo
492 2676 527 2710 ad
550 2674 617 2716 ejus
640 2670 710 2705 fieri
733 2664 825 2710 poffit
852 2685 860 2699 ,
885 2659 1017 2695 laedatur
1041 2658 1140 2690 vesica
1166 2680 1173 2687 .
1201 2654 1302 2695 Qod
1324 2666 1398 2688 cum

401 2725 441 2758 ab
473 2721 542 2754 aliis
579 2717 618 2749 de
652 2712 771 2753 quibus
803 2704 885 2748 apud
912 2700 1150 2748 Vallisrierium·
1178 2698 1227 2740 (e
1250 2702 1264 2738 )
1289 2722 1295 2735 ,
1320 2709 1398 2747 ¹tum

425 2764 577 2800 raesertim
601 2758 643 2792 ab
668 2755 789 2789 Amicis
814 2753 894 2782 meis
916 2746 1041 2779 duob-us
1064 2742 1202 2776 feliciter
1225 2740 1397 2784 praestitum

401 2780 447 2844 {st
492 2817 572 2849 quos
594 2803 671 2836 alias
694 2797 756 2831 tibi
781 2792 907 2827 laudavi
931 2811 941 2827 ,
966 2787 1118 2836 Mariano
1140 2809 1161 2835 2-
1184 2787 1214 2818 &
1241 2784 1364 2826 Vulpi-'o
1388 2809 1396 2816 .

403 2833 468 2887 Ille³
490 2873 498 2886 ‚
521 2858 557 2883 ut
583 2845 699 2879 litteris
726 2837 846 2881 scripsit
871 2834 909 2868 ad
934 2844 982 2865 me
1005 2831 1089 2863 datis
1112 2827 1215 2875 pridie
1239 2828 1402 2877 Idus-De-

404 2895 542 2930 cembris
566 2891 607 2923 Α.
634 2897 727 2929 1720.
750 2895 789 2916 ex
822 2877 931 2921 agresti
957 2874 1061 2922 puella
1086 2895 1094 2910 ‚
1124 2883 1189 2914 jam
1214 2871 1400 2913 sanguinem

406 2941 591 2975 mingente,
614 2942 705 2965 acum
730 2934 846 2962 exemit
871 2945 879 2959 ,
907 2931 979 2954 cum
1003 2916 1154 2949 industrie
1178 2926 1215 2948 ex
1240 2914 1401 2947 transver-

407 2984 440 3017 so
466 2976 569 3024 positu
594 2978 626 3008 in
652 2975 770 3006 reetum
795 2961 1003 3000 traduxisset.
1030 2961 1238 2992 Erat-autem
1271 2958 1402 2991 crinalis

408 3037 480 3060 acus
504 3034 539 3055 ex
563 3019 626 3052 osse
650 3040 658 3048 .
695 3018 738 3047 At
763 3022 859 3055 quam
884 3022 900 3041 a
925 3006 1051 3046 val-pio
1069 3014 1113 3052 ‘ex
1137 3002 1240 3043 puella
1264 3002 1403 3043 quadarn

408 3069 530 3103 urbana
555 3061 727 3096 extraciarn
754 3055 820 3088 vidi
846 3078 855 3091 ‚
877 3062 941 3085 erat
967 3060 1004 3081 ex
1027 3045 1193 3079 orichalco
1217 3070 1224 3077 .
1248 3046 1404 3077 Extraxe-

410 3123 459 3146 rar
485 3118 590 3143 autem
615 3103 722 3147 paucis
748 3109 817 3132 ante
850 3092 1057 3129 hebdomadis
1089 3099 1186 3138 quam
1222 3099 1270 3122 eas
1293 3101 1307 3120 a
1331 3088 1405 3120 Ma-

409 3159 502 3189 riano
527 3151 702 3191 acciperem
727 3144 850 3176 litteras
876 3164 883 3178 ‚
916 3137 1005 3169 nullo
1031 3134 1094 3166 alio
1118 3132 1327 3178 instrumento
1353 3130 1407 3163 ad>-

411 3199 520 3233 hibito
545 3204 641 3237 quam
666 3188 767 3223 serreo
789 3184 845 3217 filo
869 3178 1101 3220 laevigati'ffimo
1123 3199 1135 3215 ,
1158 3187 1248 3217 cuius
1271 3175 1406 3208 alterum

412 3249 591 3275 extremum
615 3237 656 3269 sic
681 3235 714 3265 in
740 3228 845 3270 exigui
871 3227 967 3260 unci,
993 3225 1020 3253 δι’
1046 3232 1121 3261 pene
1147 3220 1254 3252 annuli
1277 3219 1408 3251 modurn

414 3287 637 3318 incurvaverat
662 3299 673 3316 9
706 3286 738 3308 nt
764 3282 864 3311 neque
889 3268 998 3301 laedere
1033 3266 1164 3296 vesicam
1188 3285 1199 3301 ‚
1232 3264 1262 3294 δι
1296 3272 1409 3307 capere

415 3339 506 3362 acum
531 3321 630 3368 posset
656 3343 664 3355 ‚
688 3328 785 3358 σερε-ἆ·
810 3323 915 3346 autem
939 3308 1019 3353 elabi
1043 3306 1221 3349 capitulum
1246 3316 1308 3337 non
1333 3306 1411 3349 sine-

414 3383 485 3406 ret.
614 3362 711 3399 Quod
738 3360 757 3393 si
782 3369 829 3391 res
855 3354 960 3389 multo
983 3351 1076 3396 serius
1101 3374 1110 3388 ‚
1147 3349 1412 3394 adnatoque-Jani

419 3412 544 3450 calculo
570 3409 750 3443 innotescat
767 3427 775 3442 ‚
798 3410 899 3442 neque
922 3399 947 3430 is
971 3392 1129 3437 ejusmodi
1154 3393 1192 3425 sit
1217 3413 1226 3427 ‚
1260 3402 1293 3424 ut
1320 3389 1413 3422 sicile

1015 156 1171 211 Liber
1210 157 1302 209 ΙΙΙ.
1342 157 1420 207 De
1454 152 1659 207 Morbis
1684 151 1895 204 Ventris

1431 234 1510 267 adeo
1533 243 1588 274 per
1611 229 1777 265 urethram
1801 230 1893 272 possit
1916 226 2035 265 eximi,
2057 224 2224 269 oportebit
2257 235 2426 269 antequam

1432 276 1567 310 foemina
1591 274 1788 307 cruciatibus
1811 272 2004 306 difficilioris
2035 272 2243 303 extractionis
2275 271 2426 311 subjicia-

1432 329 1507 360 tur,
1530 318 1658 351 solerter
1681 317 1867 359 inquirere,
1889 325 1966 348 num
1990 313 2076 346 forte
2101 324 2162 345 non
2183 313 2281 346 vesica
2307 317 2425 352 niodo,
2449 349 2452 352 ⁴

1430 363 1465 396 id
1487 361 1575 405 quod
1599 360 1749 402 suspicari
1773 359 1926 392 omnibus
1948 356 2093 398 proclive
2118 356 2159 388 est
2182 379 2190 392 ‚
2217 356 2266 389 sed
2290 366 2425 390 ureteres

1430 416 1582 447 quoque,
1606 406 1636 436 δι
1658 402 1714 445 ipsi
1728 402 1901 444 praesertim
1927 411 2033 438 renes,
2056 411 2126 441 quie
2152 399 2289 441 sulpicio
2314 412 2351 433 ex
2367 410 2428 431 no-

1431 450 1499 483 stris
1521 449 1627 480 oritur
1649 445 1891 479 diffeetionibus
1913 468 1924 484 ‚
1957 453 2082 476 tantum
2107 453 2174 483 iam
2196 444 2272 475 mali
2297 451 2427 476 conti-a-

1431 494 1536 526 xerint
1551 514 1560 529 ,
1584 500 1618 524 ut
1642 491 1690 522 vel
1715 500 1794 525 acu,
1818 491 1849 520 &
1873 488 1995 520 calculo
2019 485 2169 519 detractis
2193 506 2202 522 ,
2226 486 2354 519 mulieri
2378 486 2429 518 ni-

1432 536 1609 569 hilominus
1633 530 1836 565 inoriendum
1861 530 1898 564 sit
1921 555 1928 562 .
1966 528 2163 569 Coniectura
2186 538 2291 562 autem
2316 540 2429 563 renum

1434 580 1513 612 male
1537 576 1723 611 affectorum
1746 575 1881 608 ducetur
1904 584 1968 607 non
1994 581 2058 605 tam
2083 570 2102 604 a'
2124 572 2311 605 lumborum
2335 572 2430 606 dolo-

1435 622 1524 655 ribus
1548 625 1559 660 (
1583 631 1662 660 quos
1685 617 1783 651 abesse
1808 615 1891 659 posse
1909 638 1918 653 ‚
1942 616 2081 650 vidimus
2106 613 2188 657 (f)
2211 637 2219 652 ,
2254 627 2308 649 aut
2333 616 2428 649 sicuti

1437 666 1469 698 in
1494 662 1655 707 proposita
1681 662 1784 704 pue-lla
1807 659 1893 701 (g)
1917 658 2044 692 fortasse
2068 658 2258 695 accidebat,
2284 672 2298 692 a
2324 659 2430 692 multo

1437 707 1622 740 saevioribus
1655 704 1761 738 veficae
1797 704 1992 736 cruciatibus
2024 701 2192 736 secundum
2216 703 2432 745 Hippocratis

1436 750 1651 793 aphorismum
1674 753 1687 788 (
1711 748 1731 781 h
1752 751 1766 788 )
1787 745 1950 780 obscurari
1973 749 1984 784 ,)
2014 757 2111 788 quam
2145 747 2184 778 ab
2215 746 2292 777 lotii
2317 767 2326 784 ,
2359 756 2430 788 quae

1436 795 1532 835 longa
1555 792 1718 825 interdum
1733 815 1745 831 ‚
1769 801 1826 823 nec
1849 789 1943 822 semel
1967 789 2176 831 praecesserit,
2200 789 2234 822 in
2245 788 2345 823 vesica
2358 790 2432 829 sup-

1436 836 1609 880 pressione,
1633 844 1688 868 aut
1712 834 1873 868 crebriore
1896 833 1934 866 ad
1950 834 2120 866 acerrimos
2131 832 2258 865 dolores
2283 833 2432 865 vitandos

1437 881 1630 919 retentione,
1646 887 1699 911 aut
1713 878 1826 919 exigua
1839 876 1937 909 nimis
1950 878 2141 913 excretione‚
2155 877 2188 909 in
2203 887 2264 918 qua
2276 876 2432 909 aestiman-

1435 925 1473 957 da
1486 924 1660 957 cavendum
1685 922 1750 961 est,
1776 918 1943 962 nequando
1955 918 2072 952 assiduo
2083 920 2181 952 urinae
2195 919 2359 953 stillicidio
2380 920 2432 953 de-

1436 969 1616 1010 cipiamur,
1639 975 1810 1003 memores,
1836 973 1908 996 cum
1930 962 1991 995 lioc
2014 965 2226 997 retentionem
2250 963 2334 1006 polle
2356 974 2436 996 con-

1439 1011 1530 1053 jungi
1555 1019 1650 1043 tantae
1675 1008 1761 1040 illius
1785 1006 1910 1047 c'opiae‚
1932 1015 2089 1048 quantum
2112 1007 2166 1039 ubi
2200 1006 2238 1040 de
2260 1009 2433 1042 Claudica-

1441 1056 1529 1088 tione
1551 1055 1645 1087 verba
1668 1050 1745 1084 fient
1770 1054 1779 1090 (
1805 1051 1818 1084 i
1839 1053 1874 1088 )‚
1900 1060 1915 1095 ξ
1939 1059 1988 1081 me
2011 1048 2195 1082 ostendetur
2217 1064 2225 1082 ε
2250 1063 2434 1095 quanquam

1443 1101 1472 1130 δι
1499 1098 1567 1131 aliis
1590 1097 1623 1130 id
1637 1094 1790 1136 Epistolis
1814 1092 1879 1134 (4)
1900 1102 1967 1133 Jam
1989 1092 2063 1139 satis
2086 1091 2241 1127 ostensum
2266 1094 2331 1136 est,·
2352 1098 2433 1138 quin

1447 1141 1692 1182 Sepulch-retum
1717 1139 1732 1179 (
1752 1137 1763 1170 l
1783 1140 1797 1175 )
1821 1135 1987 1169 historiam
2011 1137 2124 1169 ofleret
2151 1159 2158 1174 ‚
2181 1140 2214 1171 i'ri
2239 1150 2300 1181 qua
2325 1139 2434 1172 vesicae

1447 1184 1567 1218 collum
1591 1183 1698 1215 laxum
1726 1180 1804 1213 adeo
1826 1191 1864 1212 ex
1888 1178 2081 1213 resolutione
2115 1181 2281 1215 inventum
2315 1183 2400 1226 legas
2424 1208 2434 1223 ‚

1441 1236 1475 1260 ut
1496 1227 1629 1269 digitum
1645 1222 1745 1267 facile
1767 1223 1975 1260 immitterem
1999 1232 2105 1265 itaque
2139 1226 2228 1258 urina
2249 1235 2357 1270 aegroto
2379 1239 2437 1262 non

1434 1270 1613 1313 sentiente,
1641 1276 1711 1301 anre
1736 1265 1855 1299 obitum
1884 1264 2047 1307 prodibat,
2070 1265 2167 1307 vesica
2190 1275 2311 1308 tamen,
2336 1283 2434 1312 eaque

1440 1313 1533 1355 duplo
1555 1311 1639 1355 quasi
1660 1310 1776 1351 major,
1801 1317 1867 1342 erat
1879 1307 1978 1342 nihilo
1995 1307 2098 1348 secius
2121 1319 2188 1343 tora
2211 1322 2242 1344 re
2264 1312 2346 1347 leta.
2370 1315 2439 1348 Re.

1440 1365 1529 1390 tenta
1553 1366 1658 1389 autem
1682 1354 1771 1387 urina
1793 1362 1952 1394 quantum
1976 1361 2111 1385 ureteres
2133 1354 2231 1395 ampli
2259 1355 2376 1397 casser,
2399 1370 2438 1392 ex

1439 1402 1479 1433 iis
1501 1399 1654 1441 Epistolis
1677 1395 1880 1438 cognovisti,
1903 1397 1932 1427 δέ
1955 1405 2114 1437 quantum
2139 1399 2238 1431 etiam
2249 1410 2360 1433 renum
2384 1414 2439 1436 ca-

1437 1455 1536 1520 1νεειῑῐῑιΐ
1550 1440 1727 1478 dilatasset,
1750 1438 1915 1483 ipsamque
1938 1439 1971 1471 in
1997 1449 2060 1473 uno
2074 1438 2207 1482 saltem,
2232 1440 2438 1480 substantiam

1452 1488 1500 1520 aesi
1532 1496 1583 1519 et.

1481 1541 1532 1573 23-
1558 1528 1657 1566 Quod
1681 1528 1702 1562 si
1727 1527 1796 1561 liaec
1818 1539 1835 1561 a
1860 1535 1980 1561 retenta
2004 1527 2076 1561 lotii
2090 1537 2197 1571 partes
2221 1541 2344 1573 quanto
2371 1544 2439 1566 ma-

1439 1575 1487 1615 gis
1511 1586 1526 1606 a
1549 1574 1666 1615 longa,
1691 1574 1722 1605 &
1747 1573 1881 1614 repetita
1905 1572 2007 1605 totius
2030 1573 2116 1605 intra
2138 1573 2270 1607 veficam
2294 1575 2439 1618 suppres-

1437 1618 1540 1654 sione,
1566 1626 1618 1649 aut
1642 1628 1657 1649 a
1681 1615 1791 1648 crebra
1815 1618 1845 1648 ἅ
1868 1615 1943 1648 lotii
1966 1638 1977 1655 ,
2000 1616 2030 1647 ἃ
2053 1616 2141 1658 puris
2163 1616 2260 1659 ipsius
2281 1622 2438 1654 retentio-

1437 1658 1502 1694 ne?
1524 1661 1553 1692 A
1579 1658 1790 1701 suppreffione
1814 1668 1900 1691 certe
1922 1658 2016 1690 habes
2038 1659 2070 1691 iri
2095 1659 2307 1700 Sepulchreto
2329 1674 2439 1697 exem-

1439 1705 1493 1746 pla
1518 1702 1628 1743 plura,
1651 1703 1733 1734 inter
1757 1713 1827 1744 quae
1853 1702 1999 1734 Rumleri
2026 1705 2101 1741 (m)
2116 1724 2124 1739 ‚
2147 1705 2179 1736 ἃ
2200 1703 2339 1738 Ballonii
2365 1707 2439 1748 (n)

1440 1756 1581 1788 quorum
1603 1745 1657 1778 hic
1679 1755 1829 1786 magnam
1854 1744 1935 1777 vidit
1958 1753 2120 1778 ureterum
2153 1746 2401 1789 amplitudinem
2424 1761 2435 1788 3

1441 1790 1494 1822 ille
1517 1787 1641 1822 eosdem
1666 1789 1757 1821 urina
1780 1787 1889 1830 plenos
1912 1811 1920 1826 ,
1943 1798 2030 1820 renes
2053 1798 2159 1821 autern
2183 1799 2280 1823 tantae
2303 1794 2337 1825 in
2362 1805 2440 1834 pue..

1442 1844 1479 1865 ro
1503 1831 1735 1874 magnitudinis
1750 1853 1759 1868 ,
1782 1840 1910 1873 quantae
1937 1832 1989 1863 vix
2012 1829 2073 1863 esse
2096 1830 2222 1872 possent
2246 1834 2278 1866 in
2303 1834 2436 1872 adulto:

1441 1877 1651 1918 quamobrem
1684 1875 1738 1908 (ΣΙ.
1764 1876 1924 1908 Fantonus
1954 1874 2005 1916 (o
2029 1877 2040 1912 )
2070 1873 2140 1916 jure
2171 1874 2296 1910 censuit
2323 1904 2331 1919 ‚
2365 1890 2440 1913 cum

1442 1930 1498 1959 per
1522 1919 1715 1952 catlieterem
1739 1918 1808 1958 plus
1833 1917 1934 1950 urinae
1958 1926 2035 1950 tunc
2059 1918 2207 1951 educitur
2228 1941 2237 1956 ,
2265 1932 2360 1963 quam
2386 1935 2442 1957 we-

1443 1962 1502 1995 sica
1528 1963 1691 1994 continere
1715 1961 1882 1998 videatur,
1903 1960 2021 2000 partim
2044 1959 2210 2000 adiftentis
2231 1974 2347 2006 quoque
2370 1977 2440 1999 ure-

1443 2004 1561 2038 teribus
1587 2030 1596 2042 ,
1630 2004 1750 2045 partim
1774 2002 1811 2035 ab
1835 2002 1908 2044 ipsis
1932 2012 2144 2045 nonnunquam
2168 2006 2331 2047 ampliatis
2357 2010 2443 2042 reni-

1441 2047 1499 2080 hus
1519 2047 1669 2089 profluere
1687 2044 1766 2089 poffe
1790 2071 1797 2078 .
1831 2046 2000 2077 Nimirum
2036 2058 2109 2079 curn
2141 2048 2217 2089 plus
2251 2051 2352 2085 vesica
2377 2051 2442 2092 jam

1442 2102 1552 2133 capere
1576 2102 1639 2123 non
1665 2090 1767 2131 potest
1792 2112 1801 2126 ‚
1835 2088 1993 2130 quidquid
2019 2089 2091 2122 lotii
2115 2089 2235 2132 jugiter
2259 2094 2290 2127 in
2315 2097 2443 2129 renibus

1442 2134 1614 2167 secernitur
1629 2160 1638 2175 ‚
1663 2141 1800 2165 ureteres
1821 2135 1982 2173 primum,
2008 2143 2077 2166 tum
2101 2146 2188 2167 renes
2210 2147 2337 2180 quoque
2361 2139 2445 2181 φὼς

1444 2177 1619 2224 distendit.
1644 2176 1723 2209 Non
1746 2175 1780 2210 id
1802 2174 1888 2217 fugit
1913 2176 2075 2209 Aretaeum
2097 2177 2152 2220 (p
2167 2178 2186 2220 )
2203 2203 2212 2212 .
2227 2179 2286 2213 Ubi
2307 2184 2444 2216 urinam

1445 2221 1543 2254 Vesica
1562 2219 1793 2262 supprimitur,
1810 2218 1985 2260 superiores
2007 2230 2123 2261 quoque
2142 2230 2273 2262 partes,
2297 2227 2405 2264 inquit

1447 2274 1532 2298 renes
1554 2263 1721 2299 videlicet,
1746 2261 1901 2303 replentur
1923 2274 1932 2293 .·
1955 2263 2049 2296 urinae
2071 2264 2177 2297 dubius
2204 2266 2223 2308 (
2235 2251 2445 2309 graeciUretcf.

1446 2317 1496 2340 res
1517 2305 1677 2348 appellant
1698 2308 1711 2345 )
1734 2304 1942 2344 dzfleno'uncur
1966 2330 1974 2338 .
2011 2306 2094 2345 Qae
2129 2318 2203 2341 curn
2241 2312 2337 2344 etiarn
2364 2313 2446 2344 acci-

1446 2349 1546 2388 dant,
1573 2349 1628 2383 ubi
1652 2349 1757 2382 nullus
1779 2349 1813 2380 in
1836 2349 1936 2381 vesica
1961 2348 2022 2387 est,
2048 2359 2099 2382 aur
2123 2361 2213 2385 antea
2237 2351 2329 2388 fuiss‘e
2364 2355 2448 2389 diciA

1453 2402 1507 2428 tur
1530 2392 1690 2430 calculus,
1716 2401 1752 2424 ut
1774 2392 1807 2423 in
1833 2391 2003 2432 propositis
2025 2394 2178 2435 exemplis
2202 2420 2209 2434 ‚
2245 2400 2386 2434 itemque
2412 2401 2448 2432 iri

1453 2449 1491 2469 eo
1513 2436 1601 2478 quod
1625 2447 1640 2467 a
1664 2435 1863 2468 Commercii
1878 2435 2043 2467 Litterarii
2067 2437 2120 2478 (q
2141 2441 2155 2478 )
2179 2436 2376 2474 Au&0rib‘us
2400 2453 2447 2475 re„

1448 2478 1613 2517 censetur,
1640 2488 1695 2512 aut
1718 2480 1751 2510 in
1774 2479 1925 2511 Caesareae
1949 2479 2127 2514 Acadeniiae
2153 2483 2244 2515 Affis
2268 2488 2278 2522 (
2302 2495 2317 2515 r
2337 2488 2368 2524 )‚
2394 2495 2449 2518 aut

1449 2526 1486 2569 in
1508 2523 1688 2555 Helveticis
1711 2520 1791 2563 (s)
1815 2521 1877 2566 legi
1893 2521 2029 2563 'potest3
2055 2524 2214 2565 impedito
2238 2528 2323 2560 enim
2349 2530 2449 2562 urinae

1450 2565 1712 2600 effluxuevefica
1737 2564 1775 2597 ab
1799 2563 1895 2605 hujus
1919 2563 2076 2602 abscessu,
2100 2568 2148 2600 vel
2175 2579 2191 2599 a
2214 2571 2274 2601 viae
2299 2582 2354 2610 per
2370 2574 2449 2604 Pro-

1453 2612 1564 2644 statam
1580 2607 1830 2654 „coarstationQ
1854 2616 1906 2639 aut
1928 2607 2052 2640 insiuxu
2076 2611 2109 2641 in
2134 2610 2267 2645 vesicam
2290 2614 2330 2647 ab
2368 2603 2450 2648 suni-

1453 2665 1503 2686 rna
1528 2651 1622 2693 hujus
1645 2652 1829 2693 capacitatis
1854 2650 2106 2692 imminutione,
2130 2654 2308 2695 magnitudo
2330 2668 2447 2696 renum,

1451 2701 1492 2733 cry*
1514 2695 1685 2736 amplitudo
1707 2701 1881 2732 meierum,
1905 2694 1954 2727 vel
1979 2692 2092 2728 horum
2118 2696 2229 2729 saltem
2242 2699 2392 2734 dilatatio
2415 2711 2451 2737 ut

1451 2739 1575 2773 minimi
1596 2738 1689 2780 digiti
1711 2737 1894 2770 diametrum
1909 2737 2089 2779 superarent
2103 2764 2111 2776 ‚
2137 2741 2183 2772 vel
2207 2742 2300 2784 digiti
2322 2745 2451 2779 maioris

1455 2791 1617 2824 aequarent
1641 2804 1653 2820 ,
1683 2782 1718 2812 iri
1741 2780 1853 2813 oculos
1877 2783 2077 2814 incurrerunt
2102 2794 2111 2819 ς
2147 2795 2219 2817 cum
2256 2786 2358 2823 igitur
2374 2780 2452 2822 'haec

1454 2827 1550 2859 etiam
1576 2824 1639 2857 sine
1662 2825 1795 2857 calculis
1819 2823 1984 2860 accidant3
2008 2835 2071 2857 non
2097 2823 2223 2861 fuerant
2250 2823 2321 2863 sane
2344 2843 2360 2863 a
2385 2833 2451 2865 cal-

1454 2870 1602 2903 culorum
1626 2867 1794 2901 dumtaxat
1818 2868 1850 2899 in
1876 2866 2052 2900 ureteribus
2079 2880 2164 2903 mora
2189 2883 2260 2914 quae
2283 2872 2452 2908 descensu-

1454 2925 1498 2946 rae
1520 2912 1623 2946 obstet
1648 2913 1770 2950 urinae,
1792 2921 1808 2943 a
1831 2911 1916 2944 Viro
1939 2911 2083 2953 alioquin
2102 2914 2380 2956 Experientiffimo
2403 2931 2453 2952 re.-

1455 2956 1736 2997 petenda,-neque
1761 2966 1798 2986 ex
1822 2966 1859 2987 eo
1880 2956 1966 2995 quod
1981 2955 2108 2989 cuidam
2133 2968 2212 2991 uuus
2236 2961 2268 2992 in
2294 2959 2391 2995 vefica
2406 2963 2453 2995 es.

1454 3001 1501 3033 set
1524 2999 1683 3035 calculus,
1708 3008 1846 3030 ureteres
1871 3007 1975 3030 autem
1999 3000 2096 3032 ambo
2120 3000 2250 3035 dilatati
2274 3025 2282 3039 ,
2319 3016 2452 3046 arguen.

1456 3042 1534 3078 cium
1559 3041 1663 3090 fuerat
1688 3067 1696 3079 .
1719 3041 1879 3074 calculum
1902 3041 1993 3074 illum
2019 3041 2193 3077 necessario
2228 3058 2265 3079 ex
2289 3047 2417 3082 duobus
2438 3071 2451 3089 ,

1457 3097 1594 3128 quorum
1620 3085 1731 3125 singuli
1766 3085 1800 3116 in
1825 3083 1956 3125 singulis
1993 3084 2203 3122 substitissent
2237 3092 2418 3125 Ueteribus
2443 3114 2452 3130 ,

1458 3127 1625 3162 coaluisse.
1651 3131 1737 3161 Cum
1761 3138 1836 3160 vero
1859 3139 1893 3159 ea
1918 3139 1988 3169 quae
2011 3129 2153 3164 diximus
2176 3154 2185 3169 ,
2222 3133 2299 3166 fiant
2324 3135 2372 3167 vel
2399 3136 2455 3168 ubi

1459 3174 1558 3220 uesica
1582 3172 1681 3213 potest
1705 3170 1742 3204 ad
1766 3172 1930 3212 ingentem
1954 3175 2164 3213 capacitatem
2188 3179 2315 3211 extendi
2346 3190 2356 3215 ς
2381 3191 2456 3220 pm-

1460 3217 1548 3265 sesto
1571 3216 1748 3255 intelligis,
1769 3223 1892 3256 quanto
1917 3217 2057 3249 accidere
2081 3216 2207 3251 facilius
2229 3220 2364 3254 debeant
2388 3244 2398 3261 ,
2431 3220 2454 3253 si

1461 3268 1516 3292 aut
1539 3259 1624 3300 ipsa,
1650 3268 1685 3291 ut
1708 3260 1742 3290 in
1766 3267 1832 3306 uno
1854 3268 1894 3290 ex
1915 3259 2064 3293 indicatis
2087 3262 2258 3303 exemplis,
2282 3268 2313 3296 in
2340 3263 2368 3297 se
2379 3275 2455 3297 con-

1462 3303 1563 3336 traeiza
1584 3327 1592 3341 ‚
1617 3311 1670 3335 aut
1695 3300 1797 3333 alieno
1820 3310 1905 3334 intus
1930 3314 2062 3343 corpore
2086 3304 2195 3347 aliquo
2206 3318 2357 3349 occupata
2372 3330 2379 3344 ,
2396 3308 2456 3339 mi-

1463 3357 1543 3392 nus,
1570 3349 1599 3379 δι
1624 3344 1787 3376 interdum
1811 3345 1865 3375 vix
1892 3345 2013 3386 aliquid
2038 3349 2131 3388 spatii
2157 3351 2257 3383 urinae
2281 3351 2455 3393 relinquit,

1462 3392 1527 3422 sive
1551 3388 1723 3421 iscburiarn
1749 3387 1822 3420 inde
1849 3410 1859 3427 ‚
1891 3387 1953 3422 sive
1976 3389 2188 3432 stranguriam
2209 3393 2455 3436 dtimtaxat0pa-

2294 3446 2410 3469 tiatur.

445 3531 2441 3567 w

510 3635 526 3654 z
542 3627 556 3654 )
572 3624 631 3649 Obs.
648 3623 691 3645 cit.
752 3620 758 3647 (
779 3627 792 3642 a
808 3618 822 3646 >
839 3625 860 3640 c..
877 3615 943 3649 supra
960 3614 1003 3637 cit.
1411 3637 1416 3640 .

509 3658 523 3680 d
541 3658 552 3671 ²
569 3656 659 3678 Medic.
678 3650 743 3676 Chir.
763 3657 797 3672 22.
863 3658 868 3673 ι,
889 3654 899 3668 2
917 3653 927 3672 )
944 3644 1002 3667 Obs.
1019 3644 1040 3666 8:
1059 3643 1146 3666 Adnot.
1165 3640 1230 3669 supra
1246 3640 1273 3663 ad
1298 3647 1319 3661 n.
1340 3647 1377 3661 21.
1396 3643 1436 3660 cit.

516 3675 554 3713 hl)
571 3690 608 3711 46.
628 3682 686 3707 Se&
704 3690 727 3705 2.
793 3677 855 3706 (i)
872 3674 945 3704 Epist.
963 3678 996 3703 56Δ
1015 3681 1035 3696 n>
1056 3679 1104 3705 12.-

513 3724 536 3738 m
552 3715 565 3743 )
583 3714 640 3737 Sest.
660 3722 687 3740 24
715 3709 772 3734 Obs.
793 3716 828 3733 12.
849 3707 872 3737 §.
890 3710 913 3729 ⁶.
975 3705 988 3732 (
1005 3712 1021 3726 n
1036 3702 1050 3730 )
1070 3702 1131 3726 Ibid.
1150 3702 1172 3732 §-
1189 3710 1203 3730 7

517 3754 529 3774 q
549 3750 559 3771 2
578 3747 596 3767 A
629 3745 693 3772 1738.
712 3739 793 3765 Hebd.
815 3746 850 3768 3²·
868 3744 891 3760 n.
910 3743 930 3760 ι.
995 3733 1003 3760 (
1022 3740 1033 3755 r
1049 3734 1058 3762 )
1074 3735 1151 3763 Toni.
1169 3740 1192 3757 ι,
1211 3728 1271 3754 Obs.
1289 3733 1340 3755 154.

479 3629 497 3775 ems-*nr*

1061 3613 1067 3638 s
1087 3611 1100 3635 b
1119 3612 1127 3641 )
1142 3612 1181 3640 87.
1199 3610 1225 3633 in
1241 3607 1312 3635 huius
1328 3606 1399 3635 Epist,
1419 3608 1482 3630 Cent
1510 3614 1530 3630 2.

1154 3673 1167 3700 ζ
1185 3669 1317 3698 k)1⁴plst.
1335 3677 1355 3695 4.
1375 3676 1396 3700 ri.
1418 3674 1454 3696 19.
1474 3669 1495 3691 Ει
1513 3666 1582 3694 Epist.
1602 3674 1638 3694 39.
1657 3675 1670 3689 ῃ
1698 3675 1734 3696 33,

1276 3702 1281 3725 s
1302 3707 1314 3722 σ
1331 3698 1344 3726 )
1361 3697 1451 3722 Dissert.
1471 3700 1545 3720 Anat.
1563 3698 1657 3720 Renov.
1675 3705 1699 3726 7.

1405 3727 1474 3759 (s)
1489 3729 1562 3751 Tom.
1581 3734 1599 3752 i.

1594 3606 1607 3634 ζ
1622 3613 1633 3628 c
1648 3606 1662 3632 )
1680 3606 1734 3631 Vid.
1752 3608 1820 3630 Cent.
1832 3615 1852 3630 i.
1871 3608 1943 3636 Epist.
1961 3617 2000 3637 73-
2018 3609 2039 3632 ἃ
2055 3608 2104 3638 seq.

1499 3637 1513 3666 (
1526 3636 1566 3665 f)
1585 3635 1664 3663 supra³
1685 3645 1708 3660 ri.
1728 3645 1747 3660 2.
1765 3638 1786 3660 8(
1805 3637 1864 3666 seqq.
1882 3641 1903 3662 8:
1922 3648 1945 3661 n.
1966 3647 2000 3666 13.
2021 3642 2042 3663 ἃ
2060 3640 2105 3668 seq.
2167 3642 2211 3670 (g
2225 3641 2238 3668 )
2255 3648 2278 3664 n.
2296 3649 2333 3665 ιο.

1799 3669 1803 3680 s
1822 3671 1829 3689 ι’
1850 3670 1860 3696 )
1878 3669 1936 3692 SeCi.
1956 3668 2024 3695 liuius
2043 3678 2062 3698 3.
2081 3671 2098 3693 l.
2116 3678 2142 3699 27
2170 3671 2227 3694 Ops.
2247 3681 2259 3695 2
2289 3675 2311 3697 ‘f-
2332 3680 2354 3696 τ.

1761 3698 1804 3727 (p
1819 3699 1831 3726 )
1850 3701 1884 3722 De
1902 3699 1969 3723 Caus.
1988 3702 2008 3722 ὅ(
2026 3700 2092 3729 Sign.
2109 3704 2180 3725 Acut.
2198 3703 2277 3725 Morb.
2296 3702 2302 3725 l
2329 3710 2351 3726 2,
2369 3710 2388 3725 c.
2408 3705 2450 3728 10:
