2498 4075
495 193 588 241 192

1016 176 1170 230 Liber
1204 178 1289 231 111.
1323 178 1404 230 De
1436 178 1642 231 Morbis
1677 180 1885 233 Ventris

411 250 651 291 'excrescentem
676 253 762 288 circa
781 252 964 288 testiculum
986 273 995 289 ‚
1019 255 1051 285 δε
1074 253 1140 295 ejus
1165 255 1235 290 vasa
1258 267 1382 290 carnem
1406 278 1416 293 ‚
1468 261 1664 295 corrugatum
1690 276 1702 293 ³
1735 255 1768 288 in
1784 255 1925 297 scrotum
1948 251 2153 297 deflendensi
2179 258 2333 294 facillime
2355 261 2465 294 tamen

417 310 473 334 aut
497 300 593 333 aliam
619 298 775 340 ejusmodi
799 297 1005 330 substantiam
1026 298 1215 339 intelligunt
1235 324 1243 332 .
1276 304 1359 340 Raro
1382 300 1416 333 id

418 353 526 376 tamen
551 366 560 383 ,
591 351 627 375 ut
650 341 760 374 Celsus
783 343 797 379 ζ
818 340 871 381 u)
897 339 1067 372 admonuit
1087 363 1099 380 ,
1129 351 1181 374 aut
1202 351 1290 375 certe
1311 345 1415 376 minus

415 387 494 428 saepe
527 395 624 428 quam
649 385 762 426 vulgus
798 393 890 425 putat
912 403 921 418 ‚
944 383 965 414 11
991 382 1138 416 indubias
1162 385 1415 419 Observationes

414 430 587 472 quaerimus
610 453 620 468 ,
655 427 785 461 videtur
808 424 946 459 accidere
970 448 978 462 ‚
1014 436 1070 458 nec
1094 426 1224 461 fortasse
1248 429 1373 471 longius
1397 441 1412 461 a

412 483 488 505 vero
511 467 665 504 aberrasse
690 472 793 503 Olaus
817 469 1026 508 1301116111115,
1050 480 1124 502 611111
1147 470 1185 503 ad
1201 471 1412 505 Observatio-

408 526 484 550 nem
507 514 597 548 suam
617 538 627 554 ,
655 523 693 547 ut
716 515 750 545 in
774 510 982 553 Sepulchreto
1006 511 1102 545 habes
1128 517 1137 551 (
1162 523 1183 546 x
1209 517 1247 552 ),
1279 515 1414 548 adnota-

409 561 459 591 vit
481 582 491 598 ,
517 555 700 600 frequenter
717 554 901 598 sarcocelem
923 566 981 587 non
1005 563 1072 588 tam
1096 555 1219 598 adnasci
1250 557 1375 597 testibus
1399 580 1408 595 ‚

406 613 499 646 quam
521 599 656 642 innasci:
683 601 738 632 ubi
765 600 860 631 etiam
884 598 1040 636 tradidit,
1064 600 1230 641 quomodo
1253 599 1412 643 hydroce-

405 648 434 680 16
468 645 600 679 mentiri
633 642 806 685 aliquando
840 641 1028 674 sarcocelem
1062 642 1154 684 poffit
1178 665 1187 680 ,
1223 653 1324 686 utque
1356 645 1411 677 illa

403 689 513 723 forsan
534 711 546 728 ,
577 698 641 720 non
665 686 731 720 haec
756 684 851 718 fuerit
873 707 881 721 ‚
905 697 1001 726 quam
1027 686 1140 719 radicis
1165 687 1316 720 ononidis
1341 690 1412 729 pul-

403 744 498 771 vere,
521 731 649 764 urinam
673 732 785 771 utique
809 730 934 764 ciente,
959 728 1116 762 sublatam
1140 731 1275 763 credunt
1299 756 1306 762 .
1333 733 1410 765 Pru-

397 776 513 810 dtnter
535 775 636 815 igitur
658 783 785 805 tantum
809 771 925 804 tribuit
948 774 977 804 ei
1004 771 1276 815 sententiaequam
1300 774 1409 808 secun-

404 820 447 852 do
470 819 543 851 loco
569 817 838 853 memoravimus,
863 824 898 847 ut
923 824 1028 849 tamen
1042 814 1157 848 diserte
1180 816 1289 850 locum
1314 818 1407 850 relin-

403 873 482 905 quat
506 861 603 894 etiam
629 861 733 892 tertiae
748 882 756 897 ‚
779 869 838 899 pro
862 869 923 900 qua
950 857 1158 892 stareindicat
1182 861 1324 902 exempla
1338 872 1409 902 quae

404 905 487 947 apud
513 902 705 936 Lotichium
731 901 827 940 sunt,
851 904 882 934 &
908 901 1110 936 Hildanum.
1135 902 1215 936 Haec
1239 915 1299 946 ego
1322 915 1410 946 quae-

401 960 492 988 rens,
516 948 549 979 in
573 947 659 979 1111115
683 945 814 988 quidem
837 944 1060 980 Consiliorum
1085 946 1168 979 libro
1190 949 1221 979 6.
1246 948 1298 990 (y
1322 950 1353 985 )‚
1376 949 1409 980 in

402 991 501 1034 hujus
525 998 634 1024 autem
657 988 936 1022 Observationum
959 988 1118 1023 Centuria
1144 1003 1173 1030 4.
1202 989 1295 1024 facile
1319 992 1410 1023 inve-

401 1038 457 1075 ni,
484 1033 678 1076 miratusque
703 1031 773 1065 sum
791 1053 801 1068 ‚
825 1042 890 1064 non
915 1043 952 1064 ex
977 1031 1070 1073 hujus
1093 1033 1332 1067 Observatione
1355 1035 1407 1074 65.

398 1078 578 1123 quidquam
602 1079 636 1110 in
658 1075 739 1109 hanc
762 1073 1157 1117 Sepulchretiseetionem
1169 1075 1227 1110 esse
1251 1077 1409 1111 relatum.

400 1122 502 1160 Quod
527 1121 548 1154 si
573 1133 607 1154 ea
631 1131 702 1162 quae
727 1130 780 1162 per
803 1128 977 1152 anatomen
1001 1121 1128 1162 penitus
1162 1122 1338 1154 examinata
1361 1121 1409 1153 es-

399 1168 470 1200 {ent
492 1191 501 1205 ,
537 1165 765 1206 ‘quaerebantur
786 1173 799 1201 ;
833 1172 863 1195 at
888 1171 957 1195 erat
989 1174 1061 1205 quae
1085 1160 1198 1196 referri
1222 1163 1284 1197 huc
1308 1162 1407 1205 poffet

401 1209 499 1244 Blasii
522 1207 718 1241 Observatio
741 1207 802 1248 (z
824 1210 858 1245 ),
883 1207 916 1237 in
940 1216 1022 1247 qua,
1049 1216 1113 1238 non
1138 1214 1173 1238 ut
1196 1206 1229 1238 in
1254 1207 1307 1240 illa
1327 1207 1407 1239 Bor-

398 1252 519 1292 ricini,
542 1260 611 1285 tota
634 1261 745 1283 carnea
769 1248 863 1282 massa
887 1247 970 1281 nihil
993 1258 1083 1287 erat,
1107 1247 1166 1281 nisi
1190 1248 1255 1292 ipse
1278 1250 1404 1284 testicu-

399 1298 470 1335 1us3
495 1295 545 1329 sed
569 1302 683 1328 contra
704 1318 713 1332 .,
737 1291 837 1325 crasso
862 1291 949 1334 quafi
974 1303 1013 1324 ex
1035 1292 1196 1334 glandulis
1218 1292 1404 1328 durioribus

396 1341 541 1376 cortice,
567 1337 674 1372 nuclei
696 1336 791 1369 instar
814 1359 826 1375 ,
856 1334 1018 1369 testiculus
1040 1336 1267 1372 continebatur
1289 1361 1296 1369 .
1331 1338 1404 1370 Nos

398 1396 477 1417 vero
511 1382 567 1416 etsi
594 1381 728 1414 minime
761 1379 950 1426 dubitamus
973 1403 983 1419 ,
1015 1380 1095 1421 quin
1118 1388 1154 1413 ut
1178 1392 1193 1412 a
1217 1389 1403 1414 caeterarum

396 1429 562 1472 partium,
588 1427 633 1458 ita.
662 1425 700 1457 ab
725 1422 839 1458 ero‘sis,
863 1433 1052 1465 quacunque
1076 1422 1203 1456 tandem
1228 1435 1266 1456 ex
1288 1423 1400 1460 causa,

396 1473 526 1505 testium
561 1469 680 1502 tunicis
714 1465 862 1500 morbida
896 1465 989 1508 poffit
1023 1477 1100 1500 caro
1130 1467 1336 1504 excresceres
1369 1469 1403 1501 in

395 1515 477 1550 hanc
501 1523 611 1547 tamen
635 1522 691 1554 per
713 1509 914 1543 disseffitiones
948 1508 1082 1543 necdum
1105 1509 1279 1545 incidimus
1303 1536 1312 1545 .
1345 1509 1404 1545 Sed

393 1559 511 1593 incidit
535 1556 666 1600 quidem
689 1554 743 1587 CI.
771 1553 904 1586 Pohlius
926 1555 939 1591 (
963 1563 980 1584 a
1004 1556 1042 1592 ),
1065 1553 1122 1596 qui
1139 1552 1308 1596 secundum
1325 1565 1402 1596 pro-

390 1603 496 1646 priam
529 1599 772 1642 observationem
805 1595 996 1631 sarcocelem
1021 1596 1077 1630 esse
1100 1619 1111 1635 ,
1145 1597 1228 1631 dixit
1255 1623 1263 1637 ‚
1297 1606 1400 1631 tumo-

395 1657 459 1680 rem
482 1643 689 1684 testiculorum
707 1638 856 1682 fibrosurn
882 1639 925 1672 ὠ
946 1649 1111 1680 carneum,
1131 1640 1207 1682 plus
1217 1643 1318 1675 minus
1342 1641 1397 1673 du-

396 1699 467 1723 rum
480 1712 490 1728 ,
513 1689 556 1721 ’ἴαν
577 1683 749 1726 dolorosum
770 1705 782 1723 ,
807 1680 969 1726 successive
993 1690 1096 1716 ortum
1110 1706 1119 1721 ‚
1142 1685 1197 1726 qui
1218 1693 1275 1718 aut
1298 1692 1398 1718 totam

392 1732 527 1773 testiculi
542 1728 750 1773 substantiam
772 1735 865 1770 auget
883 1748 892 1763 ‚
914 1726 1005 1768 inque
1027 1726 1138 1760 molem
1161 1728 1247 1761 carni
1262 1728 1397 1771 fimilem

393 1774 553 1810 convertit
580 1795 588 1810 ‚
622 1780 679 1806 aut
695 1769 811 1814 saltem
832 1771 920 1812 parti
943 1769 1037 1810 hujus
1061 1771 1195 1805 adnatus
1228 1771 1398 1814 excrescen-

394 1821 475 1854 tiam
496 1816 601 1851 veluti
624 1813 780 1857 carnosam
797 1810 942 1856 format.
968 1815 1194 1849 Veruntamen
1218 1817 1398 1857 praecipue,

391 1874 429 1898 nt
454 1861 543 1897 vides
567 1886 576 1902 ‚
609 1861 642 1893 in
667 1868 739 1892 toto
762 1858 795 1892 id
812 1857 976 1900 ‘agnoscit
1002 1858 1151 1892 testiculo
1174 1871 1182 1892 ε
1216 1859 1399 1900 exemplum

391 1917 500 1942 autem
525 1902 651 1947 profert
673 1902 841 1936 sarcocelis
873 1902 913 1934 ab
937 1901 966 1935 se
1000 1902 1137 1935 disicetae
1161 1903 1194 1934 in
1229 1913 1291 1944 qua
1315 1902 1402 1934 testis

391 1950 567 1987 substantia
592 1955 659 1981 tota
683 1947 715 1979 in
738 1945 904 1979 materiam
926 1945 1126 1985 purulentam
1137 1945 1275 1979 abierat.
1301 1942 1403 1986 Qod

394 1997 418 2030 fi
461 1994 573 2037 legeris
607 1989 872 2024 Exercitatiffimi
905 1989 983 2021 Viri
1020 1989 1181 2022 Dieterici
1225 1988 1404 2030 Sproegelii

393 2041 415 2084 (
434 2039 451 2072 b
475 2042 488 2078 )
510 2035 762 2070 Observationes
792 2033 868 2065 illas
890 2033 923 2064 in
958 2031 1075 2074 quibus
1097 2044 1170 2065 cum
1201 2031 1372 2073 hydrocele
1394 2052 1404 2067 ‚

395 2093 433 2118 ut
458 2080 571 2119 causa,
597 2079 693 2111 velut
706 2075 846 2113 61166111,
870 2074 1023 2109 sarcocele
1038 2075 1272 2117 conjungitur,
1298 2074 1405 2108 testem

398 2126 527 2160 videbis
550 2132 712 2166 repertum
736 2119 978 2158 livido-atrum,
998 2120 1164 2160 putridum
1183 2141 1196 2157 ,
1221 2128 1276 2152 aut
1300 2126 1405 2153 exten-

393 2171 487 2215 sum:
512 2169 622 2201 durum
647 2186 656 2202 ‚
687 2165 729 2197 &¹
753 2163 793 2196 ad
814 2171 903 2198 extra
925 2173 997 2195 cum
1017 2161 1279 2204 epididymidibus
1302 2173 1405 2195 corro-

393 2215 466 2259 sum
498 2214 539 2246 ΰ*
572 2207 719 2251 callosum
743 2231 755 2247 ,
788 2217 843 2240 aut
863 2207 985 2248 partim
1018 2206 1182 2248 putredine
1211 2204 1404 2247 friabilem,

398 2256 520 2301 partim
542 2263 614 2287 vero
634 2249 769 2294 perfeti'e
792 2248 1048 2291 cartilaginosum
1071 2270 1079 2285 ‚
1103 2252 1133 2281 δε
1158 2250 1297 2281 tunicam
1320 2260 1405 2290 quo-

400 2313 464 2345 que
497 2298 692 2340 albugineam
724 2304 793 2327 cum
815 2291 1076 2336 epididymidilaus
1106 2299 1208 2324 totam
1241 2291 1406 2334 cartilagi-

401 2355 491 2379 necm
512 2365 520 2379 ‚
556 2349 610 2374 aut
633 2339 770 2380 denique
802 2337 957 2370 tumidum
978 2359 986 2373 ,
1020 2338 1051 2368 δε
1075 2347 1148 2369 611111
1173 2334 1373 2368 diffecaretur
1396 2356 1405 2372 ,

399 2399 463 2432 pus
483 2386 652 2430 genuinum
671 2380 839 2424 flavescens
857 2377 987 2422 spissum
1011 2379 1043 2411 in
1077 2379 1241 2412 medietate
1265 2378 1408 2411 exhiben-

401 2442 467 2465 rem
487 2456 494 2470 ,
519 2439 587 2462 cum
611 2424 779 2467 arrofione‚
803 2425 844 2456 θ
867 2422 1029 2464 incipienti
1050 2420 1221 2462 callositate
1228 2422 1405 2462 parietum.

404 2476 477 2508 Vix
500 2474 532 2505 in
557 2482 619 2504 una
652 2468 892 2502 Observatione
917 2469 927 2504 (
950 2477 965 2497 c
990 2468 999 2502 )
1024 2464 1148 2496 tumidae
1181 2467 1222 2497 &-
1247 2462 1408 2505 scirrlyosae

403 2515 555 2555 flandulte
589 2516 724 2548 inventae
749 2519 969 2543 memorantur
995 2521 1004 2544 3
1040 2506 1092 2540 sed
1116 2518 1179 2539 non
1214 2508 1246 2539 in
1272 2506 1408 2552 testiculi

403 2552 606 2595 substantia.-
628 2567 706 2589 num
731 2565 808 2596 ergo
832 2554 865 2585 in
890 2550 954 2594 ejus
979 2549 1145 2592 superficie
1165 2549 1180 2581 ἒ
1204 2562 1241 2583 an
1266 2550 1298 2582 in
1323 2551 1412 2583 iuni-

404 2606 482 2640 culo
505 2600 700 2645 spermatico
725 2602 734 2630 ἓ
769 2608 842 2630 nam
867 2597 900 2628 in
924 2594 987 2627 1106
1009 2604 1138 2636 quoque
1161 2592 1353 2627 sarcocelem
1377 2606 1412 2626 a-

406 2646 567 2681 enoscunt
593 2670 601 2684 ‚
635 2645 665 2675 δε
689 2643 825 2674 minime
849 2640 1040 2679 attingunt,
1066 2637 1086 2670 si
1110 2647 1254 2669 ventrem
1278 2636 1376 2669 subiit
1400 2658 1410 2674 ,

406 2677 498 2726 253161111
523 2689 579 2722 illa
603 2697 700 2729 quam
726 2698 742 2719 a
766 2684 916 2717 Valsalva
939 2679 1142 2721 conspectam
1175 2679 1323 2726 descripsi
1350 2679 1411 2719 (cl)

405 2738 442 2771 :in
467 2733 542 2768 teste
566 2731 798 2773 incipientem,
825 2727 939 2760 &duri
964 2723 1063 2757 instar
1077 2723 1196 2773 tuberis
1219 2724 1412 2773 quasi-glan-

406 2779 527 2814 dulosae
551 2785 674 2809 natutae
697 2773 775 2806 illuc
800 2769 1020 2804 ascendentem
1045 2767 1101 2800 ubi
1125 2778 1198 2800 curn
1223 2766 1318 2799 fimili
1345 2778 1412 2799 rne-

410 2822 540 2858 senterii
562 2811 697 2852 immani
721 2826 849 2849 tumore
863 2811 1139 2854 conjungebatur.
1165 2808 1222 2843 Sed
1233 2808 1413 2843 neasarco-

409 2867 499 2906 cele,
524 2863 599 2905 ipsis
622 2863 655 2893 in
679 2860 814 2893 testibus
845 2856 997 2900 quaeiita‚
1022 2853 1225 2887 recedamus:
1251 2853 1412 2896 praeclarae

409 2911 482 2945 sunt
520 2908 571 2939 111.
594 2906 670 2938 Viri
696 2902 834 2936 Heisteri
866 2899 950 2943 (e)
973 2897 1224 2948 Observationes
1246 2921 1253 2930 .
1291 2898 1412 2939 Depre-

410 2951 525 2988 hendit
550 2949 601 2983 hic
626 2948 790 2981 testiculos
814 2967 823 2982 ‚
856 2943 965 2986 quales
978 2941 1115 2975 delineat
1139 2938 1221 2982 (f)
1245 2950 1385 2990 quatuor
1400 2963 1409 2978 ,

411 3009 446 3030 ca
470 3005 581 3028 omnes
605 2989 827 3032 magnitudine
848 3011 856 3025 ‚
894 2996 928 3019 ut
953 2987 1071 3019 merito
1105 2984 1301 3026 redarguerit
1325 2987 1334 3022 (
1356 2994 1378 3025 g
1401 2987 1411 3022 )

413 3040 473 3083 qui
498 3036 688 3071 sarcocelern
720 3043 812 3065 ovum
831 3030 1038 3073 gallinaceum
1060 3038 1216 3073 nunquam
1241 3027 1378 3060 excedere
1403 3051 1413 3066 ‚

413 3081 611 3125 :scripserunt
632 3104 639 3111 .
673 3077 797 3109 Omnes
820 3084 948 3116 quoque
983 3073 1108 3104 invenit
1145 3069 1316 3104 icirrhosos
1340 3093 1351 3109 ,
1383 3071 1413 3102 &

412 3126 530 3168 aequali
555 3120 737 3164 superficie,
763 3129 800 3152 ut
823 3128 887 3150 non
899 3115 962 3150 sine
987 3114 1078 3149 causa
1105 3111 1411 3156 affirmaveritffla),

411 3167 567 3210 testiculos
583 3162 752 3208 scirrhosos
774 3161 858 3203 longe
874 3157 1103 3201 frequentiores
1125 3156 1179 3201 esse
1197 3156 1412 3205 excrescentiis

413 3224 429 3247 e
452 3209 601 3251 testiculis
620 3234 628 3241 .
662 3208 788 3239 Caetera
812 3203 895 3245 apud
920 3202 1026 3245 ipsum
1062 3201 1187 3235 videbis
1207 3225 1215 3239 ,
1248 3203 1279 3233 &
1303 3201 1335 3232 in
1360 3198 1410 3232 his

409 3266 511 3291 unum
533 3265 568 3287 ex
594 3254 631 3284 iis
656 3249 791 3283 testibus
818 3246 862 3289 (i
884 3249 897 3285 )
922 3252 1101 3287 corruptum
1127 3267 1135 3281 ,
1170 3247 1210 3278 (9⁸
1232 3242 1314 3285 quasi
1338 3254 1410 3291 can-

412 3298 531 3341 crosum
555 3294 667 3329 fuisse·
694 3293 821 3326 Interea
845 3290 884 3324 ad
907 3289 1056 3322 ultimam
1081 3300 1119 3321 ex
1142 3285 1262 3321 herniis
1285 3300 1301 3320 a
1317 3286 1409 3319 nobis

407 3341 604 3376 enumeratis
627 3338 810 3369 veniamus.

455 3397 507 3428 39.
534 3381 779 3425 Spermatoceles
813 3380 943 3411 nomine
970 3377 1094 3410 Auetor
1129 3374 1262 3417 quidem
1286 3373 1409 3407 Obser-

410 3429 552 3464 vationis
584 3437 655 3468 quae
678 3425 751 3456 XX.
776 3420 820 3454 est
844 3421 877 3454 in
902 3422 959 3454 hac
984 3417 1183 3461 Sepulchreti
1208 3418 1329 3450 XXIX.
1354 3418 1407 3449 Se-

411 3474 519 3506 6110116
541 3493 552 3511 ,
588 3470 735 3503 herniam
771 3466 895 3507 accepit
929 3474 1026 3507 quam
1059 3461 1157 3496 faciat
1189 3472 1247 3494 vas
1271 3458 1408 3503 deferens

1468 307 1524 331 aut
1547 308 1701 330 manuum
1732 310 1793 340 ope
1815 320 1824 336 ‚
1857 308 1912 332 aut
1936 304 2080 341 corporis
2110 301 2171 336 fitu
2195 302 2347 345 resupino
2375 306 2464 337 intro

1469 341 1609 387 rediens.
1635 341 1720 380 Qis
1743 340 1817 375 esset
1839 341 1865 375 is
1889 342 2032 379 Αυᾶοῐ,
2057 356 2093 378 ut
2118 347 2229 380 melius
2242 345 2361 388 postem
2383 346 2464 389 quid

1465 385 1524 416 sibi
1547 384 1640 417 vellet
1664 386 1846 425 percipere,
1870 383 1985 418 frustra
2009 386 2065 420 sub
2088 389 2322 423 Observatione
2354 389 2466 432 quaesi-

1465 428 1498 458 vi
1520 451 1527 459 .
1561 427 1724 476 Estenim
1757 427 1971 470 subscriptum
1993 430 2076 463 Idem
2098 430 2212 466 ibidem
2232 455 2242 470 ,
2267 442 2379 475 nempe
2406 427 2462 465 aut

1463 468 1694 508 Rolfinckius,
1719 478 1772 504 aut
1795 471 1952 505 Riolanus
1971 495 1981 511 ,
2015 483 2069 506 aut
2094 475 2252 509 Hildanus
2275 498 2285 513 ‚
2317 485 2370 510 aut
2396 475 2466 507 Ro-

1465 512 1568 549 scius;
1593 512 1627 547 111
1650 514 1735 545 6111111
1759 514 1793 547 in
1818 515 1975 555 proximis
1998 513 2214 557 superioribus
2238 518 2374 553 scholiis
2389 542 2398 557 ,
2431 519 2464 549 &

1463 556 1700 589 Observatione
1723 555 1847 589 fuerant
1859 559 2040 593 nominati.
2065 560 2218 603 Quorum
2241 564 2376 595 neminis
2389 571 2465 595 cum

1464 599 1518 632 illa
1543 597 1599 631 esse
1624 600 1718 632 verba
1743 601 1963 641 agnoscerem·,
1987 602 2057 635 casu
2080 605 2217 647 denique
2240 605 2360 639 facium
2387 603 2428 637 est
2451 625 2462 640 2

1464 651 1501 675 ut
1524 641 1734 684 Chirurgiam
1773 643 1894 676 versans
1918 644 2163 680 Barbettianam
2186 651 2200 686 (
2222 648 2240 688 k
2260 652 2274 688 )
2301 670 2311 686 ‚
2347 649 2381 680 in
2405 646 2462 679 illa

1462 684 1528 727 ipsa
1552 685 1646 717 verba
1671 684 1864 724 inciderem,
1892 698 1949 720 nec
1973 688 2044 729 plus
2065 700 2172 724 tamen
2196 703 2293 734 quam
2315 689 2402 733 quod
2427 692 2461 722 in

1462 727 1672 770 Sepulchreto
1696 728 1891 770 exscriptum
1917 729 1980 767 est,
2003 733 2200 768 invenirem.
2225 735 2369 769 Difficile
2392 733 2463 765 sane

1460 771 1502 805 est
1524 771 1687 805 intellectu
1711 774 1843 805 minime
1867 775 2091 814 ignorantibus
2116 802 2124 817 ,
2148 781 2316 820 quomodo
2340 787 2393 810 vas
2416 775 2462 809 se-

1459 825 1534 848 men
1558 814 1700 849 deferens
1723 841 1732 856 ‚
1768 815 1928 849 adhaerens
1951 817 1989 851 ad
2014 819 2147 854 vesicam
2171 845 2181 861 ,
2214 822 2330 855 ureteri
2355 829 2461 853 autem

1459 860 1493 891 in
1517 857 1651 891 transitu
1675 858 1883 900 impositum,
1909 860 1992 894 unde
2017 862 2161 906 Ruttyus
2186 867 2196 902 (
2220 863 2269 907 l)
2289 866 2321 897 in
2333 861 2462 906 116611111-
2489 873 2492 874 ’

1461 903 1535 935 ticis
1558 901 1727 935 doloribus
1762 903 1993 936 retractionem
2018 905 2105 940 testis
2136 909 2299 948 repetebat
2320 933 2330 949 ‚
2354 911 2384 940 &
2407 906 2461 939 de-

1463 946 1561 987 nique
1594 955 1648 987 per
1671 945 1880 978 creberrimas
1913 946 2075 981 cellulosas
2109 951 2308 984 membranas
2342 951 2461 993 ubique

1462 997 1532 1022 tum
1565 986 1657 1030 supra
1682 988 1863 1022 abdominis
1899 991 2049 1023 annulum
2070 1014 2080 1030 ,
2105 991 2177 1026 111111
2200 993 2281 1027 infra
2307 994 2343 1028 ad
2368 994 2462 1027 suum

1461 1031 1560 1080 usque
1582 1040 1692 1064 ortum
1716 1042 1790 1065 cum
1815 1034 1971 1073 proximis
1997 1036 2140 1075 partibus
2164 1035 2201 1068 fit
2235 1037 2425 1079 colligatum
2448 1047 2459 1073 3

1462 1075 1607 1113 difficile,
1632 1076 1784 1116 inquam,
1811 1077 1849 1108 iis
1860 1077 1916 1118 qui
1932 1076 1999 1109 haec
2012 1077 2132 1116 sciant,
2159 1079 2200 1113 est
2223 1080 2388 1113 111161168111
2401 1078 2458 1122 qui

1462 1117 1554 1159 poffit
1577 1117 1656 1151 adeo
1678 1119 1761 1151 intra
1783 1118 1921 1152 scrotum
1946 1119 2007 1153 hoc
2031 1132 2084 1155 vas
2108 1122 2292 1157 descendere
2316 1146 2325 1161 ‚
2349 1123 2460 1165 ibique

1457 1161 1663 1203 complicari,
1689 1171 1724 1195 ut
1747 1162 1892 1195 herniam
1916 1161 2013 1196 faciat
2037 1188 2044 1195 .
2078 1166 2177 1205 Qod
2201 1178 2274 1200 cum
2297 1166 2361 1209 ipse
2394 1177 2460 1200 non

1451 1205 1659 1245 'meminerim
1684 1205 1724 1237 ab
1748 1206 1816 1238 ullo
1839 1207 1873 1252 in
1897 1205 2137 1243 disseffionibus
2161 1208 2219 1243 esse
2231 1210 2436 1252 conspffiium
2451 1233 2461 1249 ‚

1457 1258 1513 1281 nec
1538 1259 1591 1290 per
1615 1258 1686 1286 eas,
1710 1248 1800 1290 quod
1823 1258 1903 1290 aiat,
1929 1249 2100 1285 Barbettus
2126 1253 2242 1287 viderit
2262 1268 2272 1292 ς
2306 1253 2463 1295 suspicio-

1458 1292 1492 1323 ni
1516 1291 1624 1325 locum
1649 1289 1707 1324 esse
1723 1316 1732 1331 ,
1756 1291 1887 1332 censeo,
1910 1292 2007 1335 longe
2018 1295 2113 1327 aliam
2136 1306 2201 1329 rem
2216 1309 2250 1330 ac
2273 1308 2372 1340 quarn
2395 1296 2461 1338 ipse

1456 1334 1619 1373 credidit,
1641 1333 1735 1368 fuisse
1759 1346 1857 1376 quam
1883 1336 1921 1368 ab
1947 1336 1974 1369 se
1997 1337 2081 1372 dicit
2103 1349 2168 1372 non
2194 1340 2286 1374 semel
2310 1340 2461 1373 observa-

1455 1387 1525 1411 tam
1540 1402 1547 1409 .
1572 1378 1687 1423 Itaque
1710 1378 1943 1420 Spermatocele
1963 1401 1973 1417 ‚
2005 1393 2076 1422 quae
2101 1380 2122 1419 fi
2150 1383 2232 1417 illud
2256 1383 2337 1417 mihi
2360 1384 2460 1426 figni-

1455 1422 1588 1459 ficaret,
1613 1422 1704 1462 supra
1728 1420 1801 1454 esset
1823 1423 1908 1456 inter
1931 1424 2091 1466 legitimas
2115 1425 2239 1461 hernias
2262 1429 2383 1466 relata,
2406 1428 2460 1460 in-

1455 1473 1503 1498 ter
1529 1466 1714 1507 illegitimas
1737 1466 1896 1499 retinetur
1920 1465 1960 1499 sic
1984 1468 2148 1502 1016116613
2168 1491 2177 1506 ‚
2201 1481 2237 1504 ut
2254 1470 2384 1513 seminis
2406 1481 2460 1513 ag-

1449 1508 1612 1550 gestionem
1636 1507 1778 1549 designet
1801 1509 1833 1541 in
1857 1508 2026 1549 testiculis,
2052 1514 2122 1553 quae
2149 1510 2207 1547 hos
2233 1515 2395 1547 interdum
2419 1514 2458 1545 ad

1452 1553 1605 1593 ingentem
1629 1553 1758 1584 attollat
1793 1551 1902 1585 molem
1925 1564 1935 1590 5
1969 1564 2043 1587 utor
2068 1564 2173 1588 autem
2214 1559 2317 1591 verbis
2340 1550 2459 1599 quibus

1451 1595 1533 1627 olim
1568 1595 1768 1627 collectores
1803 1594 1996 1630 Bibliothecae
2018 1600 2220 1633 Anacomjca
2255 1603 2355 1640 (m)
2389 1611 2457 1633 rem

1450 1636 1533 1672 hauc
1558 1637 1792 1679 proposuerunt
1817 1647 1958 1680 petentes
1983 1664 1994 1680 ,
2028 1651 2063 1673 ut
2087 1641 2245 1683 ejusmodi
2270 1643 2394 1676 hernias
2418 1642 2459 1675 li-

1448 1689 1530 1716 ceret
1544 1680 1782 1724 spermatocelas
1807 1692 1941 1715 vocare:
1976 1694 2078 1726 neque
2104 1686 2188 1718 enirn
2221 1686 2275 1719 ista
2299 1686 2458 1727 significa-

1449 1727 1517 1764 tio,
1543 1724 1660 1758 nedum
1682 1724 1766 1757 istud
1790 1735 1907 1758 nornen
1922 1747 1931 1763 ‚
1955 1727 2099 1769 primum
2123 1729 2206 1761 111161·
2234 1730 2380 1763 Medicos
2395 1741 2459 1763 nu-

1450 1768 1587 1812 perrime
1612 1768 1782 1809 vulgatum
1805 1767 1847 1801 est
1869 1790 1878 1805 ,
1913 1778 1950 1802 ut
1975 1770 2037 1802 Vir
2063 1773 2261 1813 caeter-oquin
2300 1772 2460 1806 1)οᾶἰῶ-

1451 1823 1521 1846 mus
1545 1811 1672 1846 videtur
1695 1811 1877 1844 existimare
1897 1836 1904 1844 .
1937 1812 2029 1852 Qin
2056 1824 2124 1846 rem
2158 1824 2214 1846 non
2231 1814 2329 1854 semsi
2366 1817 2404 1848 ab
2428 1815 2458 1849 se

1451 1857 1484 1888 111
1509 1855 1586 1888 viris
1611 1855 1819 1889 salacioribus
1852 1853 1909 1888 esse
1933 1856 2185 1889 animadversam
2214 1879 2224 1894 ‚
2256 1858 2456 1891 011116ᾶο165

1451 1900 1500 1931 1111
1523 1898 1781 1938 confirmarunt,
1805 1909 1879 1932 cum
1903 1898 1976 1932 esset
2008 1898 2169 1938 obsirucfiio
2192 1901 2224 1932 in
2259 1900 2365 1941 aliqua
2388 1902 2455 1943 epi-

1453 1942 1622 1983 didymidis
1653 1949 1745 1983 parte
1779 1953 1798 1974 a
1824 1942 1955 1982 seminis
1986 1941 2158 1983 particuli&
2189 1943 2459 1985 concrefiilailibus

1456 1983 1616 2029 efformata
1638 1998 1647 2022 3
1680 1985 1772 2018 semel
1797 1994 1903 2018 autem
1935 1986 2037 2019 oculis
2061 1985 2134 2027 ipsis
2165 1997 2233 2019 rem
2266 1986 2425 2029 usurpasse
2449 2009 2459 2025 ‚

1455 2039 1530 2062 cum
1555 2026 1625 2070 post
1649 2028 1775 2063 seminis
1800 2030 1846 2060 ita
1868 2026 2033 2066 cohibiti,
2058 2030 2143 2061 intra
2167 2029 2306 2064 scrotum
2328 2029 2459 2063 effusio-

1456 2082 1531 2105 nem
1552 2072 1730 2117 ,indeque
1753 2081 1863 2104 ortum
1896 2070 2068 2105 abscessum
2101 2070 2186 2105 ferro
2220 2074 2425 2115 aperiendum
2451 2096 2462 2112 ,

1457 2115 1527 2157 post
1548 2114 1679 2157 ejusque
1702 2117 1972 2157 expurgationem
1996 2141 2006 2156 ‚
2040 2125 2104 2148 non
2130 2127 2187 2159 pus
2211 2118 2347 2159 amplius
2371 2141 2380 2156 ‚
2408 2117 2462 2152 sed

1457 2170 1495 2192 ex
1519 2170 1553 2191 ea
1576 2158 1806 2200 epididymidis
1840 2168 1927 2201 parte
1951 2170 2022 2201 quae
2055 2160 2139 2191 inter
2162 2159 2230 2200 ejus
2253 2160 2367 2202 globos
2391 2172 2464 2194 me-

1456 2202 1508 2235 dia
1532 2201 1575 2235 est
1599 2223 1609 2239 ‚
1643 2203 1746 2235 semen
1770 2202 1857 2245 quod
1882 2201 1983 2244 ipsam
2013 2201 2219 2235 distendendo
2242 2214 2429 2246 perruperat
2451 2229 2462 2244 ,

1458 2245 1622 2279 evidenter
1656 2245 1799 2289 prodiret
1822 2271 1830 2279 .
1868 2246 1968 2285 Quod
2000 2245 2233 2287 epididymidis
2267 2245 2412 2280 foramen
2437 2247 2462 2281 fi

1457 2289 1543 2322 forte
1567 2289 1661 2323 malis
1692 2290 1837 2323 erodenti
1871 2291 1979 2331 potius
2011 2289 2162 2323 absceflus
2195 2293 2334 2324 materiae
2365 2302 2463 2334 quarn

1458 2332 1572 2365 semini
1594 2333 1789 2366 distendenti
1812 2333 1955 2366 tribuere
1977 2346 1986 2369 3
2011 2344 2126 2375 negare
2149 2342 2255 2366 tamen
2280 2345 2345 2367 non
2369 2345 2464 2376 pote-

1458 2377 1502 2409 ris
1525 2376 1612 2417 quod
1636 2378 1720 2410 ratio
1744 2377 1844 2409 diCtat
1861 2403 1869 2417 ‚
1895 2374 1916 2408 si
1941 2377 2090 2410 tranfitus
2115 2376 2228 2417 semini
2253 2377 2287 2410 in
2311 2377 2381 2411 suas
2409 2389 2464 2410 ve-

1459 2419 1570 2452 siculas
1594 2429 1784 2462 quacunque
1819 2420 1857 2453 de
1880 2419 1971 2453 causa
2007 2420 2236 2462 intercipiatur
2255 2444 2265 2460 ,
2299 2431 2353 2454 aut
2377 2419 2399 2453 fi
2423 2432 2464 2454 ex

1460 2462 1605 2495 vesiculis
1636 2474 1701 2505 Jam
1726 2464 1868 2496 distentis
1898 2463 2018 2496 reditus
2042 2474 2097 2506 per
2132 2463 2315 2497 revehentia
2339 2463 2462 2498 vascula

1460 2507 1494 2538 in
1521 2505 1708 2547 sanguinem
1748 2506 1958 2549 prohibeatur
1981 2518 1992 2544 3
2017 2505 2086 2539 fore
2109 2517 2143 2540 ut
2168 2507 2208 2539 ab
2233 2518 2319 2540 novo
2342 2507 2462 2541 semine

1463 2548 1562 2592 usque
1587 2552 1617 2581 &
1639 2551 1736 2592 usque
1760 2553 1793 2584 in
1818 2550 1947 2582 testibus
1972 2550 2114 2588 secreto,
2141 2549 2230 2582 testes
2252 2550 2310 2591 ipsi
2325 2575 2335 2590 ‚
2359 2551 2463 2593 epidi-

1461 2591 1609 2634 dymides
1623 2615 1631 2629 ,
1654 2596 1684 2626 &
1697 2594 1817 2635 reliqua
1834 2591 1902 2633 ejus
1926 2593 2152 2633 conceptacula
2165 2593 2346 2634 repleantur
2363 2594 2441 2627 adeo
2453 2618 2462 2634 ,

1462 2638 1663 2682 utqprimum
1688 2636 1920 2678 intumescant,
1943 2646 2009 2677 quo
2034 2645 2178 2677 tempore
2201 2637 2462 2677 spermatocelem

1463 2680 1547 2718 6116,
1570 2679 1734 2719 dicemus,
1758 2689 1828 2713 tum
1853 2679 1968 2712 deinde
2002 2687 2036 2711 ut
2061 2679 2215 2712 stru6tura
2239 2682 2368 2714 tenuior
2388 2703 2397 2719 ‚
2432 2684 2463 2714 &

1463 2722 1596 2763 mollior
1619 2735 1689 2766 quae
1714 2726 1748 2756 in
1770 2722 1923 2757 testiculis
1946 2720 2120 2764 praesertim
2144 2722 2207 2762 est,
2230 2724 2387 2765 paulatim
2411 2725 2463 2757 vi—

1464 2768 1583 2807 tietur,
1604 2766 1818 2809 disruptisque
1841 2766 1975 2799 vasculis
1999 2775 2068 2798 tum
2093 2766 2194 2799 semen
2209 2788 2217 2804 ,
2241 2775 2311 2799 tum
2334 2767 2464 2809 sangui-

1465 2821 1539 2844 nem
1563 2834 1572 2850 ,
1606 2819 1676 2843 tum
1700 2811 1868 2852 lympham
1893 2808 2082 2843 vehentibus
2103 2833 2114 2849 ,
2150 2819 2292 2843 tumores
2325 2810 2462 2853 denique

1464 2854 1550 2887 misti
1585 2856 1708 2895 generis
1733 2855 1766 2885 in
1801 2853 1933 2885 testibus
1956 2863 2164 2894 procreentur
2185 2878 2193 2887 .
2227 2851 2326 2888 Nunc
2361 2853 2461 2895 agesis

1463 2898 1588 2940 aliquot
1613 2897 1765 2939 exemplis
1791 2896 1857 2930 haec
1880 2897 2093 2930 declaremus.
2350 2921 2356 2924 .

1507 2953 1561 2983 40.
1589 2940 1699 2981 Qesti
1725 2941 1797 2973 sunt
1821 2941 1921 2981 aliqui
1945 2940 2027 2982 apud
2050 2951 2099 2972 me
2124 2965 2133 2979 ‚
2156 2940 2274 2981 quibus
2297 2940 2354 2974 ilia
2378 2940 2462 2973 flati-

1463 2984 1522 3018 bus
1544 2994 1632 3017 erant
1645 2983 1799 3021 distenta,
1822 2994 1886 3016 non
1911 2992 1976 3016 tam
1999 2985 2037 3017 de
2060 2982 2202 3016 tensione
2225 3008 2235 3023 ,
2259 2986 2288 3016 &
2311 2983 2423 3017 dolore
2446 3006 2458 3022 ,

1463 3039 1560 3070 quani
1585 3028 1639 3059 alii
1664 3028 1702 3059 de
1726 3038 1813 3066 11110,
1836 3028 1890 3059 alii
1915 3026 1954 3060 de
1977 3036 2113 3068 utroque
2127 3026 2272 3060 testiculo
2299 3036 2376 3060 tunc
2402 3038 2461 3069 po-

1463 3070 1619 3104 tiffimum
1643 3069 1894 3109 intumescente,
1915 3081 1988 3103 cum
2001 3069 2095 3103 flatus
2120 3071 2256 3103 maxime
2277 3071 2459 3112 urgebant,

1463 3115 1697 3149 detumescente
1722 3122 1828 3147 autem
1843 3139 1850 3152 ‚
1874 3114 1964 3147 nullo
1988 3112 2115 3156 prorsus
2140 3114 2254 3146 1611610
2278 3114 2459 3147 incommo-

1463 3158 1523 3198 d0,
1548 3169 1622 3191 cum
1645 3156 1743 3189 flatus
1757 3157 1982 3190 remittebant.
2007 3156 2164 3193 Credidi,
2187 3157 2225 3189 ab
2239 3156 2397 3190 intestinis
2408 3157 2460 3191 di-

1460 3201 1569 3234 stentis
1594 3200 1678 3234 viam
1703 3200 1813 3233 semini
1835 3200 2007 3234 intercludi
2030 3199 2209 3242 compreffis
2233 3199 2312 3232 vasis
2337 3200 2397 3233 hoc
2419 3199 2459 3233 ad

1462 3244 1612 3277 vesiculas
1624 3242 1862 3285 deferentibus,
1886 3242 2038 3284 imoipsis
2060 3242 2220 3277 interdum
2232 3242 2396 3283 veficulis,
2421 3251 2458 3275 ut

1461 3287 1604 3321 delatum
1627 3298 1691 3320 11011
1717 3287 1944 3320 admitterent.
1971 3287 2020 3320 Sic
2043 3298 2171 3330 quoque
2196 3287 2326 3318 memini
2349 3308 2361 3326 ,
2384 3295 2457 3318 cum

1463 3341 1534 3365 ante
1558 3331 1616 3364 hos
1638 3331 1774 3372 triginta
1808 3342 1905 3364 annos
1930 3329 2099 3372 Rhodigio
2131 3329 2169 3363 ad
2194 3340 2250 3362 nos
2272 3329 2337 3362 Vir
2360 3326 2457 3361 hone-

1460 3374 1522 3408 stus
1548 3373 1697 3410 venisset,
1723 3373 1984 3408 tumoricuidam
2006 3374 2165 3407 obnoxius
2177 3374 2230 3415 qui
2253 3374 2336 3405 inter
2355 3371 2453 3404 abdo-

1459 3418 1555 3450 minis
1567 3415 1727 3450 musculos
1740 3416 1778 3451 ad
1789 3418 1977 3461 epicolicam
1988 3419 2150 3459 regionem
2163 3415 2324 3449 dexteram
2336 3425 2398 3446 non
2410 3413 2455 3447 se-

1459 3462 1521 3494 mel
1534 3460 1879 3504 redierandiceretque,
1889 3461 2143 3504 quotiescunque
2158 3459 2264 3493 aderat
2275 3466 2393 3532 turqor,
2407 3466 2457 3491 te-

2347 3511 2412 3533 tem

417 3585 2448 3617 &ww-*W

1230 3685 1238 3712 (
1258 3683 1271 3707 b
1287 3684 1300 3712 )
1316 3653 1416 3708 01116τᾶ
1428 3654 1540 3713 j{Raetiam
1556 3682 1687 3707 (6166110165
1706 3683 1726 3713 §.
1746 3693 1782 3714 50.
1800 3684 1823 3707 8:
1840 3684 1900 3718 seqq.

1269 3713 1278 3743 s
1293 3713 1332 3742 f)
1350 3715 1401 3743 Fig.
1418 3722 1439 3737 1,
1457 3715 1479 3738 &
1497 3714 1556 3743 seqq.
1574 3721 1629 3737 cum
1648 3715 1741 3742 Explic.

475 3664 488 3691 (
504 3671 519 3686 u
537 3665 544 3691 )
562 3666 579 3687 1,
597 3670 618 3687 7.
635 3668 655 3685 c.
674 3663 709 3685 18.
771 3662 785 3690 (
802 3669 815 3683 1·
831 3660 844 3688 )
861 3658 922 3683 8ect-
940 3657 983 3681 cit.
1000 3657 1081 3681 Schol.
1098 3656 1125 3680 ad
1144 3655 1201 3680 Obs.
1219 3661 1254 3678 22.
1273 3653 1295 3683 ᾗ.
1316 3661 1336 3677 1.

475 3693 486 3723 (
504 3701 518 3715 a
533 3693 547 3721 )
563 3696 648 3721 Progr.
664 3692 692 3715 de
710 3693 782 3715 Hern.
800 3693 821 3714 Sc
839 3689 962 3718 speciatim
981 3688 1009 3711 de
1026 3689 1148 3711 Sarcocele
1161 3703 1167 3709 .

475 3724 483 3748 1
502 3723 516 3745 d
532 3723 544 3749 )
564 3723 636 3751 Epist.
654 3730 688 3751 39·
706 3730 728 3745 n.
747 3730 769 3745 2.
832 3722 845 3749 (
861 3728 871 3743 e
889 3721 897 3750 )
914 3719 1007 3743 Differt.
1026 3719 1054 3741 de
1071 3719 1208 3743 Sarcocele.

475 3752 638 3782 (i)§·34-
701 3751 969 3781 (k)Part.1.e.7.
1031 3748 1098 3777 (l)
1164 3778 1166 3780 .

473 3783 488 3812 Ε
505 3790 527 3805 m
543 3782 557 3811 )
573 3785 647 3807 Tem.
666 3789 686 3807 1.
705 3784 730 3806 111
748 3781 836 3806 Αάηοι.
853 3780 883 3805 ad
898 3778 977 3806 Graaf.
996 3777 1076 3804 Trast.
1095 3778 1123 3804 de
1138 3780 1219 3802 viror.
1236 3777 1328 3805 013311.
1345 3775 1368 3799 δι
1384 3780 1435 3800 taet.

1491 3661 1512 3677 c.
1531 3660 1551 3682 3.
1568 3652 1626 3676 Obs.
1646 3661 1666 3681 9.
1729 3654 1743 3683 ζ
1759 3663 1777 3683 z
1795 3655 1803 3684 )
1822 3661 1857 3683 ις.
1875 3653 1954 3678 Partis
1972 3661 1996 3677 1.

1964 3684 2003 3712 (c
2020 3683 2068 3716 )‚§-
2086 3691 2123 3714 5¹·

1804 3716 1818 3744 (
1831 3723 1849 3744 g
1864 3715 1877 3744 2
1892 3722 1918 3739 in
1934 3716 2073 3739 Prooemiu-

2131 3709 2297 3743 (hm-3⁷-

1113 3745 1221 3772 Treatise
1238 3744 1267 3769 os
1282 3745 1321 3768 the
1339 3746 1444 3774 Urinary
1463 3745 1549 3775 passag.
1565 3743 1627 3770 Sest.
1646 3752 1667 3774 3.
1684 3746 1711 3768 P.
1731 3752 1752 3769 1.
