2498 4075
399 76 499 140 264
538 76 541 79 ⁴

328 170 427 201 aiem,
449 160 526 203 qui,
549 157 689 193 diffeffls
711 159 793 193 circa
818 158 964 203 jugulum
987 160 1216 203 integumentis
1237 185 1251 202 ,
1283 160 1338 195 de-

332 203 449 238 fluxit.
582 200 735 236 Thorace
759 212 870 244 aperto
888 226 901 242 ‚
937 202 1054 236 flavum
1077 204 1178 238 serum
1202 205 1237 237 in
1260 215 1338 237 cavo

327 246 402 289 'ejus
424 248 556 282 dextero
578 245 832 279 animadversum
855 246 898 280 est
916 271 924 279 .
959 247 998 281 In
1021 245 1144 281 sinistro
1173 257 1242 282 tota
1266 248 1338 290 pul-

331 293 440 325 monis
463 300 603 324 convexa
627 288 725 322 facies
758 289 796 323 ad
821 290 961 332 pleuram
995 289 1177 325 adhaerebat
1200 301 1255 333 per
1285 292 1338 324 in-

330 334 498 377 terje&am
519 331 669 372 crassam,
694 336 728 366 δε
749 333 881 367 mollem
904 330 990 375 quasi
1002 334 1220 368 membranam
1234 357 1247 375 ‚
1266 346 1337 377 quae

325 377 404 414 hinc
427 391 444 412 a
469 377 649 411 membrana
674 377 838 419 pulmonis
854 398 863 412 ,
885 375 958 408 inde
984 386 1090 411 autem
1113 390 1129 411 a
1152 380 1259 421 pleura
1281 381 1339 421 po'-

325 434 408 461 terat
432 423 495 456 sine
517 422 709 455 laceratione
731 419 888 461 separari,
911 419 1077 463 reliquiae,
1100 424 1134 455 &
1155 421 1336 460 indicium,

325 481 362 506 ut
385 470 501 513 opinor
515 490 527 507 ,
549 464 721 509 praegressae
743 464 824 496 olim
848 465 1117 504 peripneumoniae
1131 489 1138 495 .
1166 464 1334 505 Pulmones

323 513 412 549 sani.
441 515 478 547 In
504 508 681 554 pericardio
704 507 761 540 seri
786 506 908 540 turbidi
931 507 1153 554 aliquantum..
1178 509 1249 540 Cor
1271 509 1333 549 'po-

322 561 390 593 tius
414 565 565 599 magnum
585 565 596 592 3
631 550 681 586 sed
704 551 789 583 intra
812 549 946 585 modum
970 574 978 581 .
1017 552 1055 584 In
1080 551 1175 593 hujus
1197 553 1300 584 caveis
1324 573 1334 590 ‚

322 602 461 645 vasisque
505 610 579 633 cum
601 595 714 629 iisdem
736 593 1072 632 communicantibus,
1097 593 1180 627 nihil
1200 593 1333 637 usquam

321 624 505 691 polvpofi'3
539 642 665 684 sanguis
688 649 754 672 ater
777 637 945 671 dumtaxat
966 660 978 677 ,
1012 640 1044 671 &
1064 639 1180 683 leviter
1201 639 1237 670 in
1259 649 1333 687 gru-

322 682 394 727 mos
420 689 548 724 coafitus
569 710 577 717 .
612 687 698 717 Cum
722 682 830 715 omnia
855 689 977 713 attente
993 683 1242 731 'perscrutarer-⁴,
1276 691 1333 715 vix

344 736 417 769 otui
448 730 697 766 animadvertere
731 726 765 758 in
789 735 850 757 una
886 723 924 756 de
957 724 1060 770 tribus
1093 725 1227 758 valvulis
1260 736 1332 767 quae

320 747 507 814 I’ulmonari
532 771 750 816 praeficiuntur
774 767 899 800 arteriae
919 789 931 806 ‚
963 766 1096 801 subduri
1122 767 1246 811 aliquid
1267 793 1276 806 ‚
1299 771 1331 801 δε

320 823 359 857 ad
380 819 627 862 cartilagineum
650 810 827 847 accedentis
849 811 883 843 in
907 809 1014 843 medio
1036 811 1172 845 valvulae
1193 824 1203 850 5
1237 810 1278 861 ad·
1299 823 1331 844 e-

312 866 371 900 ''''us
393 876 428 899 ue
461 862 600 897 limbum
632 855 834 900 praesertim.
867 855 1035 900 Caeterum
1069 855 1155 889 nulla
1187 855 1295 889 cordis
1317 878 1332 896 ,

317 878 403 945 husa
434 905 651 941 auricularum
669 923 682 941 ,
713 898 801 932 nulla
825 896 973 931 vasorum
1005 897 1065 930 uve
1098 901 1132 932 in
1165 898 1296 949 thorace
1319 921 1332 938 ,

315 954 377 989 five
411 953 445 985 in
478 958 586 983 ventre
617 944 772 980 dilatatio
791 965 800 974 .
834 942 926 981 Qin
950 943 1048 988 etiam
1080 954 1156 977 cum
1181 951 1329 976 arteriam

316 998 470 1033 Maonam
496 1006 512 1027 a
534 990 630 1026 corde
654 988 691 1022 ad
715 985 903 1021 divisionem
926 988 1023 1029 usque
1061 986 1094 1036 in
1119 987 1233 1019 Iliacas
1256 998 1328 1029 ape-

314 1025 441 1075 ruissem
463 1052 474 1078 3
508 1036 591 1071 nihil
615 1036 649 1067 in
673 1041 743 1065 tota
765 1029 831 1072 ejus
862 1031 985 1063 interna
1009 1027 1091 1063 facie
1115 1029 1267 1078 adnotare
1287 1029 1328 1062 l<-

313 1086 382 1119 cui’t
427 1082 485 1117 nisi
509 1082 590 1114 leves
613 1076 795 1121 quosdam,
818 1076 850 1106 &
874 1073 1049 1122 inaequales
1071 1085 1156 1116 quai
1185 1074 1290 1122 sulcos
1314 1096 1327 1113 ‚

311 1131 345 1162 in
369 1108 608 1170 ldngitudinem
630 1122 745 1155 duetos
767 1142 780 1159 ,
811 1117 928 1159 eosque
952 1128 1095 1159 primum
1127 1129 1142 1149 a
1185 1115 1257 1166 ipso
1282 1128 1329 1166 ar-

311 1173 400 1206 teriae
426 1171 526 1203 initio
550 1167 588 1200 ad
611 1177 679 1199 eam
703 1164 799 1205 usque
823 1170 944 1203 partem
966 1172 1037 1206 quae
1062 1159 1218 1210 adhaerere
1244 1170 1328 1205 inci-

310 1217 359 1259 pit
384 1214 528 1248 thoracis
554 1209 735 1247 vertebris,
759 1211 792 1239 ὄε
816 1203 939 1244 rursus,
964 1204 1014 1237 led
1037 1204 1158 1241 levms,
1180 1215 1244 1254 ¹qua
1270 1203 1326 1237 iub

308 1258 551 1302 diaphragmate
574 1254 754 1288 Coeliacam
777 1248 864 1281 edit.
1000 1249 1123 1282 Ventre
1137 1251 1325 1298 priusquam

308 1303 344 1337 id
366 1312 565 1344 quaererem,
589 1297 764 1339 adaperto,
788 1294 821 1325 δε
845 1291 935 1340 flavae
960 1303 1048 1333 aquae
1071 1302 1165 1334 copia
1188 1303 1257 1342 non.
1276 1301 1322 1325 ita

308 1347 437 1381 modica
459 1347 493 1379 in
515 1356 553 1378 eo
574 1340 764 1383 conspecta,
789 1333 977 1369 intestinum
1001 1336 1109 1368 Colon
1136 1336 1176 1368 ab
1200 1346 1322 1377 Jecino-

307 1402 341 1425 re
364 1389 401 1424 ad
425 1388 522 1423 finem
544 1386 641 1429 usque
664 1385 697 1416 in
721 1378 919 1425 perangustas
941 1379 1071 1413 cellulas
1094 1379 1320 1429 coarctatum,

307 1437 341 1469 δε
363 1434 568 1467 contr-aetum
602 1439 731 1473 quoque
753 1423 971 1458 ventriculum
1002 1422 1286 1473 animadvertimus
1308 1447 1322 1464 ‚

305 1487 457 1513 neutrum
478 1478 649 1513 mirantes,
673 1471 793 1518 quippe
816 1470 850 1501 in
875 1466 1028 1506 homine,
1055 1466 1321 1522 vixquidquanr'nt,

305 1532 342 1557 ut
358 1521 530 1561 'dixin-ius,
554 1519 658 1560 plures
681 1525 744 1557 jam
768 1512 835 1546 dies
859 1510 1072 1562 comedente..
1099 1513 1212 1553 Itaque
1236 1512 1321 1543 ninil

305 1567 340 1600 in
373 1566 495 1598 ventris
518 1560 692 1599 visceribus
727 1565 841 1600 praeter
873 1564 1022 1588 naturam
1053 1564 1218 1604 inventum
1242 1554 1285 1588 est
1308 1577 1319 1593 ‚

304 1609 364 1643 nisi
387 1608 476 1652 quod
511 1607 608 1649 hepar
631 1611 700 1636 erat
737 1598 957 1633 duriusculum
977 1624 986 1638 ‚
1019 1601 1049 1631 ἃ
1074 1598 1208 1647 maculis
1232 1607 1321 1648 exte-

304 1654 372 1687 rius
394 1651 584 1686 distinstum
596 1672 610 1689 ,
633 1644 783 1689 quaedam
803 1641 889 1685 quali
914 1642 1045 1684 granula
1068 1641 1317 1691 mentientibus.

434 1695 611 1730 Cerebrum
635 1716 645 1731 ,
667 1687 755 1732 quod
780 1687 940 1729 reliquum
963 1694 1028 1718 erat
1050 1707 1060 1722 ‚
1093 1695 1225 1735 egregie·
1241 1695 1320 1718 con-

301 1740 453 1776 stitutum
483 1733 679 1781 deprehendi
702 1745 713 1772 5
744 1740 929 1780 quanquam
960 1730 1106 1778 Tenuem
1141 1739 1322 1771 meningem

303 1796 370 1819 non
411 1785 459 1817 ita
492 1780 626 1816 difficile
664 1776 729 1811 fui‘t
764 1774 805 1808 ab
834 1773 937 1824 illaeso
969 1781 1095 1822 cortice
1126 1771 1321 1822 detrahere.

303 1829 455 1873 Denique
490 1838 506 1859 e
539 1822 756 1859 vertebrarum
790 1817 872 1852 tubo
905 1816 988 1850 nihil
1025 1827 1112 1859 aquae
1154 1816 1284 1860 prodite
1310 1842 1320 1859 ,

303 1873 398 1960 vids?
426 1914 523 1950 Unde
545 1914 647 1956 igitur
670 1918 759 1943 tanta
781 1932 792 1948 ‚
824 1909 857 1942 δε
880 1914 948 1940 tarn
981 1903 1158 1955 vehem-ens·
1178 1902 1285 1937 cordis
1309 1926 1322 1944 ,

301 1962 515 2003 omniumque
537 1958 725 1991 arteriarum
749 1950 914 1995 pulsatio?
939 1949 1066 1992 Nempe
1090 1947 1320 1999 ¹¹¹d¹diffl.u¹³,-

302 2004 341 2039 de
376 2003 418 2039 est
441 2005 477 2037 in
510 1999 666 2045 plerisque
688 2000 798 2031 Aortae
832 1992 1052 2036 aneurysmatze
1085 2001 1203 2042 tent-ari
1238 2003 1319 2025 inci-

301 2049 483 2097 pientibus.
512 2047 550 2079 In
574 2043 626 2079 his
649 2052 723 2075 vero
747 2050 810 2072 non
834 2038 874 2072 ab
897 2034 1118 2077 aneurysmate
1150 2037 1219 2078 ipio
1241 2035 1284 2068 est
1307 2058 1317 2074 ‚

301 2092 391 2135 quod
425 2090 559 2124 necdum
593 2087 635 2121 est
659 2084 781 2119 fanum
801 2106 814 2122 ‚
837 2084 877 2132 .&
904 2080 926 2114 fi
951 2077 1172 2130 facft-umteffet
1197 2102 1209 2119 ,
1240 2087 1319 2129 tunc

303 2145 413 2179 potius
430 2158 443 2176 ,
466 2144 502 2168 ut
525 2133 560 2165 in
582 2130 728 2164 dilatatis
753 2126 924 2175 fluminum
946 2124 1043 2157 alveis
1068 2123 1233 2169 Videmus,
1256 2134 1318 2156 lm-

301 2187 412 2223 petum
437 2179 595 2212 minueret
621 2173 750 2208 fluentis
773 2169 942 2206 humoris3
968 2166 1018 2200 sed
1031 2165 1069 2217 ab
1092 2178 1125 2199 ea
1140 2169 1230 2214 caula
1253 2166 1318 2207 est,

301 2234 373 2266 quae
394 2231 449 2257 aut
474 2221 566 2259 sola,
589 2227 642 2252 aut
665 2226 739 2250 cum
763 2213 834 2246 aliis
858 2211 965 2255 ipsum
989 2210 1279 2261 facit-aneurylma
1304 2234 1317 2251 ,

301 2266 451 2301 vasorum
475 2264 611 2308 parietes
635 2260 791 2293 violenter
814 2253 958 2299 urgendo
984 2276 995 2291 ‚
1031 2253 1226 2288 infirmando
1248 2278 1261 2295 ,
1284 2256 1316 2288 &

301 2310 483 2344 extrorsum
516 2307 653 2349 denique
676 2300 899 2345 compellendo
923 2325 931 2332 .
964 2299 1014 2331 Ea
1039 2307 1152 2348 autem.
1167 2296 1259 2331 causa
1282 2308 1317 2330 in

303 2355 394 2387 aucta
420 2361 538 2396 praeter
562 2348 695 2384 modum
719 2346 751 2378 vi
774 2342 915 2377 consistit
936 2364 949 2381 ‚
980 2353 1044 2390 qua
1066 2351 1120 2374 cor
1144 2352 1177 2373 in
1201 2342 1317 2374 Aortae

302 2398 438 2432 initium
483 2399 516 2429 &
541 2394 604 2427 hoc
627 2393 661 2424 in
686 2389 868 2433 proximam
891 2394 1015 2417 arteriae
1029 2394 1175 2433 partem3
1201 2388 1317 2425 &pars

302 2440 372 2475 haec
396 2442 430 2474 in
449 2420 552 2474 ⁹aliam
577 2437 724 2476 deinceps
748 2430 932 2472 sanguinem
957 2426 1085 2466 trudit,
1108 2438 1165 2470 qui
1189 2427 1317 2476 praeser-

304 2486 368 2518 tim
391 2497 431 2517 eo
452 2483 556 2525 copiae
578 2479 681 2514 modo
701 2500 714 2518 ,
751 2477 783 2508 &
805 2473 962 2516 qualitate
987 2482 1023 2503 ea
1045 2469 1108 2509 sit,
1131 2479 1166 2520 ut
1189 2471 1316 2504 violen-

302 2529 421 2562 tiorem
445 2527 541 2562 illum
564 2533 694 2559 motum
725 2522 758 2552 &
783 2516 911 2550 facilius
946 2513 1038 2557 possit
1072 2524 1214 2556 accipere
1236 2537 1249 2553 ,
1282 2516 1316 2548 &

303 2571 524 2606 vehementius
548 2568 589 2604 ad
613 2566 749 2611 parietes
773 2556 1159 2608 arteriarum-transferre
1182 2581 1190 2589 .
1223 2557 1315 2594 Quid

301 2617 315 2650 i
340 2617 406 2650 itur
428 2615 530 2655 magis
554 2619 668 2655 augeat
690 2604 818 2642 cordis,
845 2606 1078 2652 &arteriarum
1101 2611 1193 2640 Vim,
1218 2613 1315 2651 quam

301 2627 338 2694 e}
360 2660 465 2693 νίἃυς
476 2653 585 2694 ratio,
609 2661 687 2698 qua?
703 2647 1147 2698 vividior·umlpirituum,&
1168 2666 1176 2681 ‚
1200 2643 1223 2677 fi
1248 2656 1296 2679 vis
1311 2671 1320 2685 ,

301 2703 527 2743 maais'etiam
553 2697 757 2733 irritantium
781 2702 908 2740 copiam
930 2698 1044 2739 praeter
1066 2686 1199 2722 modum
1224 2687 1321 2722 adau-

301 2742 374 2782 sea}
399 2744 414 2770 2
447 2746 490 2781 Ei
513 2753 595 2780 certe
618 2741 722 2774 vietus
754 2736 875 2770 rationi
899 2744 963 2766 non
986 2730 1234 2786 1¹²,¹¹Qc‚m‘?d0
1258 2732 1320 2782 ho3.

302 2774 423 2826 inine',
459 2784 568 2822 sedin
600 2786 672 2818 aliis
696 2791 826 2826 quoque
859 2776 1032 2820 aliquando
1054 2775 1125 2809 vidi
1158 2774 1316 2826 eju-smodi

301 2832 520 2868 universarum
545 2829 734 2864 arteriarum
756 2821 971 2868 pulsationem
993 2817 1181 2869 successi-sse?
1204 2830 1237 2851 in
1258 2830 1324 2860 pri-

304 2880 367 2912 mis
391 2878 425 2909 in
448 2877 521 2909 viro
546 2868 737 2907 Meldulenfi
773 2880 789 2901 a
812 2878 878 2909 quo
902 2873 986 2915 ante·
1008 2863 1068 2897 lios
1090 2872 1220 2913 circiter
1243 2875 1322 2913 qua-

303 2920 455 2955 draeinta
482 2928 580 2951 annos
602 2913 769 2948 consultus
793 2910 880 2957 sum.
906 2907 987 2959 V.¹d.¹
1001 2916 1148 2950 praeterea
1172 2917 1207 2939 in
1227 2906 1322 2943 aliis,

303 2966 339 2999 in
362 2959 479 3007 quibus
505 2962 605 2995 Senex
629 2955 777 2991 honestus
804 2955 892 2993 suit,
913 2963 995 2984 civis
1020 2961 1108 2984 meus
1129 2973 1143 2992 ,
1176 2952 1207 2982 &
1231 2950 1321 2983 Mer-

303 3017 429 3042 catores
449 3005 538 3044 duo,
562 3004 644 3036 alter
669 2999 864 3036 patavinus,
891 2996 970 3028 alter
985 2996 1154 3042 Venetus:
1177 3005 1318 3035 quorum

303 3051 358 3087 hic
384 3050 521 3083 florente
543 3056 636 3080 :etate
660 3042 763 3078 adhuc
786 3042 869 3073 vivit
892 3065 900 3079 ,
934 3040 1011 3072 alter
1035 3038 1147 3087 afteeta
1171 3047 1318 3087 mortuus

303 3095 346 3129 est
389 3091 481 3136 cujus
504 3090 639 3124 cadaver
663 3097 698 3122 ut
723 3084 933 3118 incideremus
955 3107 967 3123 ‚
991 3081 1257 3131 nullis'precibus
1281 3082 1319 3115 ab

304 3119 402 3172 uxc'ffe
423 3138 596 3179 impetrare
619 3131 804 3176 potuimus.
829 3129 900 3161 Hos
923 3137 1035 3175 omnes
1052 3122 1144 3175 fuisse
1169 3124 1318 3175 bibaces,

303 3192 370 3216 non
397 3179 513 3217 credo,
537 3179 608 3211 imo
631 3176 770 3218 aliquem
792 3183 856 3204 non
882 3169 997 3210 fuisse,
1021 3173 1110 3218 scio..
1134 3169 1188 3201 Ab
1212 3178 1316 3218 nervis

303 3235 336 3259 ta
374 3235 410 3256 en
435 3225 470 3256 in
494 3216 546 3256 His
570 3230 697 3264 quoque
722 3214 873 3250 omnibus
896 3225 964 3246 eam
996 3212 1210 3262 pulsationem
1241 3211 1320 3246 fuis.

304 3270 333 3303 se
380 3265 596 3304 crediderim,
620 3273 695 3297 cum
719 3260 805 3306 signa
829 3258 999 3301 peculiaria
1024 3257 1158 3306 aliorum
1191 3255 1319 3288 morbo-

304 3293 377 3346 ruin
401 3318 474 3344 non·
490 3307 608 3345 essent,
633 3315 686 3339 aut
712 3303 735 3338 si
760 3303 874 3338 essent,
901 3302 947 3349 vel
973 3299 1010 3332 ad
1037 3308 1183 3350 irritatos
1206 3309 1318 3332 nervos

305 3355 389 3391 haud
414 3352 546 3387 obscure
572 3351 747 3388 spectarent
774 3371 785 3387 ,
808 3355 843 3379 ut
868 3345 943 3377 alibi
970 3347 983 3382 (
1006 3354 1022 3376 r
1044 3347 1058 3384 )
1081 3354 1113 3393 in
1139 3343 1319 3393 Mercatore

303 3400 365 3433 illo
388 3399 518 3432 Veneto
539 3389 722 3430 ostendam,
747 3391 795 3424 vel
821 3388 857 3422 ad
883 3388 1010 3436 morbos
1033 3395 1237 3435 attinerent)
1262 3397 1317 3428 qui

304 3453 369 3477 non
392 3440 450 3475 nisi
475 3450 588 3475 nervos
611 3432 771 3470 irritando
791 3460 800 3476 ‚
834 3429 956 3476 possent
980 3430 1072 3467 illam
1104 3428 1318 3473 pulsationem

901 63 1061 133 Liber
1095 78 1161 132 11.
1196 78 1283 134 De
1316 83 1526 137 Morbis
1559 84 1816 140 Thoracis

1387 162 1509 196 effice-re
1526 187 1539 204 ,
1572 173 1607 198 ut
1630 176 1669 198 ex
1691 164 1878 200 diss‘efflone
1901 168 1991 207 Senis
2012 186 2025 210 ·‚
2055 163 2395 213 quemniodo'fflce-

1387 205 1482 243 bam,
1506 208 1582 241 alias
1603 209 1691 251 (s)
1714 210 1893 252 intelliges,
1916 214 1932 243 a
1953 213 2112 252 calculis,
2138 227 2224 250 renes
2246 216 2395 251 vesicam-

1387 259 1450 291 que
1472 252 1698 294 torquentibus
1714 276 1723 292 ‚
1746 254 1867 287 mortui
1886 279 1893 285 .
1918 254 1978 289 Sed
2001 259 2034 290 &
2058 258 2127 292 aliae
2144 259 2394 294 Observationes

1388 293 1423 325 in
1446 304 1513 327 mea
1543 304 1593 327 me
1617 297 1771 337 opinione
1800 296 1989 332 confirmant
2013 324 2020 331 .
2047 301 2135 335 Nam
2158 312 2275 344 praeter
2295 314 2392 347 quam

1385 337 1477 377 quod
1500 348 1561 371 una
1584 344 1671 371 extat
1692 341 1708 378 (
1729 347 1745 372 t
1765 343 1780 379 )
1802 340 1836 372 in
1858 352 1920 384 qua
1944 342 2013 383 post
2038 344 2252 386 pulsationem
2283 348 2317 381 in
2342 358 2393 380 ce·-

1388 380 1505 420 rebro,
1527 379 1704 423 supervenit
1751 383 1901 424 alpitatio
1922 385 2055 427 cordis,
2076 390 2109 422 &
2124 391 2331 429 arteriarum,
2356 392 2391 424 in

1385 424 1539 457 extremis
1566 434 1694 469 quoque
1741 426 1832 469 igitis
1864 436 2011 470 percepta
2036 455 2046 470 ‚
2078 434 2111 464 &
2144 432 2185 464 ab
2217 443 2309 467 utero
2331 433 2392 468 esse

1384 464 1448 499 hoc
1471 467 1591 501 malum
1614 469 1648 500 in
1669 469 1821 503 Matrona
1846 472 1995 506 Patavina
2017 497 2031 514 ‚
2063 473 2276 518 suspicabatur
2297 475 2392 513 Rho-

1383 509 1460 544 dius
1482 512 1498 550 (
1520 521 1543 544 u
1562 513 1608 550 )Ᾰ,
1639 514 1673 545 &
1696 511 1772 545 licet
1802 513 1946 549 indidem
1977 517 2125 551 arceffere
2170 519 2205 553 iri
2238 519 2357 555 famula
2377 543 2391 561 ,

1384 557 1483 597 quarn
1505 552 1592 587 idern
1612 564 1842 591 commemorat
1862 560 1877 596 (
1899 568 1920 592 x
1943 563 1977 600 ),
2000 572 2015 592 a
2040 562 2165 594 I’latero
2186 566 2239 604 (y
2263 568 2276 604 )
2298 575 2390 598 cura-

1384 607 1472 636 tam3
1495 608 1607 642 quaero
1631 609 1670 632 ex
1692 607 1725 632 te
1739 621 1749 637 ‚
1771 611 1910 642 quonam
1935 602 2033 637 modo
2056 615 2114 638 cor
2137 605 2306 641 flaccidum
2317 609 2388 650 pul-

1384 639 1432 675 sus
1455 640 1555 675 facere
1579 651 1634 683 per
1657 642 1685 675 se
1710 642 1801 685 poffit
1823 655 1888 677 non
1910 643 2028 681 debiles
2049 646 2063 681 ?
2093 650 2131 681 1n
2154 649 2310 692 Agricola
2342 659 2390 685 ta-

1385 693 1481 726 men,
1503 683 1593 727 cujus
1618 685 1680 718 tibi
1705 688 1739 719 in
1761 688 1819 720 XI.
1843 688 1991 730 Epistola
2015 694 2029 730 (
2051 703 2073 734 z
2096 695 2110 731 )
2132 690 2301 728 historiam
2313 693 2389 728 scri-

1382 727 1450 772 psi,
1471 738 1529 762 cor
1552 728 1723 765 flaccidum
1746 729 1834 771 fuit,
1858 730 1964 773 pulsus
1982 733 2167 769 vehemens.
2194 739 2321 772 Scilicet
2334 747 2389 772 aut

1380 781 1505 815 quanto
1527 773 1690 815 pauciores
1712 782 1838 817 poterat
1849 774 2044 820 descriptum
2067 779 2114 812 ibi
2139 778 2204 823 eius
2227 780 2389 816 cerebrum

1381 816 1514 858 spiritus
1537 815 1712 857 secernere,
1735 825 1829 851 tanto
1852 819 1955 860 plures
1977 820 2150 856 secernebat
2173 825 2388 867 cerebellum,

1380 860 1453 900 vel,
1476 858 1498 893 fi
1521 860 1642 899 mavis,
1665 861 1805 903 Spinalis
1827 862 1997 904 Medulla,
2020 868 2053 899 &
2075 865 2114 900 ad
2138 877 2194 900 cor
2217 868 2386 909 mittebat,

1381 913 1437 937 aut
1460 913 1536 937 cum
1558 902 1750 937 resolutione
1773 905 1912 939 aliorum
1934 917 2124 947 nervorum,
2149 912 2293 946 irritatio
2314 935 2325 951 ‚
2352 922 2388 947 ut

1381 948 1461 989 saepe
1485 946 1602 981 accidit
1620 971 1632 988 ‚
1665 948 1849 991 aliquorum
1871 972 1884 989 ,
1917 951 1948 983 &
1972 952 2006 983 in
2038 952 2100 986 illo
2131 954 2350 991 cardiacorum
2374 981 2385 996 ,

1378 989 1551 1033 conjuncta
1573 1001 1658 1030 erat,
1682 1001 1736 1025 aut
1759 1001 1842 1026 certe
1866 992 1988 1035 aliquid
1999 993 2190 1037 ejuscemodi
2214 998 2299 1033 fuit.
2324 1001 2388 1033 At·

1378 1045 1440 1077 qne
1463 1042 1500 1067 ut
1522 1033 1810 1070 Observationibus
1833 1045 1961 1070 utamur
1980 1061 1993 1078 ,
2025 1050 2096 1081 quae
2118 1040 2282 1083 ingentem
2307 1053 2389 1076 arte-

1379 1079 1498 1112 riarum
1529 1079 1675 1113 omnium
1712 1079 1925 1121 pulsationem
1953 1092 2210 1119 commemorant
2229 1097 2243 1126 ;
2284 1085 2357 1120 vide
2377 1110 2388 1127 ‚

1379 1122 1510 1162 quaesO,
1533 1121 1610 1154 duas
1630 1133 1700 1164 quae
1724 1135 1762 1156 ex
1784 1123 1909 1157 duobus
1931 1124 2146 1161 celeberrimis
2167 1129 2388 1165 Parifienfibus

1378 1164 1580 1198 Auctoribus
1604 1167 1638 1199 in
1661 1165 1904 1208 Sepulchretum
1928 1169 2032 1202 relatae
2057 1170 2150 1204 sunt.
2175 1173 2290 1208 Altera
2321 1177 2388 1216 (a)

1376 1208 1518 1241 Ballonii
1552 1208 1594 1243 est
1617 1210 1651 1242 in
1669 1209 1793 1253 Juvene
1815 1234 1828 1250 ‚
1860 1211 1967 1245 cordis
1990 1212 2204 1256 palpitatione
2239 1215 2304 1259 jam
2329 1217 2387 1253 diu

1374 1250 1491 1286 affeeto
1512 1275 1525 1292 ‚
1556 1253 1610 1286 cui
1634 1262 1740 1286 omnes
1773 1254 1897 1287 arteriae
1919 1256 2078 1289 evidenter
2111 1259 2143 1291 in
2159 1258 2296 1302 fingulc's
2313 1259 2387 1304 fere

1368 1295 1517 1336 partibus
1538 1296 1697 1338 palpitare
1719 1297 1906 1330 videbantur
1931 1321 1939 1328 .
1977 1299 2075 1332 Paraei
2099 1300 2142 1335 est
2175 1304 2272 1336 altera
2295 1307 2309 1344 (
2331 1303 2351 1338 b
2374 1309 2385 1344 )

1372 1339 1407 1370 in
1432 1337 1573 1382 quodam
1597 1339 1784 1380 vestiario,
1808 1341 1865 1383 qui
1888 1342 2075 1377 micantium
2107 1345 2227 1388 impetu
2250 1349 2387 1382 arteria-

1373 1392 1444 1415 rum
1468 1383 1605 1416 0mnium
1625 1383 1750 1425 pulsum
1777 1383 1812 1425 se
1831 1385 1991 1426 percipere
2022 1387 2147 1422 dicebat
2169 1413 2176 1420 .
2214 1392 2251 1423 In
2277 1393 2386 1434 primo

1372 1425 1444 1459 adeo
1469 1436 1572 1460 omnes
1593 1427 1695 1459 cordis
1717 1426 1851 1460 valvulae
1873 1449 1882 1464 ‚
1916 1428 1959 1461 (φ
1981 1439 2093 1472 magna
2113 1434 2233 1467 arteria
2255 1435 2387 1475 deflenta

1371 1467 1441 1510 vzfa
1463 1469 1523 1510 eft,
1546 1478 1584 1503 ut
1605 1480 1657 1503 cor
1679 1469 1776 1512 triplo
1798 1495 1808 1511 ,
1840 1479 1899 1504 aut
1914 1469 2033 1512 fizltem
2056 1474 2150 1516 duplo
2172 1479 2311 1520 amplius
2333 1481 2386 1514 vi.

1372 1511 1512 1548 deretur.
1539 1514 1578 1546 In
1602 1512 1763 1546 Vestiari'o
1785 1523 1892 1548 autem
1914 1517 2031 1549 arteria
2053 1518 2164 1561 Venosa
2197 1532 2320 1564 reperta
2343 1524 2387 1559 est

1372 1556 1405 1588 in
1428 1566 1496 1590 eam
1517 1556 1757 1599 amplitudinem
1779 1557 1916 1591 dilatata
1937 1580 1946 1596 ‚
1982 1568 2017 1592 ut
2041 1571 2167 1595 manum
2191 1565 2224 1598 in
2243 1576 2385 1609 pugnum

1371 1598 1594 1640 complicatam
1616 1609 1722 1641 capere
1741 1599 1838 1645 poffet
1850 1624 1863 1640 ,
1886 1600 1928 1634 (ψ
1951 1601 2073 1635 interna
2083 1605 2179 1648 ipfius
2202 1611 2311 1643 tunica
2335 1611 2384 1654 os-

1366 1640 1420 1684 sea
1439 1666 1446 1673 .
1472 1643 1571 1676 Nunc
1595 1654 1706 1685 quaero
1728 1654 1767 1677 ex
1790 1653 1840 1680 te,
1868 1655 1945 1677 num
1970 1644 2115 1679 vasorum
2141 1648 2348 1687 distentiones
2371 1680 2385 1697 ‚

1372 1684 1640 1728 dilatationesque
1663 1696 1798 1727 augeant
1822 1688 2042 1726 impellentem
2065 1688 2215 1728 fibrarum
2239 1699 2328 1738 vim,
2353 1702 2386 1733 δε

1375 1728 1506 1762 fluentis
1529 1728 1678 1763 humoris
1700 1728 1883 1772 impetum?
1908 1741 1945 1762 an
1971 1731 2061 1764 illam
2085 1737 2216 1776 potius,
2241 1742 2273 1773 &
2298 1740 2385 1775 hunc

1374 1772 1523 1806 minuant
1546 1797 1558 1813 ‚
1590 1772 1858 1816 quemadmodum
1882 1774 1979 1816 paulo
2011 1784 2082 1807 ante
2105 1778 2284 1815 indicatum
2307 1784 2349 1820 est
2373 1785 2386 1820 ?

1373 1815 1475 1857 Qod
1497 1816 1519 1849 si
1545 1815 1709 1859 agnoscis3
1734 1818 1799 1850 veri
1823 1818 1926 1860 igitur
1948 1815 2086 1852 similius
2107 1822 2294 1867 videbitur,
2315 1839 2385 1871 quae

1372 1859 1461 1893 causa
1487 1861 1520 1893 in
1546 1869 1683 1903 utroque
1707 1860 1938 1907 anteafecerat
1961 1862 2201 1906 aneurysmata‚
2229 1869 2383 1910 eandem,

1371 1902 1420 1935 vel
1444 1902 1496 1937 his
1519 1902 1636 1943 fastis,
1659 1903 1823 1951 perstitisse
1841 1928 1848 1940 ,
1882 1905 1952 1938 imo
1975 1905 2053 1938 adeo
2075 1910 2215 1945 validam
2239 1913 2325 1949 secus
2351 1929 2386 1950 ac

1372 1945 1576 1989 frequentius
1600 1946 1740 1983 accidit,
1765 1947 1857 1981 fuisse
1877 1971 1890 1988 ,
1913 1956 1951 1981 ut
1977 1957 2101 1997 tantam
2135 1955 2227 1989 illam
2252 1962 2386 1994 arteria-

1371 2001 1443 2024 rum
1466 1992 1614 2024 omnium
1637 1990 1854 2033 pulsationem
1878 1991 2008 2026 servarit
2024 2017 2032 2026 .

1413 2036 1467 2076 36.
1494 2035 1581 2068 Dixi
1605 2044 1710 2067 autem
1732 2035 1950 2077 aneurysmata
1971 2059 1985 2076 ‚
2021 2038 2120 2073 Paraei
2144 2053 2273 2087 quoque
2308 2048 2386 2082 Ob-

1370 2076 1595 2117 servationem?
1606 2077 1825 2120 complectens
1833 2100 1847 2118 ,
1871 2079 2011 2127 primum
2023 2083 2098 2123 quia
2123 2083 2178 2119 hic
2204 2088 2311 2124 eadem
2323 2103 2385 2125 vo-

1368 2131 1405 2154 ce
1425 2119 1496 2155 usus
1518 2120 1562 2155 est
1580 2144 1594 2162 ‚
1627 2118 1843 2163 anem-ysmate
1865 2129 1984 2155 arteriae
2007 2124 2122 2167 Venofie
2142 2152 2155 2168 ,
2186 2139 2257 2165 tum
2281 2136 2382 2170 etiam

1367 2165 1444 2207 quia
1467 2165 1602 2200 dubium
1628 2164 1710 2198 mihi
1734 2163 1800 2205 est,
1823 2175 1860 2197 ne
1884 2163 1971 2198 forte
1995 2177 2050 2209 per
2068 2169 2226 2207 incuriam
2249 2177 2294 2210 ita
2307 2178 2384 2213 scri-

1369 2207 1493 2250 pserit‚
1515 2220 1589 2243 cum
1612 2209 1710 2242 vellet
1735 2207 1868 2242 scribere
1889 2218 1973 2258 penae
1994 2213 2170 2257 Arteriosae
2184 2220 2204 2258 ‚'
2222 2218 2255 2253 id
2280 2220 2322 2255 est
2334 2234 2385 2256 ar..

1368 2253 1456 2285 teriae
1480 2254 1705 2286 Pulmonaris.
1729 2250 1914 2287 Dubitandi
1939 2262 2046 2287 autern
2078 2258 2170 2292 causa
2192 2260 2235 2295 est
2268 2266 2387 2304 multia.⁴

1369 2295 1464 2337 plex.
1488 2296 1577 2329 Nam
1600 2297 1742 2340 primum
1767 2297 1800 2329 in
1827 2295 1972 2346 historiis.»
1992 2320 2005 2338 ,
2036 2310 2115 2341 quas
2139 2303 2246 2347 legisse
2271 2311 2386 2343 memi-

1369 2340 1404 2371 ni
1426 2362 1437 2377 ,
1460 2341 1598 2373 omnino
1617 2339 1739 2374 duabus
1764 2341 1914 2373 maximae
1936 2339 2137 2378 dilatationis
2169 2352 2290 2385 arteriae
2317 2355 2386 2387 Ve-

1368 2381 1473 2421 nosae,
1498 2382 1532 2416 id
1556 2383 1599 2418 est
1622 2384 1824 2418 Pulmonaris
1856 2394 1977 2433 verim,
2014 2394 2142 2431 tantum
2165 2391 2249 2427 abest
2274 2405 2309 2429 ut
2333 2398 2384 2431 in-

1367 2436 1444 2466 gens
1477 2426 1534 2460 illa
1557 2437 1752 2462 memoretur
1784 2427 1968 2461 universalis
1992 2429 2161 2472 pullatio3
2193 2447 2251 2471 aut
2275 2440 2382 2481 pulsus

1367 2478 1433 2501 non
1458 2480 1677 2504 memorantur
1698 2495 1706 2509 ‚
1731 2479 1787 2505 aut
1811 2472 1943 2505 minimi
1966 2494 1979 2511 ‚
2011 2472 2193 2520 debilesque
2217 2480 2308 2515 fuisse
2331 2485 2384 2518 di-

1369 2521 1505 2546 cuntur.
1531 2514 1667 2548 Illarum
1691 2516 1788 2548 altera
1811 2514 1851 2547 est
1875 2513 2012 2548 Hildani
2037 2518 2131 2552 Cent.
2159 2532 2187 2554 2.
2214 2525 2295 2559 Obs.
2328 2529 2383 2569 893

1367 2565 1434 2588 non
1459 2566 1493 2590 ur
1519 2568 1680 2601 perperam
1705 2558 1745 2591 ab
1767 2556 1907 2590 Lancisii
1932 2563 1944 2596 (
1967 2569 1982 2590 c
2004 2563 2018 2599 >
2042 2566 2258 2609 typographis
2294 2571 2383 2605 indi-

1374 2607 1495 2640 catur,
1517 2613 1570 2641 99:
1596 2602 1695 2634 altera
1719 2609 1826 2635 autem
1849 2599 2027 2635 Vieuss‘enii
2051 2606 2083 2637 in
2110 2608 2222 2645 Tra&
2238 2612 2276 2646 de
2298 2616 2384 2648 Cor-

1374 2641 1413 2675 de
1435 2644 1550 2685 gallice
1574 2645 1696 2688 scri'pto
1718 2656 1787 2687 cap.
1814 2647 1863 2677 16.
1890 2646 1982 2686 Qin
2005 2648 2104 2682 etiam
2127 2650 2169 2684 fic
2190 2654 2274 2691 mihi
2300 2660 2384 2692 acci-

1374 2686 1425 2718 dit
1449 2711 1457 2726 ‚
1490 2696 1527 2721 ut
1549 2699 1622 2723 cum
1647 2688 1713 2731 ejus
1745 2699 1831 2735 venae
1854 2697 2005 2723 truncum
2027 2714 2037 2731 ‚
2068 2704 2180 2737 nempe
2214 2697 2315 2734 finum
2347 2704 2384 2736 in

1373 2741 1468 2772 quern
1493 2733 1572 2765 rami
1596 2743 1705 2766 ornnes
1729 2732 1991 2778 ipsius-influunt
2018 2756 2030 2774 ,
2067 2748 2160 2780 aequo
2191 2745 2383 2786 ampliorem

1372 2772 1520 2815 offendi,
1543 2776 1649 2817 pulsus
1672 2775 1870 2818 praeceffisse,
1892 2776 2032 2817 audirem
2054 2802 2067 2819 ,
2098 2792 2152 2815 aut
2177 2785 2344 2829 languidos
2368 2814 2381 2831 ‚

1377 2826 1431 2849 aut
1455 2819 1586 2860 nullos,
1609 2818 2073 2868 quemadmodum-Epistolam
2097 2826 2234 2870 relegens
2247 2832 2383 2868 XVIII.

1374 2863 1389 2899 (
1410 2861 1430 2893 d
1450 2864 1464 2901 )
1487 2863 1656 2905 cognosces
1680 2866 1693 2902 (
1715 2874 1730 2897 e
1752 2864 1767 2902 )
1787 2886 1795 2894 .
1830 2864 1956 2897 Deinde
1980 2866 2012 2912 in
2037 2876 2171 2912 utraque
2203 2875 2258 2908 illa
2282 2876 2384 2911 histo-

1375 2904 1422 2935 ria
1448 2927 1458 2942 ‚
1489 2906 1598 2941 cordis
1623 2908 1867 2950 palpitationem
1887 2930 1900 2947 ,
1933 2911 1965 2940 &
1990 2912 2129 2951 ipirandi
2155 2915 2381 2955 difficultatem

1372 2945 1464 2981 fuisse
1485 2975 1494 2990 ,
1517 2950 1589 2993 lego
1615 2964 1623 2984 :
1656 2962 1732 2994 quas
1755 2952 1788 2983 in
1812 2952 1912 2983 Paraei
1935 2952 2168 2992 observatione
2191 2972 2254 2994 non
2279 2962 2382 2998 solum

1372 3000 1436 3023 non
1470 2994 1566 3027 video
1599 2994 1788 3034 nominari,
1823 2994 1873 3027 sed
1897 2994 2022 3030 credere
2045 2999 2146 3034 debeo
2168 3027 2180 3044 ‚
2215 3005 2346 3041 abfuisse
2370 3021 2382 3048 3

1371 3045 1446 3068 cum
1466 3036 1534 3078 pila
1555 3038 1715 3080 palmaria
1738 3038 1892 3071 ludentem
1926 3045 2077 3076 extremis
2100 3043 2190 3080 horis
2213 3051 2319 3084 virum
2343 3051 2383 3086 de

1372 3089 1439 3120 quo
1461 3080 1629 3124 loquitur,
1655 3081 1873 3114 animadverto
1893 3105 1906 3123 ,
1937 3086 2025 3127 quod
2051 3091 2293 3128 exercitationis
2328 3107 2382 3138 ge-

1370 3133 1427 3155 nus
1451 3134 1623 3167 utrumque
1654 3125 1898 3159 incommodum
1922 3130 2135 3166 exacerbando
2160 3159 2172 3176 ‚
2204 3147 2266 3169 non
2290 3141 2383 3173 volu-

1369 3175 1492 3207 ptatem
1513 3191 1526 3208 ,
1563 3168 1614 3202 sed
1638 3169 1815 3203 molestiam
1848 3170 2001 3206 attuliss'et
2026 3199 2035 3208 .
2068 3177 2190 3212 Contra
2214 3181 2247 3213 in
2271 3182 2381 3216 eadem

1372 3209 1611 3245 Observatione
1644 3214 1773 3246 invenio
1794 3213 1882 3257 quod
1906 3226 2006 3259 neque
2039 3219 2073 3252 in
2096 3220 2216 3257 duabus
2238 3225 2305 3259 illis
2328 3238 2381 3259 oc-

1371 3256 1500 3294 currit,
1525 3267 1626 3298 neque
1650 3269 1665 3288 a
1689 3267 1774 3290 venae
1811 3259 1899 3291 illius
1922 3259 2114 3296 dilatatione
2137 3265 2265 3301 videtur
2288 3280 2382 3310 expe-

1372 3296 1525 3332 &tandum
1543 3326 1550 3338 ‚
1573 3309 1608 3332 ut
1632 3299 1737 3333 dolens
1759 3301 1910 3335 videlicet
1936 3329 1943 3337 ,
1970 3310 2011 3339 (φ
2037 3314 2160 3342 tumens
2184 3310 2277 3344 locus*
2292 3321 2382 3346 eitte-

1372 3342 1437 3374 rius
1463 3352 1609 3384 appareat
1632 3369 1638 3375 .
1674 3345 1762 3377 Solet
1784 3345 1818 3378 id
1852 3344 2128 3384 fieriabdilatati
2162 3364 2216 3387 aut
2241 3354 2346 3389 cordis
2371 3381 2381 3397 ,

1372 3394 1426 3417 aut
1463 3385 1605 3419 arteriofi
1629 3386 1705 3420 vasis
1740 3388 1953 3430 pulsatione3
1986 3393 2089 3436 estque
2111 3396 2144 3428 in
2177 3395 2241 3430 hoc
2274 3399 2382 3433 multo

1369 3439 1467 3471 quam
1489 3430 1524 3462 in
1547 3431 1632 3464 venis
1651 3454 1663 3472 ,
1696 3430 1896 3475 frequentius
1916 3458 1928 3476 ‚
1959 3445 1995 3469 ut
2018 3438 2140 3472 interna
2173 3441 2281 3474 tunica
2306 3442 2381 3487 offla

1683 3490 1685 3492 ·
2234 3487 2236 3492 ’
2251 3484 2339 3518 inve-

306 3567 2384 3593 ’κ’-Μ

456 3644 529 3679 Epist.
548 3648 585 3674 64.
604 3653 627 3669 n.
646 3652 683 3669 10.
745 3641 812 3673 (s)
829 3641 903 3671 Epist-
921 3649 960 3668 42.
978 3648 1003 3664 n.
1024 3648 1060 3671 ¹3·

460 3675 522 3700 Ibid.
585 3673 809 3705 (y)Obs.1.2.
872 3672 986 3701 (z)n.
1008 3679 1042 3696 ir.
1107 3672 1115 3702 (

1137 3642 1186 3699 ⁶3

453 3708 488 3732 De
505 3707 594 3730 Ληουῖ.
613 3703 710 3735 propos.
728 3712 766 3734 53·
827 3702 841 3731 ί
856 3699 897 3731 d>
915 3710 937 3726 n.
958 3710 978 3726 ι.
996 3704 1019 3728 3<
1037 3709 1074 3732 34,
1140 3704 1149 3733 l
1167 3710 1179 3727 e

367 3645 442 3705 ξι),

368 3707 436 3744 (⁶)

1121 3642 1134 3670 (
1150 3648 1160 3664 r
1203 3642 1340 3664 Commerc.
1362 3639 1450 3665 Litter‚
1468 3641 1498 3664 A.
1518 3643 1584 3668 1736.
1603 3640 1683 3665 Hebd.
1700 3649 1736 3670 32.
1755 3651 1779 3667 n.
1798 3652 1821 3673 3.

1234 3678 1257 3693 ι.
1274 3672 1295 3694 s.
1314 3672 1338 3695 8.
1356 3671 1413 3694 Obs.
1433 3674 1468 3694 ιε.
1491 3670 1511 3700 §.
1531 3678 1552 3694 2.

1195 3673 1279 3730 J'Vid.
1297 3700 1372 3725 etiam
1390 3700 1463 3731 Epist.
1479 3705 1516 3731 63.
1534 3709 1558 3725 n.
1578 3710 1602 3731 7.

1763 3675 1767 3677 Α
1882 3646 1896 3674 <
1912 3654 1929 3669 u
1945 3645 1959 3674 )
1975 3648 2046 3671 cent.
2064 3655 2085 3671 2.
2104 3647 2159 3671 obs
2179 3651 2245 3676 Med.
2262 3661 2300 3682 4⁰-

1616 3674 1629 3702 (
1646 3672 1660 3697 b
1675 3672 1689 3702 )
1705 3673 1766 3699 Sest.
1784 3674 1827 3699 hac
1846 3683 1867 3705 9.
1884 3675 1944 3701 obs,
1964 3684 1985 3707 9.
