2498 4075
267 230 421 298 Epist.
455 230 615 285 Anat.
648 228 860 284 Medica
895 229 1167 285 XXXIX.
1203 228 1327 283 Art.
1347 246 1423 299 37.
1445 231 1523 298 38.
1542 233 1787 300 39.&40.³

43 312 156 347 more,
178 308 214 342 in
235 308 315 343 dura
337 309 503 344 tubercula
527 309 739 343 mutationem
771 308 931 351 superiore
953 310 1035 351 Epi-

43 354 124 388 stola
148 355 233 392 (r)
266 354 424 395 explicavi
440 365 453 392 ς
485 363 559 386 nam
590 361 686 385 utero
719 364 847 394 quoque
879 352 946 386 suas
976 353 1034 386 effe

44 394 235 437 hydatides,
258 397 378 430 ibidem
400 396 484 440 (s)
507 397 581 430 satis
595 394 749 428 ostensum
772 396 833 429 est.
966 395 1034 429 Hic

42 449 154 477 autern
178 440 218 472 ab
240 441 324 473 uteri
348 440 532 473 tumoribus
564 438 633 480 jam
657 438 694 472 ad
717 439 903 473 ovariorum
925 447 1036 472 tumo-

44 493 93 515 res
125 481 170 515 est
193 483 421 518 transeundum
442 495 452 515 .·
480 483 521 517 de
544 482 664 524 quibus
697 491 803 516 tamen
826 492 911 516 nunc
942 489 1036 515 tanto

43 526 197 567 pauciora
219 527 315 560 verba
337 526 472 563 faciam,
494 535 617 568 quanto
641 525 729 567 plura
741 524 885 558 facienda
907 524 1037 559 fuerunt

44 569 182 614 Litteris
204 568 440 613 superioribus:
466 569 505 603 ad
526 580 600 611 quae
621 567 689 603 haec
701 579 829 612 quoque
851 570 971 612 poteris
983 567 1039 602 ad-

45 622 178 653 jungere
193 638 203 646 .
479 647 481 650 ⁴

88 666 140 696 37.
167 655 358 690 MULIER
382 665 479 689 annos
511 662 586 688 nata
606 676 616 693 ‚
650 662 687 688 ut
709 655 879 690 videbatur
911 654 1040 689 circiter

45 699 283 741 quadraginta,
306 700 398 741 gravi
418 700 503 731 intra
526 696 693 733 thoracem
718 699 832 732 morbo
863 698 1005 741 oppressa
1028 721 1041 738 ‚

44 741 116 774 iero
148 742 226 775 adeo
248 743 281 775 in
314 740 512 775 Bononiense
543 741 783 776 Nosocomium
806 743 835 774 S.
861 743 972 775 Mariae
1003 741 1042 775 de

44 782 158 818 Morte
181 785 238 818 sub
260 784 357 819 finem
380 786 505 827 Aprilis
527 785 567 817 A.
594 781 686 826 1'706.
712 786 801 818 illata
832 783 941 818 fuerat
962 806 972 821 ‚
1006 793 1042 818 ut

46 838 125 860 mox
147 828 258 862 obiens
281 854 291 869 ,
323 829 440 870 quibus
464 829 497 861 in
521 829 587 860 vita
611 828 795 861 conflistata
818 827 893 861 esset
916 829 1043 861 incom-

44 872 150 904 modis
164 896 172 910 ,
196 873 355 906 neminem
377 871 491 905 docere
514 872 657 913 potuerit
679 894 688 905 ,.
714 870 821 913 Hujus
844 881 904 913 ego
925 871 1043 905 incisu-

45 923 98 947 rus
119 914 254 949 cadaver
273 937 284 953 ,
321 923 357 948 ut
380 914 585 957 quorundam
608 916 728 948 ventris
762 914 918 947 viscerum
941 913 1044 960 fabri-

41 956 115 989 'cam
138 958 327 1000 diligentius
340 958 601 999 recognoscerem
615 981 624 996 ,
647 968 723 992 cum
736 957 803 992 duo
826 956 1019 991 adnotassem
1034 982 1044 997 ,

45 1001 78 1032 in
102 1000 216 1035 habitu
248 1012 313 1034 non
336 1001 463 1043 prorsus
495 1002 675 1036 illaudabili
707 1011 823 1045 praeter
855 1000 976 1036 areolas
1006 1002 1038 1033 &

45 1044 181 1085 papillas
202 1066 212 1081 ‚
246 1044 329 1077 nihil
354 1055 566 1078 mammarum
594 1054 702 1078 extare
717 1066 727 1083 ,
752 1044 910 1081 abdomen
933 1052 1040 1078 autem

45 1087 143 1120 nullis
166 1086 224 1121 esse
247 1089 334 1130 rugis
358 1086 537 1126 sulcatum,
562 1097 598 1120 ut
621 1099 785 1130 nunquam
808 1086 966 1130 gestatum
982 1085 1040 1120 effe

45 1139 197 1169 uterum,
221 1140 406 1174 appareret3
430 1131 639 1166 animadverti
652 1131 745 1165 simul
767 1141 928 1165 tumorem
940 1141 1042 1172 quen·

45 1173 120 1206 dam
152 1186 217 1207 non
242 1176 461 1208 acuminatum
484 1197 494 1212 ‚
527 1174 581 1209 sed
617 1175 748 1217 planum
770 1199 783 1215 ,
814 1174 873 1216 qui
895 1173 1042 1216 hypoga-

46 1215 162 1251 strium
187 1240 197 1255 ‚
231 1220 263 1250 &
286 1217 362 1252 huic
385 1218 567 1261 proximam
590 1219 784 1254 umbilicalis
807 1218 948 1260 regionis
971 1228 1045 1259 par-

47 1269 114 1294 tem
147 1260 299 1294 nonnihil
323 1262 517 1296 attollebat.
648 1262 853 1296 VENTRE
885 1262 988 1308 igitur
1010 1273 1044 1294 a·

46 1313 141 1345 petto
161 1329 171 1346 ,
204 1304 332 1339 causam
356 1316 413 1339 cur
434 1305 483 1338 ibi
517 1313 656 1340 tumeret
679 1305 834 1339 abdomen
858 1327 870 1344 ,
892 1304 952 1338 esse
976 1305 1044 1338 vidi

46 1358 165 1389 corpus
188 1347 372 1390 quoddam,
398 1349 533 1382 maximi
557 1350 657 1390 pugni
682 1347 926 1390 magnitudine,
950 1359 1045 1390 aquo

46 1390 199 1432 imposita
222 1393 371 1427 intestina
395 1391 578 1426 extrorsum
594 1414 602 1429 ,
624 1394 656 1424 δι
681 1391 801 1425 sursum
820 1391 1046 1433 compelleren-

46 1442 123 1467 tur.
146 1435 226 1468 Erat
249 1436 283 1469 id
304 1447 420 1478 corpus
442 1437 476 1468 in
499 1435 599 1478 pelvis
624 1435 751 1475 medio,
775 1435 1010 1469 subrotundum
1034 1458 1045 1474 ‚

46 1477 382 1521 tuberosa-superficie
403 1501 414 1516 ‚
444 1479 607 1514 nonnullis
628 1488 736 1513 tamen
758 1479 792 1512 in
816 1479 894 1512 locis
918 1478 1012 1521 plana
1035 1500 1046 1516 ,

46 1525 76 1553 δι
103 1521 199 1561 laevi,
221 1531 258 1556 ut
283 1534 300 1555 a
324 1523 431 1565 primo
455 1521 538 1556 nihil
562 1522 649 1556 aliud
671 1520 730 1556 esse
751 1544 761 1560 ,
783 1533 880 1564 quam
905 1519 1046 1555 tumefa-

45 1564 115 1610 CJtus
147 1574 255 1601 uterus
277 1566 381 1599 videri
414 1565 516 1609 posset
537 1589 545 1596 .
570 1566 621 1599 Re
644 1575 749 1599 autem
773 1576 846 1599 vera
869 1564 956 1598 testis
977 1574 1045 1598 erat

45 1606 171 1641 sinister
192 1630 203 1647 ‚
238 1610 296 1651 qui
318 1610 351 1642 in
385 1620 454 1642 earn
479 1609 596 1641 molem
618 1618 824 1642 excreverat.
849 1607 930 1650 Ejus
952 1606 1047 1642 densa

45 1651 156 1684 tunica
179 1654 285 1694 parvis
307 1651 498 1693 quibusdam
522 1651 707 1686 absceffibus
718 1651 771 1685 hic
793 1652 863 1685 illic
885 1661 954 1685 erat
967 1653 1045 1686 inae-

45 1695 170 1736 qualis,
193 1706 335 1739 quorum
357 1696 457 1737 aliqui
471 1717 480 1731 ‚
504 1706 557 1737 per
580 1695 609 1729 se
632 1698 758 1738 aperti,
780 1707 837 1737 pus
851 1695 1045 1730 emittebant

45 1737 155 1770 album
178 1745 193 1776 ‚‘
219 1738 311 1780 quale
334 1739 546 1773 continebant
577 1750 692 1773 eorum
714 1739 848 1781 plurimi
869 1763 877 1771 .
902 1740 954 1772 Ex
975 1740 1047 1782 ipso

44 1780 131 1813 testis
153 1792 287 1824 corpore
310 1782 438 1823 tenuis,
460 1793 517 1819 nec
541 1784 683 1819 multus,
706 1782 799 1817 ichor
822 1782 1049 1824 sanguinolen-

45 1833 97 1857 tus
120 1824 379 1866 exprimebatur,
402 1837 478 1860 cum
503 1837 580 1868 pure
605 1826 738 1859 mistus.
760 1827 847 1860 Cum
874 1835 983 1860 autem
996 1837 1050 1868 pe-

44 1868 133 1900 nitus
157 1866 342 1909 aperuissem
363 1890 374 1906 ‚
406 1872 438 1901 &
461 1871 495 1901 in
529 1880 610 1911 aqua
635 1869 711 1903 satis
746 1868 935 1911 agitassem5
957 1869 1049 1912 plane

45 1910 265 1953 perspeximus
288 1934 297 1949 ‚
329 1923 444 1954 praeter
468 1913 594 1954 aliquot
617 1912 712 1946 fibras
732 1937 741 1951 ‚
762 1916 794 1947 δέ
818 1913 912 1953 vasa,
935 1923 1050 1946 unam-

45 1965 109 1996 que
132 1979 142 1994 ,
176 1965 232 1988 aut
255 1955 388 1989 alteram
409 1955 558 1989 cellulam
591 1956 748 1990 mediocri
771 1966 840 1990 uvae
872 1958 956 1990 acini
980 1968 1049 1989 ma-

44 1997 217 2040 gnitudine
238 2020 248 2035 ‚
279 2010 350 2042 quae
371 1999 457 2035 intra
480 1999 606 2041 nigram
630 2000 775 2033 tunicam
798 1999 1050 2042 comprehende-

45 2042 103 2074 bat
126 2041 294 2084 quidpiam
317 2041 519 2078 simillimum
541 2044 684 2077 concreti
708 2042 869 2084 sanguinis
889 2056 898 2080 3
923 2043 1051 2086 perspe-

45 2085 154 2117 ximus
177 2109 187 2125 ,
222 2085 354 2130 inquam
375 2108 384 2123 ‚
417 2086 576 2128 reliquam
600 2086 707 2120 multo
730 2087 924 2124 maximam,
948 2087 981 2120 id
1004 2086 1066 2119 esi:v

45 2138 125 2169 pene
150 2138 255 2162 totam
279 2128 375 2171 hujus
407 2131 553 2169 corporis
577 2129 712 2163 solidam
736 2139 860 2171 partem
882 2128 965 2162 nihil
988 2127 1049 2162 effe

46 2171 135 2205 aliud
157 2194 167 2209 ‚
200 2171 261 2206 nili
284 2172 539 2215 constipatarum
575 2172 813 2206 rubescentium
836 2172 1050 2205 vesicularum

45 2215 255 2257 congeriem,
279 2225 315 2249 ut
339 2226 473 2250 numero
496 2214 593 2249 essent
615 2217 660 2250 ob
694 2216 889 2257 parvitatem
911 2215 1054 2249 incredi-

45 2258 127 2297 bili,
151 2270 263 2292 omnes
289 2268 395 2293 autem
420 2258 550 2292 sordido
574 2258 643 2292 sero
664 2258 809 2293 distentae
833 2284 841 2293 .
864 2258 983 2301 Neque
1005 2268 1054 2291 ta-

48 2311 123 2336 men
159 2301 223 2335 fuit
246 2302 357 2336 odoris
391 2302 522 2336 foeditas
546 2302 638 2336 valde
674 2303 782 2344 gravis
807 2315 815 2334 ε
842 2312 947 2344 neque
970 2302 1052 2336 tuba

47 2346 199 2388 proxima
222 2346 358 2384 oblaesa,
381 2356 567 2388 quanquam
591 2348 752 2385 exterius,
776 2354 813 2378 ut
838 2346 935 2379 altera
950 2368 964 2385 ,
986 2345 1052 2387 hy-

46 2389 171 2423 datides
194 2389 331 2425 habuit:
358 2400 461 2431 neque
485 2388 690 2430 uterusipse,
713 2387 806 2429 cujus
828 2389 922 2422 lateri
933 2387 1051 2422 deseri.

46 2443 282 2476 ptum-corpus
305 2442 370 2466 erat
384 2433 564 2470 annexum,
589 2431 665 2465 inde
679 2430 858 2474 quidquam
882 2433 956 2465 vitii
969 2442 1050 2473 prae-

41 2487 191 2518 terquam
224 2478 260 2508 in
283 2476 405 2509 extima
439 2475 625 2508 membrana
650 2500 659 2515 ‚
690 2483 893 2509 contraxerat
912 2499 920 2506 .
957 2475 1048 2509 Nam

36 2519 202 2565 persecui‚
226 2522 256 2552 &
280 2518 342 2553 hoc
366 2529 492 2561 unum,
513 2518 601 2559 quod
625 2518 686 2552 huc
709 2518 843 2553 minime
866 2518 1046 2561 spectaret,

40 2563 218 2601 adnotavi,
243 2560 336 2596 fuisse
359 2564 394 2595 in
418 2562 572 2595 lateribus
594 2561 663 2603 ejus
685 2572 789 2595 caveae
813 2563 968 2605 parietem
991 2572 1049 2594 an·-

40 2611 197 2642 teriorem
232 2617 288 2649 per
311 2605 494 2649 interje&as
518 2605 751 2639 membranulas
773 2617 849 2639 cum
872 2604 1048 2646 posteriore

43 2661 248 2685 connexum.
275 2650 379 2684 Testis
403 2650 501 2685 alter,
526 2649 695 2686 modicus,
718 2648 881 2691 superficie
904 2649 1049 2690 inaequa-

47 2696 71 2729 li
89 2717 102 2734 ,
126 2695 200 2727 huic
218 2695 407 2735 contiguam
419 2691 587 2726 vesiculam
608 2691 779 2726 dumtaxat
790 2703 887 2726 unam
911 2690 1046 2729 habuit,

49 2737 259 2779 majusculam
283 2737 340 2771 sub
362 2734 457 2771 crassa
491 2735 561 2769 alba
584 2737 694 2776 tunica
719 2747 856 2779 paucum
879 2734 1050 2768 humorem

47 2783 296 2816 continentem:
317 2789 433 2814 caetera
455 2778 545 2813 albus
569 2787 657 2820 erat,
680 2782 711 2813 &
734 2780 830 2814 durus
849 2792 857 2811 ε
883 2789 922 2812 ex
944 2778 1052 2821 aliqua

49 2835 161 2860 tamen
193 2825 310 2866 exigua
332 2823 380 2858 sui
412 2831 503 2865 parte
525 2844 536 2861 ‚
568 2822 634 2856 albi
656 2822 745 2865 puris
768 2822 950 2867 pauxillum
971 2822 1053 2855 erni-

50 2869 90 2904 fit
106 2894 114 2900 .

97 2912 149 2956 38.
172 2912 259 2952 Saepe
282 2908 359 2944 adeo
382 2909 570 2944 mulieribus
594 2931 603 2946 ‚
635 2907 812 2949 praesertim
844 2908 867 2942 si
889 2919 963 2942 cum
986 2906 1051 2941 foe-

51 2958 149 2990 minis
160 2952 505 2989 conferascaeterorum
518 2952 726 2989 animalium,
750 2951 898 2987 accidunt
920 2952 1049 2985 testium

52 3001 134 3033 vitia
155 3024 164 3040 ‚
199 3006 341 3031 tumores
364 2995 540 3039 praesertim
564 2996 627 3030 five
661 2994 867 3039 hydropici,
889 2995 952 3028 sive
976 2995 1053 3028 alte-

51 3044 118 3077 rius
152 3041 296 3085 generis,
319 3048 356 3073 ut
379 3038 483 3073 facilis
507 3040 546 3073 fit
569 3038 752 3081 conjectura
775 3062 786 3078 ‚
819 3040 969 3081 pleraque
991 3037 1052 3071 ho-

50 3098 125 3120 rum
157 3096 224 3119 non
256 3082 320 3117 sme
350 3084 443 3125 culpa
475 3083 646 3118 affetffuum
689 3084 789 3117 animi
835 3084 1022 3124 contingere
1043 3107 1052 3117 .

52 3129 148 3170 Qud
170 3129 260 3162 enim
283 3126 317 3162 hi
341 3126 455 3169 poffint
477 3129 511 3160 in
534 3127 707 3163 humorum
721 3126 815 3160 cursu
838 3124 1050 3163 retardando,

53 3170 340 3216 perturbandove‚
363 3181 428 3203 non
451 3172 600 3213 ignotum
613 3170 670 3204 est.
697 3170 835 3204 Accedit
859 3179 965 3203 tamen
980 3168 1051 3202 san-

53 3217 162 3259 guinis
184 3214 360 3250 menstruus
382 3214 417 3247 in
441 3223 566 3248 uterum
590 3236 600 3251 ,
626 3213 823 3256 adjectasque
846 3213 921 3247 huic
945 3221 1050 3254 partes

53 3259 247 3297 confluxus,
270 3268 366 3300 quem
390 3255 502 3299 saepius
525 3280 535 3296 ‚
574 3259 604 3290 &
628 3256 841 3291 multifariam
866 3257 906 3290 ab
929 3264 1049 3290 naturae

55 3304 155 3338 modo
177 3304 346 3338 aberrare,
371 3297 506 3333 scimus.
529 3301 602 3334 Huc
627 3300 705 3334 adde
729 3301 856 3342 gravidi
871 3300 953 3333 uteri
977 3311 1049 3332 mo-

53 3348 138 3388 lem,
162 3350 193 3380 δι
216 3344 361 3390 pondus,
386 3355 452 3385 quo
475 3343 569 3376 stanti
589 3365 599 3381 ‚
624 3343 785 3377 sedentive
809 3344 936 3377 mulieri
959 3342 1049 3375 testes

54 3391 94 3425 ad
117 3391 218 3433 pelvis
240 3387 306 3422 offa
328 3388 555 3430 apprimuntur
577 3409 586 3425 ,
622 3387 726 3420 multo
749 3397 858 3421 autem
890 3387 991 3428 magis
1015 3387 1049 3418 in

53 3435 181 3472 difficili
205 3440 301 3477 partu
324 3429 592 3465 vehementiffime
614 3431 752 3470 nitenti,
777 3441 833 3466 aut
855 3429 1054 3473 intempesti-

1085 319 1123 341 ve
1146 307 1180 342 in
1211 318 1252 340 eo
1275 308 1332 349 qui
1365 308 1459 343 facile
1480 308 1609 344 futurus
1632 307 1707 342 esset
1727 333 1740 350 ,
1774 308 1830 342 nisi
1855 308 2080 352 plerarumque

1083 350 1309 392 imperitarum
1330 351 1538 386 obstetricum
1561 362 1760 394 praepropera
1785 352 1948 386 festinatio
1960 354 2080 385 accele-

1085 403 1169 427 raret
1192 417 1199 425 .
1235 392 1293 426 Ob
1315 392 1371 427 has
1394 396 1496 437 igitur
1513 417 1525 437 2
1561 395 1699 438 aliasque
1719 396 1823 429 causas
1845 395 1930 429 haud
1961 397 2081 428 mirum

1083 436 1149 477 est,
1171 437 1196 470 fi
1219 438 1333 469 crebro
1358 440 1526 472 muliebres
1550 438 1639 472 testes
1665 440 1840 475 vitiantur,
1864 441 1894 471 &
1919 448 2044 472 tument
2072 461 2084 477 ,‚

1086 488 1304 522 augenturque
1327 479 1425 521 adeo,
1448 492 1481 515 ut
1505 493 1568 516 non
1592 481 1741 515 rariffime
1763 482 1891 516 ascitem
1925 482 2084 515 mentian-

1085 532 1139 558 tur
1163 545 1176 562 ,
1208 524 1297 556 velut
1318 524 1351 556 in
1375 534 1411 557 ea
1434 526 1676 559 Observatione
1700 552 1708 566 ,
1731 537 1803 568 quae
1824 527 1858 558 in
1881 526 1995 558 eodem
2019 525 2086 557 ssoa

1087 565 1231 600 noniensi
1255 566 1460 601 Nosocomio
1482 580 1498 602 a
1522 569 1609 605 Viro
1631 569 1822 602 Doctiffimo
1839 590 1851 607 ,
1874 579 1909 601 ac
1933 569 2087 610 Diligen-

1089 610 1207 643 tiffimo
1229 608 1343 643 habita
1366 610 1409 643 est
1433 632 1443 648 ,
1476 613 1534 653 qui
1558 623 1685 646 mecum
1719 615 1749 645 &
1773 613 1915 653 priorem
1938 634 1950 651 ‚
1980 614 2010 644 &
2033 618 2087 643 tot

1089 654 1167 688 alias
1191 652 1367 690 habuerat,
1391 654 1559 688 Heraclito
1582 654 1791 688 Manfredio.
1816 653 1940 696 Utipse
1964 655 2086 694 adme,

1089 697 1147 739 qui
1169 696 1236 739 jam
1258 697 1409 730 Venetiis
1430 697 1605 741 degebam,
1626 699 1716 732 illam
1740 697 1883 740 scripsit,
1906 697 1947 730 sic
1971 705 2089 740 egotet-

1091 751 1165 773 cum
1187 740 1456 775 communicabo.

1138 794 1190 826 39.
1214 783 1417 819 FOEMINA
1446 795 1517 827 quae
1540 782 1671 818 ascitica
1704 780 1945 826 putataifuerat
1969 805 1978 820 ,
2001 792 2091 816 mora·

1091 837 1146 862 tua
1170 824 1234 860 est.
1368 827 1574 862 VENTER
1598 838 1663 861 non
1686 827 1782 861 effusa
1807 838 1887 869 aqua
1909 847 1919 864 ‚
1954 826 2003 860 sed
2038 835 2093 860 tu.-

1092 881 1181 905 more
1203 869 1394 911 opplebatur
1419 871 1505 904 testis
1528 870 1644 904 sinistri
1664 897 1673 905 .
1699 872 1777 904 Erat
1800 872 1827 904 is
1851 879 1960 904 tumor
1984 868 2093 912 pondo

1094 915 1251 948 librarum
1275 922 1416 957 quatuor
1438 917 1470 948 &
1494 915 1632 957 viginti:
1654 915 1788 948 refertus
1811 924 1871 957 pro
1883 913 1998 955 majori
2022 923 2095 954 pare·

1094 967 1126 991 te
1150 955 1274 991 viscido
1304 960 1335 990 δε
1358 957 1454 999 nigro
1490 957 1625 993 humore
1645 980 1658 998 ‚
1679 969 1776 1002 quem
1799 968 1875 995 curn
1901 969 1981 1000 aqua
2005 956 2094 990 lutu-

1090 1001 1196 1037 lenta,
1220 1010 1290 1041 quae
1313 1011 1367 1042 per
1390 1001 1509 1034 medias
1533 1000 1622 1035 urbis
1645 1003 1711 1036 vias
1740 1001 1826 1035 lente
1850 1000 1923 1034 fluit
1947 1023 1956 1038 ‚
1992 998 2094 1041 posses

1089 1053 1278 1086 comparare
1298 1067 1306 1075 .
1342 1045 1469 1077 Caetera
1493 1045 1601 1078 vesicae
1637 1043 1790 1078 tenebant
1809 1065 1819 1081 ,
1853 1043 2005 1086 inaequali
2029 1053 2098 1075 rna-

1091 1087 1294 1131 gnitudine,
1330 1087 1417 1120 inter
1450 1086 1480 1120 se
1513 1098 1578 1129 non
1610 1089 1919 1127 communicantes,
1956 1095 2096 1129 quarum

1092 1132 1168 1165 alias
1193 1129 1274 1163 flava
1296 1154 1306 1169 ‚
1337 1133 1368 1163 &
1391 1129 1514 1164 viscida
1539 1131 1696 1170 materia,
1720 1130 1797 1164 alias
1823 1129 1958 1173 lympha
1981 1127 2100 1169 imple·

1092 1175 1170 1214 bat,
1191 1184 1263 1216 quce
1284 1173 1356 1215 igni
1377 1172 1525 1215 imposita
1540 1195 1550 1210 ‚
1573 1183 1639 1208 non
1662 1175 1827 1208 concrevit
1850 1198 1858 1207 .
1882 1172 1951 1206 Etsi
1975 1172 2099 1204 nullam

1094 1218 1133 1252 ad
1145 1225 1270 1259 partem
1280 1225 1348 1249 erat
1361 1227 1501 1253 annexus
1512 1227 1729 1260 praeterquam
1743 1217 1782 1252 ad
1796 1216 1958 1251 sinistrum
1982 1215 2101 1248 summi

1095 1261 1181 1295 uteri
1203 1260 1310 1301 latus·;
1331 1260 1512 1294 immobilis
1535 1269 1666 1300 tamen,
1689 1269 2010 1305 quocunquecorpus
2032 1269 2103 1291 ver-

1095 1313 1241 1343 teretur,
1264 1304 1400 1337 omnino
1416 1312 1485 1338 erat
1507 1315 1676 1348 propterea
1690 1305 1768 1348 quia
1790 1303 1980 1338 inferiorem
1998 1312 2102 1343 quan-

1095 1348 1172 1382 dam
1193 1346 1241 1380 sui
1263 1348 1491 1388 appendicem,
1516 1358 1557 1382 ex
1579 1347 1795 1390 hydatidibus
1820 1348 1933 1382 multis
1955 1345 2105 1380 constan-

1096 1401 1183 1428 tem,
1208 1401 1284 1423 curn
1298 1393 1548 1431 uteruminrer,
1570 1395 1602 1426 δε
1625 1391 1812 1427 intestinum
1827 1393 2003 1432 defigeret,
2030 1400 2106 1422 exa-

1097 1437 1147 1469 &e
1169 1432 1247 1467 adeo
1272 1433 1372 1468 imam
1396 1435 1517 1478 pelvim
1542 1434 1710 1478 replebat,
1736 1444 1773 1468 ut
1793 1435 1873 1470 dum
1898 1433 1969 1468 inde
1994 1433 2027 1465 vi
2049 1443 2106 1473 ex-v

1097 1477 1309 1517 trahebatur,
1332 1488 1397 1511 non
1422 1478 1507 1515 secus
1531 1479 1657 1513 auditus
1680 1477 1722 1513 fit
1747 1478 1864 1521 sonus,
1887 1490 1923 1513 ac
1947 1487 2022 1512 cum
2036 1474 2107 1509 suas

1097 1533 1115 1556 a
1136 1530 1210 1555 cute
1232 1521 1453 1555 cucurbitulas
1476 1521 1637 1563 Chirurgi
1661 1524 1806 1556 avellunt
1826 1546 1833 1553 .
1864 1550 1876 1563 ἑ

1138 1575 1193 1608 40.
1219 1564 1307 1598 Cum
1341 1566 1375 1611 in
1400 1564 1520 1599 abditis
1543 1565 1666 1598 morbis
1700 1565 1823 1599 caeteris
1843 1587 1853 1603 ,
1887 1574 1962 1598 tum
1984 1565 2017 1597 in
2041 1562 2107 1596 hoc

1097 1607 1266 1651 speciatim
1297 1608 1505 1650 conjiciendo
1524 1631 1537 1649 ‚
1571 1608 1615 1642 ob
1638 1619 1707 1641 eam
1730 1609 1832 1643 etiam
1862 1608 1989 1642 causam
2016 1606 2109 1650 plura

1096 1660 1229 1694 oportet
1251 1652 1373 1686 indicia
1396 1650 1612 1695 conjungere,
1634 1651 1724 1695 quod
1748 1662 1859 1686 eorum
1883 1650 2015 1694 aliquod
2038 1649 2113 1684 casu.

1095 1695 1262 1732 interdum
1285 1694 1387 1731 abesse
1410 1697 1535 1739 potest,
1562 1697 1650 1730 velut
1673 1694 1728 1730 hic
1750 1721 1759 1730 .
1795 1695 1883 1729 Nam
1910 1697 1995 1729 inter
2018 1693 2073 1727 illa
2096 1716 2109 1731 ‚

1098 1738 1203 1782 posita
1227 1738 1272 1772 est
1287 1739 1403 1783 aliqua
1426 1740 1565 1775 tumoris
1590 1739 1758 1775 mobilitas
1782 1750 1797 1771 a
1823 1737 2049 1781 Schorkopffio
2074 1737 2111 1770 in

1099 1781 1334 1817 Dissertatione
1356 1793 1454 1825 quam
1486 1783 1522 1816 de
1544 1784 1692 1825 Hydrope
1715 1783 1827 1816 ovaret·
1850 1782 2020 1816 Muliebris
2045 1780 2108 1814 Ba-

1099 1825 1180 1860 fileae
1204 1825 1306 1859 edidit
1329 1826 1372 1859 A.
1400 1826 1493 1867 1685.
1520 1829 1535 1865 (
1556 1833 1571 1859 t
1595 1830 1606 1864 )
1631 1836 1696 1859 non
1720 1826 1845 1868 vulgari
1868 1849 1878 1866 ,
1905 1835 1941 1860 ut
1965 1837 2003 1859 eo
2026 1830 2112 1867 prae-‘

1102 1868 1213 1902 sertim
1237 1877 1383 1911 tempore
1407 1893 1417 1909 ‚
1448 1868 1541 1913 laude
1571 1869 1703 1912 dignam
1737 1870 1787 1903 vel
1820 1870 1864 1903 ob
1897 1878 2039 1912 acceptas
2072 1869 2112 1902 ab

1104 1913 1209 1946 nobili
1232 1912 1365 1946 Medico
1387 1921 1485 1955 atque
1507 1912 1898 1955 AnatomicoWepffero
1928 1913 1996 1956 ejus
2021 1924 2112 1946 mor-

1104 1956 1138 1989 bi
1163 1954 1416 1991 Observationes
1439 1956 1493 2000 (u
1515 1958 1550 1994 )‚
1576 1968 1655 1999 quas
1679 1968 1743 1990 non
1767 1966 1834 1990 tam
1859 1958 1959 1991 miror
1975 1956 2114 1992 Nuckio

1103 2004 1115 2040 ζ
1137 2009 1159 2032 x
1183 2002 1193 2038 )
1218 1998 1312 2035 fuisse
1333 1999 1543 2041 incognitas,
1566 2011 1665 2043 quarn
1688 2002 1723 2033 in
1745 2001 1785 2034 iis
1809 2001 1848 2035 ad
1860 2000 2117 2044 Sepulchretum'

1102 2042 1344 2076 Additamentis
1368 2041 1419 2076 hic
1443 2042 1686 2086 praetermissas,
1709 2044 1743 2076 in
1767 2045 1885 2086 quibus
1909 2049 1961 2088 (y
1985 2048 1998 2084 )
2021 2045 2112 2077 Har.

1102 2087 1171 2119 deri
1194 2089 1288 2120 verba
1310 2085 1537 2121 describuntur
1568 2098 1639 2120 eam
1664 2086 1931 2123 Dissertationem
1955 2110 1965 2126 ‚
1996 2088 2112 2131 easque

1102 2128 1361 2170 Observationes
1382 2129 1500 2167 diserte
1523 2130 1703 2166 laudantis.
1730 2133 1887 2167 Attamen
1901 2133 2014 2175 primis
2039 2133 2111 2166 ior-

1104 2170 1180 2219 tasse
1205 2173 1312 2209 morbi
1345 2174 1548 2216 temporibus
1568 2196 1579 2214 ,
1603 2187 1675 2219 quae
1699 2185 1867 2219 propterea
1895 2178 1928 2210 in
1953 2175 2112 2219 ejusmodi

1103 2216 1225 2250 casibus
1248 2217 1439 2252 attendenda
1461 2217 1541 2257 effe,
1564 2218 1636 2253 dixi
1658 2220 1804 2262 Epistola
1828 2220 1991 2264 superiore
2016 2221 2113 2263 (z),

1105 2258 1198 2292 fuisse
1222 2262 1332 2302 potuit
1355 2262 1389 2295 in
1413 2263 1576 2304 proposita
1600 2261 1736 2297 foemina
1760 2265 1897 2298 tumoris
1919 2265 2110 2298 mobilitasz

1103 2303 1379 2344 quemadmodum
1403 2305 1519 2339 iisdem
1544 2307 1744 2348 temporibus
1769 2308 1827 2342 esse
1841 2308 1942 2351 potest
1964 2309 1998 2342 in
2023 2310 2112 2344 tubae

1102 2345 1250 2388 hydrope
1274 2348 1408 2393 rumoris
1435 2346 1539 2390 figura
1555 2350 1802 2391 semicircularis
1832 2363 1870 2384 ex
1894 2352 2111 2389 Brechtfeldii

1102 2393 1113 2427 (
1138 2400 1155 2422 a
1179 2392 1189 2426 )
1213 2391 1417 2436 conjefiura,
1440 2403 1538 2433 quam
1561 2391 1685 2427 secutus
1707 2395 1750 2428 est
1762 2394 2005 2438 Schorkopffius
2024 2397 2086 2437 (b)
2101 2423 2111 2440 ,

1100 2441 1138 2465 ut
1160 2444 1226 2475 quo
1250 2435 1341 2476 ligno
1364 2436 1493 2472 ovarii‚
1517 2438 1548 2469 ὃς
1571 2436 1658 2470 tubae
1682 2436 2112 2480 hydropeminternoscere-

1101 2485 1172 2509 mus
1195 2500 1206 2515 ,
1226 2476 1367 2525 ‘doceret
1391 2490 1401 2512 .-
1435 2477 1488 2511 sed
1503 2479 1740 2527 'progrediente
1772 2482 1889 2516 morbo
1911 2508 1921 2524 ‚
1945 2492 2110 2520 tumorem

1099 2529 1165 2551 non
1190 2530 1294 2553 minus
1316 2519 1477 2562 hydropis
1500 2532 1534 2554 in
1558 2522 1635 2555 tuba
1658 2543 1667 2560 ‚
1701 2534 1798 2567 quarn
1821 2526 2052 2569 aneurysmatis
2075 2531 2112 2563 in

1099 2563 1237 2600 arteria,
1261 2562 1300 2596 ad
1322 2564 1450 2598 ovalem
1464 2587 1474 2603 ,
1500 2574 1554 2598 aut
1568 2564 1756 2607 sphaericam
1781 2568 1918 2610 figuram
1936 2572 2109 2613 accedere,

1098 2615 1166 2638 non
1187 2605 1305 2639 dubito
1330 2629 1341 2645 ‚
1370 2606 1460 2649 quod
1484 2608 1674 2642 Munnickii
1706 2610 1883 2646 delineatio
1918 2613 2112 2659 hydropica:

1098 2648 1187 2697 tubae
1209 2648 1384 2683 confirmat
1407 2675 1417 2691 ,
1438 2651 1469 2684 ei
1492 2651 1727 2687 Observationi
1751 2654 1860 2689 addita
1883 2683 1891 2697 ,
1915 2669 1987 2699 quae
2009 2671 2024 2692 a
2050 2671 2111 2693 no-

1100 2691 1150 2725 b1s
1173 2691 1282 2726 eadem
1306 2692 1451 2735 Epistola
1475 2697 1486 2733 (
1510 2705 1526 2727 c
1549 2698 1559 2733 )
1584 2696 1710 2731 laudata
1733 2697 1778 2732 est
1800 2724 1808 2731 .
1843 2701 2007 2735 Caeterurn
2029 2702 2109 2736 dum

1102 2736 1209 2778 plures
1231 2736 1362 2770 testium
1387 2737 1595 2772 muliebrium
1619 2742 1758 2773 tumoris
1780 2741 2028 2785 cujusquemodi
2051 2746 2107 2779 hi-

1103 2778 1217 2813 storias
1242 2780 1462 2820 attenderem,
1487 2782 1595 2815 venire
1619 2784 1653 2815 in
1677 2794 1817 2818 mentem
1839 2797 1984 2828 coeperat
2003 2810 2013 2827 ,
2035 2787 2108 2822 for-

1103 2821 1181 2856 tasse
1204 2822 1242 2857 ad
1267 2824 1328 2857 alia
1350 2823 1447 2864 ipsius
1471 2824 1590 2857 indicia
1616 2824 1751 2868 adjungi
1781 2829 1844 2862 hoc
1866 2827 1952 2870 posse
1975 2852 1985 2867 ‚
2016 2833 2107 2874 quod

1102 2865 1131 2912 is
1153 2866 1188 2899 in
1211 2866 1412 2909 hypogastrii
1438 2866 1559 2900 sinistra
1582 2879 1671 2908 parte
1685 2871 1839 2912 incipiat.
1866 2873 1903 2904 In
1928 2875 2005 2907 teste
2019 2877 2107 2911 enim

1103 2908 1230 2943 sinistro
1253 2931 1262 2946 ‚
1295 2920 1360 2942 non
1384 2910 1516 2943 dextero
1538 2935 1548 2950 ‚
1572 2921 1732 2947 tumorem
1755 2913 1846 2948 fuisse
1871 2916 2110 2954 animadverte.

1102 2950 1177 2985 bam
1200 2964 1265 2986 non
1289 2952 1387 2986 modo
1409 2965 1505 2995 quem
1516 2954 1715 2990 Manfredius
1738 2960 1753 2996 <
1773 2958 1793 2990 d
1809 2958 1826 3000 )
1841 2981 1850 2996 ‚
1874 2969 1927 2993 aut
1951 2971 2013 3002 ego
2024 2974 2104 3005 quo<

1102 3006 1165 3037 que
1188 2994 1398 3044 observassem
1424 3000 1434 3035 <
1459 3007 1474 3029 e
1498 3000 1531 3034 )‚
1555 3009 1666 3032 verum
1689 3000 1790 3040 etiam
1814 3013 1897 3044 quos
1919 3005 2103 3048 conspexis-

1102 3039 1171 3072 sent
1195 3038 1429 3088 Kerckringius
1452 3037 1535 3082 (f)
1559 3062 1571 3079 ,
1606 3041 1775 3085 Wepferus
1798 3048 1852 3087 (g
1872 3049 1886 3085 )
1905 3068 1916 3085 ,
1940 3048 2107 3085 Harderus

1103 3086 1114 3123 (
1138 3081 1158 3114 h
1182 3085 1219 3122 )‚
1241 3081 1393 3131 Nuckius
1415 3084 1460 3124 (z
1485 3087 1516 3123 ),
1539 3084 1780 3121 Drelincurtius
1803 3092 1815 3128 (
1838 3089 1890 3130 R)
1911 3114 1921 3130 ,
1945 3092 2106 3129 Reiselius

1102 3124 1149 3175 (J
1173 3129 1183 3164 )
1204 3149 1213 3164 ³
1246 3126 1456 3176 fiahrliepius
1481 3130 1491 3165 (
1514 3137 1545 3160 m
1567 3131 1581 3167 )
1601 3149 1610 3165 ‚
1644 3130 1811 3173 Verneyus
1834 3129 1944 3173 junior
1977 3140 2031 3174 (π
2052 3140 2065 3176 )
2090 3152 2102 3175 ,

1102 3169 1220 3212 hicque
1243 3180 1277 3202 in
1298 3168 1442 3218 duabus·‚
1467 3169 1633 3213 Rud.Jac.
1646 3174 1850 3207 Camerarius
1875 3179 1885 3213 (
1908 3175 1984 3218 o),
2006 3179 2106 3221 Mag..

1100 3214 1173 3255 gius
1196 3225 1230 3247 ac
1255 3213 1380 3246 Dodius
1402 3213 1490 3254 (p)
1514 3238 1524 3254 ‚
1559 3214 1731 3250 Riedlinus
1753 3222 1767 3257 (
1790 3228 1808 3258 q
1833 3217 1843 3252 )
1862 3239 1874 3256 ‚
1906 3219 2102 3257 Schacherus

1100 3257 1120 3298 (
1135 3266 1151 3288 ν
1171 3259 1205 3296 ),
1229 3254 1385 3289 Alexand.
1398 3256 1601 3291 Camerarius
1623 3257 1726 3301 (s),
1750 3260 1967 3295 Gullmannus
1990 3268 2000 3302 (
2025 3272 2040 3298 t
2061 3269 2102 3308 ),

1101 3299 1342 3334 Gutermannus
1367 3303 1377 3338 (
1400 3309 1420 3331 u
1443 3303 1477 3339 )‚
1501 3300 1616 3335 Baffius
1640 3304 1696 3345 (x
1717 3306 1750 3342 J,
1775 3303 1953 3338 Vacherius
1977 3309 2065 3351 (y)
2089 3335 2100 3351 ‚

1099 3342 1279 3376 Benevolus
1303 3346 1313 3379 (
1339 3354 1363 3385 z
1384 3346 1418 3382 )‚
1444 3344 1642 3385 Targionius
1664 3347 1678 3383 (
1699 3346 1752 3388 a)
1771 3370 1779 3379 .
1805 3347 1898 3383 Quin
1921 3349 2019 3383 etiam
2042 3353 2100 3388 ubi

1104 3386 1191 3418 testis
1213 3384 1376 3427 utriusque
1399 3395 1507 3420 tumor
1530 3386 1594 3421 fuit
1618 3401 1627 3424 3
1651 3388 1755 3422 multo
1778 3390 1883 3432 major
1905 3392 1945 3425 ab
1968 3387 2100 3428 Huner-

1105 3428 1225 3462 wolffio
1257 3427 1344 3468 (b)
1375 3429 1410 3462 in
1433 3428 1558 3464 sinistro
1588 3430 1798 3473 deprehensus
1827 3434 1902 3468 est:
1941 3446 1998 3469 nec
2030 3439 2099 3481 ipse

1970 3479 2058 3514 obli-

66 3561 2097 3584 wm———m

1033 3684 1047 3713 (
1061 3692 1079 3713 g
1095 3685 1108 3712 )
1124 3684 1185 3712 apud
1202 3682 1354 3711 Schorkopff.
1373 3683 1407 3707 th.
1426 3691 1466 3712 ¹7·

964 3717 979 3745 (
995 3722 1018 3738 m
1034 3715 1048 3742 )
1065 3714 1169 3739 Earund.
1186 3716 1241 3739 Dec.
1262 3721 1283 3742 3.
1299 3715 1359 3736 A.2.
1376 3712 1483 3738 obs-61.

109 3630 120 3658 (
138 3636 149 3652 ν
166 3625 175 3657 )
193 3636 216 3652 n.
234 3629 270 3657 38.
287 3625 311 3650 in
328 3625 369 3650 fin.
388 3624 411 3648 δε
425 3632 450 3650 n.
469 3632 505 3654 35-
567 3624 633 3653 (s)
649 3631 672 3648 n.
688 3628 728 3652 42.
791 3623 799 3653 (
815 3630 826 3648 ε
842 3624 856 3652 )
875 3624 930 3649 thes.
947 3631 984 3649 21.
1044 3621 1056 3650 (
1072 3631 1088 3646 ιι
1103 3623 1117 3651 )
1133 3622 1191 3648 thes.
1209 3626 1245 3647 16.
1265 3629 1300 3650 ¹7-
1317 3628 1355 3651 23.

112 3660 128 3688 (
140 3665 157 3689 y
171 3659 185 3687 )
201 3657 284 3683 schol.
301 3657 330 3680 nd
348 3655 407 3681 ΟΜ.
424 3662 462 3684 47.
523 3654 538 3684 ζ
555 3655 596 3683 z)
613 3662 639 3678 n.
655 3657 705 3688 60..
756 3654 770 3684 (
785 3662 800 3678 a
815 3655 829 3684 )
845 3655 982 3680 Bartholin.
996 3654 1052 3678 A&-
1069 3652 1142 3677 Hasn.
1160 3653 1214 3678 Vol.
1232 3660 1252 3676 1.
1271 3653 1298 3675 P.
1316 3660 1339 3677 1.
1356 3651 1413 3676 Obs.
1433 3660 1484 3682 103.

110 3691 125 3719 (
141 3689 157 3712 tl
173 3690 186 3718 )
203 3697 224 3712 n.
242 3696 277 3717 39·
341 3688 377 3715 (e
391 3686 405 3714 )
420 3693 445 3709 n.
463 3692 501 3714 37.
562 3688 568 3715 (
586 3684 602 3713 J
614 3685 628 3713 )
644 3685 754 3714 spicileg.
770 3686 842 3709 Anat.
859 3685 917 3710 Obs.
935 3693 972 3710 10.

111 3721 120 3748 s
136 3719 152 3743 7<
172 3719 180 3747 )
195 3718 256 3743 ibid.
316 3719 327 3742 (
343 3718 352 3740 l
368 3717 382 3744 )
399 3716 458 3744 Eph.
476 3716 511 3739 N.
527 3717 556 3740 C.
573 3717 631 3739 Dec.
649 3722 670 3738 2.
688 3717 718 3739 A.
735 3721 770 3737 ιο.
789 3715 848 3739 Obs.
864 3723 903 3742 ²7·

109 3750 126 3778 (
140 3758 152 3773 ο
172 3750 179 3779 )
197 3750 255 3778 Biga
272 3747 332 3772 Obs.
351 3747 421 3770 Med.
438 3754 458 3770 c.
477 3754 500 3771 ι.
561 3745 569 3774 (
584 3752 602 3776 p
618 3745 626 3776 )
644 3746 706 3773 apud
724 3745 848 3770 Vallisner.
866 3747 934 3770 Istor.
950 3745 1013 3770 della
1029 3746 1148 3769 Generaz.
1158 3746 1185 3768 P.
1196 3747 1218 3774 3.
1229 3752 1249 3768 c.
1260 3753 1281 3773 ς.
1297 3742 1392 3768 &Tab.
1404 3750 1440 3768 12.

110 3780 127 3808 (
140 3788 151 3803 ν
167 3783 177 3805 )
196 3779 289 3803 Differt.
306 3779 335 3802 de
351 3777 420 3806 Virg.
440 3775 559 3800 ascitica.
620 3776 663 3804 (s
674 3776 688 3804 )
705 3775 758 3800 Aft.
775 3778 808 3800 N.
825 3778 853 3800 C.
869 3778 943 3800 Tom.
961 3784 981 3800 1.
998 3774 1056 3800 Obs.
1074 3778 1125 3799 160.
1142 3775 1201 3799 vers.
1218 3774 1259 3799 fin.

107 3810 124 3838 ί
142 3817 157 3831 α
177 3809 183 3836 )
200 3809 307 3832 Eorund.
325 3810 356 3832 T.
372 3816 393 3837 3.
410 3806 469 3831 obs.
488 3814 549 3839 105.¹
599 3807 612 3834 (
628 3814 641 3828 x
656 3806 670 3834 )
687 3808 782 3839 Dea-4.
800 3806 860 3830 Obs.
877 3809 950 3831 Anat.
967 3807 992 3830 8.

110 3839 122 3871 ί
138 3847 155 3869 ζ
169 3839 184 3868 )
200 3840 320 3864 Orsen-az.
338 3845 360 3867 9·
419 3838 435 3866 ζ
449 3845 465 3863 a
481 3837 495 3867 )
511 3839 592 3864 Prima
608 3836 721 3862 Raccolta
734 3837 760 3863 dr
776 3837 896 3863 Offervaz.
913 3836 980 3863 Med.

1416 3620 1427 3650 s
1444 3630 1459 3646 x
1474 3625 1484 3649 )
1501 3623 1622 3653 Adenogr.
1639 3630 1661 3648 c.
1676 3626 1699 3649 8.

1546 3654 1556 3682 (
1571 3654 1585 3678 b
1602 3657 1610 3683 )
1627 3654 1683 3679 thes.
1700 3662 1737 3680 22.

1525 3685 1540 3713 (
1556 3684 1593 3713 h)
1613 3684 1674 3708 usia.
1690 3685 1725 3709 th.
1745 3693 1781 3714 ις,
1799 3657 1813 3686 c
1827 3663 1838 3681 ⁶
1856 3656 1864 3688 ³
1880 3665 1904 3682 '¹'
1921 3666 1960 3689 ⁵9'

1544 3715 1551 3744 (
1568 3722 1584 3738 n
1603 3714 1611 3742 )
1629 3714 1687 3738 Hist.
1698 3715 1726 3739 de
1734 3686 1879 3742 1’Acad¹.(R¹.
1891 3689 2012 3745 gecsg'ln'.
2027 3728 2093 3752 1703»

1498 3745 1512 3774 (
1528 3753 1542 3773 q
1558 3745 1571 3772 )
1589 3744 1649 3773 Eph.
1666 3747 1699 3769 N.
1718 3747 1747 3770 C.
1766 3749 1837 3772 Ceut&
1854 3756 1880 3778 7.
1895 3750 1952 3776 obs.
1970 3756 2007 3782 56.

1322 3774 1337 3803 (
1351 3780 1362 3797 t
1380 3773 1389 3803 )
1406 3774 1511 3798 Eorund.
1527 3776 1560 3798 T.
1577 3782 1598 3798 2.
1616 3775 1674 3800 Obs.
1693 3777 1733 3799 80.

1054 3806 1069 3835 (
1081 3811 1098 3835 y
1114 3805 1128 3833 )
1143 3805 1202 3829 Hist.
1219 3805 1249 3829 de
1265 3805 1282 3829 l'
1293 3803 1369 3829 Acad.
1384 3806 1416 3828 R.
1432 3804 1472 3829 des
1488 3807 1524 3829 Sc.
1542 3807 1572 3829 Α.
1591 3812 1658 3836 1739.
1677 3805 1738 3832 obs.
1753 3807 1827 3835 Anat.
1844 3815 1869 3838 3.

1040 3835 1050 3867 (
1066 3835 1081 3862 b
1094 3836 1109 3865 )
1124 3836 1185 3867 Eph.
1203 3838 1235 3862 N.
1253 3837 1282 3871 cg
1299 3838 1358 3864 Dec.
1374 3842 1397 3861 2.
1411 3837 1442 3863 A·
1457 3843 1479 3866 9-
1495 3834 1550 3862 obs
1562 3842 1613 3866 ‚99-
