2498 4075
460 110 523 172 64

394 184 522 219 rabioso
544 192 619 216 cane
642 182 687 216 ibi
712 182 853 219 admorsa
875 183 1080 218 fueritfacies
1100 183 1156 218 ubi
1170 189 1329 218 -venenum
1343 184 1391 217 fa.-

391 228 457 260 <ile
489 225 591 270 potest
612 236 685 260 cum
719 227 815 267 saliva
846 228 1110 266 communicari3
1144 239 1207 261 non
1229 229 1390 261 celerrime

391 280 521 309 tamen,
546 278 581 302 ut
604 270 639 300 in
663 268 735 303 aliis
758 271 796 304 ab
817 270 983 306 earundem
1008 272 1146 311 partium
1169 271 1275 305 morsu
1296 294 1309 312 ,
1339 270 1390 303 sed

391 313 460 355 post
482 311 688 355 quadraginta
712 312 779 347 dies
801 324 906 346 ortam
928 312 984 345 ess‘e
1009 312 1268 356 hydrophobiam
1291 338 1298 346 .
1333 314 1393 347 Fa-

390 358 453 388 ciet
477 364 624 397 praeterea
642 377 655 395 ,
688 367 726 389 ne
747 358 880 390 illorum
916 354 1040 398 prorsus
1063 358 1288 391 obliviscamur
1319 367 1390 399 quae

367 432 370 439 Α
392 398 568 432 Palmarius
588 400 604 436 (
624 409 643 440 q
665 403 679 439 )
702 399 826 433 addidit
839 398 1002 442 postquam
1025 399 1192 435 admonuit
1212 425 1221 440 ,
1245 398 1298 433 etfi
1323 399 1390 432 bal-

390 453 486 474 neum
509 443 736 484 praecautionis
758 444 865 484 gratia
888 442 1045 486 plerisque
1069 444 1193 487 profuit
1216 441 1390 480 demorfis5

393 496 456 518 non
490 484 566 518 huic
590 492 695 518 tamen
710 485 852 518 remedio
875 487 1009 518 omnino
1020 486 1183 521 fidendum
1206 484 1286 525 effe,
1309 486 1392 519 mul-

392 538 500 561 torum
527 537 644 560 mortes
666 527 831 561 ostendisse
853 553 859 559 .
894 532 931 560 In
949 528 1104 572 plerzsque
1126 531 1207 563 enim
1229 553 1239 568 ‚
1264 530 1391 571 inquit,

385 582 469 618 aquae
492 570 669 613 conspefius
693 569 931 611 hydrophobiam
942 594 955 611 ,
977 581 1091 606 veneno
1109 573 1142 605 in
1164 581 1286 615 corpore
1309 583 1392 605 com-

391 623 497 651 moto,
522 615 652 647 celerius
675 612 843 656 exfisfiitat
863 636 875 652 ,
905 614 984 655 quod
1005 615 1123 657 alioqui
1147 614 1213 656 fine
1235 613 1299 647 ullo
1319 615 1392 657 aegri

389 657 578 690 incommodo
601 656 721 690 diutius
743 655 942 698 delitescere,
963 658 1006 691 ὠ
1027 657 1275 699 alexipharmaco
1286 658 1392 692 extin-

384 700 442 741 gui
462 699 640 740 domarique
659 697 825 742 potuisset.
852 699 903 732 Sic
927 702 1092 734 Monacho
1116 699 1258 735 accidisse
1282 699 1393 743 video,

385 742 438 774 cui
472 740 594 774 duobus
619 751 718 784 prope
749 741 904 775 menfibus
927 754 965 776 ex
996 755 1061 785 quo
1082 744 1206 779 catulus
1239 754 1333 785 quem
1357 745 1391 776 in

388 784 457 817 finu
478 783 611 818 habebat
634 811 644 827 ,
668 792 783 827 genas,
806 788 838 818 δε
861 785 946 819 labra
972 786 1187 820 momorderat
1205 812 1215 826 ,
1247 786 1390 820 For-estus

384 831 399 866 (
421 837 436 858 r
459 829 473 865 >
494 837 601 861 narrat
620 851 633 868 ,
656 838 745 870 aquae
769 837 888 861 metum
912 829 1065 862 obortum
1097 838 1185 862 antea
1209 841 1273 864 non
1296 828 1353 863 esse
1379 856 1389 871 ,

380 878 478 912 quam
494 881 551 912 per
573 869 687 915 fossam
709 892 719 907 ,
756 868 865 904 baculo
887 870 985 914 ligneo
1016 873 1143 906 innixus
1161 883 1219 915 per
1249 872 1389 907 tabulam

382 912 516 955 ligneam
541 914 685 956 transiret
704 925 715 952 3
747 924 859 955 aquam
882 915 965 947 enim
989 916 1145 949 videntem
1166 939 1179 956 ,
1210 922 1295 950 metu
1314 925 1387 957 per-

384 955 520 999 cuffiam,
545 957 674 999 transire
697 967 755 988 non
772 956 906 1001 potuiffie
925 980 934 996 ,
961 956 1018 999 mfi
1041 969 1110 992 cum
1131 960 1253 1002 ingenti
1263 959 1387 993 horrore

387 1010 421 1031 ac
443 1006 555 1038 metn3
577 999 648 1032 hinc
671 1000 699 1033 ei
721 998 932 1041 hydrophobiae
950 1001 1089 1042 primam
1100 1002 1249 1045 originem
1273 1001 1383 1035 fuisse.

387 1042 440 1073 Sic
460 1043 591 1085 Virgini
604 1042 641 1074 de
661 1053 721 1085 qua
733 1041 855 1075 dictum
867 1043 930 1084 est,
955 1043 1071 1077 accidit
1093 1068 1105 1086 ,
1128 1043 1216 1087 cujus
1229 1046 1388 1079 malicum

385 1086 525 1117 exterior
559 1085 648 1119 causa
675 1109 685 1124 ,
715 1094 785 1118 tum
809 1088 912 1128 prima
941 1098 1068 1130 quoque
1102 1087 1316 1121 manifestatio
1346 1088 1386 1122 ad

380 1127 526 1161 eumdem
551 1129 674 1170 prorsus
706 1127 840 1162 modum
876 1129 905 1163 se
929 1129 1075 1169 habuit3
1108 1131 1230 1164 tametsi
1265 1133 1385 1176 reliqua

379 1171 589 1204 incommoda
613 1173 708 1214 longe
735 1171 796 1204 alia
812 1173 960 1207 fuerunt.
1092 1174 1176 1207 Noli
1191 1184 1295 1208 tamen
1318 1186 1385 1208 cre-

375 1212 470 1254 dere,
495 1225 543 1246 me
566 1226 731 1248 externum
758 1226 845 1258 aquae
871 1216 983 1256 usum,
1006 1217 1066 1250 five
1077 1216 1211 1255 balneo,
1236 1217 1299 1251 live
1321 1220 1382 1252 im-

374 1255 498 1298 provisa
522 1255 716 1291 demersione
739 1259 788 1291 uti
811 1260 889 1293 velis
908 1284 921 1300 ,
957 1274 1016 1304 pro
1039 1262 1139 1293 noxio
1161 1282 1171 1298 ,
1194 1270 1248 1294 aut
1270 1262 1381 1295 inutili

377 1299 417 1333 ad
441 1299 689 1342 praeservandurn
711 1300 849 1339 habere,
873 1303 1050 1337 dummodo
1075 1303 1147 1337 satis
1172 1328 1181 1343 ,
1206 1309 1238 1338 δε
1261 1313 1381 1338 mature

373 1342 583 1385 instituatur,
606 1345 946 1391 quanquam-Meadius
970 1349 1051 1391 (s)
1074 1346 1243 1384 balneum,
1267 1347 1321 1381 suo
1333 1358 1382 1381 ta-

372 1397 444 1420 men
467 1398 540 1420 cum
563 1386 705 1421 remedio
726 1390 936 1430 conjunctum
955 1415 967 1431 ,
1001 1391 1136 1423 affirmat
1159 1391 1207 1423 vel
1242 1390 1308 1423 sero
1327 1390 1382 1425 ad-

375 1430 512 1464 modum
544 1430 578 1478 in
603 1430 694 1464 usum
729 1432 869 1465 tractum
894 1445 980 1476 :eque
1002 1433 1165 1467 interdum
1195 1433 1345 1478 profuisse
1366 1458 1379 1475 ,

370 1472 410 1506 de
434 1476 649 1507 immerlionis
674 1483 781 1507 autem
801 1498 814 1513 ,
847 1487 917 1518 quae
941 1477 1025 1520 apud
1052 1478 1184 1511 Batavos
1207 1479 1240 1510 in
1264 1479 1378 1520 primis

370 1516 414 1551 est
437 1516 551 1551 ufitata
576 1539 585 1555 ‚
619 1516 709 1551 felici
743 1517 887 1552 successu
910 1519 999 1553 valde
1023 1522 1104 1553 inter
1140 1519 1168 1553 se
1199 1520 1378 1563 discrepant

371 1559 437 1594 duo
472 1572 535 1593 non
561 1561 720 1603 ignobiles
753 1572 865 1595 eorum
899 1563 1021 1598 Medici
1055 1564 1195 1606 Tulpius
1229 1567 1313 1603 (t)
1346 1567 1378 1598 &

371 1604 567 1646 Stnlpartius
592 1607 605 1643 (
627 1615 647 1637 u
670 1607 702 1644 ).
727 1603 824 1637 Certe
848 1606 931 1638 enim
953 1619 1027 1640 cum
1051 1607 1211 1648 Tulpius,
1235 1613 1264 1640 δε
1290 1608 1378 1641 Mea-

370 1647 442 1681 dius
467 1657 610 1693 negent,
631 1646 773 1690 postftot
799 1650 1011 1691 experimenta
1035 1650 1152 1684 novisse
1174 1661 1377 1694 quenquam,

368 1693 421 1724 cui
445 1690 505 1724 suae
521 1689 701 1724 istiuimodi
722 1691 931 1732 praeservandi
944 1694 1106 1732 rationes,
1129 1695 1216 1732 cito,
1241 1693 1377 1737 satisque

367 1734 519 1768 adhibitae
531 1758 543 1774 ,
565 1743 629 1767 non
656 1732 777 1767 fuerint
801 1734 972 1777 salutares;
993 1748 1117 1779 aequum
1141 1736 1184 1771 est
1206 1748 1264 1779 pro
1286 1748 1377 1771 certo

366 1777 507 1818 habere,
530 1776 571 1810 iic
594 1776 758 1821 plerosque
783 1777 892 1812 saltem
916 1779 1006 1814 fuisse
1031 1780 1187 1823 servatos.
1211 1779 1294 1815 Atsr.
1312 1782 1376 1824 ple-

367 1821 505 1864 rosque5
530 1831 592 1866 non
615 1822 675 1853 erit
703 1819 848 1863 profecto
869 1834 997 1866 aequum
1020 1822 1146 1857 credere
1161 1851 1169 1863 ,
1194 1822 1253 1856 hos
1264 1835 1374 1858 omnes

366 1864 440 1898 ideo
463 1863 587 1898 evasisle
610 1862 695 1907 quod
719 1873 842 1897 veneno
864 1876 919 1899 aut
940 1865 1047 1906 nihil,
1078 1877 1130 1900 aut
1153 1867 1264 1900 leviter
1288 1867 1372 1901 infe-

365 1909 411 1942 ἃί
437 1907 577 1941 fuerint.
602 1908 672 1941 Nec
698 1918 747 1939 me
769 1906 857 1950 fugit
891 1910 970 1952 quid
1003 1909 1144 1943 interesse
1175 1910 1268 1953 poliit
1290 1913 1373 1944 inter

365 1951 532 1990 morsum,
556 1955 583 1984 δι
611 1950 751 1984 morsum
773 1974 785 1991 ,
820 1952 867 1984 vel
890 1953 977 1995 quod
1000 1954 1184 1988 incruentus
1216 1953 1255 1986 fit
1280 1978 1292 1995 ,
1324 1953 1372 1987 vel

362 1994 450 2039 quod.
474 1996 572 2028 nimis
602 2002 749 2028 cruentus
782 1998 792 2041 ζ
816 1995 939 2028 tametsi
972 1996 1012 2030 ad
1039 1995 1159 2031 funesta
1191 1998 1375 2031 utriuslibet

368 2038 492 2074 morsus
520 2038 662 2080 exempla
686 2038 746 2071 alia
770 2037 831 2071 sint
866 2039 900 2071 in
932 2049 1086 2082 promptu
1108 2052 1179 2084 quae
1206 2041 1280 2074 addi
1304 2040 1376 2083 pos-

366 2081 427 2117 fint
450 2085 464 2121 (
488 2094 510 2117 x
531 2086 545 2122 )
567 2085 581 2122 )
603 2081 652 2114 vel
675 2079 762 2123 quod
785 2082 934 2116 mordens
956 2085 1044 2116 canis
1066 2083 1201 2118 necdum
1214 2085 1304 2125 plane
1329 2096 1377 2116 ra-

369 2124 465 2159 bidus
491 2125 554 2165 fit,
576 2134 632 2158 aut
655 2123 676 2156 si
701 2125 798 2157 etiam
821 2124 884 2165 fit,
905 2137 1037 2160 omnem
1061 2126 1159 2160 modo
1183 2127 1311 2160 salivam
1324 2126 1377 2160 de-

368 2169 448 2213 fixis
465 2170 497 2201 in
522 2170 602 2202 alios
625 2191 655 2215 ³,
671 2176 724 2201 aut
749 2169 781 2200 in
805 2169 1003 2211 multiplices
1026 2171 1120 2204 vestes
1152 2170 1299 2204 dentibus
1324 2170 1377 2203 ab-

369 2214 529 2252 itm-ierit,
558 2221 611 2246 aut
634 2212 719 2254 siqua
743 2211 814 2244 sunt
837 2212 899 2245 alia
919 2213 1099 2247 istiusmodi
1120 2239 1127 2246 .
1164 2214 1249 2248 Illud
1274 2224 1377 2247 tamen

369 2258 403 2291 in
428 2265 521 2289 tanto
545 2256 739 2289 servatorum
773 2266 906 2288 numero
939 2256 1072 2290 difficile
1102 2258 1136 2290 in
1160 2259 1303 2291 animum
1328 2259 1377 2290 in-

369 2300 519 2334 duxerim
540 2322 553 2339 ,
586 2299 632 2330 ita
656 2297 731 2329 illos
755 2308 864 2331 omnes
888 2297 980 2332 fuisse
1013 2299 1134 2334 morsos
1156 2323 1166 2339 ,
1200 2310 1236 2335 ut
1260 2301 1344 2334 nihil
1368 2323 1381 2340 ,

371 2352 427 2378 aut
448 2344 505 2375 vix
536 2340 715 2385 quidquam
746 2343 859 2375 veneni
891 2342 1147 2384 contraherent,
1184 2354 1238 2378 aut
1273 2354 1381 2377 eorum

371 2388 426 2431 qui
453 2395 562 2418 revera
586 2384 832 2425 contraxerint,
856 2386 1015 2419 neminem
1038 2387 1123 2419 inter
1145 2387 1331 2421 innumeros
1342 2387 1383 2419 il-

373 2432 421 2465 los
447 2428 539 2463 fuisse
565 2426 602 2461 de
626 2426 743 2470 quibus
768 2428 912 2469 Tulpius
932 2452 945 2468 ‚
978 2437 1032 2462 aut
1065 2429 1210 2463 Meadius
1243 2430 1383 2473 loquun-

372 2484 427 2508 tur
449 2498 455 2505 .
493 2473 583 2513 Qin
610 2470 716 2504 multo
741 2471 805 2503 veri
831 2471 964 2505 similius
989 2471 1030 2505 est
1062 2472 1277 2515 spectantibus
1301 2471 1382 2515 quid

373 2518 560 2561 plerumque
583 2516 624 2549 iis
649 2511 773 2547 accidat
798 2515 853 2557 qui
878 2515 948 2557 post
971 2514 1112 2550 morsum
1145 2516 1231 2550 nulla
1253 2515 1382 2558 praeser-

375 2570 467 2594 vante
491 2559 654 2594 curatione
678 2565 837 2597 utuntur,
864 2559 990 2597 multo,
1012 2561 1142 2602 inquam
1164 2586 1174 2600 ‚
1207 2563 1271 2592 veri
1297 2558 1382 2593 fimi-

375 2606 437 2639 lius
461 2603 524 2643 est,
548 2613 586 2636 ex
608 2601 789 2634 innumeris
811 2602 868 2643 qui
892 2604 1057 2636 curatione
1081 2603 1230 2636 alterutra
1253 2601 1297 2636 usi
1322 2602 1384 2645 hy-

374 2647 591 2690 drophobiam
624 2642 802 2686 effugerunt
830 2668 842 2685 ,
875 2645 1042 2688 plerosque
1072 2645 1130 2680 hac
1161 2645 1383 2688 corripiendos

375 2690 466 2727 fuisse
490 2712 499 2727 ‚
527 2691 560 2722 ni
584 2698 638 2732 per
659 2689 856 2722 curationem
880 2689 1057 2724 avertissent
1081 2714 1089 2722 .
1222 2691 1384 2723 Caeterum

374 2737 442 2769 illis
464 2735 560 2768 etiam
584 2743 652 2775 quae
678 2741 938 2766 commemorata?
962 2732 1033 2767 sunt
1052 2755 1066 2773 ‚
1099 2733 1133 2765 in
1156 2732 1263 2766 morsu
1285 2735 1383 2766 varie-

375 2778 496 2814 tatibus
517 2799 529 2818 ‚
561 2786 625 2808 non
649 2774 749 2808 modo
771 2776 865 2808 variis
890 2774 1056 2810 dumtaxat
1079 2776 1112 2809 in
1145 2776 1311 2811 mordente
1332 2788 1385 2809 ca-

380 2834 418 2856 ne
437 2844 449 2861 ,
483 2819 648 2860 morsoque
673 2818 804 2852 homine
827 2818 999 2853 fluidarum
1020 2842 1033 2860 ,
1065 2818 1290 2863 firmatumque
1313 2832 1385 2863 par-

378 2867 465 2898 tium
489 2861 756 2904 dispofitionibus
778 2872 839 2902 ego
861 2863 990 2905 quidem
1014 2862 1150 2896 libenter
1173 2873 1223 2897 tot
1247 2863 1302 2896 illa
1327 2866 1385 2899 tri.-

382 2908 509 2942 buerim
533 2903 886 2951 quibushydrophobi
910 2905 1064 2940 differunt
1087 2909 1172 2940 inter
1195 2906 1223 2939 se
1244 2931 1256 2947 ,
1279 2915 1315 2940 ut
1340 2908 1385 2939 ci-

379 2953 444 2986 tius
468 2949 546 2989 alii,
569 2948 625 2981 alii
648 2950 743 2981 ierius
776 2958 959 2991 erumpente
984 2950 1098 2983 morbo
1129 2951 1352 2993 opprimantur
1375 2972 1384 2988 ,

381 2998 413 3028 δέ
437 3005 475 3027 ex
498 2991 640 3033 utrisque
664 2992 718 3024 alii
738 2991 830 3024 aliter
856 3016 862 3021 .
890 2994 969 3025 Sunt
993 2995 1078 3026 enim
1103 2995 1159 3037 qui
1183 2992 1385 3027 vehementer

381 3038 518 3072 delirent
536 3059 547 3074 ,
573 3037 604 3069 &
629 3034 699 3068 sunt
724 3036 779 3076 qui
803 3033 841 3067 ad
864 3045 1043 3070 extremum
1067 3036 1162 3080 usque
1185 3038 1300 3070 mentis
1323 3036 1384 3070 sint

383 3091 566 3123 compotes.
596 3080 676 3112 Sunt
701 3079 756 3120 qui
782 3077 888 3111 lucida
903 3104 910 3118 ,
937 3083 968 3112 &
990 3080 1123 3113 candida
1144 3104 1158 3121 ,
1181 3090 1234 3115 aut
1258 3081 1313 3122 qui
1337 3082 1385 3114 vel

381 3124 567 3158 leviffimum
592 3123 669 3155 aeris
692 3130 818 3154 motum
840 3121 919 3168 ferre
941 3134 1003 3156 non
1028 3123 1164 3166 poiYInt,
1189 3127 1221 3157 δε
1249 3123 1318 3157 sunt
1329 3125 1385 3166 qui

383 3167 495 3210 poffint
510 3190 517 3197 .
542 3167 591 3198 Ac
615 3176 652 3198 ue
675 3166 783 3197 omnia
808 3177 877 3208 quae
903 3166 993 3208 supra
1017 3168 1164 3207 narravi,
1186 3177 1242 3200 -aut
1267 3168 1387 3205 retuli,

383 3211 438 3244 hic
463 3218 599 3250 repetam
615 3231 627 3247 ,
649 3208 766 3241 nedum
790 3209 850 3241 alia
874 3207 987 3242 addam
1008 3224 1016 3246 3
1052 3210 1123 3244 sunt
1146 3212 1202 3254 qui
1239 3210 1386 3253 potiones

382 3251 624 3295 cujusquemodi
647 3251 743 3294 usque
769 3250 845 3285 adeo
868 3251 1023 3293 horrent,
1046 3263 1156 3287 utnon
1181 3253 1279 3286 modo
1304 3251 1327 3285 si
1339 3255 1388 3286 vi-

383 3298 513 3336 derint,
537 3295 587 3328 sed
610 3294 802 3328 sinominari
827 3294 996 3329 dumtaxat
1009 3296 1137 3330 audiant
1152 3322 1160 3336 ,
1184 3298 1381 3335 exclament,

383 3349 546 3378 tremant,
568 3338 808 3377 convellantur,
831 3340 997 3380 animoque
1021 3339 1172 3373 deficiant
1196 3365 1204 3372 .
1232 3340 1312 3377 Quae
1337 3348 1387 3372 ta-

385 3382 473 3419 metfi
498 3384 531 3417 in
555 3380 697 3425 pluribus
722 3381 797 3415 fiant
818 3394 831 3424 ,-
867 3392 972 3416 tamen
995 3392 1121 3417 tantum
1146 3382 1227 3418 abest
1249 3392 1285 3417 ut
1308 3381 1384 3417 fiant

1012 105 1171 160 Liber
1200 90 1244 160 '‘1.
1277 108 1362 160 De
1401 107 1610 160 Morbis
1646 105 1855 172 Capitis

1442 183 1673 225 inomnibus,
1695 181 1961 226 quemadmodum
1982 179 2034 215 illi
2058 177 2338 214 videnturcredere
2351 202 2365 220 ,
2386 177 2445 223 qui

1443 226 1478 259 id
1501 226 1558 261 effe
1578 228 1778 261 contendunt
1809 223 2049 267 hydrophobiae
2071 222 2194 271 iignum
2223 222 2446 271 pathognomq-

1442 270 1546 304 nicam
1561 296 1570 311 ,
1594 278 1631 303 ut
1653 271 1786 303 minime
1817 269 1917 303 desint
1940 264 2149 309 hydrophobi
2172 268 2229 307 qui
2260 267 2372 300 vinum
2395 265 2448 298 bi-

1443 311 1519 346 bant
1539 336 1552 353 ,
1587 324 1642 346 nec
1665 314 1719 355 qui
1753 312 1792 346 ad
1814 323 1902 355 aquae
1935 311 2134 355 mentionem
2157 318 2220 341 non
2252 308 2355 344 solum
2377 318 2445 341 non

1442 354 1652 393 cohorreant,
1675 355 1725 390 sed
1749 357 1783 388 in
1806 355 1952 389 balneum
1976 355 2022 386 ire
2043 350 2111 394 Juffi
2133 372 2142 388 ‚
2176 352 2331 387 continuo
2365 351 2446 386 illuc

1442 400 1488 431 ire
1511 400 1670 441 incipiant
1693 400 1739 432 vel
1763 398 1879 432 morbo
1900 398 1965 441 jam
1988 396 2126 430 multum
2149 395 2300 443 provecto
2322 398 2376 437 (y
2399 398 2413 434 )
2433 415 2446 431 ‚

1441 453 1499 475 nec
1521 441 1650 476 demum
1671 443 1727 485 qui
1751 450 1891 484 aquam,
1913 441 2014 483 prima
2036 437 2232 481 deglutioms
2254 436 2445 472 difficultate

1442 485 1606 529 superata,
1631 484 1716 519 haud
1739 485 1912 518 difficulter
1934 492 2046 526 potent
2069 483 2127 525 (z
2150 484 2189 521 ).

1486 540 1536 571 30.
1564 527 1623 562 Sed
1645 537 1681 563 ut
1704 528 1807 562 multa
1829 528 1889 562 fint
1912 528 1946 559 in
1968 526 2085 568 quibus
2108 521 2344 566 hydrophobi,
2364 521 2444 558 dum

1440 572 1576 611 vivunt,
1598 570 1748 605 differunt
1772 571 1855 603 inter
1877 570 1926 608 se3
1951 580 2014 601 non
2035 570 2140 602 minus
2162 567 2263 600 multa
2275 566 2371 607 sunt,
2392 575 2446 613 at-

1440 626 1502 658 que
1524 613 1602 649 adeo
1627 616 1714 656 plura
1738 613 1809 647 sunt
1841 615 1873 647 in
1897 613 2016 656 quibus
2037 612 2183 646 cadavera
2213 620 2324 643 eorum
2347 610 2444 644 difle-

1442 667 1534 691 runt.
1560 658 1659 694 Quod
1682 658 1788 692 {batim
1812 656 1973 698 intelliges
1995 676 2006 692 ,
2038 654 2060 688 fi
2082 655 2161 688 otto
2183 661 2275 687 antea
2296 653 2444 696 vulgatas

1442 700 1559 734 horum
1582 701 1814 734 observationes
1847 701 1966 742 partim
1987 699 2021 731 in
2055 697 2263 741 Sepulchreto
2282 721 2292 736 ‚
2323 698 2441 740 partim

1442 743 1524 785 apud
1549 743 1639 779 suum
1661 754 1818 788 quamque
1840 743 2037 781 Auctorem,
2063 753 2159 785 quem
2181 740 2300 782 supra(
2321 750 2340 772 a
2361 740 2443 780 >in-

1441 786 1620 821 dicavimus
1640 811 1653 828 ,
1687 787 1810 830 plenius
1845 784 1989 828 legendas
2007 807 2021 825 ,
2052 784 2175 828 tresque
2205 782 2333 826 insuper
2364 794 2442 826 quas

1441 840 1523 864 nunc
1546 832 1688 873 primum
1712 829 1892 864 addidimus
1907 850 1915 865 ,
1938 829 2023 861 inter
2047 828 2075 860 se
2098 826 2242 869 conferas
2259 852 2267 861 .
2291 828 2442 870 Namque

1437 883 1474 907 ut
1498 873 1536 906 ab
1558 874 1773 907 exterioribus
1796 871 1835 905 ad
1858 872 2010 905 interiora
2033 869 2203 912 procedas3
2227 871 2260 903 in
2285 869 2442 903 tribush:

1437 928 1568 957 vorem,
1590 917 1737 961 huncque
1760 915 1864 959 ipsum
1888 924 1943 949 aut
1963 916 1998 947 in
2022 914 2157 956 digitis,
2183 923 2237 947 aut
2260 913 2294 946 in
2327 911 2442 947 hume-

1439 972 1497 1000 ro,
1522 963 1552 994 &
1578 960 1695 1000 dorso,
1719 970 1772 994 aut
1795 959 1829 991 in
1852 959 1941 993 collo
1965 957 2151 991 adnotatum
2169 957 2370 998 comperies:
2394 956 2441 990 se.

1438 1004 1500 1036 mel
1524 1015 1638 1046 corpus
1661 1015 1754 1037 omne
1780 1025 1791 1042 ‚
1814 1001 1900 1045 quafi
1922 1010 1959 1035 ut
1981 1002 2015 1034 in
2039 1000 2164 1034 hectico
2186 1023 2199 1039 ,
2236 998 2441 1034 vehementer

1436 1055 1665 1086 extenuatum3
1689 1046 1781 1079 semel
1805 1044 1921 1079 faciem
1943 1044 2041 1077 solam
2063 1056 2072 1076 .·
2105 1043 2197 1076 semel
2233 1053 2343 1076 omnes
2367 1054 2441 1077 rnu-

1438 1089 1548 1123 sculosv
1574 1089 1719 1124 ficciores
1743 1089 1850 1124 multo
1882 1099 1979 1132 quam
2001 1097 2056 1128 par
2087 1085 2125 1119 fit
2148 1098 2161 1126 ς
2194 1084 2229 1119 id
2251 1086 2340 1129 quod
2361 1085 2439 1121 alias

1437 1143 1500 1165 non
1523 1143 1761 1174 memoratum,
1783 1133 1851 1166 imo
1873 1131 1964 1166 semel
1989 1130 2105 1164 diserte
2121 1139 2276 1173 »negatum
2297 1141 2307 1163 .·
2331 1139 2441 1163 ventre

1436 1185 1564 1214 autern,
1590 1180 1621 1210 &
1646 1175 1777 1209 thorace
1801 1174 1926 1210 reclufis
1948 1197 1960 1213 ,
1999 1173 2089 1207 semel
2114 1173 2201 1216 quod
2223 1172 2261 1206 de
2286 1173 2439 1208 musculis

1434 1218 1533 1253 modo
1557 1219 1727 1259 dicebam,
1751 1229 1821 1253 turn
1844 1227 2079 1257 memoratum,
2101 1225 2173 1250 tum
2195 1225 2368 1259 negatum:
2393 1216 2440 1251 se-

1433 1263 1495 1295 mel
1519 1273 1685 1296 omentum
1708 1264 1835 1306 penitus
1847 1262 2067 1303 absumptum,
2089 1262 2122 1292 &
2142 1259 2321 1293 mesenterii
2346 1259 2439 1303 glan-

1432 1305 1544 1346 dulas,
1568 1309 1601 1339 &
1626 1317 1773 1350 pancreas
1797 1304 1924 1349 prorsus
1949 1311 2137 1337 extenuata:
2163 1302 2255 1336 semel
2272 1304 2437 1338 ventricu-

1433 1349 1500 1383 lum
1523 1360 1593 1383 aere
1616 1348 1782 1392 turgidum
1802 1372 1811 1388 ,
1845 1351 1878 1382 δε
1901 1348 2048 1389 sanguine
2078 1343 2212 1379 distenta
2235 1345 2302 1389 ejus
2332 1346 2402 1380 vasa
2426 1359 2439 1380 τ

1432 1392 1523 1426 semel
1547 1394 1705 1426 internam
1728 1392 1794 1435 ejus
1832 1393 1973 1425 tunicam
1995 1398 2183 1432 corruptam
2207 1413 2220 1430 ,
2252 1389 2440 1433 caeterasque

1432 1435 1535 1469 rubris
1559 1438 1693 1471 maculis
1715 1435 1900 1470 distinctas:
1923 1434 2093 1477 quinquies
2113 1430 2284 1468 humorem
2306 1433 2441 1477 quidem

1429 1480 1463 1511 in
1486 1491 1523 1512 eo
1546 1479 1821 1514 animadversum.-
1845 1487 1877 1512 at
1900 1477 1993 1511 semel
2016 1476 2178 1514 multum,
2202 1485 2251 1510 ter
2273 1488 2439 1520 paucum,

1430 1521 1523 1556 semel
1546 1523 1741 1561 subflavum,
1766 1522 1858 1556 semel
1871 1520 2004 1554 viridem
2021 1543 2033 1559 ‚
2057 1520 2151 1553 semel
2173 1531 2212 1553 ex
2224 1520 2307 1554 flavo
2329 1521 2440 1554 viren-

1429 1574 1518 1604 tem,
1541 1565 1632 1600 semel
1657 1566 1747 1600 valde
1770 1565 1915 1604 fuscum,
1939 1563 2030 1597 semel
2055 1564 2214 1597 cinereum
2231 1586 2245 1604 ,
2267 1564 2440 1598 bisvisci-

1428 1609 1528 1649 dum,
1549 1609 1640 1643 semel
1665 1620 1729 1643 non
1752 1608 1931 1642 viscidum:
1956 1605 2105 1640 intestina
2128 1615 2176 1640 ter
2191 1618 2260 1640 aere
2281 1607 2440 1648 distenta,

1427 1652 1520 1686 semel
1545 1664 1767 1696 nequaquam,
1792 1651 1842 1685 sed
1866 1651 1967 1684 rubris
1990 1648 2130 1691 disjeffis
2154 1652 2286 1684 maculis
2298 1650 2438 1685 infecta:

1427 1695 1526 1739 hepar
1551 1696 1643 1729 semel
1669 1696 1810 1736 flavum,
1835 1698 1866 1729 ὃ(
1888 1692 2026 1734 durum,
2050 1692 2143 1726 semel
2169 1704 2281 1737 magna
2305 1706 2345 1728 ex
2367 1706 2441 1737 par·
2492 1702 2495 1705 ’

1430 1749 1461 1772 te
1486 1740 1748 1779 inflammatum,
1771 1741 1804 1772 &
1826 1748 2001 1781 gangraenae
2026 1737 2234 1778 proximum,
2257 1737 2350 1771 semel
2372 1738 2440 1780 jam

1428 1782 1587 1817 lividum:
1611 1781 1678 1825 ejus
1700 1791 1805 1816 autem
1829 1780 1995 1814 vesiculam
2019 1780 2110 1812 semel
2133 1780 2260 1822 plenam
2276 1803 2286 1819 ,
2310 1780 2359 1814 bis
2372 1782 2441 1824 ple—

1426 1825 1581 1859 niffimam
1603 1826 1670 1859 bile
1690 1849 1702 1866 ,
1731 1836 1803 1870 quae
1827 1834 1873 1858 ter
1897 1833 1951 1857 aut
1983 1824 2155 1866 nigerrima
2188 1822 2254 1857 fuit
2280 1850 2288 1864 ,
2321 1835 2374 1857 aut
2399 1825 2442 1858 ad

1423 1871 1553 1911 nigrum
1578 1869 1721 1910 acceffit,
1743 1869 1834 1902 semel
1858 1866 2063 1902 viridiuscula
2078 1890 2091 1907 ,
2113 1866 2205 1900 semel
2228 1877 2339 1901 crocea
2360 1891 2373 1908 ,
2406 1871 2441 1901 δε

1425 1923 1504 1946 tunc
1528 1924 1645 1955 pauca.
1672 1914 1754 1946 Haec
1777 1914 1810 1944 in
1836 1912 1957 1944 Ventre
1973 1936 1982 1943 .
2118 1913 2155 1942 In
2182 1910 2336 1944 Thorace
2360 1922 2438 1944 vero

1426 1954 1520 1998 hujus
1544 1966 1613 1989 tota
1637 1956 1759 1999 reliqua
1788 1956 1913 1988 interna
1937 1954 2031 1988 facies
2054 1965 2093 1987 ex
2119 1953 2217 1987 rubro
2238 1954 2339 1988 livida
2359 1978 2371 1994 ,
2388 1960 2442 1988 ‘at

1425 1998 1681 2042 diaphragmatis
1704 1999 1870 2033 dumtaxat
1904 1997 1942 2031 ad
1967 1999 2127 2031 ambitum
2149 2007 2214 2030 uno
2248 1998 2282 2030 in
2305 1999 2441 2032 cadave-

1430 2054 1483 2080 re3
1507 2044 1539 2074 in
1565 2045 1666 2075 altero
1690 2040 1899 2084 diaphragma
1923 2052 2050 2085 quoque
2074 2051 2138 2073 non
2161 2043 2299 2074 omnino
2321 2052 2436 2083 expers

1429 2086 1494 2119 fuit
1518 2086 1806 2119 inflammationis:
1831 2085 1997 2127 pulmones
2021 2087 2054 2118 in
2078 2094 2143 2117 uno
2167 2107 2180 2124 ,
2218 2093 2313 2128 atque
2338 2086 2443 2120 altero

1428 2127 1510 2162 aridi
1533 2131 1564 2161 &
1587 2128 1711 2162 exsucci
1729 2151 1741 2168 ‚
1775 2130 1809 2161 in
1832 2137 1898 2161 uno
1921 2139 1995 2161 cum
2020 2126 2128 2161 vesicis
2152 2125 2206 2160 hic
2237 2128 2308 2162 illic
2332 2130 2365 2162 in
2388 2129 2441 2164 su-¹

1430 2170 1581 2216 perficie3
1605 2173 1639 2204 in
1663 2172 1806 2215 quinque
1829 2171 1915 2211 nigri
1940 2181 1978 2204 ex
1988 2180 2086 2210 toto,
2109 2177 2162 2203 aut
2177 2180 2291 2214 magna
2315 2184 2353 2205 ex
2364 2184 2441 2216 par-

1431 2226 1484 2254 te;
1504 2216 1539 2247 in
1562 2225 1700 2257 quatuor
1725 2225 1840 2257 magna
1861 2215 1940 2250 item
1962 2225 2000 2247 ex
2025 2223 2113 2257 parte
2146 2212 2294 2256 sanguine
2318 2215 2405 2258 pleni
2430 2227 2440 2249 .·

1433 2257 1645 2300 pericardiurn
1679 2259 1713 2289 in
1738 2268 1803 2290 uno
1835 2267 1923 2299 parre
1948 2257 2055 2301 aliqua
2088 2256 2188 2291 ferme
2211 2256 2338 2291 friabile
2361 2271 2372 2298 3
2405 2261 2444 2293 in

1431 2301 1557 2335 duobus
1580 2300 1642 2334 fine
1665 2301 1732 2334 ullo
1744 2299 1901 2338 humore3
1927 2301 1960 2332 in
1979 2311 2044 2334 uno
2066 2299 2286 2342 pauciffimum
2297 2301 2442 2342 haben53

1432 2346 1466 2378 in
1490 2356 1556 2378 uno
1579 2352 1684 2378 autem
1709 2342 1884 2376 subflavum
1908 2354 2021 2384 aquam
2044 2343 2082 2376 ad
2102 2346 2210 2386 uncias
2223 2353 2308 2379 tres:
2332 2346 2440 2382 cordis

1434 2387 1579 2422 auricula
1601 2387 1730 2420 dextera
1754 2387 1788 2419 in
1813 2384 1939 2420 duobus
1961 2397 2031 2420 aere
2055 2386 2189 2421 dilatata
2213 2399 2222 2419 :
2260 2388 2363 2430 ipsum
2386 2402 2444 2424 au..

1434 2440 1501 2464 tem
1523 2441 1581 2464 cor
1603 2431 1639 2463 in
1661 2428 1801 2463 totidem
1822 2427 1958 2465 ficcum3
1984 2431 2017 2462 in
2040 2439 2106 2463 uno
2117 2428 2308 2471 flaccidum,
2329 2435 2362 2466 &
2385 2446 2441 2467 ex.

1431 2483 1619 2512 tenuatum3
1643 2473 1829 2506 ventriculis
1859 2473 1894 2505 in
1915 2482 1981 2506 uno
2004 2472 2129 2515 prorsus
2163 2471 2311 2515 sanguine
2332 2487 2442 2510 caten..

1437 2518 1548 2555 tibus3
1572 2517 1606 2551 in
1629 2528 1694 2550 uno
1712 2514 1884 2559 polyposas
1916 2525 2024 2550 tenues
2047 2517 2267 2552 concretiones
2291 2517 2442 2557 habenti-

1433 2561 1490 2595 bus
1514 2571 1523 2598 ς
1553 2561 1586 2592 in
1611 2559 1712 2594 tribus
1746 2567 1851 2593 autem
1874 2558 2059 2602 sanguinem
2079 2570 2090 2598 ς
2124 2558 2176 2593 sed
2200 2560 2233 2592 in
2265 2572 2331 2595 uno
2354 2562 2443 2598 haud

1436 2604 1598 2643 multum,
1621 2606 1652 2636 &
1676 2603 1757 2646 picis
1778 2600 1914 2635 similem
1936 2604 2057 2645 nigrae,
2083 2613 2117 2635 ac
2140 2602 2348 2648 semiliquatae
2371 2619 2381 2645 3
2406 2609 2443 2640 in

1436 2650 1536 2681 altero
1557 2656 1742 2681 concretum
1765 2645 1828 2679 fine
1850 2645 1918 2680 ullo
1941 2645 2173 2688 propemodum
2196 2645 2264 2680 sero
2283 2660 2294 2687 3
2317 2652 2352 2682 in
2376 2659 2441 2683 rer..

1435 2694 1486 2725 tio
1506 2698 1609 2724 autem
1634 2689 1695 2728 sic,
1720 2699 1755 2723 ut
1777 2689 1886 2723 dexter
1908 2689 2037 2732 quidem
2060 2689 2211 2732 sanguine
2234 2691 2343 2733 plenus
2367 2692 2441 2728 ess‘et

1436 2733 1587 2778 grumoso
1596 2757 1609 2773 ,
1631 2745 1704 2767 cum
1716 2732 1834 2767 finister
1857 2733 1946 2774 plane
1958 2731 2096 2767 fluidum
2108 2734 2286 2768 contineret

1438 2777 1538 2820 Qod
1560 2776 1600 2810 ad
1621 2777 1743 2812 collum
1760 2800 1773 2817 ,
1792 2779 1825 2810 &
1846 2775 1949 2810 fauces
1973 2778 2089 2809 attinet
2110 2798 2120 2816 ,
2145 2778 2238 2811 unius
2262 2780 2336 2819 gula
2359 2802 2369 2818 ,
2403 2790 2440 2814 ut

1435 2823 1471 2854 in
1495 2820 1644 2859 thorace,
1668 2822 1713 2852 ita
1736 2820 1784 2853 ibi
1808 2831 1935 2863 quoque
1959 2818 2085 2862 angusta
2108 2842 2121 2860 ,
2144 2822 2177 2854 &
2199 2821 2282 2864 quasi
2306 2824 2442 2858 coustri-

1437 2865 1487 2897 <fta
1510 2873 1598 2902 erat5
1621 2865 1715 2898 unius
1739 2865 1825 2897 intus
1848 2863 2046 2897 inflammata
2071 2874 2080 2895 .·
2105 2862 2252 2906 pharynx
2276 2877 2380 2901 autem
2404 2869 2440 2901 in

1437 2907 1543 2941 tribus
1563 2931 1575 2948 ,
1608 2910 1640 2941 &
1663 2907 1786 2949 Aspera
1810 2909 1922 2939 arteria
1956 2908 1989 2953 ln
2013 2905 2151 2940 totidem
2176 2917 2229 2941 aut
2253 2909 2315 2943 levi
2342 2937 2351 2951 ,
2384 2921 2439 2946 aut

1439 2962 1576 2993 magna,
1600 2959 1654 2984 aut
1678 2953 1712 2984 in
1736 2960 1936 2993 gangraenatn
1957 2961 2022 2992 Jam
2041 2959 2184 2992 vergente
2210 2952 2441 2988 inflammatio-

1437 3005 1474 3027 ne
1498 3002 1673 3036 correptae3
1700 2996 1793 3027 unius
1816 3004 1892 3025 vero
1917 2993 1986 3026 sana
2009 2994 2081 3035 gula
2106 3006 2117 3031 3
2140 2996 2341 3035 quorundam
2365 2998 2439 3032 fau-

1435 3049 1485 3071 ces
1508 3037 1570 3070 fine
1593 3037 1661 3072 ullo
1693 3037 1960 3070 inflammationis
1984 3037 2115 3079 vestigio
2146 3036 2276 3074 fuerunt
2296 3065 2304 3080 ,
2343 3045 2439 3078 unius

1437 3080 1617 3114 membrana
1640 3079 1842 3123 epiglottidis
1862 3079 1997 3121 crispata
2022 3092 2033 3118 3
2066 3081 2161 3114 unius
2185 3081 2299 3123 larynx
2322 3095 2360 3118 ex
2382 3098 2438 3120 ru-

1437 3125 1497 3157 bro
1520 3124 1637 3163 livida,
1661 3124 1694 3155 in
1716 3134 1782 3166 quo
1805 3126 1837 3156 &
1861 3124 1969 3165 lingua
1992 3123 2116 3157 craffior
2139 3126 2266 3158 inventa
2290 3127 2333 3160 est
2357 3152 2370 3169 ,
2403 3133 2437 3163 ὃς

1439 3168 1586 3209 pharynx
1612 3167 1718 3209 spuma
1741 3178 1781 3199 ex
1804 3166 1888 3199 flavo
1898 3167 1994 3200 viridi
2017 3170 2153 3200 omnino
2166 3168 2304 3210 repleta.

1440 3213 1540 3244 Porro
1571 3210 1731 3243 cerebrum
1754 3211 1848 3243 unius
1869 3234 1882 3251 ,
1915 3213 1948 3243 &
1969 3210 2160 3244 cerebellum
2193 3211 2230 3244 ad
2261 3213 2436 3249 siccitatem

1442 3254 1659 3291 inclinabant3
1681 3253 1774 3286 unius
1797 3264 1870 3287 cum
1894 3253 1992 3286 initio
2015 3254 2150 3297 spinalis
2174 3255 2320 3291 medullae
2354 3260 2438 3294 mul-

1438 3307 1474 3331 to
1495 3296 1657 3334 ficciora3
1692 3297 1784 3328 unius
1807 3308 1883 3329 vero
1917 3297 2001 3330 nihil
2029 3297 2145 3331 horum
2176 3301 2277 3342 magis
2321 3301 2438 3338 siccum

1436 3352 1531 3384 quam
1555 3340 1674 3378 soleat3
1697 3340 1774 3381 quin
1798 3341 1914 3381 Optici
1937 3342 2026 3374 nervi
2048 3341 2205 3380 lexioress
2230 3345 2323 3378 unius
2348 3344 2438 3379 deni-

1439 3396 1499 3428 que
1524 3393 1578 3418 aut
1601 3382 1730 3417 alterius
1753 3382 1916 3417 cerebrum
1939 3382 2025 3423 nihil
2048 3383 2162 3419 habuit
2186 3384 2402 3422 adnotandum
2427 3415 2436 3424 .

2036 3438 2038 3441 ’
2348 3432 2394 3465 Et

2042 3442 2046 3448 v
2082 3435 2122 3451 ’.ΕΡ

447 3643 461 3672 (
478 3651 491 3671 q
509 3641 516 3670 l
536 3645 552 3666 1.
569 3642 597 3665 de
614 3638 685 3666 mors.
702 3650 754 3666 carr¹
772 3643 822 3666 rab.
838 3648 858 3666 t.
876 3649 897 3672 3.

450 3674 463 3700 ζ
480 3682 495 3694 ιι
539 3672 597 3695 obs.
616 3680 660 3695 rar.
680 3675 750 3697 Ceut.
770 3681 786 3696 ι.
805 3673 830 3696 in
848 3672 928 3696 schol.
946 3673 974 3696 a«
991 3672 1049 3696 obs.
1067 3680 1121 3696 100.

446 3702 711 3733 (y)sipra,n.23.
774 3703 947 3733 (z)n,27.
1012 3703 1185 3731 (a)n.2o.

966 3642 1017 3671 (r)
1034 3642 1049 3664 l.
1069 3649 1107 3665 ιο,
1123 3641 1180 3666 obf.
1197 3641 1266 3666 Med.
1284 3646 1320 3666 27.
1337 3639 1361 3662 in
1379 3639 1459 3664 schol.

1184 3672 1198 3700 (
1214 3680 1229 3695 x
1246 3671 1254 3702 )
1271 3676 1297 3695 ut
1315 3670 1374 3699 Eph.
1394 3672 1451 3695 Nat.
1469 3671 1527 3695 Cur.
1545 3671 1616 3694 Cent.
1636 3677 1658 3698 9-
1676 3668 1735 3694 Obs.
1754 3678 1793 3700 37.
1809 3670 1832 3694 δι
1848 3670 1902 3695 Ast.
1920 3669 2018 3695 eor-und.
2038 3672 2092 3695 Vol.
2112 3678 2135 3700 5-
2152 3670 2212 3696 ΟΜ.
2230 3679 2254 3704 ς.

1521 3637 1565 3669 (J)
1582 3639 1665 3662 Traib
1681 3638 1710 3662 de
1727 3640 1818 3664 Venen.
1836 3641 1952 3664 Teutam.
1968 3647 1989 3663 2.
2051 3640 2105 3669 (t)
2125 3639 2183 3663 ΟΜ.
2202 3641 2273 3665 Med.
2291 3641 2308 3666 Ι,
2330 3647 2352 3668 1·
2365 3645 2438 3669 nze-¹
