2498 4075
429 200 579 266 Epist.
615 199 775 251 Anat.
809 197 1023 251 Medica.
1060 196 1161 250 IX.
1199 195 1410 248 Art.18.
1456 214 1524 260 ¹9·
1566 196 1619 250 ὃς
1653 210 1729 246 20.

1990 194 2044 245 81

64 278 172 315 lento,
195 278 227 309 δε
249 275 426 311 diuturno.
452 277 541 309 Nam
564 276 649 308 acuti
672 275 779 307 morbi
803 273 868 308 fuit
891 275 979 318 quod
1002 276 1057 308 Pi-
1108 272 1213 317 ipsum
1237 270 1415 313 adduems,
1437 272 1478 306 sic
1500 274 1682 307 invenerat,
1706 278 1742 302 ut
1766 267 1862 302 modo
1884 267 2007 301 dietum
2031 270 2072 303 est
2094 275 2107 301 .'

64 320 160 353 nealis
183 319 330 361 glandula
353 321 458 353 colore
481 328 543 351 erat
569 317 681 355 roseo3
703 317 873 355 diuturni,
904 318 991 359 quod
1015 318 1063 351 fa-

62 363 167 396 ciebas
191 373 253 394 non
277 362 348 396 esset
371 364 551 401 anteriore,
576 365 606 394 &
620 361 790 402 posteriore
804 370 858 398 ,ut
870 361 973 394 videre
984 373 1063 394 con-

64 406 174 445 suevi,
198 404 362 447 depreffis,
386 407 434 439 led
459 404 685 447 turgentibus,
709 415 761 437 aut
785 403 808 436 si
830 404 890 437 hoc
914 408 1011 437 etiam
1025 405 1062 437 ab

69 458 186 489 acum,
212 458 243 480 at
266 460 350 482 certe
375 450 414 481 ab
437 450 525 481 lento
545 446 632 489 quod
655 446 773 480 duritie
797 458 863 479 erat
885 446 1039 489 ejusmodi
1056 466 1084 486 ‚=

67 502 102 525 ut
125 503 159 524 ea
185 502 328 538 percepta
350 496 381 525 Sc
406 492 574 534 suspicatus
597 489 673 529 lim,
695 493 725 522 δε
750 492 852 531 reapse
875 493 956 523 intra
978 491 1067 533 glan-

66 535 175 569 dularn
199 536 329 568 incisam
351 535 454 577 plures
477 535 609 576 exiguos
629 531 713 575 quasi
737 534 873 567 calculos
895 533 1068 576 deprehen-

66 578 169 612 derim
185 592 194 610 .·
219 579 252 610 in
265 579 381 621 quibus
405 588 503 611 unum
528 577 612 609 milii
635 577 726 617 grani
749 577 855 614 mole,
879 575 1064 620 formaque5

67 620 149 655 ossea
172 630 277 654 autem
299 621 441 661 duritie,
466 618 595 665 sortasse
618 622 650 652 δε
673 628 803 660 natura,
827 629 982 662 qnantum
1018 621 1068 652 ni-

67 665 128 698 dor
152 664 272 697 admoti
286 664 455 699 flammula:
469 662 680 696 subindicavit
695 686 701 691 .
835 665 982 706 Denique
997 664 1068 705 Spi-

68 708 134 741 nali
159 708 296 740 medulla
319 720 334 739 a
358 708 468 740 cranio
491 706 528 738 ad
552 706 715 749 quinstam
739 706 834 748 usque
846 706 986 739 thoracis
998 718 1067 739 ver-

67 751 189 784 tebram
211 751 379 793 diligenter
402 750 542 791 inspecla
556 775 565 789 ‚
586 749 655 781 vasa
680 748 855 791 sanguisera
878 749 946 782 vidi
978 761 1065 792 quae-

68 806 191 837 cunque
216 805 271 836 p-er
294 792 359 835 ejus
384 795 528 827 Tenuem
551 793 732 834 meningen]
756 792 962 832 discurrunt,
996 793 1064 825 san-

68 839 175 876 guinis
198 837 275 870 adeo
297 838 410 878 plena,
434 838 467 868 in
492 835 572 868 facie
595 836 753 877 praecipue
775 835 967 877 posteriore,
988 848 1066 878 qua-

69 877 90 915 li
116 881 154 913 ab
177 879 290 923 injecta
315 879 488 913 rubicunda
513 880 641 911 materia
665 877 791 912 fuissent
814 879 1072 921 praetermodum

69 925 222 959 distenta.
251 921 309 955 Sed
332 927 363 956 ἃ
388 922 564 965 {anguifera
598 921 719 954 vascula
752 935 790 955 ex
821 923 862 954 iis
893 933 962 963 quae
999 923 1070 964 Spi-

69 968 154 1002 nales
178 977 287 999 nervos
307 989 319 1005 ,
363 966 535 1009 przesertim
567 965 721 1008 quosdam
740 990 749 1006 ,
783 964 937 1007 stipabant
961 986 970 1001 ‚
1002 975 1070 998 turu

70 1010 198 1054 gidiora
222 1009 369 1052 sanguine
394 1009 623 1043 animadverti.
755 1010 911 1042 Ventrem
935 1018 998 1040 non
1023 1017 1070 1041 at-

70 1064 105 1087 ti·
122 1065 132 1086 ι
146 1079 152 1085 .

100 1066 166 1130 g18.
195 1097 295 1134 Quod
319 1097 509 1138 pulmonum
533 1096 624 1130 Iobus
649 1096 814 1138 praedurus
837 1094 962 1136 fuerit,
985 1094 1070 1127 nihil

76 1141 115 1175 ad
139 1140 341 1174 noviffimum
366 1141 481 1172 attinet
507 1140 655 1173 morbum
672 1165 681 1179 ,
705 1141 828 1182 inquo
850 1139 936 1172 nulla
959 1139 1069 1171 vitiati

71 1183 138 1226 ejus
161 1184 288 1217 visceris
311 1182 432 1216 indicia
458 1184 526 1216 sunt
541 1182 773 1216 animadversa.
801 1182 930 1215 Scilicet
942 1182 1072 1215 alterius

72 1227 205 1267 morbi,
228 1230 259 1259 δι’
283 1226 413 1270 quidem
437 1228 563 1270 gravis,
595 1235 650 1259 aut
675 1226 818 1269 reliquiae
852 1226 915 1259 illa:
949 1235 1036 1258 erant
1060 1249 1072 1264 ,

73 1280 126 1304 aut
152 1268 379 1311 fundamenta,
402 1271 535 1303 minime
559 1272 592 1302 in
629 1268 750 1302 lanario
783 1269 926 1301 miranda
949 1293 955 1300 .
991 1270 1069 1301 Hoc

70 1315 155 1347 enim
180 1312 348 1355 Opificum
372 1325 469 1356 genus
492 1325 529 1345 ex
554 1311 760 1355 pulmonibus
784 1312 1071 1354 plerumquclabo-

72 1369 138 1391 rare
154 1383 162 1396 ,
187 1366 280 1400 atque
303 1356 383 1389 adeo
406 1357 480 1389 inde
504 1357 590 1389 mori
613 1355 828 1397 saepenumero
846 1378 858 1395 ,
889 1356 1033 1389 videmus
1057 1367 1068 1393 5

72 1402 192 1443 quippe
215 1401 271 1442 qui
295 1401 370 1432 oleo
404 1398 548 1439 sordidi,
570 1410 763 1441 gravemque
799 1397 895 1441 hujus
928 1398 1069 1432 halitum

70 1446 155 1477 inter
179 1443 395 1486 respirandum
418 1444 634 1485 excipientes,
666 1443 698 1474 in
733 1440 932 1484 hypocaustis
966 1443 1068 1474 vitam

71 1487 136 1521 fere
161 1488 238 1520 nudi
261 1486 405 1529 degunt,
429 1498 467 1518 ex
490 1485 590 1528 iisque
614 1484 744 1518 subinde
769 1485 905 1517 calentes
936 1493 1071 1525 exeunt,

72 1534 104 1564 ἃ
128 1529 282 1563 seminudi
308 1542 340 1562 in
366 1530 534 1572 publicum
558 1528 735 1571 prodeunt.
762 1530 834 1561 Nec
859 1540 934 1560 vero
968 1530 1070 1570 magis

71 1574 110 1608 ad
133 1574 282 1607 ultimam
305 1573 550 1615 aegrotationem
574 1573 771 1604 attinuerunt
794 1571 1074 1613 corpusculaintra

71 1616 256 1659 glandulam
281 1617 438 1648 Pinealem
464 1624 586 1657 reperta
601 1639 611 1652 ,
634 1614 695 1647 live
720 1614 776 1646 illa
790 1614 929 1659 calculi,
952 1614 1003 1648 seu
1016 1627 1075 1655 po-

72 1662 159 1700 tius,
183 1662 216 1692 in
241 1660 296 1692 hac
320 1658 471 1701 quidem,
498 1658 624 1691 officula
649 1658 779 1691 fuerunt
804 1657 974 1691 secundum
998 1659 1074 1691 alias

71 1707 150 1743 (m)
175 1712 383 1736 memoratam
410 1701 551 1742 Sclreidii
577 1701 783 1734 sententiam.
823 1700 944 1735 Roseus
968 1711 1074 1735 autem

71 1745 209 1790 ejusdem
231 1744 388 1788 glandula*
413 1745 504 1778 color
529 1745 566 1777 ab
588 1745 695 1778 eadem
718 1742 844 1777 videtur
865 1743 1075 1784 fuiffecausa,

71 1803 88 1823 a
109 1801 168 1832 qua
193 1792 227 1821 in
252 1790 360 1822 Tenui
382 1790 548 1830 meninge,
572 1789 639 1821 imo
664 1790 698 1821 in
722 1789 871 1830 proximo
888 1800 1075 1831 annexoque

69 1832 165 1877 plexu
188 1831 356 1865 Choroide
381 1832 541 1865 novillime
566 1831 689 1874 sanguis
715 1830 852 1864 restitit.
876 1832 959 1873 Qae
984 1831 1075 1865 causa

72 1888 110 1909 an
134 1874 298 1909 convulsio
322 1875 386 1910 fuit
410 1887 479 1918 quae
503 1871 613 1908 Tenui
648 1875 785 1916 crispata
820 1877 967 1917 meninge
1005 1876 1076 1909 san-

70 1918 194 1963 guifera
217 1918 287 1952 vasa
311 1917 364 1952 hic
388 1919 458 1952 illic
482 1920 647 1952 arctaverit
664 1942 673 1957 ,
699 1927 735 1951 ut
759 1917 806 1950 ibi
830 1917 992 1961 sanguinis
1003 1930 1076 1953 cur-

73 1963 108 1996 su
131 1961 281 2003 tardato,
306 1964 447 2004 proximi
473 1962 619 1995 vasorum
646 1963 729 1995 rami
740 1962 1076 1995 distenderentur?vi-

72 2005 126 2039 des
149 2007 252 2043 enim,
275 2004 360 2039 idem
384 2005 526 2039 accidisse
552 2007 633 2038 circa
658 2004 830 2038 medullam
846 2006 1004 2048 Spinalem
1015 2018 1077 2049 qna

70 2060 161 2093 parte
184 2050 311 2087 nervis,
337 2051 394 2093 qui
417 2050 702 2089 convellebantur,
737 2049 960 2083 Braclrialibus
993 2055 1076 2083 certe

71 2093 250 2135 prospicit:
274 2095 343 2126 imo
366 2093 479 2133 vides,
501 2094 535 2125 in
559 2093 717 2135 superiore
739 2104 866 2135 quoque
890 2094 962 2126 viro
985 2098 998 2133 (
1020 2104 1038 2126 n
1062 2097 1076 2133 )

69 2135 201 2169 eandem
223 2135 367 2169 vasorum
393 2136 614 2171 distentionem
637 2137 759 2169 circum
791 2137 923 2168 alterum
957 2137 1075 2169 cerebri

71 2177 333 2222 hemisphaerium
359 2179 475 2213 fuill'e:
501 2180 588 2222 quod
613 2191 780 2218 memoro,
803 2191 840 2212 ne
865 2181 898 2211 in
922 2180 985 2213 hoc
1012 2181 1076 2223 Ju-

70 2233 148 2256 vene
171 2222 209 2255 ad
232 2221 266 2255 id
289 2222 377 2265 quod
401 2222 613 2264 praecesserat,
639 2222 788 2255 delirium
813 2222 981 2255 dumtaxat
996 2221 1076 2254 refe-

70 2277 141 2300 ras.
163 2267 323 2299 Attamen
346 2276 419 2299 cum
442 2267 575 2297 minime
588 2265 732 2304 constet,
757 2274 827 2297 ante
839 2266 989 2299 delirium
1001 2265 1080 2299 fuis-

74 2309 104 2341 se
128 2307 388 2348 convulfionem,
412 2307 588 2351 poffintqne
612 2306 678 2340 vasa
704 2309 922 2346 amorienffis,
947 2312 1080 2342 &rnor-

76 2353 126 2385 tui
151 2351 300 2384 decubitu
325 2363 359 2384 ac
383 2350 489 2393 positu
519 2352 550 2383 in
583 2353 677 2384 certis
709 2351 898 2393 quibusdam
930 2352 1071 2394 partibus

72 2397 185 2439 potius
207 2405 301 2437 quam
326 2396 360 2427 in
385 2395 477 2433 aliis,
501 2406 515 2426 a
542 2394 641 2428 fluido
656 2394 805 2436 sanguine
816 2394 974 2434 distendi7·
996 2395 1073 2435 hic,

73 2439 215 2481 opinor,
238 2438 396 2480 praestabit
422 2448 536 2479 ponere
562 2438 593 2470 id
617 2437 705 2480 quod
728 2438 848 2471 multus
872 2438 998 2480 sanguis
1023 2441 1074 2470 in-

73 2483 183 2521 dicat,
206 2482 261 2523 qui
285 2492 323 2513 ex
345 2480 420 2512 colli
444 2478 520 2512 vasis
537 2479 741 2525 defluxerat,
765 2485 796 2513 &c
821 2482 912 2515 rubra
925 2483 981 2514 illa
994 2494 1075 2524 pun—

73 2526 125 2559 fta
147 2536 217 2567 quae
241 2523 419 2566 ubicunque
441 2523 566 2569 cerebri
585 2524 687 2557 albam
712 2524 914 2559 substantiam
937 2525 1073 2564 secares,

75 2566 292 2610 apparebant,
314 2577 354 2600 u>
374 2578 452 2599 mox
483 2568 517 2598 in
552 2570 732 2610 sanguineas
766 2578 872 2611 guttas
906 2569 934 2602 se
964 2569 1082 2602 dilata-

73 2612 171 2651 bant,
194 2609 340 2656 videlicet
363 2611 472 2643 omnia
497 2612 615 2644 cerebri
640 2610 709 2643 vasa
725 2636 737 2652 ,
759 2624 954 2655 quaecunque
965 2612 997 2645 id
1007 2625 1083 2646 cau-

74 2655 104 2688 sa
127 2653 271 2693 fecisset,
294 2651 387 2687 fuisse
421 2653 571 2695 sanguine
603 2654 766 2687 distenta.
805 2656 873 2693 Qui
911 2656 987 2689 dum
1018 2655 1077 2689 sibi

74 2710 127 2740 per
152 2697 326 2730 tenuissima
349 2697 404 2730 illa
426 2697 548 2730 vascula
574 2697 766 2740 amplificare
792 2698 845 2732 hic
871 2700 939 2732 illic
951 2701 1077 2732 viasin-

72 2741 186 2784 cepit,
209 2740 339 2773 turbato
361 2741 394 2773 in
418 2742 575 2783 proximis
598 2741 827 2776 medullaribus
858 2743 948 2776 fibris
984 2742 1077 2785 spiri-

74 2795 167 2818 tuum
191 2793 282 2817 motu
309 2782 457 2817 delirium
492 2784 618 2818 videtur
652 2784 829 2825 excitasse,
862 2787 965 2828 postca
998 2798 1077 2818 vero

73 2838 170 2871 quam
194 2839 227 2859 ea
249 2828 340 2868 copia
365 2827 502 2870 aggestus
524 2828 589 2869 est,
612 2837 647 2861 ut
674 2829 766 2862 fibras
802 2831 871 2862 illas
903 2830 1075 2870 premendo

74 2870 271 2913 gravandove
295 2872 393 2913 magis
417 2870 578 2914 magisque
602 2872 851 2914 constringeret,
890 2872 1034 2915 soporem
1059 2895 1072 2911 ,

75 2918 108 2948 δι’
155 2913 288 2956 denique
324 2923 457 2948 mortem
492 2913 629 2948 attulisse
654 2940 662 2949 .
694 2916 796 2949 Fmffe
837 2926 944 2950 autern
979 2915 1072 2950 simui

76 2969 191 3000 aquam
216 2957 348 2989 multam
373 2958 547 3000 praesertim
571 2960 655 2991 circa
679 2959 851 2993 medullam
876 2961 1036 3002 Spinalem
1061 2983 1074 3000 ,

74 2999 196 3047 constat
211 3026 219 3041 ‚
244 2998 369 3033 fortasse
392 3002 434 3033 ob
456 3001 638 3044 sanguinem
664 3001 715 3036 sua
739 3001 796 3035 fibi
820 3004 914 3046 copia
947 3014 1073 3036 moram

75 3045 302 3086 injicientem,
327 3043 373 3075 vel
398 3044 435 3076 ab
458 3046 558 3078 initio
591 3046 807 3087 congestionis
832 3070 844 3085 ,
876 3043 1004 3080 effusam
1039 3048 1073 3079 in

74 3099 137 3131 qna
161 3086 328 3120 secundum
354 3097 526 3121 memorata
549 3098 636 3121 antea
659 3091 672 3128 (
694 3102 711 3123 o
733 3094 746 3130 )
768 3091 909 3132 exempla
930 3091 998 3123 vim
1011 3101 1077 3122 me-

75 3133 184 3173 ninges
207 3130 397 3168 vellicandi,
422 3131 570 3165 leviorem
595 3142 699 3165 tamen
734 3144 831 3177 quam
863 3134 896 3165 in
929 3135 1000 3168 vira]
1037 3133 1076 3167 de

74 3185 140 3216 quo
163 3183 234 3207 ante
254 3174 377 3207 dicium
396 3174 465 3214 rest,
489 3175 661 3219 suspicari,
684 3176 767 3210 nibil
781 3186 866 3210 vetat
880 3200 891 3216 ,
914 3180 946 3210 &
961 3189 994 3210 ea
1006 3189 1076 3219 qua:

75 3220 166 3259 supra
187 3220 242 3259 (p
263 3221 277 3257 )
296 3216 440 3266 'indicata
462 3217 523 3259 est,
548 3222 670 3254 ratione
691 3223 745 3263 qui
768 3219 942 3254 convulfivi
967 3219 1076 3253 fierent

75 3270 205 3301 motus,
227 3272 384 3302 conjicere
395 3263 406 3292 ”.

122 3314 168 3345 19.
195 3304 401 3348 BAJULUS
426 3303 535 3345 senex,
557 3316 640 3340 certe
663 3312 782 3348 canus,
806 3308 839 3341 in
863 3306 947 3341 idem
971 3306 1079 3340 Noso-

75 3349 220 3381 comium
244 3348 353 3381 illatus
375 3346 478 3381 fuerat
502 3350 654 3384 Kalendis
687 3352 869 3385 Februariis
904 3362 987 3383 anno
1021 3362 1078 3383 eo-

74 3391 145 3436 dem
172 3401 263 3434 1745.
288 3389 351 3433 jam
377 3391 439 3424 {ine
463 3391 611 3434 loquela,
635 3394 912 3438 &propemodum
926 3394 992 3427 line
1003 3394 1076 3437 pul-

75 3433 178 3472 sibus,
203 3445 234 3467 at
257 3445 321 3467 non
344 3433 407 3467 fine
431 3436 570 3469 motibus
592 3438 800 3472 convuliivis.
828 3440 940 3481 Itaque
964 3436 1078 3470 eodem

75 3476 125 3509 die
148 3487 294 3511 mortuus
319 3477 380 3511 est.
404 3478 475 3510 Nec
499 3478 645 3520 plurade
680 3481 747 3524 ejus
770 3483 887 3515 morbo
925 3480 1001 3513 scire
1034 3481 1077 3513 li-

75 3521 142 3553 cuit
166 3531 330 3564 propterea
354 3520 442 3563 quod
465 3521 571 3555 nullus
596 3534 664 3556 eum
688 3526 777 3558 domi
810 3524 959 3557 inviserat
992 3523 1075 3557 Chi-

75 3573 206 3607 rurgus,
229 3574 282 3597 aut
308 3563 453 3598 Medicus
476 3574 590 3606 praeter
612 3577 712 3600 unum
734 3569 789 3610 qui
814 3568 910 3610 paulo
933 3577 1004 3601 ante
1036 3567 1075 3602 ad

160 3609 325 3651 Morgagni
335 3609 370 3642 de
380 3608 446 3641 Sed.
460 3609 502 3641 Θ
513 3608 602 3651 Caras.
614 3610 715 3643 Morb.
729 3612 828 3644 Tom.
845 3614 872 3645 Ι.

1239 316 1469 350 CADAVER
1512 317 1546 348 in
1592 311 1805 355 Gymnasium
1850 313 2067 351 importarunt
2101 325 2115 342 ³

1122 361 1260 402 quippe,
1286 357 1345 390 nifi
1366 359 1452 400 quod
1476 359 1593 401 palmas
1616 355 1748 389 habebat
1771 355 1927 388 oedemate
1959 353 2118 401 submmi-

1122 403 1248 441 midas,
1270 400 1428 434 summurn
1451 410 1555 443 autem
1579 401 1685 443 peetus
1715 401 1820 431 minus
1853 398 1956 431 altum
1991 409 2008 430 a
2042 398 2118 430 lmi-

1121 446 1192 479 stris
1214 455 1310 486 quam
1343 456 1358 476 a
1382 444 1519 484 dextris,
1547 453 1657 477 caetera
1691 441 1841 474 idoneum
1874 440 1976 474 visum
2007 441 2048 474 est
2066 440 2119 487 ‘ad

1118 493 1331 526 Anatomen‚
1353 499 1450 529 quarn
1483 498 1553 521 tum
1585 486 1769 525 docebam,
1802 495 1953 525 magnum
1988 484 2121 526 praeser-

1119 535 1180 565 tim
1203 555 1212 570 ,
1237 533 1270 563 &
1293 530 1498 564 lacertosum.
1524 532 1604 564 Haec
1627 539 1731 562 tamen
1752 538 1822 570 quae
1845 526 1971 565 dicam,
1997 527 2034 559 ab
2065 539 2122 560 na-

1119 587 1198 609 turae
1222 573 1321 606 modo
1343 573 1413 616 plus
1435 574 1576 609 minusve
1599 572 1803 607 recedebant.
1937 572 1974 602 In
1998 571 2118 603 Ventre

1118 618 1206 662 jecur
1227 615 1443 651 duriusculum
1458 641 1471 658 ‚
1493 620 1580 651 intus
1607 625 1756 658 extraque
1779 625 1817 646 ex
1841 612 1970 646 subalbo
1987 638 1995 651 ‚
2018 614 2121 645 &ob-

1120 663 1217 694 solete
1239 661 1321 695 flavo
1344 662 1566 702 variegatum‚
1591 659 1724 693 velicula
1749 658 1839 703 plena
1863 656 1999 702 bilis-ex
2022 655 2121 690 viridi

1121 703 1335 739 flavescentis.
1361 704 1441 736 Lien
1467 715 1620 746 magnus,
1645 701 1875 744 turgidusque.-
1899 710 1988 740 cujus
2020 709 2122 732 mern-

1118 749 1213 781 brana
1236 749 1269 780 in
1298 745 1380 779 facie
1402 758 1539 783 convexa
1566 747 1707 789 squamas
1740 744 1852 777 habuit
1885 741 1979 775 osseas
2011 742 2088 788 duas
2109 765 2123 781 ,

1117 803 1249 833 quarum
1275 791 1371 823 altera
1381 791 1503 823 nonita
1513 801 1629 832 parva3
1655 798 1685 821 at
1699 787 1866 821 substantia
1884 809 1892 823 ,
1914 789 2058 827 quamvis
2072 786 2123 817 lo-

1124 837 1186 868 lito
1209 835 1341 873 colore,
1365 834 1463 866 nimis
1487 842 1592 866 tamen
1616 834 1708 871 laxa,
1731 835 1762 864 &
1786 831 1886 872 pultis
1909 827 2022 861 instar.
2059 829 2123 876 Re7

1122 890 1200 912 num
1225 879 1303 910 alter
1326 877 1453 910 meliori
1478 875 1543 917 jure
1565 887 1659 919 quam
1684 875 1759 907 alias
1783 887 1798 905 a
1823 884 1886 905 non
1919 873 2025 913 paucis
2057 871 2124 904 fieri

1122 923 1227 960 solet,
1251 920 1353 963 figura
1376 929 1500 962 poterat
1522 931 1596 952 cum
1619 918 1703 951 folio
1726 918 1801 950 asari
1825 916 2025 958 comparari5
2040 915 2125 948 mul-

1122 977 1160 998 to
1181 966 1267 997 enim
1290 973 1355 997 erat
1380 964 1481 995 altero
1503 964 1654 1001 brevior,
1678 960 1837 1003 magisque
1871 960 1905 991 in
1939 957 1967 990 se
1998 968 2126 991 contra-

1125 1011 1219 1047 ἕως,
1243 1016 1334 1048 atque
1360 1016 1509 1040 curvatus
1529 1031 1537 1039 .
1561 1005 1709 1038 Habebat
1742 1013 1891 1046 praeterea
1925 1012 1988 1034 non
2024 1002 2125 1035 modo

1127 1062 1256 1094 parvam
1281 1053 1313 1082 in
1336 1049 1461 1083 summo
1483 1048 1695 1090 hydatidem,
1720 1046 1771 1080 sed
1794 1048 1891 1078 etiam
1915 1044 1972 1078 sub
1995 1046 2126 1087 propria

1126 1096 1180 1129 sua
1202 1093 1382 1127 membrana
1406 1093 1446 1125 ad
1468 1101 1643 1125 extremum
1667 1092 1801 1123 alterum
1824 1090 1900 1122 duas
1922 1098 2030 1120 caveas
2062 1099 2129 1121 non

1126 1148 1258 1181 parvas,
1282 1135 1429 1169 humoris
1453 1136 1559 1177 plenas
1581 1157 1591 1173 ,
1624 1134 1732 1177 quales
1764 1144 1823 1174 ego
1856 1133 1890 1163 in
1924 1129 2126 1163 Adversariis

1127 1184 1180 1223 (q
1202 1184 1216 1220 )
1238 1178 1405 1221 descripsi,
1430 1181 1461 1211 ἃ
1485 1175 1645 1210 Willifius
1667 1187 1817 1220 quoque,
1840 1184 1876 1222 ut
1903 1175 1936 1206 in
1969 1172 2024 1206 ista
2060 1173 2129 1215 ipsa

1127 1223 1328 1265 Sepulchreti
1354 1223 1500 1255 Seffione
1523 1224 1536 1260 (
1559 1231 1574 1253 r
1597 1224 1608 1258 )
1631 1221 1717 1255 vides
1741 1244 1749 1251 .
1786 1218 1895 1252 Vesica
1919 1227 1993 1250 cum
2016 1217 2129 1250 inflata

1124 1266 1221 1307 esset,
1243 1267 1377 1310 figuram
1400 1265 1531 1308 quidem
1555 1263 1691 1298 ostendit
1725 1275 1741 1296 a
1756 1273 1806 1295 me
1830 1266 1839 1300 (
1858 1261 1910 1303 s)
1933 1260 2130 1293 animadver-

1124 1312 1211 1349 sam5
1235 1320 1266 1342 at
1290 1310 1477 1350 parvitatem
1501 1306 1615 1348 simul,
1639 1308 1672 1341 in
1696 1315 1786 1339 tanto
1808 1315 1940 1346 corpore
1964 1304 2127 1337 admiran-

1125 1354 1219 1390 dam,
1244 1352 1302 1386 nisi
1326 1351 1497 1386 incidendo
1514 1377 1523 1391 ,
1546 1350 1639 1384 valde
1660 1349 1762 1384 craffis
1786 1347 1960 1392 parietibus
1983 1372 1994 1388 ,
2027 1359 2129 1389 eoque

1124 1409 1190 1431 non
1215 1399 1261 1429 ita
1284 1396 1379 1430 facile
1403 1394 1610 1430 extendendis
1635 1392 1813 1437 reperissem
1837 1404 1850 1432 ,·
1883 1400 1918 1425 ut
1944 1414 1952 1428 ‚
1983 1392 2130 1434 quamvis

1125 1451 1236 1473 caetera
1261 1440 1332 1473 sana
1352 1438 1450 1478 esset,
1474 1440 1556 1471 vitio
1580 1439 1687 1481 aliquo
1702 1462 1709 1476 ,
1733 1437 1771 1470 ad
1795 1437 1918 1481 urinam
1952 1436 2131 1475 attinente,

1124 1482 1272 1518 Jaboraffe
1296 1483 1481 1521 hominem,
1503 1494 1542 1515 ex
1564 1480 1615 1515 his
1639 1492 1709 1524 quae
1731 1480 1816 1514 dicta
1842 1482 1937 1518 lunt,
1971 1478 2135 1520 intellige-

1127 1540 1215 1562 rem.
1348 1527 1477 1559 Peetore
1502 1525 1754 1567 integumentis,
1778 1525 1810 1555 &
1834 1520 1984 1568 musculis
2010 1531 2139 1562 exuto,

1128 1570 1332 1605 manifestum
1355 1569 1439 1609 fuit,
1464 1568 1621 1602 summum
1645 1567 1783 1601 sternum
1802 1578 1831 1603 *a
1863 1563 1995 1598 hnistris
2029 1566 2134 1599 minus

1129 1616 1193 1647 alte
1215 1614 1349 1655 produci
1382 1623 1476 1655 quam
1510 1623 1529 1645 a
1559 1611 1679 1645 dextris
1701 1635 1714 1651 ,
1746 1609 1961 1651 finisti-amque
1993 1609 2135 1643 clavicu-

1128 1660 1193 1691 lam
1215 1656 1349 1691 inferius
1373 1665 1562 1698 propterea,
1585 1667 1680 1698 quam
1703 1653 1864 1687 dexteram
1879 1675 1888 1690 ,
1922 1664 1995 1686 cum
2030 1653 2134 1687 sterno

1127 1702 1319 1740 committi;
1352 1708 1387 1732 ut
1420 1698 1461 1732 fic
1495 1700 1602 1741 potins
1636 1699 1675 1732 ab
1717 1708 1810 1732 utero
1853 1695 1943 1729 fuisse
1975 1719 1985 1735 ,
2028 1697 2136 1731 crede-

1128 1757 1198 1783 ies,
1221 1755 1317 1787 quarn
1341 1755 1379 1775 ex
1403 1755 1440 1775 eo
1462 1742 1549 1784 quod
1575 1754 1650 1784 puer
1674 1742 1832 1775 sinistrum
1856 1739 2024 1774 humerum
2064 1753 2139 1784 gra-

1128 1788 1272 1821 vioribus
1295 1785 1468 1828 subjecisset
1491 1787 1641 1819 oneribus
1656 1810 1663 1817 .
1689 1785 1858 1819 Pulmones
1882 1795 1898 1816 a
1920 1793 2036 1827 tergo,
2071 1795 2137 1817 non

1129 1833 1276 1865 rubentes
1301 1829 1419 1869 modo,
1445 1829 1532 1873 quod
1557 1829 1683 1869 solent,
1706 1828 1758 1863 sed
1780 1831 1812 1861 &
1834 1827 1976 1861 duriores
1988 1826 2139 1866 suerunt,

1128 1876 1280 1910 haftmus
1303 1884 1432 1913 tamen,
1456 1882 1491 1906 ut
1516 1873 1673 1915 praeteriti
1697 1874 1776 1906 olim
1799 1871 1905 1904 morbi
1942 1869 2101 1905 indicium
2125 1895 2134 1908 ‚

1128 1928 1211 1953 certe
1236 1930 1297 1951 non
1322 1917 1433 1951 ultimi
1457 1916 1576 1957 hujus,
1600 1915 1739 1949 facerent
1764 1941 1771 1948 .
1796 1917 1862 1948 Eos
1887 1914 1964 1948 dum
1991 1927 2006 1947 a
2031 1915 2139 1949 fronte

1129 1962 1329 2001 contuebar,
1353 1972 1418 1993 rem
1450 1959 1658 1993 animadverti
1692 1971 1787 2003 qnam
1822 1969 1983 2002 nunquam
2017 1969 2104 1993 antea
2128 1985 2142 1992 .,

1130 2009 1220 2041 lnter
1243 2005 1388 2039 dexteros
1413 2004 1498 2037 enim
1521 2003 1613 2037 lobos
1631 2003 1853 2045 superiorem,
1878 2012 1970 2046 atque
1998 2003 2141 2038 inferio-

1130 2063 1195 2084 rem
1211 2074 1219 2088 ,
1247 2059 1365 2091 corpus
1389 2056 1455 2081 erat
1479 2046 1710 2090 interjectum,
1734 2049 1837 2081 latum
1862 2046 2107 2090 sesquidigitum
2126 2070 2139 2087 ‚

1129 2096 1262 2137 longum
1285 2102 1348 2125 tres
1370 2092 1493 2134 digitos
1515 2114 1524 2130 ,
1560 2101 1739 2134 quatuorve
1761 2116 1773 2132 ,
1809 2089 1916 2124 album
1938 2113 1947 2128 ‚
1980 2091 2066 2135 quasi
2102 2103 2141 2124 cx

1130 2136 1324 2179 pinguedine
1336 2136 1493 2168 constaret
1506 2158 1515 2172 ‚
1538 2134 1729 2169 membranis
1741 2132 1931 2178 quibusdam
1943 2135 2117 2179 intercepta
2128 2159 2140 2165 -

1132 2181 1190 2213 Sed
1213 2181 1402 2221 diligentius
1436 2178 1660 2221 perscrutando
1694 2189 1770 2213 cnm
1807 2189 1910 2211 ramos
1943 2180 2030 2211 intus
2068 2189 2141 2221 per-

1132 2223 1283 2265 spicerem
1307 2234 1346 2254 ex
1369 2222 1473 2255 solitis
1492 2223 1707 2264 cartilagineis
1730 2221 1837 2256 frustis
1859 2222 2045 2265 compaetos
2063 2245 2074 2262 ,
2107 2224 2141 2254 ἅτ

1133 2268 1266 2300 dextero
1289 2265 1447 2298 bronchio
1470 2265 1597 2298 demum
1621 2276 1779 2305 annexos,
1806 2274 1898 2307 atque
1923 2265 2001 2297 adeo
2034 2266 2144 2298 conti-

1133 2320 1247 2343 nuatos
1269 2321 1282 2348 5
1303 2309 1394 2351 plane
1425 2309 1568 2341 intellexi
1594 2332 1610 2348 ,‚
1640 2307 1730 2341 fuisse
1763 2309 1844 2341 olim
1878 2309 2012 2341 tertium
2046 2309 2142 2342 illum

1133 2365 1267 2396 parvum
1292 2375 1303 2392 ,
1336 2351 1396 2383 five
1420 2352 1559 2385 medium
1585 2352 1706 2384 dexteri
1731 2352 1894 2393 pulmonis
1916 2352 2029 2385 loburn
2045 2376 2058 2393 ,
2083 2354 2140 2395 qui

1124 2398 1253 2440 postea,
1274 2407 1467 2438 quaecunque
1491 2394 1595 2429 fuisset
1618 2394 1731 2435 causa,
1754 2394 1839 2436 quali
1862 2393 1986 2428 effoetus
2000 2419 2013 2436 ,
2045 2406 2140 2438 atque

1130 2449 1319 2479 emortuus,
1345 2440 1391 2470 ita
1415 2438 1643 2478 substantiam,
1667 2438 1800 2480 vasaque
1824 2439 1875 2472 sua
1898 2438 2106 2472 contraxisset
2126 2465 2142 2481 5

1129 2493 1166 2517 ut
1190 2494 1289 2524 neque
1311 2482 1441 2522 colore,
1464 2494 1563 2525 neque
1577 2482 1716 2514 mollitie
1732 2503 1740 2518 ,
1765 2493 1862 2524 neque
1886 2481 2041 2515 structura
2067 2485 2139 2526 pul-

1135 2537 1262 2559 monem
1294 2525 1433 2567 amplius
1464 2525 1593 2559 referret
1613 2549 1620 2556 .
1656 2527 1744 2557 Intra
1779 2525 1994 2568 pericardium
2025 2526 2137 2561 durius

1135 2581 1230 2613 quam
1256 2570 1375 2604 soleat,
1411 2580 1467 2602 cor
1500 2579 1566 2602 erat
1602 2567 1796 2610 pinguedine
1831 2579 1980 2611 opertum
2006 2582 2015 2600 .·
2047 2570 2137 2613 cujus

1136 2613 1271 2646 valvulae
1297 2613 1504 2655 Triculpides
1528 2637 1540 2653 ,
1575 2615 1606 2645 ἅ
1640 2612 1789 2645 Mitrales
1824 2624 1893 2645 oras
1926 2614 2006 2646 imas
2042 2612 2138 2648 habe„

1131 2658 1232 2696 bant,
1257 2665 1291 2689 ut
1316 2655 1392 2698 saepe
1417 2657 1491 2689 alias
1515 2655 1607 2693 vidi,
1629 2656 1812 2696 crassiores,
1837 2656 2005 2696 duriores,
2030 2660 2060 2689 ὃς
2094 2659 2138 2691 le-

1130 2703 1215 2733 viter
1242 2698 1294 2732 hic
1316 2700 1387 2732 illic
1412 2699 1499 2746 quali
1524 2698 1688 2742 glandulis
1724 2699 1888 2733 tuberosas
1912 2713 1920 2736 3
1960 2701 2139 2735 Semne-nae

1131 2756 1178 2777 res
1203 2752 1306 2777 autem
1330 2754 1394 2776 non
1419 2744 1522 2777 solnm
1546 2744 1599 2777 hic
1624 2744 1691 2776 illic
1713 2753 1801 2777 erant
1824 2743 1936 2783 durae,
1960 2743 2008 2777 sed
2024 2746 2138 2787 &qui-

1129 2786 1263 2821 busdam
1289 2788 1369 2820 Iocis
1390 2786 1499 2825 osseam
1523 2797 1560 2820 ut
1585 2787 1691 2820 minus
1714 2787 1819 2832 postea
1845 2788 1963 2820 mirum
1999 2786 2099 2821 fuerit
2123 2814 2136 2829 ,

1129 2833 1163 2864 in
1187 2831 1267 2864 facie
1293 2832 1415 2863 interna
1440 2831 1561 2864 arteriae
1584 2831 1714 2873 Magnae
1745 2840 1815 2865 tum
1847 2831 1995 2874 proxima
2020 2854 2032 2871 ,
2067 2841 2137 2867 tum

1130 2875 1225 2917 longe
1257 2884 1405 2914 remota,
1429 2875 1577 2906 videlicet
1602 2874 1636 2906 in
1659 2874 1769 2907 Iliacis
1792 2874 1910 2917 usque,
1936 2874 2057 2910 albidas
2070 2888 2139 2909 ma-

1127 2919 1212 2952 culas
1234 2916 1298 2951 huc
1323 2918 1397 2951 illuc
1425 2916 1569 2959 disjectas
1591 2916 1776 2957 occurrisse,
1801 2918 1916 2953 futurae
1949 2920 2033 2952 olim
2065 2918 2151 2952 0ffi-‘

1125 2963 1288 2995 ficationis
1308 2962 1448 2994 indicia.
1475 2964 1607 3004 Septum
1631 2961 1884 3004 Transversum,
1916 2971 1987 2995 utra
2021 2962 2132 2996 liberet

1125 3005 1206 3038 facie
1230 3005 1397 3047 inspiceres
1421 3004 1480 3036 live
1503 3006 1536 3037 in
1562 3003 1612 3037 sua
1635 3004 1702 3038 sede
1728 3028 1742 3045 ,
1774 3005 1836 3039 five
1869 3018 1907 3040 ex
1941 3006 2000 3040 hac
2034 3006 2137 3040 detra-

1129 3050 1237 3088 ξὶυῐη,
1259 3049 1394 3080 omnino
1418 3046 1552 3081 habebat
1578 3047 1722 3083 foramen
1746 3060 1799 3091 per
1821 3049 1910 3093 quod
1933 3051 2007 3093 gula
2044 3050 2135 3093 traji-

1130 3093 1235 3132 citur,
1260 3092 1364 3125 multo
1387 3102 1481 3133 quam
1507 3092 1625 3134 soleat,
1650 3091 1798 3133 brevius,
1822 3103 1857 3126 ut
1892 3104 2052 3137 nunquam
2089 3095 2130 3127 lic

1129 3134 1240 3169 vidisse
1273 3135 1472 3167 mtminerim
1496 3160 1503 3167 .
1636 3137 1793 3170 Cranium
1817 3136 1953 3179 denique
1976 3149 2049 3171 cum
2071 3139 2135 3170 cir-

1130 3191 1203 3213 cum
1227 3178 1388 3217 secarent,
1412 3190 1516 3222 aqua,
1540 3178 1590 3213 sed
1615 3191 1681 3212 non
1704 3179 1781 3213 adeo
1798 3182 1919 3220 multa,
1943 3193 1980 3213 ex
2001 3180 2066 3223 ejus
2077 3191 2132 3214 ca-

1130 3234 1171 3254 vo
1195 3222 1389 3256 defluxerat.
1413 3222 1586 3256 Cerebrum
1609 3223 1798 3266 inspiciens,
1818 3224 1962 3266 gelatinae
1995 3223 2135 3267 speciem

1131 3265 1201 3298 vidi
1226 3266 1282 3300 sub
1307 3266 1414 3298 Tenui
1439 3268 1610 3309 meninge,
1632 3267 1701 3300 vasa
1727 3277 1832 3300 autem
1855 3278 1924 3309 quae
1948 3278 2002 3309 per
2035 3269 2132 3301 Late-

1131 3309 1246 3343 ralium
1269 3309 1519 3343 ventriculorum
1546 3311 1680 3351 parietes
1704 3319 1828 3352 reptant
1854 3333 1862 3346 ‚
1896 3309 2044 3352 sanguine
2077 3322 2133 3345 tu-

1129 3352 1290 3386 midiora:
1314 3351 1365 3384 sed
1388 3351 1470 3385 nihil
1495 3363 1661 3395 praeterea,
1685 3352 1899 3397 persecando,
1922 3354 2133 3388 adnotatione

1128 3396 1260 3438 dignum
1275 3421 1282 3427 .

1174 3451 1224 3472 20.
1251 3439 1380 3472 Omiffis
1403 3441 1526 3473 caeteris
1549 3453 1619 3484 quae
1644 3440 1681 3474 ad
1705 3440 1869 3475 historiam
1903 3441 2125 3476 absolvendam

1129 3481 1236 3525 scripsi
1260 3508 1269 3523 ,
1309 3484 1453 3525 quamvis
1493 3484 1553 3518 alia
1595 3487 1660 3518 alio
1705 3485 1883 3527 pertineant
1908 3498 1919 3524 3
1963 3483 2117 3527 postrema
2137 3517 2140 3520 ,

1128 3525 1195 3559 liaec
1239 3536 1336 3569 pauca
1389 3525 1504 3560 restant
1555 3540 1624 3571 quae
1666 3528 1706 3561 ad
1748 3528 2004 3562 convulfivorum
2048 3541 2120 3563 mo-

1127 3579 1221 3603 tuum
1264 3568 1388 3603 causam
1432 3570 1533 3604 videri
1577 3572 1691 3615 poffint
1735 3574 1867 3606 attinere
1900 3596 1907 3603 .
1956 3572 2058 3608 Quod
2103 3573 2126 3608 fi

1640 3617 1668 3647 L
1971 3616 2004 3648 in
2024 3616 2086 3650 hoc

75 3695 1605 3716 Μ

132 3758 148 3788 ζ
162 3765 185 3780 m
204 3756 210 3784 l
229 3751 300 3785 Eipist.
319 3766 338 3786 ς.
356 3765 379 3781 n.
397 3766 434 3782 12.
495 3757 503 3786 s
520 3767 535 3782 η
552 3758 565 3787 )
582 3767 604 3782 n.
624 3766 658 3789 ις.

261 3787 265 3791 -
491 3792 494 3793 a
721 3760 736 3789 (
751 3768 763 3784 ⁰
780 3765 790 3787 )
806 3769 831 3785 n.
848 3765 872 3786 6.

134 3787 203 3818 (s)
222 3788 293 3817 Epist,
311 3790 382 3813 Anat.
402 3796 420 3812 1.
441 3796 464 3812 n.
481 3794 518 3813 οι.

935 3761 1101 3793 <p)n·15.

1165 3763 1179 3792 ζ
1195 3762 1233 3793 q)
1255 3762 1433 3788 111.Anima·d.
1453 3771 1489 3794 33.
1552 3766 1592 3794 (r
1607 3764 1747 3794 )13-Obs.
1767 3772 1791 3791 Ι,
