2498 4075
480 250 634 316 Epist.
669 257 831 309 Anat.
867 253 1083 309 Medica
1118 254 1281 310 LVII.
1316 255 1437 311 Art.
1458 254 1503 309 8.
1538 254 1593 308 &
1620 268 1665 317 9.

63 337 135 385 sent
149 362 163 380 ,
186 340 218 373 in
237 346 421 382 perpetuum
441 337 496 371 hoc
508 336 625 370 malum
635 335 755 380 evafiffe
768 361 774 367 .
789 336 1072 379 confirmavitque

71 384 195 417 Plinius
209 384 297 426 (q),
324 381 378 426 effe
400 383 483 415 inter
505 378 664 420 exempla,
685 379 1074 421 quiafininumlacbiben-

70 428 107 460 do
121 449 131 465 ,
152 426 279 462 liberati
296 426 361 469 sint
379 424 516 467 podagra
530 448 538 462 ,
562 421 763 469 chiragrave.
788 423 897 465 Quem
923 423 1074 457 locumin

70 471 354 505 Annotationibus
378 468 416 501 ad
441 466 579 500 Ballonii
603 466 747 498 Consilia
773 467 832 508 (r)
869 466 1006 499 relatum
1027 468 1075 499 vi-

69 514 130 547 deo
145 538 155 554 ,
177 524 240 548 non
265 513 328 546 fine
352 508 650 546 animadverfione,
673 520 769 550 quarn
780 507 891 549 facile,
913 521 1074 551 quamque

69 556 225 591 idoneum
249 555 287 590 ad
311 555 521 590 acrimoniam
555 552 613 586 seri
647 551 810 586 arthritici
843 553 1073 587 emendandam

68 601 247 636 remedium
273 598 429 642 ejusmodi
453 610 469 631 a
492 595 630 630 Medicis
653 596 740 629 illius
761 597 916 637 temporis
938 597 1073 629 omitte-

67 654 159 678 retur
172 671 179 677 .
207 646 253 677 Iis
277 654 380 677 autem
392 641 448 684 qui
465 640 569 681 postea
584 638 859 681 Hippocraticum
872 639 962 672 laetis
977 639 1069 673 usum

68 687 216 721 adversus
240 686 325 721 hunc
349 685 496 720 morbum
519 691 735 720 renovarunt,
759 693 833 715 cum
858 682 1068 724 aliialiquan-

66 731 109 764 do
134 731 193 764 alia
216 731 420 771 objicerent3
443 728 556 761 extitit
587 726 725 768 denique
759 726 859 758 Senex
890 727 1034 766 optimus
1057 747 1067 762 ‚

66 773 274 817 nostrumque
298 771 502 806 amicissimus
514 769 699 803 Ludovicus
713 768 844 802 Testius
857 790 866 805 ,
889 769 947 811 qui
961 769 1068 802 minus

66 817 247 855 obnoxiam
269 814 515 850 difficultatibus
538 812 651 847 urendi
675 811 757 845 laete
781 813 941 845 rationem
974 822 1070 845 exco-

66 862 187 903 gitavit
204 887 212 896 .
237 858 409 895 sartham,
437 866 472 890 ut
498 857 634 889 vocabat
652 878 661 892 ‚
686 854 776 887 laetis
791 855 944 888 invento.
968 854 1072 896 Cujus

66 915 132 937 non
155 903 297 938 infelices
319 901 450 936 effeetus
475 899 528 934 etsi
562 899 706 941 pluribus
729 894 851 931 fuerint
884 906 955 931 tum
987 897 1072 940 apud

67 946 243 989 nostrates,
276 956 347 980 tum
382 943 466 987 apud
499 952 623 977 exteros
656 940 946 974 observationibus
979 952 1071 975 com-

67 990 222 1033 probati,
247 990 390 1024 Austore
435 994 543 1020 tamen
578 985 726 1018 extinCm
749 1007 761 1024 ,
795 985 904 1017 nescio
930 994 1072 1026 quomo,

67 1033 113 1110 ἕο
157 1033 255 1076 ipsius
298 1032 424 1067 inventi
469 1031 541 1065 usus
561 1029 718 1072 paulatim
764 1026 941 1062 decrescere
987 1028 1070 1062 visus

81 1085 108 1110 it
122 1101 129 1108 .

110 1120 139 1153 8.
163 1119 250 1154 Noli
274 1119 460 1162 expe&are,
484 1126 521 1152 ut
543 1116 580 1151 de
603 1115 807 1158 hydrargyro
830 1116 949 1158 pariter
973 1114 1066 1148 verba

66 1161 183 1197 faciam
198 1185 208 1201 ‚
231 1175 328 1204 quem
350 1164 434 1196 inter
457 1170 569 1196 cae'tera
596 1160 744 1194 adversus
763 1158 893 1192 difficile
915 1158 977 1192 hoc
1000 1169 1066 1191 rna-

70 1205 139 1240 lum
164 1206 309 1250 praesidia
331 1208 448 1249 quibus
472 1203 659 1238 auctoribus
682 1203 797 1237 referre
819 1201 988 1243 possimus,
1012 1213 1067 1234 ex-

65 1250 166 1284 citata
189 1250 323 1294 quidem
346 1250 558 1288 salivatione,
581 1246 774 1281 monstrabit
785 1245 999 1290 Ettmullerus
1013 1242 1067 1287 (βξ

68 1293 131 1327 alia
156 1303 263 1328 autem
287 1294 431 1332 ratione,
455 1292 537 1330 alii,
560 1291 594 1324 in
618 1291 736 1332 quibus
758 1289 812 1322 Cl.
841 1291 972 1329 Puyatus
989 1292 1028 1328 (c
1044 1294 1067 1329 ).

62 1336 144 1371 Nou
167 1336 206 1371 de
230 1337 353 1372 auxilio
376 1336 438 1370 hoc
461 1335 583 1376 magis,
606 1345 703 1376 quarn
736 1332 775 1366 de
799 1331 1033 1373 diaphoreticis
1055 1356 1067 1373 ‚

45 1389 119 1414 eut
142 1379 182 1414 de
205 1380 418 1414 amarioribus
433 1402 442 1417 ‚
464 1381 496 1412 &
519 1375 780 1412 calefacientibus
807 1374 914 1409 herbis
951 1376 1069 1409 sermo-

61 1433 135 1457 nem
158 1423 222 1458 hoc
247 1424 322 1458 loco
344 1423 533 1458 instituam,
560 1430 630 1453 tum
655 1431 694 1453 ne
717 1417 930 1461 longior..s‘1m
954 1441 963 1455 ,
997 1428 1067 1454 tum

57 1468 138 1509 quia
162 1476 199 1501 ut
222 1466 261 1501 de
284 1467 405 1506 caeteris
427 1465 595 1501 remediis,
622 1464 668 1496 ita
692 1463 731 1497 de
755 1461 806 1495 his
828 1472 959 1505 quoque
983 1462 1067 1496 nihil

61 1510 149 1544 aliud
173 1510 319 1545 difimrus
341 1508 459 1549 essem,
483 1507 542 1542 nifi
566 1506 657 1541 suum
684 1505 768 1548 posse
805 1504 981 1548 aliquando
1017 1505 1068 1540 his

60 1553 214 1587 omnibns
237 1552 297 1588 esse
321 1554 450 1591 locum,
476 1553 550 1586 alias
574 1562 633 1592 pro
666 1559 842 1590 corporum
876 1547 1067 1583 conditione

60 1595 130 1632 sore
155 1598 306 1635 inutilia,
332 1598 400 1630 imo
425 1597 544 1633 etiam,
560 1594 798 1627 vehementiora
812 1591 1001 1634 praesertim,
1012 1603 1066 1626 no.

60 1641 135 1674 xia.
162 1642 279 1683 Itaque
304 1640 437 1674 memini
452 1639 467 1678 ,⁷
482 1649 556 1672 cum
582 1637 731 1670 Medicus
744 1634 970 1678 mihiquidam
996 1646 1067 1668 nar-

62 1693 146 1718 raret
171 1710 180 1724 ,
213 1683 396 1726 podagricis
421 1693 502 1724 quos
526 1682 590 1714 lues
611 1681 742 1723 insuper
755 1689 887 1711 venerea
898 1680 1066 1721 corripue-

59 1736 111 1760 rat
133 1750 147 1768 ,
182 1726 211 1760 se
234 1726 442 1768 hydrargyro
466 1725 545 1758 dato
566 1745 576 1761 ‚
609 1733 707 1766 atque
740 1721 831 1755 uberi
876 1722 1065 1756 salivatione

58 1778 235 1813 promota,
254 1770 339 1803 luem
363 1767 496 1811 quidem
521 1766 676 1809 abegiffe,
701 1765 850 1807 podagrae
874 1774 978 1799 autem
991 1776 1066 1799 cau-

62 1812 129 1848 sam
153 1812 236 1847 nihil
261 1812 411 1847 minuisse
424 1835 432 1848 1.
456 1823 530 1845 cum
555 1811 595 1844 ab
618 1822 651 1843 ea
678 1820 742 1842 non
768 1809 869 1841 levius
892 1818 988 1849 quam
1013 1820 1068 1841 an-

59 1867 134 1899 tea,
154 1856 266 1890 invadi
290 1865 483 1899 pergerent;
508 1855 660 1890 memini,
683 1853 838 1893 inquam,
861 1850 1066 1893 respondisse,

60 1902 130 1933 imo
154 1899 229 1935 satis
252 1898 318 1940 est,
341 1899 430 1942 quod
453 1909 518 1932 non
543 1897 689 1939 gravius.
716 1895 926 1936 Qamquam
958 1904 1065 1929 autem

60 1945 93 1977 in
117 1943 180 1977 hoc
204 1944 302 1978 etiarn
326 1944 462 1980 morbo;
487 1952 526 1975 ne
547 1940 655 1975 dicam
678 1940 711 1973 in
736 1938 799 1972 laoc
823 1938 922 1981 magis
942 1960 956 1982 ,
990 1950 1065 1980 pau-

59 1986 203 2020 cioribus
216 2011 225 2025 ,
248 1985 512 2028 lenioribusque,
533 1995 600 2026 quo
625 1981 663 2016 ad
679 1983 752 2015 licet
767 2003 776 2019 ‚
797 1981 945 2016 remediis
956 1990 1066 2025 auten-

60 2029 138 2065 dum
163 2030 228 2068 est,
254 2033 287 2064 &
309 2041 367 2063 nos
390 2027 434 2063 uli
459 2028 591 2065 sumus3
616 2035 725 2059 tamen
749 2023 903 2067 siqu—ando
928 2025 1067 2066 peculia—

65 2085 115 2108 res
139 2072 241 2107 causae
264 2074 380 2116 aliqua:
405 2070 587 2114 praesidium
609 2069 699 2112 quod
734 2068 810 2101 alias
844 2067 1024 2110 sugeremus
1055 2091 1067 2108 ,

61 2118 226 2159 requirant
238 2140 247 2156 ‚
271 2116 473 2150 Bocrhaavio
490 2119 500 2153 (
515 2114 560 2156 u)
585 2111 775 2146 credendum
786 2111 830 2144 est
846 2136 856 2151 ,
878 2111 918 2144 de
931 2111 1066 2144 Arthri-

63 2161 132 2193 tide
158 2160 333 2200 scribenti,
356 2158 530 2192 maximum
552 2157 660 2197 cuique
695 2155 863 2188 remedium
895 2153 956 2187 esse
991 2154 1069 2195 quod

60 2202 231 2250 oppositum
255 2202 307 2236 illi
328 2201 422 2245 causae
437 2224 445 2239 ,
470 2200 547 2234 unde
570 2199 721 2241 originem
744 2198 875 2231 duxerat
909 2195 1034 2230 morbus
1060 2222 1069 2237 ‚

59 2246 239 2289 presertim
266 2246 321 2279 ubi
346 2244 428 2278 illud
453 2254 527 2277 cum
552 2243 619 2284 ejus
642 2242 788 2281 corporis
810 2242 863 2274 cui
888 2241 1064 2279 medemur,

57 2290 292 2322 constitutione
316 2289 445 2322 videtur
468 2296 665 2328 congruere.
692 2285 806 2327 Atque
829 2283 904 2317 hinc
916 2284 961 2317 est
975 2284 1065 2326 quod

58 2333 216 2369 nonnulla
240 2331 416 2374 aliquando
440 2330 581 2368 auxilia,
605 2328 751 2370 pluribus
784 2327 923 2363 Medicis
955 2326 1064 2369 suspe-

57 2377 131 2416 cta,
155 2376 188 2409 in
213 2375 275 2409 hoc
300 2375 415 2409 morbo
439 2373 610 2407 attulerint
646 2371 845 2405 utilitatem.
978 2371 1032 2405 Sic
1051 2382 1067 2410 ,-

58 2429 100 2453 ut
118 2419 156 2452 de
179 2419 321 2453 externis
352 2427 484 2461 quoque
520 2414 760 2449 medicamentis
795 2415 901 2456 aliqua
924 2414 1069 2456 attinga-

58 2474 148 2499 mus;
171 2463 280 2496 oleum
305 2473 322 2495 e
345 2461 507 2495 radicibus
528 2459 653 2493 arboris
676 2458 873 2492 cinnamomi
888 2469 985 2500 quam
998 2459 1066 2492 uti-

58 2507 87 2540 le
112 2505 208 2539 suerit
233 2504 420 2547 abigendis,
444 2502 649 2544 'arcendisque
661 2502 870 2534 articulorum
881 2501 1066 2539 doloribus,

60 2559 191 2591 apparet
215 2561 254 2583 ex
275 2545 571 2590 Transarfiionibus,
595 2555 631 2578 ut
655 2555 792 2582 vocant,
817 2545 930 2586 Regiae
959 2544 1063 2585 Angh

47 2594 234 2626 ,societatis
259 2595 347 2633 (x).
381 2591 432 2623 Sic
466 2589 672 2623 Medicorum
704 2588 842 2629 Scripta-
861 2588 1066 2623 versantibus

57 2647 158 2679 quam
185 2636 313 2674 multa,
334 2645 431 2676 quam
456 2635 544 2666 varia
568 2639 743 2665 occurrunt
766 2642 837 2673 quae
850 2630 994 2664 adhibita
1018 2632 1065 2664 le-

58 2690 173 2713 vamen
198 2679 390 2713 attulerint!
417 2676 467 2709 Ut
489 2676 528 2709 de
552 2675 747 2717 pinguedine
759 2674 924 2708 dumtaxat
937 2674 1067 2713 dicam,·

62 2733 214 2756 ranarum
228 2745 242 2762 ,
262 2720 425 2760 erinacei,
447 2718 588 2757 anseris,
612 2719 773 2754 vervecis,
800 2719 887 2751 canis
910 2718 1034 2750 laudari
1053 2739 1065 2754 ,

60 2766 222 2800 memini.
244 2764 412 2805 Absininam
434 2772 563 2804 quoque
586 2762 626 2794 ab
640 2761 812 2795 Albertino
823 2760 891 2794 vidi
916 2771 1063 2794 nonnun.

61 2820 161 2851 quam
186 2805 376 2848 praescribi,
397 2815 494 2848 quarn
518 2816 534 2837 a
557 2804 706 2838 Paullino
728 2807 794 2847 (y)
817 2813 1027 2838 memoratam
1053 2829 1065 2843 ,

59 2862 119 2886 nec
142 2861 249 2887 tamen
273 2851 307 2883 in
331 2849 417 2882 hunc
441 2846 721 2884 usumfinvenies
746 2872 753 2879 .
788 2848 881 2881 Num
897 2857 1064 2889 propterea

60 2893 151 2938 quod
175 2905 213 2928 ex
234 2891 286 2927 his
309 2893 415 2935 aliqua
438 2890 601 2924 nonnullis
624 2890 787 2924 interdum
812 2889 992 2934 profuerit,
1025 2902 1066 2923 0-

61 2949 151 2972 mnes
175 2936 349 2976 omnibus,
371 2938 402 2970 &
427 2933 552 2976 semper
588 2935 761 2967 convenire
785 2955 796 2972 ‚
830 2935 1024 2967 existimabis
1049 2937 1062 2965 ἓ

61 2980 375 3015 CerteAlbertinus
395 2980 429 3013 in
453 2976 628 3012 ischiadico
651 2976 794 3019 quodam
818 2976 972 3012 asininam
1005 2975 1062 3010 ad-

61 3023 196 3064 hibuit,
217 3033 314 3066 quern
337 3032 438 3066 neque
462 3020 673 3056 acerbiffimus
685 3019 798 3057 dolor,
812 3018 1061 3063 nequeinflam-

60 3070 166 3103 matio
187 3065 362 3109 torquebat
375 3089 384 3099 .
409 3065 501 3099 Alias
525 3074 630 3099 autem
654 3063 692 3097 ad
712 3062 960 3096 demulcendum
975 3075 1062 3105 ‚quo

60 3111 101 3146 ad
123 3110 190 3155 eius
213 3109 353 3149 licebat,
375 3108 583 3142 articulorum
607 3108 790 3146 cruciatus,
814 3105 898 3140 haud
910 3106 979 3139 aliis
991 3116 1063 3140 ute-

59 3155 178 3194 batur,
196 3164 295 3195 quam
317 3151 436 3193 quibus
459 3152 603 3194 plerique
626 3150 847 3184 consuevimus
862 3171 871 3186 ,
895 3150 929 3182 in
953 3148 1062 3191 singu-

60 3198 102 3232 lis
125 3206 241 3231 tamen
257 3207 295 3230 eo
315 3194 515 3238 potiffimum
537 3206 603 3237 quo
624 3193 758 3237 quisque
780 3191 902 3226 solebat
926 3193 1022 3225 levari
1047 3216 1059 3230 ‚

57 3249 97 3274 ut
121 3249 199 3283 puta
222 3237 324 3273 frusto
347 3237 475 3272 bubulae
496 3238 631 3271 recentis
665 3238 768 3282 carnis
789 3259 796 3274 ,
828 3236 879 3269 bis
912 3236 1061 3278 quotidie

61 3291 213 3324 mutato,
235 3282 285 3315 vel
309 3290 346 3315 ut
369 3280 524 3323 nusquam
548 3293 564 3314 a
587 3292 637 3314 me
661 3279 791 3322 quidem
824 3279 943 3313 leetum
964 3300 974 3316 ,
1009 3278 1060 3313 sed

58 3324 255 3361 Bononiensi
280 3325 425 3361 Senatori
458 3325 608 3358 usitatum
630 3347 643 3364 ,
677 3334 733 3356 nec
767 3322 831 3355 sine
867 3322 1024 3356 levamine
1048 3345 1062 3362 ,

60 3378 336 3406 commemorem3
359 3367 497 3401 linteolo
518 3367 648 3400 imbuto
671 3367 782 3402 succo,
807 3376 845 3398 ex
867 3364 954 3400 foliis
985 3365 1065 3398 sam-

60 3411 315 3456 buciexpreffo,
338 3411 514 3453 leviterque
537 3408 716 3453 tepefacto.
730 3409 834 3443 Flores
844 3407 970 3451 quidem
984 3407 1065 3442 sam-

63 3457 162 3496 buci,
186 3466 241 3489 aut
263 3453 420 3488 coliculos
441 3463 591 3492 teneros,
614 3463 669 3486 aut
692 3454 758 3495 ipsa
784 3450 862 3487 folia
877 3478 884 3491 ‚
909 3451 957 3484 sed
989 3463 1063 3485 cum

63 3502 136 3534 aliis
158 3497 331 3540 conjuneea
345 3520 354 3534 ,
379 3497 418 3530 ad
441 3496 589 3538 podagrae
613 3496 738 3529 dolores
763 3494 925 3529 leniendos
939 3506 955 3527 a
969 3495 1064 3529 Grae-

64 3545 223 3586 ⁶15(Z)=
267 3539 458 3582 Latinisque
504 3543 556 3579 (a
580 3542 591 3577 )
635 3538 855 3582 Scriptoribus
885 3540 1023 3580 proponi
1054 3561 1065 3578 ,

151 3584 316 3627 Morgagni
326 3585 359 3617 de
371 3584 437 3617 Sed.
449 3583 492 3616 Θ·
501 3581 589 3624 Caus.
602 3582 704 3615 Morb.
721 3583 819 3615 Tom.
831 3582 878 3614 ΙΙ.

61 3672 1688 3689 ———--———-—-———---—-———-—-—--—-⁶—·—·--———-=-——-——

1074 3702 1088 3731 (
1100 3701 1119 3730 s
1134 3703 1143 3731 )
1159 3705 1231 3727 Prax.
1252 3708 1295 3726 art.
1311 3705 1333 3727 8.
1351 3703 1418 3734 supra
1434 3707 1463 3731 ad
1478 3715 1501 3730 n.
1511 3715 1531 3734 ς.
1549 3706 1591 3731 cit.

219 3710 281 3733 Nat.
298 3705 359 3730 nist.
376 3707 394 3729 1.
412 3705 449 3728 28.
469 3711 491 3729 c.
504 3711 525 3732 9.
594 3705 630 3732 (ν
646 3710 657 3731 >
679 3704 699 3727 l.
714 3711 735 3727 ι.
754 3702 825 3727 Cons.
842 3711 865 3733 3.
882 3705 973 3727 Annor.
990 3711 1013 3730 4·

243 3738 304 3762 fferr.
320 3737 349 3760 de
365 3736 484 3765 Hydrarg.
501 3742 527 3759 n.
548 3741 582 3764 51.
599 3736 622 3759 δι
639 3733 701 3763 seqq.
718 3733 742 3757 Se
757 3733 782 3756 in
799 3733 838 3757 fin.

250 3768 280 3792 de
296 3766 368 3791 Afino
384 3768 406 3790 S.
423 3773 445 3794 4.
461 3773 482 3790 c.
500 3773 523 3795 3.
542 3765 564 3795 §.
583 3772 620 3790 12.

120 3710 142 3739 -(
157 3717 173 3739 11
188 3709 203 3738 )

127 3739 232 3769 (1)D

127 3768 142 3796 (
157 3777 174 3800 y
190 3770 200 3801 )
217 3771 235 3794 1.
973 3792 977 3796 ι

67 3807 110 3842 92.
126 3799 237 3826 Marcell.
584 3795 594 3824 (
612 3795 625 3819 b
642 3795 656 3823 )
671 3802 693 3819 c.
709 3803 731 3818 2.
749 3794 816 3822 supra
832 3794 863 3817 ad
879 3802 902 3817 n.
917 3800 940 3820 3.
958 3798 1000 3816 cit.

133 3832 145 3893 ἱ
160 3831 196 3858 ι)
215 3829 277 3858 Eph.
295 3830 329 3852 N.
344 3829 374 3853 C.
392 3829 460 3851 Cent.
480 3836 501 3856 5.
518 3825 576 3850 Obs.
591 3826 617 3850 8.

159 3861 170 3884 ·’
186 3862 196 3890 )
213 3862 234 3886 c

257 3798 286 3823 de
301 3797 433 3824 Medicam.
449 3803 468 3820 c.
487 3799 522 3825 36.

235 3738 240 3762 ᾗ
799 3764 801 3766 ¹
815 3760 819 3763 ,
872 3763 878 3767 .
899 3734 909 3764 (
925 3741 941 3756 u
958 3737 967 3758 )
984 3733 1074 3760 Aphor.
1089 3732 1118 3756 de
1134 3741 1201 3762 cogn.
1222 3734 1348 3758 &curand
1361 3737 1438 3760 mor-b.
1457 3739 1524 3761 1280.

680 3766 695 3794 (
711 3771 729 3792 z
744 3763 757 3792 )
774 3763 907 3790 Dioscorid.
922 3763 951 3787 de
968 3762 1034 3787 Med.
1052 3763 1118 3786 Mat.
1135 3772 1156 3788 c.
1176 3765 1225 3788 168.

1068 3795 1077 3821 s,
1094 3801 1105 3817 c
1124 3795 1132 3822 )
1147 3801 1168 3819 c.
1186 3801 1225 3823 ²4·
1243 3793 1310 3823 supra
1327 3795 1355 3819 ad
1373 3804 1397 3820 n.
1415 3798 1438 3822 8.
1454 3797 1496 3821 cit.

677 3826 691 3854 (
704 3823 721 3853 f
733 3824 747 3853 )
764 3825 870 3849 Earund.
887 3824 959 3847 Cent.
976 3824 997 3846 8.
1015 3822 1073 3847 ΘΜ.
1091 3827 1114 3847 fi.

235 3864 356 3885 ommenx.
372 3859 401 3885 de
418 3859 511 3883 nonen.
531 3858 568 3883 Sc.
587 3855 643 3881 inst.
659 3857 735 3880 Tom.
752 3862 774 3880 ι,
791 3855 817 3880 in
833 3854 920 3884 opusc.
936 3854 965 3879 de
981 3855 1049 3879 Cort.
1066 3855 1150 3879 Peruv.
1171 3854 1233 3880 haud
1250 3861 1283 3879 ιω.
1299 3858 1387 3885 procul.
1404 3866 1417 3882 a
1434 3857 1473 3882 fin.

1125 335 1212 376 scio,
1235 334 1413 377 fimplicem
1439 343 1545 369 autem
1569 331 1877 375 foliorumrsuccum
1889 342 1954 367 non
1968 334 2129 368 meminiz

1167 391 1199 421 9.
1222 379 1387 412 Caeterum
1411 387 1541 412 externa
1562 374 1652 415 haec,
1677 378 1822 421 itemque
1844 379 1969 412 interna
1992 375 2030 409 de
2046 376 2122 417 qui-

1127 422 1185 456 bus
1208 421 1370 462 diximus,
1393 422 1533 459 auxilia,
1556 418 1683 462 aliaque
1707 421 1747 454 ab
1773 419 1974 455 Auctoribus
1995 419 2124 452 laudata

1128 466 1180 499 seu
1203 463 1343 506 juverint
1367 466 1505 507 aliquem
1528 464 1572 497 ob
1594 474 1664 497 earn
1688 463 1816 498 causam
1839 474 1910 508 quae
1930 461 2027 505 paulo
2050 470 2124 494 ante

1125 509 1266 542 indicata
1289 508 1351 546 est,
1376 508 1427 542 seu
1460 506 1550 550 quod
1581 505 1653 541 casu
1689 506 1835 542 adhibita
1867 507 1990 541 fuerint
2024 513 2127 547 prope·

1125 552 1372 585 declinationem
1388 576 1397 591 ‚
1419 562 1491 593 quae
1514 548 1689 592 aliquando
1712 551 1819 585 multo
1840 551 1936 584 citius
1950 559 2046 591 quam
2074 547 2125 580 so-

1126 596 1169 628 let
1190 617 1197 631 ,
1222 606 1276 636 per
1299 595 1329 628 se
1353 594 1505 632 advenit,
1527 592 1590 626 five
1614 594 1712 627 eriam
1736 594 1790 633 (id
1821 594 1909 635 quod
1943 591 2124 635 praesertim

1122 638 1162 672 de
1185 638 1472 680 praeservantibus‚
1494 647 1565 678 quae
1590 637 1977 677 vocant,medicamentis
1999 634 2124 669 dietum

1122 685 1225 723 puta)
1248 693 1318 724 quae
1344 681 1457 714 sanitas
1490 679 1609 712 horum
1643 679 1713 713 usui
1748 680 1871 713 tributa
1907 678 1949 713 est
1972 700 1982 717 ,
2016 677 2123 710 veri'us

1120 724 1219 758 fuerit
1244 726 1358 758 exastae
1382 724 1484 756 vifius
1509 723 1652 761 rationi,
1673 733 1745 764 quae
1767 721 1825 756 diu
1847 722 1940 755 simul
1975 718 2125 754 servanda

1121 767 1325 810 injungitur,
1348 766 1392 800 est
1416 764 1587 799 tribuenda
1610 765 1785 808 (quorum
1810 774 1988 806 utrumque
2001 764 2125 795 Caelius

1121 822 1253 854 quoque
1276 811 1471 844 Aurelianus
1495 807 1560 847 (b)
1582 808 1624 842 est
1648 807 1842 850 suspicatus,
1866 808 2002 840 alterum
2017 814 2126 838 autern

1121 855 1173 888 vel
1197 865 1250 896 per
1273 854 1304 889 se
1327 853 1430 887 solum
1447 852 1651 894 securitatem
1663 852 1763 885 totius
1785 851 1860 884 vitre
1873 848 2014 884 attulisse
2033 845 2128 889 ‚Cel-

1122 898 1172 931 sus
1196 901 1275 936 (ε),
1296 896 1416 938 aliique
1438 895 1619 933 testantur)
1643 894 1724 928 illud
1748 903 1872 929 certum
1896 893 1962 930 est,
1977 893 2127 935 pleraque

1121 939 1289 983 plerosque
1315 949 1369 973 aut
1394 938 1506 976 nihil,
1530 947 1586 971 aut
1610 948 1723 979 parum
1758 935 1913 980 adjuvisse
1934 950 1943 973 ς
1976 934 2127 978 quaedatn

1122 994 1229 1017 autem
1254 985 1287 1016 in
1311 981 1530 1025 graviffimum
1552 981 1722 1015 discrimen
1746 979 1936 1023 conjecisse,
1959 988 2013 1012 aut
2037 987 2129 1010 mor-

1122 1029 1164 1060 tis
1187 1027 1311 1060 causam
1335 1024 1497 1059 attulisse.
1522 1026 1637 1066 Itaque
1659 1023 1682 1056 fi
1706 1035 1778 1066 quae
1802 1021 2126 1058 commemoravimus

1119 1072 1228 1103 omnia
1252 1081 1325 1103 cum
1352 1068 1440 1101 illius
1461 1067 1605 1101 foeminae
1624 1066 1692 1106 (d)
1712 1067 1828 1101 morbo
1844 1066 2045 1102 contulerisa
2059 1074 2127 1107 quo

1118 1111 1394 1147 commemorandi
1416 1110 1614 1144 occasionem
1626 1109 1820 1148 habuimus;
1837 1109 1929 1144 facile
1940 1108 2123 1149 intelliges,

1118 1167 1216 1199 quam
1238 1167 1334 1198 pauca
1356 1155 1501 1187 levamen
1520 1152 1648 1187 fortasse
1668 1153 1804 1196 aliquod
1827 1152 1907 1187 ferre
1931 1149 2129 1194 potuissent;

1120 1211 1193 1233 nam
1207 1199 1380 1241 perfectam
1392 1197 1523 1239 quidem
1539 1196 1727 1232 sanitatem,
1751 1196 1887 1229 exesoin
1899 1204 2009 1237 parte,
2032 1192 2130 1227 &de-

1120 1242 1265 1276 formato
1288 1240 1371 1278 osse,
1396 1240 1518 1280 sperare
1540 1244 1612 1272 nonX
1630 1239 1768 1276 licebat3
1793 1242 1826 1272 δε
1849 1247 1964 1273 contra
1986 1262 1995 1277 ‚
2027 1246 2128 1277 quam

1121 1288 1223 1321 multa
1245 1294 1370 1329 quanto
1396 1282 1500 1316 futura
1525 1282 1719 1316 detrimento
1743 1281 1970 1324 proculdubio
1985 1279 2128 1314 fuissentss

1121 1331 1160 1364 Iu
1183 1330 1301 1371 quibus
1324 1331 1355 1361 δε
1377 1326 1433 1359 illa
1456 1337 1553 1369 pones
1576 1337 1647 1367 quae
1671 1326 1808 1359 necdum
1841 1325 2007 1358 nominavi
2028 1346 2041 1363 ,
2076 1321 2129 1356 sed

1120 1372 1219 1407 modo
1242 1372 1469 1414 designabam,
1486 1368 1716 1412 videlicetquae
1730 1369 1933 1403 arthriticam
1957 1368 2128 1401 materiam

1120 1418 1205 1451 circa
1233 1416 1386 1450 articulos
1411 1422 1466 1446 aut
1491 1411 1555 1455 jam
1579 1410 1780 1455 depositam,
1805 1422 1860 1446 aut
1891 1412 2009 1453 deponi
2043 1410 2128 1443 inci-

1120 1463 1260 1504 pientem
1274 1485 1284 1501 ,
1307 1456 1485 1493 introrsum
1507 1457 1540 1489 in
1560 1467 1652 1488 venas
1675 1455 1859 1499 repellunt,
1891 1452 2130 1496 deponendam-

1119 1516 1182 1547 que
1206 1514 1260 1538 aut
1285 1512 1385 1541 tunc,
1410 1509 1463 1534 aut
1487 1501 1521 1531 in
1546 1498 1708 1540 posterum
1732 1507 1860 1536 arcent,
1896 1496 2128 1539 adstringendo

1119 1560 1190 1591 quae
1213 1545 1324 1580 ferunt
1349 1544 1387 1578 ad
1414 1542 1570 1577 articulos
1592 1541 1717 1575 vascula
1732 1565 1742 1580 ,
1766 1541 1927 1585 fibrasque
1944 1539 2129 1583 improvide

1119 1588 1381 1625 corroborando.
1408 1586 1486 1621 Inde
1512 1586 1599 1618 enim
1622 1585 1746 1619 exclusa
1771 1585 1849 1627 quid
1873 1585 1982 1619 damni
2007 1582 2131 1621 afferat,

1119 1635 1169 1667 vel
1192 1645 1231 1667 ex
1254 1635 1400 1667 utilitate
1424 1629 1566 1677 intelligi
1591 1627 1713 1669 potest,
1737 1639 1836 1671 quam
1861 1627 1972 1670 saepius
1987 1629 2129 1669 praestat,

1119 1689 1192 1711 cum
1205 1677 1413 1710 admittitur.
1441 1672 1569 1706 Videsis
1583 1694 1593 1710 ,
1619 1681 1654 1705 ut
1670 1671 1800 1705 auditus
1812 1672 1905 1709 vitia,
1920 1682 1989 1713 quae
2000 1671 2126 1708 caeteris

1121 1721 1250 1755 auxiliis
1273 1720 1395 1756 irritis,
1422 1717 1544 1752 Virum
1555 1713 1744 1759 generosum
1756 1715 1915 1748 vexabant
1930 1715 2125 1752 ‚adveniens

1121 1765 1261 1806 podagra
1284 1766 1420 1796 omnino
1466 1761 1580 1793 tollere
1610 1756 1787 1792 consuesset
1815 1784 1825 1799 ‚
1858 1768 1920 1800 qua
1954 1758 2092 1790 abeunte
2114 1779 2125 1794 ,

1119 1807 1384 1845 revertebantur,
1408 1804 1487 1837 sicut
1512 1803 1678 1837 adnotavit
1703 1801 1886 1836 Reusnerus
1910 1804 1988 1840 (e),
2024 1809 2131 1843 utque-

1118 1850 1274 1884 Gerbezii
1297 1846 1359 1891 (f)
1385 1849 1479 1881 Uxor
1504 1847 1579 1883 diu,
1604 1857 1700 1888 atque
1723 1845 1834 1879 acerbe
1859 1847 1891 1878 &
1916 1844 2125 1881 ventriculo,

1120 1896 1151 1926 &
1177 1895 1303 1935 pectore
1327 1891 1473 1934 torqueri
1499 1890 1634 1927 soleret,
1658 1889 1762 1923 donec
1785 1899 1958 1930 erumpens·
1978 1887 2130 1922 arthritis

1120 1937 1281 1978 extemplo
1305 1937 1478 1970 liberaret.
1502 1933 1560 1967 Sed
1582 1931 1662 1976 quid
1687 1944 1747 1975 ego
1757 1945 1796 1967 ex
1808 1931 2128 1975 his,aliisque,unde

1119 1979 1262 2022 possem,
1297 1977 1516 2020 scriptoribus
1553 1976 1620 2018 ejus
1653 1977 1810 2011 utilitatis
1843 1976 1986 2019 exempla
2016 1987 2129 2018 quaero

1119 2035 1216 2065 quam
1241 2025 1274 2055 in
1301 2034 1351 2056 me
1374 2022 1444 2064 ipso
1467 2030 1616 2063 expertus
1639 2020 1732 2054 sum?
1755 2022 1842 2055 Cum
1876 2022 1964 2053 enim
1997 2019 2053 2051 illa
2087 2021 2128 2054 d'e

1119 2078 1183 2106 qua
1206 2067 1280 2099 alias
1305 2071 1315 2106 (
1337 2076 1358 2108 g
1380 2069 1393 2105 )
1418 2066 1612 2099 mentionem
1636 2063 1754 2105 injeci,
1778 2062 1947 2106 utriusque
1962 2065 2050 2096 oculi
2076 2064 2128 2098 in-

1120 2109 1366 2147 flammatione,
1390 2111 1421 2141 ἅτ
1445 2107 1509 2150 jam
1535 2107 1768 2150 propemodum
1792 2106 1932 2141 chemosi
1957 2106 2131 2141 conflicta.-

1119 2165 1189 2191 rer‚
1215 2153 1399 2195 caeterisque
1422 2151 1577 2186 incassum
1599 2151 1747 2185 remediis
1779 2152 1851 2185 usus
1870 2175 1880 2192 ,
1911 2152 1942 2183 &
1976 2149 2125 2186 sentirem

1120 2197 1207 2239 ipse,
1232 2200 1262 2229 δε
1286 2196 1394 2229 Amici
1419 2194 1668 2234 confirmarent,
1696 2205 1759 2228 non
1784 2193 1842 2228 esse
1866 2193 2007 2236 amplius
2030 2193 2125 2229 disfe-

1117 2242 1247 2274 rendam
1272 2239 1435 2281 sanguinis
1460 2238 1659 2275 missionem,
1685 2239 1830 2271 animum
1852 2238 1950 2272 subiit
1986 2240 2126 2281 experiri

1118 2293 1211 2317 antea
1235 2293 1333 2326 quam
1358 2281 1441 2316 mihi
1464 2292 1542 2315 vena
1565 2280 1747 2321 secaretur,·
1769 2292 1868 2324 neque
1881 2281 1970 2315 enim
1981 2292 2124 2324 unquam

1118 2327 1199 2361 secia
1224 2326 1343 2363 fuerat,
1367 2335 1402 2360 ut
1426 2336 1527 2368 neque
1552 2325 1590 2358 ad
1613 2323 1676 2359 hoc
1689 2334 1815 2367 ternpus
1825 2337 1891 2368 quo
1904 2323 2123 2369 undeoetoge-

1117 2371 1233 2404 fimum
1258 2381 1376 2404 annum
1400 2380 1482 2411 ago,
1507 2367 1587 2402 se8m
1611 2368 1675 2406 est;
1698 2370 1867 2410 experiri,
1889 2369 2023 2411 inquam
2045 2391 2056 2407 ‚
2080 2381 2121 2404 an

1119 2414 1322 2456 pediluviurn
1347 2436 1356 2452 ‚
1390 2423 1464 2447 cum
1498 2411 1623 2446 lenibus
1656 2412 1775 2456 pedum
1808 2411 2016 2446 fristionibus
2047 2413 2122 2455 jun.

1118 2459 1232 2497 etum,
1256 2457 1331 2491 satis
1355 2456 1522 2491 levaminis
1555 2454 1680 2489 afferret
1704 2480 1713 2490 .
1754 2455 1840 2498 Qae
1875 2466 1949 2489 cum
1984 2455 2121 2492 secunda

1118 2500 1232 2535 fierent
1256 2500 1383 2543 vespera
1408 2526 1428 2547 ,Ι
1449 2511 1518 2534 ecce
1540 2499 1633 2533 dolor
1657 2499 1695 2534 ad
1719 2498 1820 2542 ipsam
1844 2499 1971 2542 pollicis
1995 2497 2120 2537 dexteri

1118 2555 1191 2578 cum
1216 2543 1385 2578 metatarso
1416 2544 1597 2586 Jun&uram
1633 2542 1804 2578 adventare
1835 2543 2012 2587 podagram
2037 2570 2046 2585 ‚
2079 2544 2119 2578 si-

1116 2588 1285 2630 gnificat:
1320 2599 1392 2631 quae
1424 2587 1522 2621 noem
1556 2587 1672 2621 leviter
1704 2586 1880 2621 increscens
1904 2610 1913 2625 ,
1945 2589 2116 2624 oculorum

1115 2631 1411 2665 inflammationem
1436 2631 1543 2664 statim
1568 2631 1686 2665 minuit
1708 2654 1721 2671 ,
1752 2634 1783 2665 &
1806 2631 1917 2666 diebus
1950 2632 2118 2675 insequen-

1117 2676 1208 2724 tibus
1230 2675 1356 2709 sustulit
1382 2699 1388 2706 .
1414 2673 1585 2708 Mitiffima
1608 2672 1672 2709 fuit
1703 2675 1761 2709 illa
1797 2673 1945 2708 arthritis
1967 2698 1980 2715 ,
2014 2685 2049 2709 ut
2066 2679 2116 2711 'in

1116 2717 1250 2765 homine
1281 2719 1339 2760 qui
1372 2728 1536 2761 nunquam
1569 2726 1662 2752 antea
1685 2740 1715 2755 ,f
1739 2726 1776 2752 ut
1799 2729 1902 2760 neque
1933 2728 2082 2760 parentes
2105 2745 2116 2761 ‚

1117 2760 1316 2804 majoresque
1340 2763 1445 2794 caeteri
1470 2784 1480 2797 ,
1513 2761 1629 2795 morbo
1651 2759 1836 2801 hujusmodi
1861 2761 2020 2796 abnoxius
2043 2762 2115 2797 fue-

1116 2814 1195 2844 ηπ,-
1215 2816 1270 2838 nec
1297 2804 1399 2846 postea
1423 2803 1479 2836 nisi
1503 2804 1622 2845 quinto
1644 2803 1713 2846 post
1736 2815 1841 2840 anno,
1864 2803 1913 2836 sed
1937 2806 1986 2841 vel
2009 2807 2115 2841 mulm

1116 2848 1240 2885 levius,
1263 2848 1297 2879 in
1323 2846 1450 2879 sinistro
1473 2858 1556 2888 genu
1580 2846 1611 2880 se
1635 2845 1799 2888 prodidit,
1822 2855 1857 2880 ut
1890 2846 2001 2881 similis
2038 2851 2127 2891 qui..

1117 2891 1189 2924 dem
1213 2890 1368 2933 pediluvii
1391 2889 1519 2923 effecius
1540 2888 1639 2924 fuerit
1662 2890 1696 2922 in
1723 2890 1863 2932 podagra
1896 2890 2078 2931 adducenda
2103 2920 2114 2935 ‚

1116 2934 1168 2968 sed
1202 2935 1299 2980 longe
1328 2932 1484 2966 diffimilis
1518 2934 1550 2965 iu
1587 2932 1653 2974 ejus
1687 2933 1886 2966 vehementia
1906 2957 1919 2974 ,
1952 2943 2045 2978 atque
2079 2938 2113 2971 in

1110 2978 1233 3021 Juvene
1256 2974 1370 3013 misse,
1393 2976 1488 3009 video
1512 2974 1603 3018 cujus
1624 2977 1657 3008 in
1690 2977 1898 3010 Commercio
1931 2977 2113 3015 Litteras-in

1112 3020 1180 3064 (h)
1203 3019 1368 3054 historiam
1392 3019 1496 3060 leges3
1520 3031 1578 3053 nec
1601 3020 1744 3060 mirum,
1766 3031 1840 3055 cum
1863 3020 1938 3059 ille3
1962 3032 1998 3056 ut
2018 3033 2114 3058 «εἷς-

1115 3074 1148 3097 ra
1170 3065 1349 3100 omittam,
1373 3073 1437 3095 non
1462 3062 1596 3103 tepido,
1619 3071 1654 3095 ut
1678 3073 1759 3105 ego,
1783 3063 1834 3097 sed
1858 3064 2008 3099 calidiori
2041 3068 2113 3103 usus

1116 3106 1191 3154 ess'et
1215 3105 1399 3154 pediluvio.
1425 3107 1548 3139 Verum
1572 3105 1715 3139 arthritis
1726 3117 1884 3148 quantum
1898 3108 2049 3144 utilitatis
2064 3108 2113 3144 af-

1114 3152 1197 3187 ξεττ,
1223 3151 1242 3182 ί]
1269 3150 1297 3181 ei
1322 3157 1453 3190 pateant
1476 3158 1660 3191 opportune
1685 3151 1835 3187 articuli3
1861 3160 1985 3185 tantum
2018 3164 2113 3192 noxae

1114 3193 1246 3234 reliquis
1269 3190 1396 3224 invehit
1418 3193 1561 3233 partibus
1575 3215 1587 3232 ‚
1610 3191 1632 3225 si
1657 3193 1709 3226 illi
1734 3204 1799 3225 non
1821 3194 1958 3233 amplius
1970 3204 2109 3237 pateant.

1112 3235 1210 3274 Quod
1234 3246 1307 3269 cum
1331 3235 1426 3267 liceat
1449 3236 1626 3271 innumeris
1647 3235 1937 3270 Observationi-bus
1960 3249 2112 3282 compro-

1112 3279 1188 3312 bare
1203 3301 1212 3316 ,
1225 3288 1361 3320 quarum
1373 3279 1488 3312 multas
1503 3278 1678 3319 inspicere,
1694 3280 1718 3312 fi
1732 3280 1791 3317 vis,
1804 3288 1892 3320 potes
1904 3281 1938 3313 in
1955 3282 2109 3318 Caesareae

1116 3321 1300 3355 Academiae
1315 3321 1561 3358 Voluminibus‚
1572 3324 1604 3353 &
1616 3322 1790 3363 praesertim
1803 3323 1883 3355 Dec.
1895 3333 1927 3366 3.
1938 3326 1979 3359 A.
1992 3335 2020 3366 ς.
2034 3329 2063 3359 &
2074 3331 2106 3359 6.

1117 3364 1198 3413 Qbs.
1213 3363 1431 3407 55.indicatas
1446 3376 1564 3402 3unam
1580 3364 1659 3397 mihi
1684 3364 1756 3397 satis
1777 3365 1837 3398 erit
1859 3377 2111 3404 commemorare

1117 3421 1184 3450 ejus
1194 3419 1291 3450 quem
1303 3409 1422 3440 merito
1435 3408 1546 3449 saepius
1558 3407 1809 3450 laudofiippol.
1824 3408 1932 3444 Franc,
1945 3412 2110 3447 Albertini

1116 3452 1290 3490 (i).Cutn
1314 3452 1398 3493 enim
1410 3450 1569 3488 Aurifex,
1597 3450 1737 3492 podagra
1759 3454 1933 3493 quotannis
1966 3454 2110 3490 laborare

1115 3494 1249 3534 solitus,
1274 3495 1437 3536 petroleo,
1459 3505 1516 3528 nec
1539 3494 1657 3533 semel,
1680 3495 1869 3528 imminente
1892 3495 1958 3537 jam
1981 3499 2112 3540 morbo,

1116 3539 1210 3578 pedes
1254 3535 1427 3572 inunxisset
1450 3559 1462 3576 ,
1504 3536 1591 3571 hunc
1635 3536 1769 3579 quidem
1803 3538 1904 3573 arcuit
1923 3551 1938 3577 ·;
1981 3540 2033 3575 sed
2074 3543 2110 3576 in

1720 3582 1746 3613 Ζ
1768 3590 1788 3614 Ζ
1988 3581 2074 3620 'mul-

1916 3675 2121 3687 ———

1418 3767 1423 3771 .
1584 3737 1591 3764 (
1604 3737 1636 3763 xl
1653 3737 1737 3771 saggio
1746 3737 1809 3762 delle
1816 3738 1930 3762 Transaz.
1943 3739 1986 3763 διε.
2002 3741 2077 3765 Tom.
2088 3748 2113 3769 4,

1287 3765 1301 3793 (
1317 3773 1330 3788 a
1351 3765 1358 3793 )
1375 3767 1483 3791 Sci-ibon.
1500 3768 1905 3826 amf'dbgeirifa'rss‘iff‘fmmic‘
1920 3769 1950 3794 de
1967 3769 2058 3795 Medic.
2088 3778 2115 3800 e,

1177 3825 1185 3853 (
1202 3832 1221 3854 g
1238 3825 1331 3857 QEpist.
1352 3834 1387 3855 ¹3-
1405 3835 1429 3851 n.
1448 3835 1486 3857 ²4-
1547 3825 1602 3858 (h)
1617 3829 1646 3852 A.
1666 3835 1731 3858 ¹7:21·
1748 3827 1828 3855 Hebes.
1840 3836 1910 3860 παι.
1922 3837 1942 3855 1.
1962 3830 2111 3861 propiuxfin.
