2498 4075
369 206 477 249 ‘paulo
499 212 573 238 ante
596 202 738 245 exposita
761 204 829 242 est;
854 213 954 246 neque
977 202 1063 235 enim
1087 201 1120 233 in
1142 200 1376 243 Kerckringi'i,

378 249 518 291 exempli
540 246 651 286 causa,
674 256 728 280 aut
752 246 965 281 Drelincurtii
990 245 1174 277 memoratis
1197 247 1211 283 (
1233 256 1249 277 r
1269 248 1283 283 )
1306 244 1377 276 Ob.

376 291 616 327 servationibus
649 301 722 323 cum
753 302 808 324 ren
841 291 919 324 alter
950 286 1024 321 esset
1057 298 1073 319 a
1115 298 1221 321 verme
1266 298 1379 320 corru-

375 346 471 380 ptus,
495 335 575 367 alter
601 341 706 367 autern
730 344 824 375 aequo
835 332 960 375 major,
983 330 1044 364 esse
1068 331 1172 374 potest
1197 329 1384 364 Eustachia-

375 391 426 414 1)ae
459 377 669 419 explicationi
703 376 794 410 locus
816 402 823 409 .
955 376 1042 407 Cum
1085 385 1159 407 vero
1192 373 1271 414 saepe
1303 373 1382 407 adeo

377 422 450 456 fieri
476 420 638 453 videamus
654 444 663 459 ‚
689 430 724 453 ut
750 430 821 452 rene
845 419 947 452 altero
968 419 1013 451 ob
1033 417 1298 458 corruptionem,
1325 425 1381 450 aut

376 473 507 508 propter
542 462 740 496 obstruentes
773 463 914 495 calculos
947 461 1063 495 lotium
1088 470 1153 492 non
1180 460 1380 498 secernente,

372 517 428 542 aut
463 517 526 540 non
550 506 738 543 emittente,
765 507 842 538 alter
865 504 1032 547 suppleat,
1055 502 1151 545 idque
1183 503 1253 544 ipso
1284 502 1378 544 hujus

375 555 575 585 incremento
599 548 805 587 confirmari,
831 547 1037 581 manifestum
1062 546 1122 583 est,
1148 545 1218 587 jure
1243 546 1379 587 scripsis—

373 595 423 633 se,
450 603 487 627 ut
511 594 544 626 in
570 592 781 633 Sepulchreto
804 591 888 634 (s)
923 593 1005 633 leges
1029 615 1038 630 ,
1069 589 1257 624 Guidonem
1290 591 1378 623 Pati-

374 649 476 677 num,
500 646 564 670 non
589 636 709 678 semper
741 635 798 669 esse
823 647 956 672 verum,
983 644 1048 667 uno
1083 643 1156 665 rene
1189 633 1378 672 obstrufto,

375 683 515 716 alterum
541 678 646 712 statim
669 678 783 712 cessare
816 679 854 712 ab
877 678 984 712 officio
1010 688 1018 709 :
1052 676 1139 718 quod
1162 679 1192 710 &
1216 676 1279 710 suis
1311 676 1376 719 ipse

373 735 509 766 quoque
531 723 761 765 comprobavit
778 719 1096 760 observationibus,
1119 722 1149 753 &
1172 719 1265 753 facile
1276 719 1317 753 est
1339 732 1377 754 ex

373 768 485 801 alienis
508 769 629 808 pariter
644 766 822 806 intelligere
835 788 844 802 ‚
869 768 901 798 in
918 763 1051 806 hisque3
1075 771 1109 797 ut
1124 772 1174 797 tot
1190 764 1376 797 aliasomit-

373 822 459 848 tam;
486 810 640 852 Gregorii
669 808 794 842 Horstii
818 812 831 848 (
854 816 868 842 t
890 812 927 847 )‚
950 808 980 840 ὃ(
1016 805 1157 839 Thomae
1195 807 1377 841 Bartholini

371 859 386 894 (
408 866 427 887 u
452 859 484 893 ).
622 853 712 890 Quas
738 853 844 885 Patini
860 873 869 889 ‚
892 854 924 883 δέ
951 849 1137 884 Bartholini
1150 849 1295 885 historias
1307 862 1377 893 per-

371 899 500 940 legens,
523 897 543 930 si
570 896 654 929 forte
688 895 813 929 miraris
839 920 848 935 ‚
878 906 952 927 cum
978 905 1135 936 magum,
1156 897 1186 927 δι
1208 895 1378 937 angulosus

370 941 512 975 calculus
536 938 610 973 esset
634 942 667 972 in
690 949 786 976 rene,
809 939 934 972 nullum
960 938 1007 970 ibi
1032 937 1154 979 percipi
1183 937 1377 971 consuevisse

367 985 538 1024 dolorem;
563 983 731 1017 miraberis
742 983 843 1025 inagis
859 1006 867 1020 ,
892 982 913 1014 si
938 981 1016 1014 alias
1040 980 1191 1020 inspicias
1215 980 1377 1015 Observa-

369 1031 541 1065 vationes,
564 1039 604 1060 ex
627 1025 744 1069 quibus
768 1026 912 1061 constat,
937 1036 1039 1067 neque
1064 1024 1178 1061 illum,
1203 1035 1303 1067 neque
1339 1036 1377 1057 ex

368 1081 421 1105 tot
446 1073 516 1105 aliis
539 1070 696 1104 renalium
721 1071 918 1104 calculorum
943 1067 1039 1111 siguis
1073 1069 1177 1100 ullum
1201 1077 1275 1100 toto
1300 1069 1375 1101 vitae

367 1114 460 1149 cursu
483 1118 516 1148 in
541 1112 737 1157 quibusdam
759 1125 813 1147 eos
850 1113 1043 1146 habentibus
1078 1109 1167 1144 fuisse
1191 1134 1203 1149 ,
1239 1123 1377 1153 quarum

367 1158 650 1192 Observationum
674 1158 791 1199 aliquae
814 1157 846 1189 in
873 1157 986 1190 eodem
1011 1156 1083 1188 sunt
1107 1153 1305 1195 Sepulchreti
1328 1155 1376 1187 lo-

367 1213 408 1234 co
431 1206 442 1242 (
466 1203 522 1244 x)
547 1201 603 1234 ubi
628 1201 682 1234 illa
706 1212 804 1243 quam
829 1211 866 1233 ex
893 1199 1088 1233 Bartholino
1112 1197 1256 1230 indicavi
1281 1212 1290 1235 3
1325 1198 1375 1231 sed

368 1246 437 1278 aliae
462 1254 614 1285 praeterca
640 1244 714 1277 addi
739 1252 914 1287 poterunt,
940 1251 1059 1283 utquae
1083 1240 1116 1273 in
1129 1240 1275 1274 Historia
1300 1253 1376 1283 pro-

366 1289 425 1322 stat
450 1289 532 1330 Reg.
561 1289 611 1320 Sc.
637 1286 819 1321 Academiae
857 1284 1033 1319 Parifiensis
1055 1287 1110 1325 (y
1135 1286 1169 1325 );
1190 1296 1375 1328 quanquam

366 1335 400 1365 in
426 1345 464 1365 eo
492 1342 602 1365 tamen
629 1333 700 1363 viro
726 1332 925 1365 vomitiones
947 1327 1031 1363 haud
1056 1328 1210 1364 deerant,
1242 1340 1295 1370 per
1327 1329 1377 1361 in-

367 1377 501 1410 tervalla
526 1378 732 1417 ingruentes3
768 1380 797 1409 ἃ
820 1374 875 1407 illa
898 1375 979 1406 item
1003 1395 1012 1410 ,
1046 1382 1142 1413 quam
1175 1372 1277 1404 miror
1311 1383 1374 1405 nou

366 1419 459 1453 fuisse
483 1419 549 1462 jam
573 1418 714 1452 additam
731 1444 738 1458 ‚
761 1421 883 1462 quippe
913 1418 946 1450 in
983 1414 1162 1449 Posthumo
1198 1415 1376 1458 Malpigliii

367 1466 477 1506 Opere
502 1462 569 1507 (z)
595 1463 782 1504 vulgatam.
809 1460 912 1494 Causa
938 1468 1044 1494 autern
1060 1481 1071 1497 ‚
1094 1470 1151 1492 cur
1176 1458 1299 1500 fignum
1317 1460 1375 1492 ali-

365 1508 455 1550 quod
472 1534 480 1547 ,
505 1511 534 1540 &
559 1506 724 1539 interdum
750 1506 854 1539 ullum
879 1516 943 1537 non
958 1512 1105 1546 appareat
1121 1524 1129 1538 ,
1155 1502 1213 1535 esse
1229 1502 1375 1543 profecto

370 1551 547 1593 multiplex
580 1549 702 1592 potest,
728 1559 763 1582 ut
788 1558 863 1592 puta
886 1559 960 1581 cuin
988 1547 1131 1588 lapides,
1165 1548 1374 1587 quantumvis

367 1595 501 1637 insignis
527 1593 782 1636 magnitudinis,
805 1603 940 1629 natura,
966 1599 1019 1623 aut
1053 1589 1140 1623 casus
1173 1588 1256 1631 quasi
1290 1601 1373 1622 coro-

366 1649 475 1673 narum
499 1637 585 1671 orbes
609 1638 725 1669 medios
742 1634 834 1678 forat
856 1638 869 1674 (
891 1634 932 1668 sic
955 1634 1040 1666 enim
1064 1632 1196 1674 legenda
1224 1631 1374 1667 suntEu-

372 1683 486 1716 isachii
514 1682 608 1713 verba
626 1706 634 1717 ,
658 1681 739 1712 male
764 1681 797 1711 in
823 1676 1036 1720 Sepulclireto
1060 1680 1070 1715 (
1094 1688 1111 1708 a
1134 1679 1148 1716 >
1172 1677 1296 1716 relata,
1319 1677 1375 1709 ubi

365 1727 512 1771 praeclara
537 1724 677 1765 ejusdem
703 1721 939 1755 Observatione
962 1720 1217 1761 comprobantur
1242 1721 1253 1757 )
1275 1722 1376 1752 urinae

366 1769 542 1813 suppressio
568 1779 632 1800 non
657 1767 824 1807 contingit
841 1791 850 1806 ‚
872 1773 907 1797 ut
931 1774 1033 1805 neque
1057 1764 1227 1804 continget
1243 1785 1252 1799 ,
1278 1763 1301 1795 fi
1326 1764 1375 1795 via

367 1816 450 1848 lotio
473 1811 560 1857 quali
585 1823 638 1853 per
661 1809 876 1848 canaliculos,
901 1809 934 1840 in
958 1806 1033 1850 ipris
1065 1806 1265 1840 calculorum
1297 1805 1377 1839 late-

367 1859 476 1897 ribus,
502 1855 744 1895 substantiaque
767 1861 961 1887 excavatos,
996 1850 1196 1892 relinquatur
1232 1860 1339 1891 aperta
1365 1874 1375 1890 ,

366 1912 402 1936 ut
426 1904 458 1934 in
484 1903 629 1943 proxima
656 1897 817 1931 Salmuthi
841 1894 975 1929 historia
1006 1897 1016 1932 (
1042 1891 1060 1926 b
1079 1894 1118 1935 ),
1151 1894 1182 1925 &
1216 1893 1333 1926 clarius
1359 1915 1371 1932 ,

367 1948 490 1988 quippe
514 1942 689 1985 adjuvante
715 1941 861 1983 pictura,
886 1941 919 1972 in
945 1938 999 1970 ilia
1032 1945 1142 1985 patet,
1166 1948 1264 1978 quarn
1288 1937 1372 1968 Lan-

367 1988 460 2023 cifius
483 1998 557 2020 cum
582 1984 735 2027 Alghisio
761 1988 774 2023 (
797 1995 812 2016 c
833 1986 847 2023 )
881 1988 1164 2028 communicavit..
1195 1980 1265 2012 Nec
1301 1990 1372 2012 mo-

370 2034 464 2067 lestus
489 2029 594 2063 sensus
617 2030 679 2063 erit
704 2026 741 2061 ad
766 2027 914 2063 lumbos,
940 2036 978 2058 ne
1010 2026 1182 2067 gravitatis
1214 2022 1347 2069 quidem
1363 2044 1372 2059 ,

368 2077 389 2111 fi
415 2075 531 2109 calculi
566 2072 695 2112 sensim,
722 2074 753 2104 δι
777 2069 945 2103 lentiffime
970 2067 1167 2102 increscant,
1201 2065 1373 2108 retusisque

369 2120 493 2163 angulis
528 2116 589 2151 sint
614 2141 623 2156 ,
664 2124 718 2149 aut
744 2113 917 2147 firmissime
953 2122 1064 2146 renum
1094 2109 1277 2144 substantiae
1311 2111 1375 2141 im-

369 2166 452 2207 pacti
479 2162 640 2197 haereant,
665 2168 700 2194 ut
722 2159 924 2192 commoveri
948 2166 1011 2189 non
1036 2153 1173 2198 posfint‚
1197 2152 1374 2195 praesertim

369 2209 390 2242 fi
416 2219 449 2240 ea
476 2204 646 2239 substantia
669 2204 748 2238 dura
770 2201 831 2239 sit,
856 2204 886 2234 &
911 2197 1030 2234 callosa
1053 2221 1063 2237 ‚
1098 2196 1375 2246 quemadmodum

372 2255 406 2285 iu
430 2249 589 2283 Cornelio
621 2246 788 2281 Cardinali
823 2244 938 2283 fuisse,
963 2243 1038 2276 alibi
1064 2243 1111 2282 (d
1133 2245 1143 2279 )
1168 2240 1340 2274 scribemus
1363 2262 1375 2279 ‚

370 2295 537 2336 fueratque
563 2294 596 2325 in
620 2292 678 2326 illo
702 2289 795 2331 cujus
818 2300 855 2322 ex
871 2288 1019 2321 Historia
1042 2286 1085 2319 R.
1111 2286 1158 2319 Sc.
1182 2282 1282 2333 Acad.
1297 2294 1376 2333 pau-

372 2341 407 2373 lo
433 2348 505 2371 ante
530 2338 729 2370 mentionem
752 2331 908 2370 fecimus,
936 2332 969 2363 in
992 2341 1059 2373 quo
1082 2329 1292 2374 cartilaginea
1327 2337 1377 2376 in-

372 2392 467 2416 venta
491 2380 533 2415 est
558 2405 565 2412 .
603 2381 662 2413 Sed
688 2381 716 2411 &
741 2378 817 2410 dura
845 2376 908 2409 fuit
942 2375 974 2407 in
1005 2375 1107 2406 altero
1136 2382 1227 2412 cuius
1260 2368 1378 2403 descri-

373 2428 521 2470 ptionem
553 2423 636 2466 apud
660 2419 885 2462 Malpigbium
908 2428 1034 2456 extare,
1058 2414 1221 2449 diximus.
1249 2414 1286 2459 In
1314 2413 1379 2463 his?

372 2482 436 2513 que
461 2479 518 2501 nec
543 2469 612 2499 aliae
638 2465 703 2499 fere
738 2464 808 2496 sunt
842 2460 909 2503 ejus
933 2461 1039 2493 morbi
1074 2469 1178 2490 notae.
1205 2457 1377 2505 Cujusrei

372 2525 443 2547 oua·
476 2510 566 2545 causa
592 2508 691 2543 fuerit
716 2509 749 2539 in
774 2519 811 2539 eo
833 2504 925 2546 cnjus
949 2502 1221 2549 Observationeiri
1244 2497 1378 2532 tradidit

374 2547 603 2589 Guarinonius
626 2555 640 2592 (
663 2563 677 2585 e
700 2556 712 2591 )
735 2550 809 2583 satis
832 2561 871 2582 ex
895 2547 1081 2580 dissectione
1104 2555 1168 2577 nou
1193 2543 1317 2584 liquet,
1342 2552 1378 2575 ut

376 2611 478 2642 neque
504 2599 535 2630 in
561 2598 683 2630 duabus
708 2595 779 2627 aliis
804 2590 890 2635 (f)
914 2593 944 2639 in
970 2590 1136 2639 primaque
1161 2585 1380 2629 potissimum,

376 2654 513 2686 quarum
539 2652 645 2674 tamen
670 2648 805 2679 utraque
829 2635 960 2669 calculis
983 2631 1139 2666 infarfitos
1164 2641 1250 2663 renes
1270 2630 1381 2662 ambos

375 2687 538 2722 exhibet,
575 2683 756 2727 praesertim
793 2691 869 2712 vero
903 2676 1060 2710 sinistrum
1087 2699 1094 2706 .
1129 2674 1212 2723 Qae
1251 2683 1380 2711 autem,

375 2730 545 2773 qualesque
569 2737 604 2761 ut
630 2727 810 2769 plurimum
834 2722 957 2755 soleant
982 2717 1039 2752 esse
1065 2726 1151 2750 notae
1168 2716 1230 2749 111ae
1254 2728 1290 2750 ex
1303 2728 1381 2759 qua·

377 2786 450 2807 rum
476 2770 641 2815 praesentia
667 2768 795 2811 proprie
829 2776 939 2799 renum
964 2762 1079 2796 calculi
1112 2759 1348 2802 dignoscuntur
1368 2781 1381 2799 ,

379 2816 434 2851 etsi
461 2816 524 2858 jam
549 2816 622 2847 satis
645 2824 698 2855 per
724 2821 753 2843 te
780 2811 886 2846 nosti3
911 2807 1054 2852 proderit
1078 2814 1207 2841 tamen,
1241 2803 1263 2835 si
1297 2801 1379 2852 apud

377 2861 430 2893 Cl.
459 2857 752 2893 Scharschmidium
779 2858 788 2893 (
809 2865 830 2896 g
852 2856 865 2892 )
889 2852 1118 2892 recognosca53
1142 2847 1284 2888 exempla
1296 2857 1380 2878 enirn

378 2904 506 2944 subjicit
532 2901 648 2943 quibus
671 2898 862 2933 confirmet,
886 2895 1017 2928 illarum
1044 2891 1227 2942 plerasque,
1261 2900 1313 2922 aut
1347 2901 1381 2922 o·

381 2959 469 2980 mnes
492 2948 589 2978 etiam
615 2941 713 2976 abesse
738 2941 900 2973 interdum
926 2937 1033 2981 posse,
1059 2945 1100 2986 ut.
1118 2935 1216 2984 aliurn
1229 2934 1381 2966 morbum

380 2991 519 3030 spectent
547 2987 693 3021 Medici,
717 2984 856 3017 calculos
879 2994 986 3015 autem
1011 2981 1066 3022 qui
1092 2991 1124 3011 in
1150 2978 1279 3011 renibus
1290 2977 1380 3014 sunt,

382 3036 516 3069 minime
531 3030 751 3072 suspicentur.
887 3029 987 3059 Porro
1012 3024 1240 3065 supervacuum
1265 3021 1306 3052 est
1331 3019 1384 3053 ad-

380 3083 532 3115 monere,
557 3073 755 3115 supervenire
789 3068 873 3112 posse
903 3070 1008 3102 causas
1033 3067 1077 3099 ob
1100 3076 1176 3107 quas
1202 3064 1294 3098 dolor
1318 3062 1384 3111 ces-

382 3121 424 3155 set
447 3121 502 3162 qui
529 3128 618 3151 antea
642 3118 673 3147 in
699 3125 767 3148 rene
793 3113 840 3144 vel
866 3111 1075 3145 acerbiffimus
1099 3109 1195 3142 fuerit
1219 3130 1229 3145 ,
1262 3118 1385 3152 nerveis

382 3164 533 3197 videlicet
559 3161 690 3194 surculis
714 3156 774 3190 sive
799 3156 969 3189 hebetibus
993 3154 1108 3191 iactis,
1140 3153 1203 3185 five
1236 3151 1386 3184 consum-

385 3210 471 3251 ptis,
497 3216 531 3239 ut
556 3216 594 3237 ex
621 3202 682 3237 VI.
718 3200 915 3241 intelligitur
951 3197 1045 3238 liujus
1076 3196 1230 3229 sectionis
1263 3193 1386 3243 Obser—

385 3252 533 3284 vatione.
561 3248 643 3284 Quae
667 3245 776 3277 omnia
798 3255 871 3276 cum
897 3243 941 3274 ita
968 3242 1050 3277 iint3
1075 3249 1161 3281 patet
1179 3263 1187 3277 ,
1209 3246 1323 3286 quanti
1339 3247 1385 3267 re-

386 3295 464 3327 serat
491 3295 523 3325 in
548 3287 780 3331 aegrotantibus
804 3298 874 3328 quae
896 3284 1126 3327 praecesserint,
1148 3285 1333 3328 inquirere,
1358 3282 1388 3311 δε

388 3337 544 3381 siqu-ando
569 3333 692 3366 nullum
718 3333 916 3373 praecipuum
941 3331 1065 3370 signum
1090 3335 1177 3359 extet
1200 3323 1314 3356 renalis
1326 3322 1391 3356 cal-

1016 122 1171 175 Liber
1206 128 1287 195 ΙΙΙ(
1321 123 1405 174 De
1440 122 1647 174 Morbis
1680 121 1889 174 Ventris

1427 199 1519 237 culi,
1543 209 1608 232 non
1620 206 1788 242 propterea
1800 210 2006 234 contemnere
2016 201 2159 241 leviora,
2182 210 2237 236 aut
2259 203 2329 238 aliis
2347 213 2432 247 quo-

1429 252 1492 284 que
1515 243 1635 276 morbis
1658 245 1861 277 communia.
1886 242 1943 277 Sed
1965 244 2077 278 nostrae
2089 245 2122 277 id
2145 247 2257 279 melius
2269 247 2431 281 docebunt

1432 285 1526 327 hujus
1549 285 1677 323 morbi,
1703 287 1736 320 in
1761 286 1968 320 cadaveribus
2002 286 2184 329 deprehensi
2216 288 2431 324 Observatio-

1433 339 1506 365 nes,
1531 341 1601 372 quae
1635 328 1709 361 ideo
1732 332 1763 362 in
1797 330 1873 363 alias
1905 329 2100 364 differuntur
2136 328 2317 372 Epistulas,
2341 334 2429 376 quod

1432 374 1466 405 in
1491 372 1571 406 hanc
1606 372 1660 405 ubi
1692 371 1730 405 de
1764 373 1951 406 lumborum
1974 372 2086 407 dolore
2118 375 2254 415 agitur,
2287 386 2332 408 eae
2363 386 2428 410 non

1432 415 1585 491 gidentur
1609 416 1781 449 convenire
1803 417 1837 448 in
1859 416 1977 459 quibus
1999 418 2025 449 is
2048 417 2142 451 dolor
2168 428 2230 451 non
2255 417 2285 451 se
2318 418 2428 460 prodi-

1455 468 1543 492 erat.

1477 504 1526 536 16.
1553 502 1652 543 Qod
1678 513 1754 536 vero
1776 500 1917 536 diximus
1941 503 1974 536 in
1997 502 2158 544 descripto
2191 516 2208 538 a
2235 503 2334 537 'nobis
2366 504 2430 539 foe-

1430 545 1538 579 mineo
1561 557 1634 579 rene
1665 545 1823 579 calculum
1848 558 1904 579 nec
1926 558 2072 580 croceum
2097 545 2209 587 fuisse,
2232 559 2290 581 nec
2312 548 2429 582 ruben-
2469 560 2475 561 ’

1429 598 1515 626 tem,
1539 592 1569 622 &
1591 590 1679 631 quod
1703 591 1736 621 in
1771 600 1842 622 rene
1865 590 1954 622 virili
1990 600 2052 623 tres
2075 589 2199 623 albidos
2222 602 2238 623 a
2262 591 2355 625 nobis
2378 593 2429 625 in-

1430 641 1546 665 ventos
1579 633 1647 665 aliis
1671 633 1707 666 ad
1732 642 1763 665 te
1787 633 1920 665 Litteris
1941 636 1954 671 (
1976 632 1995 665 h
2020 636 2030 671 )
2067 636 2393 668 commemoravimus
2415 644 2429 675 ’,·

1430 686 1542 717 nempe
1574 675 1755 710 discrimini
1791 676 1840 708 illi
1876 675 2057 709 adversatur
2084 700 2092 715 ‚
2128 675 2192 710 fere
2216 677 2257 710 ab
2279 679 2428 712 omnibus

1430 719 1513 752 olim
1536 713 1683 762 recepto,
1710 730 1766 762 per
1789 719 2050 753 alterutrum-de
2072 718 2197 753 duobus
2221 720 2287 754 illis
2307 723 2428 755 colori-

1430 763 1488 795 bus
1511 765 1638 804 genitos
1662 764 1695 795 in
1733 762 1860 796 renibus
1893 762 2010 804 lapides
2044 763 2303 798 internoscendos
2334 765 2393 798 effe
2418 791 2427 806 ,

1429 806 1655 842 credentibus,
1681 818 1696 838 a
1721 807 1836 848 genitis
1861 806 1893 838 in
1918 805 2039 839 vefica.
2058 807 2186 847 Qibus
2219 807 2426 842 Eustachium

1430 848 1517 883 suam
1531 848 1710 892 opposuisse
1732 849 2028 889 observationem,
2049 851 2083 883 iri
2108 849 2318 893 Sepulchreto
2341 856 2355 892 (
2378 853 2391 885 i
2413 856 2428 892 )

1429 894 1539 926 vides.-
1563 903 1601 926 ex
1624 904 1690 935 quo
1715 891 1790 925 alias
1822 892 1915 926 addes
1932 917 1939 930 ‚
1963 902 1997 925 ut
2022 904 2061 926 ex
2083 893 2122 926 iis
2145 905 2216 937 quae
2249 896 2282 927 in
2316 906 2428 937 prom-

1430 947 1488 977 ptu
1514 936 1584 970 sunt
1605 959 1617 976 ,
1651 936 1777 974 aliam,
1810 936 2029 969 [ustachianae
2054 938 2234 978 proximam
2260 938 2311 980 (le
2334 942 2366 977 )‚
2392 939 2426 972 in

1427 991 1491 1021 qua
1515 981 1623 1013 colore
1649 979 1816 1012 marmoris
1838 978 1996 1018 candidi,
2020 979 2177 1022 aliamque
2200 986 2214 1021 (
2236 981 2247 1014 l
2269 985 2279 1020 )
2304 983 2338 1014 i'n
2362 993 2426 1025 qua

1427 1023 1513 1056 nivei
1536 1022 1683 1056 candoris
1706 1024 1831 1055 inventi
1855 1024 1887 1055 in
1914 1022 2162 1056 renibuscalculi
2177 1034 2425 1065 proponuntur.-

1428 1068 1485 1100 ubi
1508 1068 1538 1099 &
1563 1065 1749 1108 conspeGms
1772 1077 1786 1097 a
1812 1066 1960 1099 Valsalva
1998 1065 2160 1103 calculos,
2184 1066 2243 1100 alia
2266 1070 2280 1106 <
2304 1079 2368 1101 non
2383 1068 2427 1101 se-

1427 1121 1482 1142 cus
1505 1119 1600 1152 atque
1624 1109 1849 1143 aSchroeckio
1874 1112 1974 1149 (m))
1997 1109 2196 1150 albicantes,
2221 1112 2302 1144 alios
2317 1112 2426 1153 nigros

1428 1154 1461 1185 in
1488 1153 1546 1186 hac
1571 1152 1636 1194 ipsa
1664 1152 1805 1193 Epistola
1841 1156 1850 1191 (
1877 1163 1896 1185 n
1919 1156 1933 1192 )
1964 1154 2214 1187 memoravimus
2239 1180 2247 1187 .
2279 1155 2428 1197 -Apparet

1429 1197 1530 1238 igitur
1547 1219 1555 1234 ,
1581 1196 1661 1228 illud
1685 1194 1853 1229 discrimen
1879 1206 1932 1229 aut
1956 1208 1993 1229 ex
2005 1208 2098 1238 aequo
2123 1198 2330 1238 paucioribus
2352 1199 2428 1231 Ob-
2468 1194 2472 1198 ’

1431 1240 1684 1277 servationibus,
1710 1249 1765 1273 aut
1789 1250 1804 1271 a
1820 1238 2027 1281 praeiudicata
2038 1242 2175 1281 quadam
2187 1239 2431 1283 opinionefuis-

1429 1283 1459 1316 se
1482 1283 1674 1317 dedu8mm.
1700 1283 1797 1316 Certe
1830 1292 1935 1316 autem
1971 1283 2087 1325 lapidis
2120 1286 2263 1318 materiae
2295 1284 2328 1318 id
2361 1297 2428 1327 quo

1428 1326 1548 1362 rubro,
1572 1326 1679 1363 flavo,
1703 1327 1799 1367 nigro
1818 1351 1827 1366 ,
1851 1327 1954 1359 aliove
1987 1326 2095 1366 colore
2127 1327 2291 1362 inficiatur
2311 1350 2320 1365 ‚
2356 1338 2427 1363 tum

1427 1371 1460 1402 in
1486 1369 1582 1403 vesica
1607 1370 1772 1403 admisceri
1797 1369 1899 1412 potest
1915 1395 1922 1401 .
1951 1371 1979 1403 A
2004 1381 2067 1411 qua
2091 1372 2190 1404 etiam
2215 1371 2428 1406 admistorum

1428 1415 1579 1447 varietate
1603 1412 1695 1450 fieri,
1719 1414 1875 1447 credibile
1907 1413 1968 1450 est,
2001 1413 2095 1446 aliam
2130 1415 2164 1448 in
2197 1416 2267 1449 aliis
2298 1414 2428 1450 calculis

1428 1455 1619 1490 facilitatem
1645 1466 1654 1495 ',
1694 1467 1748 1490 aut
1781 1456 2008 1490 difficultatem
2034 1457 2214 1491 solutioni-s
2238 1483 2247 1498 ‚
2282 1458 2430 1502 spemque

1428 1511 1594 1543 propterea
1626 1501 1665 1534 iis
1702 1501 1834 1542 praecidi
1878 1501 1936 1542 qui
1970 1502 2149 1535 remedium
2182 1511 2330 1543 quaerunt
2361 1514 2429 1545 quo

1428 1556 1493 1577 uno
1526 1555 1616 1585 aeque
1649 1555 1760 1577 omnes
1792 1542 2005 1578 diffolvantur
2029 1567 2036 1575 .
2071 1544 2151 1582 Quo
2186 1546 2289 1587 magis
2324 1544 2430 1580 danda·

1425 1598 1520 1629 opera
1554 1587 1598 1620 est
1618 1609 1628 1625 ‚
1662 1599 1700 1620 ne
1734 1587 1874 1620 calculus
1909 1589 2060 1629 gignatur
2084 1611 2094 1626 ‚
2128 1589 2169 1621 iis
2211 1590 2322 1622 vitatis
2355 1601 2428 1632 quae

1425 1631 1568 1663 diximus
1592 1631 1641 1672 (ο
1664 1634 1676 1669 )
1700 1632 1731 1662 in
1767 1631 1897 1664 renibus
1928 1630 2045 1663 lotium
2082 1635 2259 1670 remorari,
2281 1633 2317 1665 ’δε
2350 1637 2429 1666 'con-

1428 1675 1536 1707 trariis
1559 1675 1593 1705 in
1617 1674 1707 1706 usum
1730 1674 1862 1712 traxistis,
1886 1673 2061 1715 praesertim
2086 1675 2173 1717 siqua
2195 1675 2342 1709 inchoati
2362 1677 2429 1710 cal-

1427 1718 1491 1750 culi
1526 1715 1664 1757 suspicio
1699 1715 1737 1749 sit
1761 1743 1767 1749 .
1804 1717 1857 1749 Ad
1883 1728 1998 1759 quem,
2022 1717 2124 1751 donec
2148 1718 2247 1756 licet,
2273 1719 2347 1752 inde
2371 1718 2430 1753 de-

1428 1760 1648 1799 turbandum,
1672 1759 1861 1793 mitioribus
1893 1761 2003 1800 potius
2025 1785 2034 1800 ,
2069 1763 2099 1793 ὃ(
2131 1762 2273 1804 anodyni
2306 1763 2429 1805 aliquid

1427 1802 1619 1837 habentibus
1639 1825 1647 1840 ‚
1681 1814 1778 1845 quarn
1809 1803 1987 1836 acrioribus
2020 1803 2186 1838 diureticis
2221 1814 2346 1843 uterer,
2371 1807 2428 1848 qui

1427 1847 1503 1881 hinc
1528 1847 1726 1880 meminerim
1742 1870 1751 1883 ‚
1775 1856 1947 1888 antequam
1969 1847 2164 1881 Boerhaavii
2187 1850 2242 1889 (p
2263 1852 2287 1888 )‘
2303 1851 2426 1882 monita

1422 1891 1611 1932 prodirent,
1638 1889 1840 1931 generosumr
1857 1889 2016 1930 quen-dam
2047 1892 2164 1924 Civem
2199 1902 2307 1925 meum
2331 1917 2339 1931 ‚
2375 1894 2428 1928 cui

1423 1935 1504 1976 lapis
1527 1945 1542 1966 e
1566 1932 1667 1967 vesica
1690 1933 1828 1966 exseecus
1853 1932 1954 1966 fuerat
1971 1956 1980 1971 ,
2017 1933 2207 1975 nephriticis
2242 1936 2428 1970 obnoxium

1424 1976 1591 2011 doloribus
1611 1998 1622 2015 ‚
1654 1976 1703 2010 his
1728 1979 1828 2010 rarius
1864 1977 1981 2009 tentari
2018 1986 2166 2019 coeptum
2199 1977 2258 2012 esse
2290 1990 2328 2012 ex
2361 1991 2429 2020 quo

1425 2022 1549 2061 tertio,
1575 2030 1628 2052 aut
1651 2029 1770 2061 quarto
1800 2031 1929 2062 quoque
1962 2019 2014 2053 die
2051 2032 2143 2054 mane
2177 2021 2305 2055 haurire
2339 2023 2430 2056 insti-

1426 2067 1490 2098 tuit
1510 2063 1634 2110 ,calidae
1658 2065 1766 2097 uncias
1797 2064 1921 2105 aliquot
1946 2087 1954 2103 ,
1977 2063 2137 2098 cochleari
2173 2065 2282 2099 addito
2316 2063 2427 2109 syrupi

1427 2120 1465 2141 ex
1499 2108 1595 2140 succo
1630 2107 1826 2143 violarum,
1858 2107 1931 2139 iude
1976 2116 2052 2140 vero
2097 2107 2194 2141 sciam
2218 2132 2231 2149 ‚
2269 2108 2428 2144 diuretica

1427 2153 1555 2193 proprie
1577 2149 1663 2183 dieta
1685 2149 1857 2183 nonnullos
1881 2149 2014 2192 quidem
2037 2151 2202 2189 liberasse3
2226 2151 2296 2185 aliis
2320 2162 2428 2187 autern

1429 2194 1637 2227 vehementer
1661 2190 1802 2227 nocuiise
1827 2207 1836 2225 z
1872 2204 1974 2237 neque
1998 2193 2058 2227 hoc
2083 2197 2204 2228 mirum
2236 2195 2300 2228 five
2321 2207 2355 2228 ea
2380 2206 2429 2229 at-

1429 2236 1635 2271 tendentibus
1659 2249 1730 2279 quae
1755 2236 1847 2279 supra
1871 2240 1883 2276 (
1906 2238 1959 2279 q)
1983 2240 2153 2280 attigimus
2184 2238 2222 2272 de
2257 2239 2430 2282 mpcilagi—

1429 2279 1507 2314 noso
1530 2279 1667 2313 humore
1705 2291 1770 2323 quo
1804 2282 2015 2318 tubulorum,
2039 2285 2069 2314 δε
2094 2282 2194 2324 pelvis
2213 2284 2349 2324 parietes
2370 2284 2432 2317 ob-

1429 2325 1613 2361 liniuntur‚
1637 2335 1702 2357 non
1725 2329 1843 2357 temere
1877 2323 2056 2357 amovendo
2071 2347 2080 2363 ,
2104 2325 2166 2358 sive
2196 2326 2431 2361 contractiones

1431 2365 1604 2401 eorundem
1628 2369 1809 2408 parietum,
1832 2378 1903 2409 quae
1926 2378 1960 2400 ut
1974 2369 2098 2401 acrium
2123 2369 2431 2403 medicamentorum

1432 2412 1672 2445 irritamentum
1697 2410 1872 2452 sequuntur
1896 2433 1907 2449 ‚
1941 2410 1982 2445 sic
2016 2420 2171 2454 quantum
2205 2415 2236 2445 &
2269 2413 2337 2446 vias
2367 2416 2430 2446 im-

1433 2464 1573 2496 portune
1615 2455 1810 2496 adstringant
1830 2479 1842 2494 ,
1873 2455 1903 2486 &
1937 2454 2067 2488 dolores
2100 2464 2257 2498 augeant,
2292 2456 2431 2490 manife-

1430 2497 1514 2531 stum
1547 2496 1588 2530 est
1611 2521 1619 2529 .
1658 2498 1798 2530 Utinam
1834 2497 1950 2531 radicis
1983 2498 2081 2531 scillae
2113 2500 2161 2532 vis
2195 2499 2366 2541 anodyna,
2400 2502 2431 2533 &

1430 2539 1653 2574 convulsiones
1688 2541 1811 2582 sopiens
1833 2562 1842 2577 ‚
1878 2540 1917 2573 ab
1952 2541 2156 2575 Hoffmanno
2189 2542 2330 2575 indicata
2353 2567 2362 2583 ‚
2399 2545 2431 2576 δι

1431 2587 1465 2617 in
1490 2582 1672 2625 nephritide
1694 2583 1762 2626 ipsa
1778 2606 1788 2622 ,
1813 2585 1910 2617 etiam
1946 2597 1962 2617 a
1988 2585 2166 2618 minoribus
2199 2586 2329 2619 calculis
2356 2597 2431 2629 pro-

1432 2629 1600 2664 veniente,
1625 2639 1640 2659 a
1663 2628 1716 2659 Cl.
1739 2627 1791 2672 Jo.
1817 2627 1967 2661 Gerardo
1993 2629 2157 2670 Wagnero
2187 2630 2200 2666 (
2221 2639 2237 2660 i·
2258 2633 2272 2669 )
2306 2628 2432 2672 exposi-

1433 2681 1489 2709 ta,
1514 2679 1566 2704 tot
1602 2669 1749 2704 felicibus
1786 2671 1856 2704 aliis
1887 2673 2117 2713 experimentis
2147 2670 2396 2706 confirmaretur
2420 2695 2430 2711 ,

1433 2724 1470 2748 ut
1492 2725 1557 2747 non
1583 2716 1687 2747 minus
1712 2714 1794 2755 apud
1820 2714 1967 2748 Medic-:is
2000 2725 2076 2750 nota
2112 2713 2185 2748 effet
2208 2739 2216 2754 ,
2253 2727 2351 2758 quam
2384 2717 2433 2749 vis

1432 2759 1588 2791 diuretica
1613 2756 1769 2801 perspecta
1789 2758 1830 2791 est
1852 2769 1862 2795 3
1894 2756 1964 2791 sane
1984 2760 2057 2792 Itali
2082 2769 2210 2800 quoque
2234 2759 2353 2797 nostri,
2375 2758 2433 2792 etsi

1434 2801 1623 2844 plerumque
1646 2802 1686 2834 ab
1708 2802 1872 2838 emeticis,
1897 2802 1989 2844 quale
2013 2802 2118 2844 pulvis
2154 2801 2321 2837 scilliticus
2354 2803 2397 2836 est
2422 2825 2433 2841 ,

1434 2845 1581 2878 remediis
1604 2844 1799 2883 abhorrent,
1823 2843 1885 2878 hoc
1918 2855 2101 2888 opportune
2135 2846 2183 2879 uti
2217 2858 2281 2880 non
2304 2845 2447 2880 dubita-·

1435 2898 1529 2929 rent,
1552 2900 1589 2920 ne
1612 2889 1660 2921 ibi
1684 2888 1822 2923 calculus
1858 2889 2054 2922 incrementa
2087 2898 2234 2931 caperet,
2257 2889 2341 2924 unde
2375 2902 2434 2933 po-

1434 2931 1494 2964 stea
1529 2931 1624 2974 dejici
1659 2943 1721 2964 non
1758 2930 1858 2973 posset
1881 2956 1888 2963 .
1926 2934 2075 2974 Augetur
2106 2933 2191 2965 enirn
2237 2932 2401 2966 subsistens
2424 2957 2434 2972 ‚

1434 2986 1498 3009 non
1525 2974 1622 3008 modo
1646 2985 1679 3007 ut
1704 2975 1844 3016 expediri
1869 2998 1881 3015 ,
1914 2978 1944 3008 &
1968 2975 2074 3017 egredi
2101 2976 2235 3017 amplius
2259 2986 2396 3018 nequeat
2421 2998 2430 3013 ,

1435 3018 1487 3051 sed
1512 3018 1674 3051 interdum
1700 3029 1733 3051 ut
1760 3029 1865 3051 renem
1889 3029 2015 3060 aequet,
2038 3020 2104 3051 imo
2117 3030 2369 3061 nonnunquam,
2394 3018 2435 3052 si-

1435 3071 1490 3096 cut
1514 3064 1546 3094 in
1575 3061 1709 3095 foemina
1734 3062 1880 3103 Principe
1907 3060 1997 3095 fuisse
2020 3061 2174 3095 scribitur
2204 3062 2291 3104 (s)
2312 3087 2320 3101 ,
2354 3074 2437 3106 pon-

1436 3105 1478 3138 do
1502 3105 1539 3138 fit
1563 3107 1721 3139 librarum
1744 3107 1906 3147 quinque.
1932 3106 1990 3139 Sed
2013 3117 2088 3139 cum
2111 3106 2143 3137 in
2157 3104 2227 3139 aliis
2239 3106 2359 3141 morbis
2371 3117 2436 3139 non

1437 3148 1558 3187 semper
1583 3149 1684 3182 eidem
1710 3147 1850 3182 remedio
1876 3148 1959 3180 idem
1995 3150 2100 3182 exitus
2134 3148 2301 3190 respondet
2325 3172 2333 3187 ‚
2366 3159 2437 3183 tum

1437 3195 1472 3225 in
1497 3192 1558 3225 hoc
1594 3191 1759 3234 speciatim
1782 3216 1790 3224 .
1828 3190 2012 3226 Valsalvam
2045 3201 2132 3226 certe
2163 3191 2268 3234 ipsum
2303 3194 2435 3227 memini

1437 3236 1476 3268 de
1499 3235 1561 3268 hoc
1585 3246 1649 3267 non
1675 3235 1768 3269 semel
1790 3244 1975 3276 querentem
1995 3259 2007 3275 ,
2038 3234 2344 3280 confirmantemque
2365 3260 2376 3276 ‚
2409 3235 2436 3268 se

1439 3280 1473 3311 in
1496 3278 1614 3312 Nobili
1640 3279 1777 3319 Virgine
1800 3289 1869 3320 quae
1896 3290 1948 3320 per
1971 3279 2140 3312 biennium
2165 3289 2275 3313 renum
2313 3279 2437 3313 dolori-

1442 3322 1502 3355 bus
1525 3332 1636 3355 vexata
1660 3321 1763 3355 fuerat
1786 3344 1800 3361 ‚
1832 3322 1969 3355 remedia
1994 3331 2119 3356 mutare
2154 3322 2187 3355 in
2212 3321 2343 3398 singuliss
2380 3333 2437 3363 pa-

2238 3377 2320 3407 roxy
2337 3375 2396 3397 mis

394 3455 2463 3488 ww,

450 3565 464 3594 ζ
479 3575 490 3589 r
509 3564 517 3594 )
534 3566 600 3594 supra
617 3572 641 3588 n.
659 3565 681 3587 8.
746 3561 809 3591 (Ῑ)
827 3560 888 3586 Sest.
905 3560 948 3584 hac
964 3565 1002 3582 22.
1022 3558 1046 3581 in
1063 3555 1141 3581 schol.
1159 3556 1189 3590 ael
1205 3555 1262 3581 Obs.
1280 3561 1314 3582 14.

451 3603 456 3623 i
476 3604 492 3626 y
514 3606 519 3625 i
536 3600 554 3620 A
586 3604 651 3624 1730·
670 3592 730 3617 Obs.
748 3595 818 3616 Anat.
840 3600 861 3620 3.
921 3591 935 3619 ζ
950 3597 967 3617 z
983 3590 995 3618 )
1012 3590 1052 3612 ubi
1067 3589 1095 3621 cle
1114 3588 1200 3611 Renib.

453 3627 466 3654 (
484 3635 494 3649 c
509 3628 522 3655 3
541 3628 658 3651 Litotoni.
676 3632 695 3647 c.
715 3632 735 3650 4-
755 3625 776 3646 ἃ
792 3622 854 3655 Tab.
871 3629 893 3649 4.
958 3623 963 3647 i
982 3619 998 3642 d
1013 3621 1022 3650 )
1038 3619 1109 3647 Epist.
1130 3625 1167 3647 57.
1184 3624 1207 3640 n.
1227 3623 1267 3639 ιο.
1303 3645 1307 3647 -
1571 3641 1584 3665 d

455 3656 470 3684 <
483 3656 496 3683 s
513 3660 524 3685 )
543 3657 594 3681 Aet.
614 3658 644 3679 N.
662 3656 690 3678 C.
707 3656 780 3678 Torn.
802 3660 824 3675 2.
841 3660 865 3676 in
883 3650 990 3679 Append.
1008 3657 1031 3672 n.
1049 3657 1060 3677 3
1089 3651 1110 3682 ²³}
1128 3650 1264 3671 Commerc.
1282 3646 1367 3668 Luter.
1385 3647 1413 3666 A.
1434 3651 1498 3672 ,745
1517 3641 1569 3666 Heb
1590 3659 1594 3664 .
1615 3649 1648 3664 ii.
1666 3649 1689 3663 n.
1707 3649 1724 3663 i.

452 3686 458 3710 s
478 3687 492 3708 h
510 3688 522 3712 )
539 3687 608 3714 Epist.
629 3688 662 3714 38.
682 3692 706 3707 n.
725 3693 762 3711 ai.
828 3684 866 3706 (i
882 3691 888 3709 >
907 3681 958 3706 Se&
983 3681 1026 3703 hac
1044 3686 1080 3703 υ,
1099 3686 1124 3701 in
1141 3677 1221 3701 Schol.
1239 3675 1267 3699 ad
1286 3675 1298 3704 §
1331 3682 1349 3697 i:
1366 3676 1387 3696 ὅ(
1405 3673 1427 3702 5.
1445 3680 1468 3696 2.

452 3716 466 3743 ζ
483 3717 533 3744 m)
551 3717 603 3740 Act.
622 3719 655 3739 N.
675 3716 704 3738 C.
721 3716 787 3737 Torn
817 3720 840 3736 1.
854 3711 910 3735 Obs.
928 3719 979 3739 ²47·
1044 3711 1057 3737 (
1073 3718 1088 3732 n
1105 3709 1156 3742 3-“5
1174 3716 1193 3731 2.
1261 3708 1266 3733 (
1287 3713 1299 3727 ο
1314 3705 1327 3732 )
1342 3704 1428 3732 supra,
1446 3711 1470 3726 n.
1488 3710 1510 3731 3.
1528 3703 1549 3726 ἃ
1567 3711 1587 3732 5.

455 3749 469 3775 ζ
485 3754 498 3775 q
517 3746 529 3773 >
886 3743 900 3771 ί
915 3749 927 3765 r
942 3742 954 3770 D
972 3739 1072 3764 observ.
1089 3739 1177 3763 Clinic.
1194 3736 1254 3761 Sest.
1273 3742 1297 3758 2.
1312 3742 1335 3759 ri.
1353 3742 1373 3758 a.
1391 3739 1415 3760 9.
1432 3735 1455 3757 ἃ
1472 3739 1511 3758 10.

548 3754 570 3770 n.
589 3746 662 3770 modo
677 3744 784 3769 indicato
802 3751 822 3772 3·

1377 3551 1385 3577 s
1403 3558 1414 3574 t
1427 3551 1442 3581 )
1458 3550 1519 3575 Ibid.
1538 3550 1596 3574 Obs.
1616 3559 1650 3580 19.

1260 3585 1274 3612 (
1290 3584 1328 3611 a)
1349 3582 1407 3607 Sest.
1424 3582 1465 3606 cit.
1482 3582 1538 3605 Obs.
1561 3589 1596 3605 ιι.
1615 3581 1627 3611 §
1657 3588 1678 3604 1.
1704 3609 1709 3613 ι
1802 3610 1804 3613 .

1325 3614 1332 3639 s
1351 3622 1362 3637 e
1380 3615 1392 3641 )
1410 3612 1533 3641 Sepulchr.
1549 3614 1565 3635 1.
1584 3619 1604 3634 2.
1623 3614 1644 3635 S.
1666 3618 1684 3634 i.
1704 3617 1727 3633 in
1745 3610 1869 3633 Additam.
1889 3610 1950 3632 Obs.
1972 3617 2010 3633 io.

1715 3549 1729 3579 (
1744 3558 1760 3573 u
1776 3552 1787 3575 )
1805 3548 1936 3583 1bid30bs.
1944 3556 1980 3576 ²4-
1999 3548 2022 3579 §.
2038 3556 2060 3573 a..
2121 3548 2178 3578 (x)
2194 3546 2442 3577 0bs.ead.§.1·3.4.

1742 3582 1756 3608 (
1772 3579 1785 3602 b
1803 3579 1817 3608 )
1835 3580 1896 3603 lbid.
1916 3580 1936 3609 ᾗ,
1955 3588 1976 3603 2.

1527 3674 1540 3701 (
1557 3671 1573 3695 k
1594 3680 1599 3700 1
1619 3671 1677 3695 ibid.
1697 3670 1718 3700 §.
1739 3674 1761 3693 6.
1788 3643 1831 3683 (g
1850 3639 2319 3703 3{blidi'AS-efivizi.iiieksidddizrismtib'sss.
2333 3670 2355 3693 8.
2365 3668 2442 3693 adfin.

1647 3704 1661 3729 (
1676 3709 1691 3730 p
1711 3704 1720 3732 )
1738 3700 1841 3724 Praeiecr.
1858 3700 1886 3724 ad
1905 3699 1980 3724 Iustit-
2002 3700 2023 3728 §,
2042 3704 2094 3729 3⁶5·
2112 3700 2134 3722 δι
2151 3702 2193 3728 387

1575 3731 1637 3762 ks)
1656 3731 1706 3756 Vid.
1726 3732 1787 3759 apud
1806 3731 1873 3754 i’ohi.
1889 3731 1918 3754 de
1936 3729 2034 3758 Prostavt.
2051 3731 2137 3753 caicus.
2157 3729 2179 3758 ᾗ.
2197 3738 2220 3759 7.
