2498 4075
432 142 525 193 35²

373 202 407 252 in
433 207 514 247 illa,
539 205 653 241 habere
678 205 763 240 visus
787 206 853 248 est,
875 217 989 248 nempe
1005 206 1141 240 cervicis
1160 207 1290 242 femoris
1303 207 1377 241 bre-

371 257 505 283 vitatem
521 275 528 284 .

408 303 458 324 22.
489 295 530 327 Et
555 292 596 325 sic
620 291 701 325 mihi
725 305 763 325 eo
787 292 918 335 quidem
943 303 1089 334 ternpore
1113 294 1214 328 visum
1238 293 1301 331 est3
1318 305 1374 327 nec

363 334 496 369 fortasse
519 336 655 368 omnino
679 335 830 378 deceptus
853 336 941 369 sum.
968 338 1093 370 Verum
1128 338 1230 380 postea
1263 337 1377 379 displi-

360 383 431 412 cuit
456 383 610 412 cervicem
644 379 750 415 claudi
785 379 916 412 femoris
947 391 1019 413 cum
1053 380 1119 412 sani
1153 382 1278 413 cervice
1312 391 1375 413 non

361 421 573 464 comparasse:
599 432 671 463 quae
696 423 783 454 ratio
808 433 869 455 una
896 424 1033 455 maxime
1056 423 1378 460 demonstrasset‚re-

359 465 409 499 &e
425 488 434 502 ‚
459 477 495 499 an
521 464 607 497 secus
630 463 816 497 censuissem
839 489 849 504 ,
884 466 973 499 illam
998 466 1057 499 ess'e
1071 467 1274 500 breviorem.
1300 467 1377 499 For-

360 506 441 541 {itan
465 509 550 541 enim
578 507 677 540 videri
704 508 835 540 brevior
859 512 967 551 potuit
992 521 1062 552 quae
1087 511 1120 543 in
1153 521 1216 543 non
1254 521 1376 551 magnae

358 551 490 585 staturae
513 562 647 592 corpore
673 550 752 592 justa
777 550 849 584 esset
882 552 1118 595 longitudine:
1154 556 1186 586 &
1219 561 1268 586 tot
1304 556 1374 586 sunt

358 604 429 628 tum
455 594 545 636 supra
571 594 800 633 acetabulum,
823 605 893 627 tum
918 597 952 629 in
978 597 1170 635 acetabulo,
1195 606 1265 629 tum
1287 594 1374 630 infra

356 638 562 671 acetabulum
586 637 787 671 claudicandi
812 638 937 678 causae,
962 649 998 673 ut
1022 651 1097 673 cum
1122 640 1227 682 plures
1251 639 1373 679 abesse,

355 681 518 718 viderim,
544 692 655 714 omnes
689 692 794 714 tamen
833 681 958 718 abesse,
996 682 1069 715 satis
1103 681 1231 716 fortasse
1263 683 1371 716 videre

355 736 420 758 non
446 725 630 769 potuerim.
654 724 756 767 Juvat
782 724 835 758 hic
860 725 1023 767 plerasque
1046 738 1086 759 co
1109 728 1166 770 qui
1191 726 1288 760 modo
1320 728 1369 760 in-

353 767 479 802 dicatus
505 767 547 800 est
564 789 573 803 ,
596 768 710 800 ordine
732 779 1009 801 commemorare·
1144 771 1245 811 Supra
1270 780 1369 804 aceta-

353 813 466 845 bulum
490 810 533 843 est
559 822 672 851 pravus
697 811 884 853 quicunque
919 812 993 846 situs
1025 812 1095 845 offis
1131 813 1333 847 Innominati
1357 837 1366 851 ‚

351 854 534 895 cujusmodi
558 852 633 886 situs
659 854 695 886 ad
721 864 836 887 caetera
862 856 941 888 vitia
974 855 1142 888 accedebat
1178 858 1211 888 in
1245 857 1368 891 claudis

351 900 419 932 illis
440 898 563 931 duabus
587 909 665 938 quas
689 897 778 940 supra
805 901 872 938 (y)
896 909 968 931 ante
993 901 1068 932 alias
1079 899 1367 941 descripsimus‚in

351 944 521 986 primaque
548 941 744 981 praesertim.
775 941 866 974 Plura
893 953 997 975 autern
1023 943 1109 975 Sacri
1133 942 1203 975 offis
1238 943 1277 976 ab
1309 944 1367 976 illo

351 984 414 1018 osse
436 984 573 1017 diastasis
595 984 740 1025 exempla
762 986 794 1017 in
819 984 1076 1019 claudicantibus
1101 987 1208 1028 pueris
1240 986 1366 1029 profert

347 1030 402 1062 Cl.
429 1028 545 1061 ssaffius
570 1030 657 1070 (z),
683 1028 823 1061 rationes
847 1027 963 1063 addens
986 1029 1030 1062 ob
1052 1041 1129 1072 quas
1153 1030 1208 1062 illa
1233 1030 1369 1063 infanti-

346 1072 406 1106 bus
430 1071 524 1104 facile
549 1072 673 1105 accidat
690 1093 698 1107 ‚
724 1071 811 1113 figna
833 1082 889 1114 per
917 1084 990 1115 quae
1024 1072 1262 1107 internoscatur
1294 1098 1302 1113 ‚
1334 1077 1366 1107 ὅ(

350 1114 460 1150 causas
484 1127 582 1156 quare
606 1114 737 1147 difficile
761 1116 866 1148 curari
892 1116 1008 1156 possit,
1031 1116 1214 1158 ideoquein
1234 1129 1365 1150 omnem

350 1170 478 1193 aetatern
503 1156 568 1191 fere
593 1168 797 1200 permaneat,
824 1167 862 1190 ut
887 1161 919 1191 in
959 1159 1087 1193 Veneto
1124 1160 1363 1194 adolescentulo

343 1214 440 1249 quem
464 1201 501 1235 ad
527 1214 576 1235 me
608 1201 733 1235 confini
767 1200 858 1234 causa
883 1200 1099 1240 adduxerant,
1123 1203 1323 1244 permanfiffe
1347 1216 1363 1238 a

344 1247 505 1289 pueritia,
530 1246 622 1282 vidi,
646 1243 839 1286 censuique,
855 1244 976 1286 semper
990 1245 1050 1278 esse
1074 1246 1364 1286 mansuram.Quae

347 1289 370 1323 fi
399 1289 622 1331 perpenderis3
648 1288 703 1320 ubi
719 1298 823 1333 artum
836 1298 907 1321 artu
931 1289 1112 1329 longiorem
1126 1287 1276 1329 esse,aut
1291 1291 1363 1324 bre-

348 1335 475 1365 viorem
502 1332 621 1365 videris
639 1353 648 1368 ‚
674 1330 833 1372 lmJufque
855 1332 1086 1373 inaequalitatis
1109 1332 1199 1365 causa
1225 1345 1290 1367 non
1323 1335 1361 1367 sit

343 1378 377 1410 in
403 1385 474 1409 artu
498 1374 568 1418 ipso
593 1373 780 1410 manifesta3
807 1374 947 1415 primum
981 1377 1128 1410 omnium
1165 1387 1242 1410 num
1274 1376 1360 1411 forte

342 1419 513 1463 inaequalis
538 1418 621 1452 sedes
645 1417 682 1451 sit
709 1418 995 1452 Innominatorum
1019 1420 1133 1453 offium
1167 1421 1358 1462 indagabis3

340 1475 409 1498 eam
435 1465 520 1496 enim
547 1461 778 1501 acetabulum,
801 1462 922 1504 quippe
946 1464 979 1494 in
1005 1462 1079 1503 ipsis
1093 1464 1357 1503 excavatum,se-

338 1508 474 1551 quitur,
501 1506 562 1540 hoc
588 1514 696 1539 autern
721 1515 828 1541 artus;
850 1515 887 1537 ne
911 1504 996 1538 forte
1020 1506 1074 1539 illa
1107 1508 1264 1550 aequalern
1300 1508 1363 1541 ha-

339 1552 412 1584 bete
436 1551 538 1584 sedem
554 1574 562 1589 ,
587 1558 731 1592 ponens,
757 1559 856 1589 quam
880 1560 896 1582 a
921 1558 1057 1587 natura,
1081 1560 1136 1583 aut
1159 1563 1176 1583 a
1201 1554 1233 1585 vi
1269 1564 1357 1585 mor-

337 1595 373 1628 bi
397 1606 461 1627 non
486 1594 643 1628 habeant,
668 1602 747 1624 mox
769 1593 801 1623 in
826 1591 1022 1633 judicando,
1043 1601 1118 1626 'uter
1141 1604 1227 1629 artus
1248 1606 1355 1630 revera

336 1639 406 1682 ipse
431 1639 559 1680 longior
574 1661 581 1675 ‚
607 1644 658 1669 aut
671 1635 800 1667 brevior
815 1634 853 1667 sit
868 1657 878 1671 ,
901 1635 1072 1678 decipiaris
1085 1662 1092 1668 .

381 1692 432 1724 23.
458 1681 501 1714 In,
520 1679 590 1722 ipso
615 1688 722 1711 autem
745 1677 907 1711 acetabulo
930 1682 967 1713 &a
983 1682 1162 1721 capacitas,
1184 1685 1213 1714 δε
1236 1683 1356 1725 figura,

338 1728 368 1758 δι
392 1735 473 1757 teres
497 1725 732 1765 ligamentum,
757 1724 787 1753 &
812 1729 909 1762 caput
927 1721 1059 1755 femoris
1085 1734 1120 1756 ut
1137 1725 1355 1760 multifariam

337 1779 468 1811 peccare
492 1765 607 1809 possint
631 1775 668 1797 ex
692 1765 731 1796 iis
753 1775 825 1807 quaa
849 1775 913 1797 non
938 1763 1029 1798 semel
1056 1766 1146 1809 supra
1159 1767 1244 1801 dieta
1269 1770 1354 1810 sunt,

337 1812 495 1853 intelligis
520 1835 528 1843 .
564 1809 640 1842 Huc
663 1807 798 1841 addendi
825 1806 896 1840 sunt
921 1816 1083 1847 tumores,
1108 1811 1170 1844 sive
1203 1812 1237 1844 in
1270 1813 1355 1856 liga-

338 1864 446 1889 mento
469 1852 646 1887 increscant
669 1874 680 1890 ,
703 1859 740 1884 ut
767 1851 951 1893 Falloppius
977 1852 1081 1891 noster
1106 1858 1173 1895 (a)
1196 1855 1320 1890 indicat
1343 1879 1353 1895 ‚

338 1899 401 1932 five
426 1900 458 1931 in
484 1898 544 1930 alia
569 1898 653 1928 intra
679 1895 881 1928 acetabulum
905 1904 1016 1937 parte,
1042 1905 1077 1929 ut
1102 1901 1280 1940 generatim
1306 1901 1356 1934 lo-

336 1945 450 1985 quitur
475 1940 659 1980 Vcslingitts
684 1940 764 1971 item
790 1937 892 1971 noster
916 1937 1003 1978 (b),
1036 1940 1093 1973 ubi
1126 1941 1156 1975 se
1189 1953 1262 1976 curn
1287 1944 1355 1977 Sala

334 1987 451 2029 'saepius
477 1983 634 2020 visitasse,
663 1983 732 2021 ait,
758 1980 938 2014 Patricium
964 1983 1128 2017 Venetum
1144 2007 1152 2021 ‚
1176 1987 1227 2019 cui
1243 1985 1354 2027 subar-

335 2039 369 2063 to
394 2030 476 2063 intra
500 2025 674 2061 coxendicis
697 2023 894 2058 acetabulum
918 2032 1063 2065 tumore,
1097 2037 1192 2070 caput
1219 2029 1355 2072 femoris

335 2074 493 2107 evidenter
517 2068 689 2112 extrorsum
712 2067 859 2110 vergebat
875 2091 882 2100 .
910 2068 1061 2102 Valsalva
1085 2081 1192 2104 autem
1207 2074 1242 2105 in
1261 2073 1353 2105 Con-

336 2116 433 2153 fi150‚
457 2115 545 2158 quod
570 2123 628 2156 pro
653 2111 770 2145 Nobili
795 2113 897 2145 Puero
921 2110 1066 2154 scripfit,
1091 2116 1143 2147 cui
1168 2115 1354 2149 fafflaslon-

335 2162 413 2199 aior
432 2169 495 2192 erat
521 2157 644 2191 sinister
671 2165 775 2191 artus,
800 2154 1075 2200 Mucilaginosam
1090 2160 1248 2192 acetabuli
1263 2159 1353 2201 glan-

334 2199 443 2238 dula'rn
469 2202 578 2236 sensim
603 2197 812 2234 intumuisse,
846 2197 1066 2240 suspicabatur
1101 2210 1171 2236 tum
1206 2204 1283 2245 quia
1317 2204 1351 2236 in

335 2260 437 2292 puero
460 2255 572 2279 caetera
597 2243 670 2276 sano
695 2243 868 2284 ligamenta
891 2242 996 2276 laxata
1020 2242 1080 2276 esse
1102 2267 1113 2283 ,
1146 2247 1212 2280 veri
1247 2246 1351 2279 simile

335 2302 399 2325 non
425 2290 595 2326 credebat,
622 2297 690 2320 tum
726 2287 802 2328 quia
836 2284 933 2318 facile
965 2287 999 2318 in
1033 2287 1196 2328 glandulis
1231 2291 1352 2324 vitium

335 2335 380 2370 est
400 2346 433 2368 ut
458 2331 696 2370 intumescant,
721 2339 790 2362 tum
814 2331 890 2372 quia
924 2330 1092 2364 novissime
1126 2333 1193 2375 post
1224 2333 1351 2367 diutur-

335 2378 478 2413 numab
503 2385 595 2410 acuto
621 2373 737 2408 morbo
761 2373 947 2406 decubitum
971 2374 997 2406 is
1031 2384 1118 2409 artus
1154 2377 1202 2409 vel
1240 2377 1346 2411 multo

334 2423 464 2463 longior
488 2431 585 2463 quam
610 2428 725 2454 antea,
751 2415 1049 2457 deprehendebatur
1067 2441 1076 2455 ‚
1109 2420 1197 2461 quod
1231 2420 1296 2462 ipse
1330 2433 1347 2453 a

335 2460 494 2511 glandulae
517 2459 862 2498 inci‘ement02ta11dit1
879 2459 1040 2493 afemoris
1051 2464 1156 2504 capite
1168 2474 1232 2496 non
1255 2475 1349 2497 com-

336 2508 464 2553 fresh,
489 2507 670 2548 repetebat3
694 2504 904 2546 quamobrem
918 2506 1028 2537 auctor
1041 2510 1347 2547 eratintercaetera‚

337 2566 372 2588 ut
388 2554 443 2586 iub
468 2554 599 2585 dextero
625 2548 699 2592 pede
715 2549 782 2584 ‚cui
796 2547 873 2580 stans
887 2560 963 2589 puer
974 2548 1206 2591 plerumque&
1220 2550 1348 2584 firmius

339 2597 461 2631 {debat
486 2593 644 2628 inl‘rstere,
669 2601 763 2624 tanto
787 2591 886 2623 altior
909 2592 1033 2623 calceus
1057 2591 1131 2624 eslet
1160 2619 1170 2633 ‚
1204 2603 1239 2626 ut
1274 2604 1350 2627 artu

336 2650 476 2683 utroque
500 2638 612 2680 :equali
639 2635 750 2670 facio,
775 2634 893 2667 finistra
918 2645 1047 2676 quoque
1069 2634 1134 2677 jam
1159 2636 1313 2669 insisteret
1338 2661 1347 2676 ,

337 2684 589 2728 glandulamque
613 2681 862 2720 comprimeret.
889 2678 939 2710 Re
964 2688 1040 2710 vero
1076 2679 1142 2720 ipsa
1175 2681 1206 2711 in
1244 2681 1347 2713 milite

336 2729 374 2762 de
399 2740 463 2769 quo
487 2725 585 2758 Casus
609 2733 696 2757 extat
721 2721 814 2755 Halae
836 2720 961 2758 editus,
987 2723 1017 2752 &
1041 2733 1056 2753 a
1082 2723 1175 2756 nobis
1199 2722 1289 2764 supra
1302 2727 1345 2762 (c)

337 2772 483 2805 laudatus
499 2792 507 2806 ‚
533 2768 703 2802 substantia
729 2764 873 2807 quaedam
901 2763 1070 2806 spongiosa
1095 2776 1259 2808 comperta
1284 2765 1343 2806 est,

337 2827 408 2855 quae
434 2812 591 2847 acetabuli
617 2811 687 2854 plus
710 2819 807 2852 quam
839 2808 1015 2841 dimidium
1048 2809 1201 2851 replendo
1224 2831 1234 2847 ‚
1267 2810 1341 2843 inde

338 2858 470 2892 femoris
494 2866 588 2897 caput
614 2854 799 2895 expulerat„

384 2913 435 2943 24.
460 2902 609 2940 Denique
635 2899 694 2930 sub-
712 2896 781 2938 ipso
806 2895 970 2929 acetabulo
1006 2897 1100 2939 longe
1136 2898 1237 2939 plures
1270 2896 1342 2929 sunt

337 2946 436 2978 causae
461 2942 723 2976 claudicasionis.
752 2940 924 2980 Namque3
950 2949 984 2971 ut
1008 2938 1184 2973 fracturam
1208 2943 1244 2973 de
1277 2951 1340 2981 qua

336 2989 460 3023 dictum
486 2986 550 3024 est,
582 2986 713 3018 cervicis
743 2982 874 3016 femoris
894 3006 902 3020 ‚
941 2986 971 3016 δε
1005 2985 1086 3016 vitia
1120 2983 1307 3024 Capsularis
1330 3007 1343 3022 ,

337 3032 425 3074 quod
452 3039 570 3062 vocant
596 3054 604 3068 ,
643 3029 808 3069 ligamemi
835 3027 1251 3067 praetermitt21113mul‘culi
1278 3028 1338 3066 pri-

337 3086 427 3108 murn
452 3076 507 3116 qui
533 3072 634 3106 femur
660 3071 713 3103 sua
734 3073 766 3102 in
793 3070 857 3103 sede
881 3070 1093 3110 conservant,
1116 3069 1178 3104 sive
1210 3070 1340 3104 resoluti

338 3120 398 3152 sint
426 3140 437 3157 ,
472 3116 555 3150 nihi}
577 3115 702 3148 obstant
728 3125 792 3156 quo
818 3115 921 3146 minus
952 3114 1056 3155 ipsum
1089 3115 1212 3154 pondus
1244 3116 1343 3147 totius

338 3173 425 3195 artus
458 3160 589 3193 semitis
623 3160 797 3200 liga-menta
831 3157 976 3189 exrendat
1004 3183 1011 3195 ,
1058 3156 1214 3200 ipsiusque
1248 3166 1343 3199 caput

335 3204 484 3240 deorsum
508 3205 602 3237 ducat
627 3228 635 3242 ‚
667 3200 730 3233 sive
766 3199 877 3233 dolore
900 3223 912 3239 ,
946 3210 1072 3234 tumore
1095 3222 1104 3237 ,
1138 3200 1343 3234 convulsione

337 3249 519 3284 contrafii,
546 3257 640 3279 tanto
664 3246 758 3277 altius
782 3246 815 3276 in
840 3243 1006 3277 acetabulo
1031 3246 1114 3277 idem
1139 3254 1234 3286 caput
1270 3255 1343 3276 con-

336 3294 443 3325 ditum
468 3290 709 3333 appressurnque
734 3287 880 3323 servant,
908 3298 940 3319 ut
967 3299 1050 3321 artus
1083 3289 1180 3328 paulo
1214 3288 1342 3320 brevior

337 3335 508 3369 videatur.
534 3335 664 3371 Quanta
690 3341 791 3363 autem
817 3331 847 3361 vi
873 3330 970 3363 iidem
996 3330 1129 3363 musculi
1144 3331 1340 3364 velnatuvrali

333 3379 508 3411 voluntatis
531 3377 674 3417 imperio⁴
693 3373 854 3407 interdum
878 3373 1111 3407 contendantur
1134 3397 1144 3413 ‚
1187 3374 1275 3407 casus
1306 3374 1339 3405 in

334 3423 446 3464 primis
470 3419 665 3454 demonstrat
690 3442 699 3456 ,
731 3418 770 3450 ab
795 3418 943 3460 Ingraffia
968 3418 1021 3457 (ci
1047 3416 1340 3458 >descriptus,mi-

332 3467 421 3499 noris
445 3463 658 3498 trochanteris
681 3473 735 3504 per
758 3461 931 3494 nonnullos
951 3461 1121 3494 dumtaxat
1133 3471 1244 3494 eorum
1257 3471 1340 3502 quosv

659 127 817 182 Liber
851 131 941 184 IV.
975 130 1059 182 De
1096 131 1301 184 Morbis
1337 130 1687 198 Chirurgicis‚
1720 130 1777 182 &
1815 129 2209 185 Universalibus

1426 207 1595 249 generosus
1614 207 1749 251 Juvenis
1772 208 1805 240 in
1838 206 2013 241 hastiludio
2045 217 2160 250 praeter
2191 209 2322 243 modum
2355 220 2437 245 con-

1425 249 1590 289 tenderat,
1615 262 1631 284 a
1655 248 1774 283 femore
1797 250 1915 285 avulfi:
1939 261 2034 293 quem
2046 251 2153 285 casum
2179 254 2438 288 minusincredi—

1427 291 1526 326 bilem
1549 290 1674 327 faciunt
1698 292 1861 335 Ruyschii
1885 305 1948 336 prae
1971 298 2095 329 caeteris
2119 296 2232 328 Icones
2254 298 2323 335 (e)
2359 299 2437 338 quio

1428 335 1487 369 bus
1510 336 1643 370 eundem
1665 335 1901 370 trochanterem
1925 335 2065 370 ostendit
2086 339 2142 380 qui
2157 339 2302 372 coctione
2325 341 2358 373 in
2375 341 2440 384 ju-

1429 388 1506 412 vene
1517 391 1532 412 a
1545 378 1678 413 femoris
1687 380 1751 414 osse
1763 379 1923 414 recesserat
1939 404 1946 412 .
1964 381 2107 414 femoris
2119 390 2226 414 autem
2238 382 2333 423 ipsius
2346 396 2437 425 quae-

1427 433 1553 464 cunque
1566 421 1704 456 fraetura
1721 423 1798 456 adeo
1809 434 1880 456 raro
1891 422 1954 456 sine
1966 423 2181 467 consequente
2202 425 2436 460 claudicatione

1428 474 1573 506 curatur,
1587 475 1621 499 ut
1632 465 1744 499 Celsus
1754 464 1815 507 (f)
1826 465 1940 500 diserte
1952 466 2266 510 scripserit,ignorari
2278 477 2335 501 nvn
2347 481 2435 512 opor-

1425 518 1509 546 tere,
1528 508 1558 552 fi
1573 507 1682 552 femur
1696 506 1840 550 frat‘i‘um
1862 510 1922 549 esi,
1942 509 2013 552 fieri
2023 509 2251 552 breviu55quia
2275 521 2433 554 nunquam

1425 553 1458 586 in
1482 553 1644 594 antiquum
1660 550 1779 590 flatum
1802 553 1992 586 revertitur:
2010 552 2199 596 summisque
2220 554 2332 596 digitis
2349 555 2430 595 posi,

1425 607 1459 629 ea
1482 597 1585 628 cruris
1606 605 1675 637 ejus
1698 594 1793 636 insisti
1815 621 1823 628 .
1857 595 1993 629 Brevius
2016 606 2123 630 autem
2148 596 2184 630 fit
2206 606 2259 631 aut
2281 598 2357 639 quia
2381 600 2432 630 in-

1424 648 1475 671 ter
1498 637 1646 672 fra6mrae
1669 648 1810 672 extrema
1835 649 1905 680 pars
1941 639 2048 682 aliqua
2081 639 2187 673 amissa
2220 639 2262 674 est
2291 652 2362 683 quae
2397 643 2431 675 in

1423 680 1603 723 fragmenta
1627 681 1744 714 abierit
1759 706 1768 720 ‚
1791 691 1845 715 aut
1869 683 1945 724 quia
1978 692 2122 717 extrema
2157 683 2211 717 illa
2243 683 2434 725 perdifficile

1420 727 1703 767 itaeoaptentur,
1729 735 1765 758 ut
1790 726 1942 759 naturalis
1979 725 2050 758 offis
2083 726 2185 768 sigura
2207 748 2216 764 ‚
2248 729 2279 759 &
2311 726 2434 768 pofitus

1421 768 1608 806 serventur,
1634 768 1721 802 velut
1746 770 1778 801 in
1801 780 1841 801 eo
1865 768 2039 811 praesertim
2062 768 2184 803 femore
2205 770 2295 812 cujus
2319 769 2398 804 [con
2412 783 2437 811 a,

1420 812 1683 845 Grutzmackero
1706 813 1772 853 (g)
1794 812 1879 845 edita
1905 811 1969 850 est,
1995 821 2050 845 aut
2072 813 2149 855 quia
2171 813 2222 847 vel
2242 812 2340 855 probe
2357 825 2433 847 coa-

1420 864 1523 897 ptata,
1535 855 1605 887 nisu
1618 853 1724 894 postea
1738 855 1955 889 musculorum
1965 854 2186 893 dimoventur,
2197 856 2285 899 quod
2297 857 2330 889 in
2340 857 2426 890 obli-

1418 910 1480 940 qua
1495 907 1589 941 atque
1601 897 1743 939 oblonga
1757 897 1895 932 fra6tura
1908 897 2033 932 facilius
2045 896 2163 933 accidit
2174 924 2183 939 ‚
2193 899 2312 944 cumin
2325 901 2429 933 trans-

1419 941 1506 974 versa
1529 951 1707 976 extremum
1731 951 1877 975 extremo
1900 943 2091 980 obnitatur,
2115 943 2220 983 sicque
2241 944 2377 977 alterum
2393 944 2433 977 ab

1422 985 1522 1017 altero
1546 986 1578 1017 in
1602 984 1750 1018 restituto
1773 984 1879 1026 positu
1902 986 2126 1020 conservetur.
2152 986 2204 1019 Ad
2230 985 2306 1024 has,
2340 987 2435 1022 alias-

1420 1039 1482 1069 que
1505 1026 1740 1070 ejusdemmodi
1764 1028 1872 1067 causas
1895 1028 2045 1062 Valsalva
2081 1028 2161 1062 hauc
2194 1029 2327 1063 addebat
2352 1054 2361 1070 ,
2395 1032 2429 1064 in

1420 1072 1572 1113 oblongis
1596 1071 1661 1104 illis
1685 1071 1891 1114 obliquisque
1916 1071 2085 1109 frac‘turis,
2119 1083 2232 1114 magna
2274 1072 2431 1107 violentia

1418 1122 1515 1155 atque
1538 1117 1659 1156 impetu
1687 1113 1799 1151 saetis,
1825 1113 1909 1156 posse
1934 1115 2107 1156 aliquando
2131 1117 2215 1149 inter
2236 1115 2313 1150 duas
2335 1114 2433 1150 fraffi

1416 1158 1487 1190 offis
1512 1167 1614 1199 partes
1641 1157 1793 1199 quasdam
1818 1169 1856 1191 ex
1880 1159 2030 1192 musculis
2062 1161 2218 1200 proximis
2250 1159 2346 1193 fibras
2378 1160 2432 1192 in-

1419 1201 1555 1243 tercipi,
1580 1212 1651 1243 quae
1674 1202 1818 1234 emeram
1842 1204 2107 1244 coaptationem,
2132 1205 2165 1236 &
2186 1203 2343 1238 coalitum
2365 1204 2430 1237 im-

1418 1245 1567 1285 pediam,
1591 1253 1645 1277 aut
1668 1242 1754 1277 hunc
1780 1245 1875 1278 etiam
1898 1245 1955 1278 diu
1978 1255 2200 1281 remorentur.
2226 1246 2284 1280 Sed
2309 1256 2346 1280 ut
2382 1248 2430 1280 ni-

1417 1287 1466 1320 hil
1490 1286 1610 1322 horum
1632 1298 1704 1329 quae
1727 1288 1814 1321 dicta
1839 1287 1934 1326 sunt,
1960 1287 2104 1329 accidat,
2128 1298 2180 1323 aut
2203 1299 2267 1322 non
2291 1301 2330 1323 eo
2344 1291 2427 1324 acci-

1413 1330 1471 1364 dat
1495 1331 1593 1364 modo
1616 1342 1713 1373 quem
1738 1330 1792 1364 hic
1815 1332 2051 1374 intelligimus,
2075 1341 2109 1366 ut
2134 1332 2259 1366 brevius
2282 1332 2357 1367 inde
2391 1345 2428 1367 os

1412 1374 1545 1408 femoris
1569 1374 1648 1411 fiat3
1672 1375 1867 1409 claudicatio
1890 1385 1997 1408 tamen
2021 1375 2118 1408 vitari
2141 1387 2205 1409 non
2231 1379 2378 1418 poterit,
2405 1376 2429 1409 fi

1412 1417 1569 1455 musculi,
1594 1416 1757 1457 tendines,
1780 1419 1870 1451 nervi
1894 1432 1909 1452 a
1936 1422 1967 1452 vi
1992 1417 2180 1461 frangente,
2204 1429 2259 1453 aut
2293 1433 2309 1454 a
2350 1431 2430 1453 con-

1410 1459 1526 1494 secutis
1551 1461 1767 1494 incommodis
1791 1463 1881 1495 valde
1905 1462 2081 1503 infirmati,
2105 1473 2160 1496 aut
2191 1463 2296 1498 femur
2315 1487 2325 1502 ,
2363 1472 2419 1497 aut

1411 1503 1566 1547 subjeetas
1579 1503 1696 1538 femori
1708 1514 1811 1548 partes
1830 1504 1918 1548 justo
1939 1499 2055 1540 robore
2075 1515 2131 1540 aut
2154 1506 2252 1542 modo
2265 1515 2425 1551 nequeant

1408 1560 1558 1582 movere.

1455 1603 1505 1633 25.
1531 1591 1617 1634 Ipsas
1640 1603 1771 1635 quoque
1796 1592 1950 1635 subjePtas
1973 1592 2090 1627 femori
2103 1604 2204 1636 partes
2220 1593 2424 1637 &plerisque

1407 1633 1526 1669 horum
1550 1647 1622 1676 quae
1644 1635 1729 1668 dieta
1755 1636 1849 1676 sunt,
1871 1637 2029 1671 obnoxias
2054 1637 2133 1674 esse,
2158 1639 2351 1672 &claudum
2366 1637 2426 1671 ho-

1409 1680 1528 1712 minem
1555 1678 1680 1716 facere,
1708 1679 1919 1713 manifestum
1943 1681 2006 1716 es't.
2032 1681 2147 1724 Itaque
2171 1681 2278 1715 multo
2289 1682 2424 1725 paucio-

1407 1733 1441 1754 ra
1464 1721 1502 1755 de
1524 1720 1656 1763 singulis
1681 1733 1732 1755 me
1755 1723 1889 1756 scribere
1913 1721 1987 1757 satis
2009 1726 2094 1764 erit,
2117 1724 2422 1766 aproximo,quod

1407 1775 1515 1799 tamen
1547 1766 1586 1799 ad
1620 1763 1727 1799 femur
1762 1777 1801 1799 ex
1832 1775 1920 1808 parte
1957 1768 2072 1801 attinet
2094 1791 2103 1807 ,
2137 1778 2220 1810 genu
2262 1769 2423 1810 incipien-

1409 1819 1474 1844 tem
1490 1832 1497 1840 .
1637 1840 1638 1844 ,

1449 1855 1501 1885 26.
1525 1851 1715 1886 MULIEK
1737 1851 1830 1895 cujus
1853 1854 1978 1887 mentio
2006 1853 2149 1897 Epistola
2175 1852 2251 1888 LII.
2275 1853 2341 1896 (h)
2365 1855 2421 1887 in-

1410 1895 1491 1937 jeeca
1515 1894 1558 1928 est
1581 1919 1594 1935 ,
1626 1895 1763 1929 historia
1798 1906 1903 1930 autem
1939 1899 1972 1929 in
2006 1897 2089 1931 hanc
2121 1907 2289 1939 propterea
2320 1898 2423 1931 dilata.

1409 1937 1499 1979 quod
1523 1937 1649 1972 fle&ere
1672 1940 1914 1982 alterum-genu
1938 1951 2002 1973 non
2028 1951 2151 1983 poterat
2174 1953 2185 1979 3
2208 1952 2422 1982 cumgravem

1409 1982 1518 2015 fronte
1541 1981 1706 2024 accepisset
1730 1984 1852 2020 ictum,
1875 1995 1970 2025 quem
1995 1982 2080 2025 signa
2102 1984 2211 2018 *statim
2237 1985 2314 2017 mali
2336 1985 2422 2018 omi-

1406 2028 1455 2059 nis
1479 2024 1549 2060 sunt
1574 2027 1742 2059 consecuta
1765 2048 1774 2062 ‚
1806 2026 1858 2060 his
1879 2027 2080 2060 oblitteratis
2106 2053 2116 2068 ‚
2146 2028 2178 2060 in
2214 2027 2420 2062 Nosocomio

1406 2069 1473 2102 levi
1497 2067 1575 2102 adeo
1599 2079 1673 2102 cum
1707 2068 1797 2102 febre
1833 2068 1975 2102 cubabat
2000 2095 2009 2109 ,
2046 2080 2083 2103 ut
2115 2069 2168 2104 die
2201 2071 2337 2113 septimo
2371 2073 2422 2104 vi«

1405 2113 1496 2145 etum
1520 2112 1664 2154 posceret
1688 2114 1793 2146 minus
1819 2122 1965 2146 tenuem.
1992 2112 2050 2146 Sed
2074 2113 2198 2147 decimo
2222 2124 2340 2157 quarto
2372 2126 2421 2148 ec-

1405 2167 1440 2189 ce
1464 2156 1595 2197 gravior
1617 2154 1718 2189 febris
1741 2166 1816 2189 cum
1841 2154 1966 2198 frigore
1989 2158 2138 2199 ingruit,
2165 2159 2195 2190 δε
2221 2159 2337 2192 mentis
2350 2169 2421 2201 per-

1403 2199 1590 2232 turbatione
1615 2224 1624 2239 ,
1658 2210 1746 2233 mors
1770 2208 1876 2233 autem
1899 2199 2025 2233 decimo
2049 2199 2210 2244 septimo,
2241 2201 2334 2235 nullo
2358 2213 2419 2235 un-

1402 2254 1500 2284 quam
1525 2252 1578 2275 aut
1602 2242 1685 2276 hisce
1710 2244 1834 2276 ultimis
1858 2243 2058 2281 diebus‚aut
2083 2244 2149 2278 illis
2162 2244 2325 2287 prioribus
2342 2244 2419 2278 tho-

1406 2288 1486 2318 racis
1510 2284 1617 2319 affedfi
1640 2285 1769 2320 indicio*
1787 2309 1796 2324 ‚
1831 2288 1981 2330 nullaque
2006 2287 2045 2332 de
2069 2287 2131 2321 hoc
2159 2289 2285 2329 querela
2300 2313 2307 2320 .
2323 2290 2418 2322 Men-

1406 2329 1444 2362 fis
1464 2328 1531 2371 jam
1556 2340 1623 2363 erat
1648 2331 1827 2364 December
1860 2333 1901 2362 A.
1929 2340 2023 2372 1745.
2058 2343 2125 2373 quo
2161 2340 2307 2372 tempore
2343 2343 2418 2366 cum

1403 2373 1451 2407 ibi
1484 2371 1581 2406 essent
1631 2372 1806 2415 Discipulis
1837 2384 1924 2407 more
1957 2373 2173 2418 institutoque
2207 2386 2279 2408 mco
2323 2377 2415 2417 plura

1400 2416 1667 2458 praemonstranda
1690 2428 1760 2459 quae
1784 2417 1877 2451 sicuti
1903 2417 2045 2451 thoracis
2069 2441 2077 2455 ,
2114 2421 2234 2452 ventris
2256 2442 2265 2456 ‚
2311 2421 2340 2451 &
2366 2430 2418 2452 ar-

1402 2470 1493 2493 tuum
1517 2458 1740 2493 diffefiionem
1764 2461 1971 2503 requirebant
1996 2485 2006 2500 ‚
2039 2459 2082 2494 fic
2106 2463 2219 2504 capitis
2253 2462 2417 2496 incidendi

1402 2502 1541 2542 spatium
1567 2514 1630 2536 non
1654 2504 1795 2542 dabant5
1820 2503 1880 2538 hoc
1906 2506 2039 2537 minime
2075 2514 2222 2547 apertum
2256 2505 2297 2538 est
2321 2531 2329 2538 .
2375 2507 2416 2538 In

1401 2546 1534 2580 illorum
1567 2555 1674 2581 autem
1710 2547 1848 2581 sectione
1878 2546 1944 2581 haec
1988 2548 2061 2581 sunt
2106 2558 2223 2590 praeter
2244 2570 2247 2579 2
2267 2558 2415 2582 naturam

1402 2589 1622 2624 animadversa
1646 2616 1654 2624 .
1788 2591 2036 2623 THORACIS
2063 2591 2198 2625 alterum
2224 2592 2338 2625 cavum
2372 2592 2416 2624 li-

1402 2633 1473 2665 bras
1496 2632 1611 2667 habuit
1635 2634 1673 2668 ad
1696 2643 1836 2676 quatuor
1859 2645 1948 2675 aquae
1971 2635 2082 2667 colore
2117 2635 2202 2668 inter
2238 2636 2375 2668 viridem
2400 2656 2411 2672 ‚

1401 2679 1429 2709 δι
1456 2676 1576 2711 flavum
1601 2678 1708 2711 medio
1730 2699 1740 2714 ,
1774 2678 1910 2710 alterum
1934 2677 2040 2711 multo
2065 2679 2170 2711 minus
2194 2702 2203 2717 ,
2227 2677 2330 2712 illaesis
2361 2686 2412 2711 ta-‘

1401 2731 1472 2752 rnen
1495 2721 1528 2754 in
1552 2728 1689 2763 utroque
1723 2720 1962 2766 pulmonibus.
2005 2721 2044 2753 In
2078 2720 2258 2764 pei-icardio
2292 2722 2411 2755 humor

1398 2764 1503 2805 qualis
1536 2762 1612 2796 solet
1641 2785 1650 2801 ‚
1679 2775 1736 2797 nec
1759 2764 1829 2806 plus
1852 2775 1889 2796 eo
1913 2764 1978 2797 suit
2005 2777 2012 2796 τ
2049 2776 2105 2798 cor
2139 2775 2245 2799 autem
2281 2766 2412 2802 laxum,

1397 2810 1431 2839 in
1455 2806 1613 2849 hujusque
1637 2808 1779 2841 auricula
1801 2805 1931 2841 dextera
1957 2808 2110 2850 polyposa
2122 2809 2289 2842 concretio
2316 2809 2409 2847 alba,

1397 2849 1494 2883 crassa
1519 2873 1529 2887 ‚
1561 2851 1726 2892 compassa
1753 2876 1760 2883 .
1894 2852 1932 2883 In
1956 2851 2081 2884 Ventre
2105 2852 2257 2887 vixaliud
2271 2853 2406 2888 adnota-

1395 2903 1468 2927 tum
1492 2894 1556 2930 est,
1578 2905 1675 2936 quam
1686 2895 1768 2927 uteri
1781 2894 1814 2927 in
1830 2894 2060 2938 alterumllatus
2072 2895 2242 2929 inclinatio
2265 2920 2273 2927 .

1395 2938 1516 2970 Artum
1539 2937 1675 2980 denique
1698 2940 1790 2971 illum
1812 2937 1901 2979 cujus
1925 2948 2020 2976 crus>
2044 2949 2149 2980 genu,
2174 2949 2208 2972 ut
2231 2938 2403 2973 videbatur

1397 2992 1461 3014 non
1496 2982 1702 3022 permittente
1728 3008 1736 3023 ,
1770 2993 1808 3014 ne
1842 2980 1954 3014 nostris
1984 2982 2116 3022 quidem
2154 2983 2301 3016 manibus
2349 2983 2408 3015 sle·

1397 3024 1440 3056 &i
1486 3035 1612 3067 poterat
1638 3047 1647 3062 ,
1695 3025 1861 3067 postquam
1900 3035 1972 3056 curn
2018 3023 2093 3058 sano
2118 3037 2403 3069 comparaturum,

1399 3078 1500 3108 neque
1546 3068 1631 3102 aliud
1677 3070 1817 3102 exterius
1860 3067 2031 3100 discrimen
2057 3093 2066 3108 ‚
2109 3070 2168 3102 nisi
2213 3070 2301 3112 quod
2324 3104 2326 3108 f
2354 3081 2409 3102 ro-

1399 3113 1465 3144 tula
1510 3112 1612 3153 magis
1655 3114 1850 3154 promineret
1874 3133 1884 3147 ‚
1931 3111 2032 3145 oculis
2085 3121 2252 3154 potueram
2307 3114 2410 3146 inter-

1398 3154 1527 3187 noscere
1553 3166 1564 3191 5
1607 3158 1746 3196 experiri
1791 3158 1930 3197 primum
1975 3155 2098 3197 placuit
2126 3177 2136 3193 ‚
2179 3158 2266 3190 'nunt²
2324 3156 2408 3189 forte

1399 3197 1593 3232 Extensores
1635 3201 1737 3232 cruris
1784 3197 1921 3231 musculi
1946 3221 1957 3235 ,
2003 3209 2200 3242 quaecunque
2245 3199 2317 3233 esset
2364 3199 2409 3232 rei

1397 3242 1485 3275 causa
1509 3264 1519 3279 ‚
1565 3241 1606 3275 fic
1650 3241 1896 3279 contenderent,
1932 3251 1966 3275 ut
2011 3243 2073 3276 hoc
2120 3253 2250 3285 propter
2296 3243 2408 3277 adver-

1397 3284 1516 3318 santem
1540 3285 1673 3318 illorum
1698 3286 1942 3320 contentionem
1990 3285 2075 3318 flecti
2122 3297 2187 3320 non
2212 3284 2334 3329 posset.
2361 3286 2406 3318 Iis

1394 3329 1498 3369 igitur
1523 3327 1670 3361 musculis
1692 3340 1756 3361 non
1782 3339 1900 3370 magno
1925 3328 2015 3370 supra
2049 3339 2133 3371 genu
2170 3330 2338 3363 intervallo
2372 3330 2405 3361 in

1393 3371 1607 3405 transversum
1659 3372 1798 3404 disseetis
1820 3395 1833 3411 ,
1877 3383 1949 3405 crus
1994 3373 2084 3405 illico
2130 3373 2214 3406 flecti
2261 3373 2370 3414 potuit
2392 3394 2400 3401 -

1392 3414 1510 3456 Neque
1532 3423 1637 3451 tamen
1650 3427 1732 3456 genu
1750 3439 1759 3454 ‚
1783 3424 1818 3448 ut
1830 3415 1945 3448 rotulae
1957 3417 2174 3457 prominentia
2189 3418 2403 3456 veltum'per-

1395 3457 1536 3491 severans
1548 3481 1557 3496 ‚
1571 3458 1807 3492 demonstrabat
1821 3482 1830 3497 ‚
1845 3459 1936 3492 omni
1960 3460 2045 3492 vitio
2063 3461 2194 3494 carebat
2205 3486 2213 3495 .
2237 3459 2402 3535 Prorgiine-

2329 3509 2358 3532 at

335 3604 2391 3623 ww

391 3670 400 3697 s
416 3678 432 3699 y
450 3671 457 3697 )
477 3679 499 3694 n.
519 3679 553 3695 m.
572 3673 594 3695 Se
611 3676 645 3694 12.
710 3668 717 3695 (
738 3676 754 3695 z
773 3668 779 3696 )
795 3670 856 3692 Dec.
875 3677 898 3697 4.
916 3666 975 3700 Qbs.
995 3668 1066 3690 Anat.
1084 3667 1151 3691 Chir.
1168 3675 1190 3691 2.

399 3703 409 3721 (
426 3708 436 3722 c
453 3704 460 3725 >
479 3709 500 3723 n.
522 3710 555 3730 ¹5-
617 3700 624 3725 s
641 3700 657 3723 d
672 3699 687 3728 )
704 3699 728 3722 in
745 3700 796 3722 Gal.
816 3699 831 3722 l.
849 3699 878 3723 de
894 3697 969 3721 Offib.
984 3704 1006 3719 c.
1024 3704 1063 3721 ιο,
1081 3700 1181 3722 eornm,
1198 3707 1220 3727 4.

404 3732 417 3758 (
431 3737 448 3758 Ξ
465 3734 473 3759 )
490 3731 583 3755 Diilert.
601 3731 628 3755 de
646 3731 694 3756 Oli.
714 3729 839 3754 Medulla.
902 3730 916 3758 (
932 3728 946 3752 h
959 3728 973 3757 )
992 3735 1016 3751 n.
1036 3735 1056 3756 9.

1254 3667 1267 3694 (
1284 3674 1299 3689 a
1316 3664 1325 3693 )
1344 3666 1441 3689 Praefat.
1460 3663 1485 3688 in
1505 3664 1587 3689 Trast.
1604 3664 1632 3687 de
1654 3664 1728 3688 luxat.
1745 3665 1767 3688 8:
1785 3664 1851 3689 frast.
1866 3666 1976 3691 Offium.

1289 3699 1295 3726 ί
1316 3704 1327 3719 e
1343 3697 1355 3724 )
1372 3696 1442 3721 Thes.
1460 3697 1532 3720 Anat.
1555 3704 1576 3725 ς.
1591 3694 1654 3719 Tab.
1672 3702 1692 3718 2.
1711 3695 1749 3725 fig.
1768 3704 1789 3720 ι.
1813 3695 1835 3719 ἃ
1852 3704 1873 3725 3.

2041 3664 2072 3695 (t
2088 3677 2092 3693 l
2110 3667 2185 3696 Epist.
2205 3675 2241 3696 ις,

1936 3696 1986 3726 (f)
2002 3698 2037 3721 De
2054 3697 2148 3722 Medic.
2165 3699 2180 3723 l.
2190 3700 2212 3722 8.
2223 3703 2244 3720 e.
2255 3701 2290 3719 10.
2307 3692 2402 3724 scens.
