2498 4075
446 126 627 235 XEpist.
667 171 825 220 Anat.
862 169 1076 221 Medica
1111 167 1294 219 XXV.
1333 167 1449 219 Art.
1472 181 1516 232 9.
1538 169 1678 220 io&
1701 182 1774 218 11.

99 258 176 284 num
200 246 375 289 prasertim
400 247 559 289 aliquem,
584 249 616 279 &
639 257 732 289 quem
765 245 907 280 diximus
926 269 939 287 ,
974 246 1077 278 Paleis
1100 268 1111 285 ‚

101 292 221 326 ar<5tare
241 289 391 329 valeant,
412 288 480 323 'sere
504 289 653 329 nullutn,
678 299 714 322 ut
738 289 815 322 alias
860 293 874 329 (
896 289 915 321 h
938 293 951 329 >
987 287 1114 331 scripsi-

100 345 190 372 mus,
214 332 260 367 sui
284 333 440 367 indicium
465 333 537 366 sunt
560 333 749 374 praebitura.
775 334 805 367 A
829 332 944 375 quibus
969 338 1011 365 ut—
1026 332 1116 371 *vides

100 387 277 419 quantum3
302 378 401 410 mitto
425 388 557 411 nurnero
573 398 583 413 ‚
608 379 639 409 &
664 376 912 419 magnitudine;
947 384 977 409 at
1010 374 1115 409 forma

101 421 192 455 simul
207 446 214 459 ,
240 423 272 453 ἅτ
296 419 364 453 sede
387 420 442 453 illa
467 420 676 460 discreparent
699 432 769 461 quae
793 432 809 452 a
834 418 981 453 Vallalva
1004 420 1114 452 inven-

101 475 138 498 ta
158 464 252 502 sunt3
276 465 322 496 ita
349 465 416 496 noli
443 462 509 505 ejus
534 463 766 497 Observationi
792 464 867 498 alias
891 461 1030 504 objicere
1043 474 1113 507 quae

100 519 175 542 cum
199 519 233 541 ea
257 518 321 540 non
345 506 406 540 fint
430 505 669 548 comparandae.

141 564 172 592 9.
199 552 307 594 Atque
332 551 455 584 utinam
480 551 534 582 illa
560 550 668 584 saltem
693 562 762 593 quae
788 549 865 584 adeo
890 559 1028 587 nocent,
1051 547 1114 581 ossa

99 605 163 628 non
188 596 292 629 minus
315 603 415 627 certas
439 597 469 626 &
495 594 691 634 peculiares,
716 605 810 636 quam
835 605 985 635 magnas,
1008 592 1053 627 sui
1078 590 1116 624 si·

100 637 323 680 gnificationes
348 637 541 680 praeberent.
566 638 689 672 Verum
715 637 762 670 hae
787 638 858 671 sunt
882 646 933 670 tot
959 637 1029 669 aliis
1043 647 1117 670 cau-

100 683 138 715 fis
163 682 240 724 saepe
264 691 468 717 communes,
505 690 541 713 ut
586 682 704 715 merito
747 681 902 715 censuerit
950 678 1117 713 Scheidius

102 729 115 765 (
138 737 154 758 c
177 729 214 765 ),
238 724 344 760 locum
370 724 425 759 vix
450 721 507 756 esse
530 725 626 758 alicui
652 724 827 766 suspicioni
862 735 971 757 corum
1006 723 1116 755 offium

101 780 182 802 tunc
208 770 304 802 etiam
328 778 402 801 cum
425 766 579 802 diuturna
602 767 749 811 quaedam
773 768 891 808 capitis
915 768 996 800 mala
1018 766 1116 799 nullis

100 812 249 846 remediis
270 810 407 845 cedunt,
432 821 529 853 neque
555 811 630 844 satis
643 822 782 854 unquam
794 811 964 845 remittunt
981 835 989 845 ,
1015 809 1116 852 Qod

102 868 205 895 vero,
228 853 347 887 etiami}
375 854 464 896 plane
489 854 754 897 dignosceretur5
779 853 904 889 officula
939 855 1005 887 haec
1040 853 1113 886 tolli

102 910 166 933 non
193 897 331 938 possent,
356 908 455 940 neque
481 899 616 932 ulterior
639 909 750 931 eorum
777 897 951 939 produffio
974 896 1112 939 impedi-

102 944 152 982 ri,
177 941 255 975 ficut
280 941 317 973 ab
340 941 453 974 eodem
476 944 490 981 (
513 943 532 974 d
553 945 567 982 )
590 941 747 975 ostensum
774 941 816 975 est
831 966 838 972 .
866 941 946 981 Qo
968 941 1043 973 loco
1066 950 1121 972 ve.

100 997 155 1026 re,
179 994 273 1029 atque
297 985 456 1027 eleganter
479 986 512 1018 id
536 985 639 1023 dicit,
665 985 752 1028 quod
777 988 809 1018 ἅ·
834 984 917 1017 mihi
951 984 1032 1017 olim
1066 994 1119 1016 ve-

100 1029 150 1062 nit
175 1029 207 1061 in
230 1038 370 1063 mentem
385 1054 393 1068 ,
416 1039 490 1062 curn
516 1027 620 1062 senior
642 1027 792 1063 Medicus
816 1029 873 1071 qui
893 1051 905 1068 ,
936 1025 1041 1062 studio
1078 1027 1118 1060 ab

100 1072 175 1105 aliis
198 1071 387 1111 diffidendi,
412 1083 475 1105 non
501 1083 574 1107 raro
597 1074 631 1104 in
654 1073 753 1105 tricas
798 1071 827 1105 se
849 1071 998 1104 induebat
1023 1094 1033 1110 ,
1080 1083 1117 1104 os

99 1114 189 1159 quod
214 1114 249 1149 ad
271 1116 387 1149 Aortae
412 1117 547 1150 initium
570 1113 719 1149 coaiuiss‘e
763 1115 797 1147 in
837 1114 943 1148 nobili
976 1117 1078 1157 AEgro
1104 1138 1114 1152 ,

98 1158 422 1197 comminiscebatur,
446 1157 679 1193 dissolvendum
704 1158 785 1198 esse,
807 1167 999 1201 proponeret
1021 1158 1116 1192 Artis

98 1203 251 1240 auxiliis3
279 1201 347 1235 fieri
371 1204 457 1236 enirn
481 1202 590 1245 posse,
613 1212 648 1236 ut
673 1201 761 1245 quod
794 1202 911 1237 durum
945 1214 982 1235 ex
1016 1201 1118 1235 fluido

98 1247 221 1281 saecum
244 1244 337 1284 esset,
363 1246 466 1280 rursus
488 1258 526 1280 ex
549 1246 630 1280 duro
654 1245 793 1280 fluidum
816 1245 926 1279 fieret:
951 1256 1007 1278 nos
1031 1246 1119 1278 vide-

99 1291 201 1331 licet,
223 1289 333 1333 inquit
359 1289 553 1331 Scheidius‚
577 1289 736 1333 ejusmodi
760 1290 890 1324 auxiliis
913 1299 972 1322 non
986 1296 1052 1322 tam
1064 1300 1119 1323 na.

102 1342 183 1369 turae
202 1332 418 1376 parfimonia‚
445 1345 537 1376 quam
561 1332 756 1375 benignitate
779 1331 924 1372 destitui3
948 1342 1021 1365 nam
1045 1334 1120 1375 qui-

96 1377 157 1414 bus
179 1372 269 1417 ossa,
293 1379 324 1410 vi
350 1377 457 1411 morbi
482 1386 552 1410 nata
569 1400 577 1414 ‚
613 1376 804 1410 solveremus
824 1399 837 1416 ,
868 1375 984 1410 iisdem
1028 1375 1120 1413 simul

97 1429 210 1454 cae-tera
233 1432 304 1464 quae
329 1430 439 1454 natura
464 1420 530 1463 ipsa
554 1419 617 1454 offa
641 1419 845 1460 construxit,
869 1418 1120 1466 destruerentur.

227 1466 282 1497 An
306 1473 413 1497 tamen
438 1464 578 1497 remedia
601 1462 662 1496 fint
686 1462 802 1505 quibus
836 1474 902 1495 non
937 1474 1003 1505 jam
1036 1462 1122 1497 fasta

96 1507 161 1542 ossa
181 1506 311 1543 dissolvi
338 1507 474 1550 poffint,
501 1507 552 1542 sed
578 1505 722 1540 facienda
737 1528 747 1544 ‚
771 1515 825 1540 aut
847 1516 932 1539 certe
956 1505 1121 1548 augenda,

96 1555 132 1586 in
157 1552 281 1586 arteriis
304 1551 461 1595 quidem,
485 1551 637 1593 impediri
660 1572 671 1588 ‚
704 1561 744 1583 ex
775 1550 817 1583 iis
851 1549 1014 1592 intelliges
1048 1561 1120 1592 quae

98 1596 171 1631 aliis
194 1596 332 1629 Litteris
358 1600 368 1634 (
393 1607 410 1629 e
430 1599 444 1637 )
469 1593 704 1638 perpendentur
726 1595 765 1627 de
787 1592 899 1627 offium
922 1594 958 1626 in
993 1594 1118 1627 arteriis

96 1639 337 1683 produe‘tione5
360 1650 378 1671 a
402 1638 631 1681 suppuratione
655 1636 792 1684 quadam
817 1637 1022 1678 proveniente
1042 1659 1055 1676 ,
1089 1639 1122 1670 &

95 1694 171 1717 cum
194 1682 489 1716 exulcerationibus
535 1691 643 1713 earum
676 1680 850 1723 conjunffli
876 1695 885 1718 5
932 1692 1007 1713 nam
1050 1692 1122 1722 quae

97 1725 222 1770 possent
271 1724 346 1759 huic
379 1725 477 1759 causae
501 1724 645 1761 obstare,
670 1724 722 1757 illi
744 1735 874 1767 quoque
899 1723 1023 1766 possent
1048 1721 1122 1757 effe-

99 1770 167 1804 &ui
194 1794 200 1800 .
237 1769 362 1803 Verum
388 1778 425 1802 ut
449 1777 485 1803 ut
510 1779 557 1802 res
582 1767 611 1802 se
636 1767 753 1802 habeat
776 1768 810 1800 in
845 1766 1038 1809 quibusdam
1073 1778 1123 1800 ar-

96 1814 251 1847 teriarum
296 1811 561 1846 offificationibus
579 1835 592 1852 ‚
624 1822 702 1846 num
725 1810 812 1845 idem
835 1810 995 1854 judicium
1018 1810 1057 1844 de
1081 1813 1121 1844 iis

95 1867 224 1900 quoque
247 1853 416 1890 ferendum
438 1855 478 1890 sit
502 1855 540 1889 de
562 1855 681 1899 quibus
705 1854 759 1889 hic
785 1854 974 1897 loquimur,
995 1866 1122 1889 mecum

95 1901 218 1934 interea
241 1898 429 1935 dubitabis2
454 1900 573 1943 Neque
597 1900 684 1933 eni-m
707 1910 783 1933 curn
805 1896 871 1933 ossa
894 1900 928 1931 in
961 1899 1123 1941 meningi-

95 1943 157 1978 bus
180 1944 311 1983 inveni,
335 1942 579 1986 suppurationis
604 1943 747 1981 indicia,
773 1951 826 1975 aut
849 1942 1123 1983 exulcerationis,

96 1987 166 2022 vidi
190 1985 317 2025 adhuc,
343 1985 434 2021 fuisse
457 1985 721 2029 conjunctamec
745 1986 979 2029 qualescunque
1002 1986 1121 2026 osseas,

96 2041 151 2065 aut
168 2054 179 2068 ‚
201 2029 224 2063 fi
248 2031 348 2065 mavis
364 2054 376 2071 ‚
397 2029 575 2064 offiformes
601 2028 831 2064 tantummodo
849 2053 862 2070 ,
898 2029 1039 2063 bracteas
1071 2030 1122 2063 vi-

95 2075 156 2116 di‚·
178 2073 232 2108 sed
254 2085 327 2108 vera
351 2074 443 2117 plane
466 2072 531 2108 ossa
555 2074 728 2116 conspexi.
754 2074 844 2106 Nam
864 2085 874 2111 3
921 2082 957 2106 ut
1003 2082 1121 2107 caetera

97 2128 286 2162 praeteream
308 2118 376 2151 veri
400 2117 472 2151 offis
495 2117 643 2157 indicia,·
667 2116 690 2150 fi
722 2116 971 2158 descriptionem
1003 2117 1121 2159 releges

96 2160 183 2205 (f)
207 2162 315 2203 magni
340 2161 436 2194 illius
456 2160 525 2194 offis
549 2160 637 2203 quod
673 2161 723 2200 in*
754 2160 844 2193 Falce
889 2159 1085 2201 deprehendi
1108 2170 1124 2199 ‚2

96 2206 226 2240 videbis
248 2214 356 2243 certe,
384 2213 420 2238 ut
444 2206 477 2237 in
505 2203 640 2246 simplex
662 2203 819 2245 utrinque
839 2201 973 2236 stratum
996 2214 1038 2235 ex—
1066 2214 1121 2244 pa-

96 2249 216 2285 rallelis
239 2246 331 2282 osseis
354 2246 444 2282 fibris
466 2246 643 2281 desineret:
674 2257 741 2289 quo
763 2246 863 2278 etiam
886 2245 1021 2288 oblongi
1046 2246 1122 2284 illi,

98 2297 131 2327 ἃ
155 2292 243 2326 acuti
266 2289 685 2333 quafidenticulividentur
697 2289 852 2328 attinere,
876 2289 909 2321 in
920 2300 1001 2331 quos
1013 2289 1120 2331 aliqua

99 2348 138 2370 ex
161 2334 344 2369 minoribus
355 2345 427 2376 quae
442 2332 535 2376 supra
559 2336 627 2375 (g)
649 2330 822 2374 descripsi,
846 2332 1116 2367 extenuabantur.

99 2380 177 2414 Hoc
202 2387 310 2412 autem
333 2376 497 2411 indicium
521 2376 610 2420 quod
635 2377 668 2408 in
692 2376 796 2408 ordine
840 2374 983 2408 confistit
1028 2374 1119 2409 velut

94 2421 292 2467 fibrillarum
308 2445 319 2461 ‚
343 2428 379 2453 uc
402 2421 434 2453 in
457 2419 567 2462 offibus
590 2418 813 2462 obfirmamus,
836 2417 919 2452 νεὲἶα
953 2428 1119 2451 excurren-

102 2466 188 2500 tium
204 2493 211 2504 ‚
236 2475 301 2498 non
327 2463 431 2496 solum
456 2464 495 2494 ab
519 2462 651 2496 laudato
675 2460 829 2494 Scheidio
854 2464 868 2501 (
892 2460 912 2493 h
931 2461 974 2502 )‚
998 2460 1048 2494 sed
1083 2463 1122 2496 ab

101 2510 174 2543 aliis
199 2509 296 2543 etiam
321 2507 412 2540 Viris
436 2506 633 2539 Peritiffimis
659 2507 823 2548 proponi,
846 2508 878 2538 δε
902 2504 1088 2538 confirmari
1108 2529 1121 2547 ,

98 2553 219 2592 video,
244 2550 283 2584 ad
306 2561 376 2583 vera
400 2548 463 2582 oss'a
487 2561 501 2582 a
527 2549 616 2583 duris
640 2550 769 2583 alterius
792 2549 917 2593 generis
936 2550 1121 2582 concretio-

98 2596 193 2631 nibus
216 2592 478 2628 internoscenda.
506 2594 557 2627 Sic
580 2591 784 2627 Abrahamus
810 2594 947 2627 Vaterus
973 2592 1055 2635 (i)
1082 2605 1122 2627 ex

93 2640 185 2681 striis
209 2636 445 2677 albicantibus,
472 2639 503 2670 &
528 2650 566 2671 ex
582 2636 699 2678 striata
722 2645 851 2670 textura
887 2648 997 2670 verum
1029 2648 1066 2670 os
1104 2649 1122 2670 a

101 2682 229 2718 calculo
252 2679 431 2715 constanter
453 2680 644 2724 distinguit.
673 2681 724 2713 Sic
747 2680 785 2714 ab
801 2680 928 2725 Joanne
941 2681 1121 2714 Saltzman-

104 2739 150 2762 no
172 2725 318 2760 ordinata
335 2722 493 2766 fibrarum
511 2725 609 2767 juxta
632 2732 752 2758 certam
775 2724 973 2759 direclionem
996 2723 1121 2767 disposi-

106 2772 177 2810 tio,
198 2768 332 2805 merito,
356 2767 463 2809 judice
488 2770 586 2802 etiam
609 2768 664 2802 Cl.
686 2767 812 2801 Crellio
835 2768 888 2811 (k
910 2770 945 2807 )‚
966 2778 1025 2810 pro
1047 2766 1121 2801 cha-

105 2813 223 2849 meiere
246 2811 318 2845 veri
342 2810 408 2853 offis
425 2812 649 2855 suppeditatur
671 2833 678 2840 -
714 2812 883 2852 Qantum
930 2813 1035 2854 igitur
1081 2811 1119 2846 ad

103 2855 169 2891 hoc
193 2865 320 2895 tempus
344 2854 506 2889 observare
529 2857 650 2899 potui,
673 2864 737 2888 non
761 2855 836 2888 licet
860 2854 943 2888 mihi
966 2866 1039 2888 cum
1057 2856 1121 2889 Vi-

105 2900 150 2934 ris
172 2896 373 2934 Dofflffimis
395 2896 495 2932 facere
517 2902 572 2943 qui
598 2910 669 2934 vera
694 2897 758 2932 ossa
782 2900 815 2932 in
840 2900 964 2932 arteriis
988 2899 1121 2941 potius,

130 2953 203 2976 uam
227 2942 262 2974 in
286 2941 513 2985 meningibus,
539 2942 733 2986 agnoscunt.
757 2944 796 2975 In
830 2941 882 2975 his
914 2953 1022 2977 autem
1056 2954 1121 2976 nori

105 2956 213 3021 solum
255 2985 341 3018 intra
364 2987 530 3026 cranium,
557 2988 606 3020 sed
631 2990 716 3020 intra
740 2986 959 3020 vertebrarum
990 2998 1123 3030 quoque

107 3030 244 3069 tubum,
267 3029 378 3071 ibique
402 3030 435 3061 in
459 3031 523 3073 ipsa
556 3028 766 3065 Arachnoide
789 3055 797 3070 ‚
830 3030 919 3073 quod
948 3029 1054 3064 nescio
1086 3041 1126 3064 an

109 3074 182 3109 aliis
206 3081 297 3106 antea
321 3072 496 3112 acciderit,
519 3073 541 3107 fi
566 3086 629 3108 non
653 3086 708 3114 os,
734 3082 766 3107 at
789 3072 859 3107 offis
880 3097 890 3112 ‚
926 3082 963 3109 ut
1006 3083 1090 3117 puto
1112 3098 1125 3115 ,

111 3117 379 3152 inchoamentum
403 3117 574 3160 conspexi.
601 3119 732 3153 Scilicet
755 3118 790 3150 in
814 3128 852 3150 eo
876 3119 954 3150 Sene
977 3142 989 3159 ‚
1034 3117 1125 3161 qu'us

109 3161 252 3206 pleurae,
275 3171 313 3193 an
337 3160 531 3194 membranae
553 3161 660 3195 adnati
673 3162 837 3206 pulmonis
852 3184 861 3200 ,
885 3162 1044 3204 quandam
1055 3174 1127 3205 par-

111 3215 178 3239 tem
202 3204 311 3237 inveni
335 3203 473 3242 osseam,
497 3214 532 3239 ut
556 3207 617 3239 alia
642 3206 785 3248 Epistola
809 3209 823 3245 (
846 3205 858 3238 l
880 3209 895 3245 )
918 3205 957 3239 ad
982 3214 1012 3238 te
1047 3206 1125 3239 scri-

111 3248 156 3293 psi
170 3272 182 3289 ‚
204 3259 278 3281 cnm
301 3245 453 3282 medullae
473 3249 636 3290 S-pi'nalis,
661 3252 694 3283 in
716 3250 769 3283 sua
793 3248 860 3283 sede
883 3262 898 3281 a
922 3258 1013 3292 tergo
1045 3259 1126 3284 rete-

112 3293 172 3326 &ae
198 3295 419 3333 integumenta
444 3291 601 3327 Studiosis
623 3294 803 3327 Anatomes
841 3292 1089 3327 demonstrarem
1112 3317 1125 3334 ,

114 3335 312 3378 didueiaque
336 3334 445 3368 Crass‘a
471 3338 641 3379 meninge,
665 3338 813 3372 Tenuem
837 3338 921 3370 inter
945 3340 977 3371 ἃς
1001 3338 1126 3372 Arach-

114 3380 245 3413 noidem
269 3390 373 3412 aerem
397 3378 621 3420 immififfem5
644 3381 677 3412 in
700 3380 780 3420 hac,
806 3380 835 3414 se
859 3390 963 3415 totam
974 3382 1130 3415 attollen-

113 3431 166 3461 te,
194 3423 386 3465 particulam
409 3421 621 3457 animadverti
645 3425 768 3458 modici
793 3425 968 3460 cucurbitae
1003 3426 1130 3459 seminis

113 3466 239 3504 forma,
265 3469 297 3501 ὃς
312 3466 559 3508 magnitudine,
583 3469 618 3501 in
643 3468 853 3502 transversum
867 3469 1030 3509 locatam,
1053 3470 1131 3503 albi-

114 3510 210 3551 dam,
231 3509 297 3553 jam
320 3510 423 3545 ferme
447 3522 581 3554 opacam
605 3538 614 3552 ,
649 3514 681 3545 &
704 3511 786 3547 facie
810 3513 964 3546 interiore
987 3513 1132 3557 subaspe-

635 3713 649 3741 (
666 3720 677 3736 c
693 3713 706 3743 )
722 3723 761 3744 qu.
777 3718 801 3741 6.
816 3715 858 3740 cit.
876 3716 960 3748 supra,
976 3720 1007 3744 ad
1023 3727 1048 3744 n.
1065 3712 1088 3749 7⁰.

626 3743 636 3774 (
652 3745 662 3767 i
678 3744 691 3773 2
711 3747 795 3776 Progr.
812 3747 843 3773 ad
857 3747 915 3773 ΟΜ.
932 3749 1004 3776 fariis.
1021 3751 1106 3776 caicui.
1125 3753 1148 3777 δε
1164 3752 1291 3784 osteogen.
1303 3753 1358 3780 thes.
1368 3761 1405 3783 ²7·

2004 172 2101 230 269

1162 255 1246 284 ram,
1271 255 1306 276 ac
1328 243 1488 279 evidenter
1510 245 1700 287 inaequalem
1714 268 1722 275 .
1748 245 1829 277 Haec
1845 245 1936 279 lateri
1957 242 2082 277 finistro
2095 254 2175 287 pro:

1166 290 1255 331 pior,
1285 286 1460 321 undecima>
1484 287 1693 331 respondebat
1718 286 1860 322 thoracis
1895 288 2048 320 vertebrae
2076 299 2082 319 :
2115 299 2172 326 nec

1166 331 1344 374 quidquam
1370 330 1525 372 ejusmodi
1551 333 1585 363 in
1609 332 1736 364 caeteri's
1759 331 1960 373 meningibus
1983 330 2150 372 apparebat
2165 358 2172 365 .

1167 376 1300 408 Verum·
1316 373 1364 406 his
1390 374 1483 409 missis
1499 400 1511 417 ‚
1536 375 1642 408 tribus
1668 372 1825 409 Valsalvae
1848 375 2069 408 defeffionum
2105 375 2173 407 ani-

1166 420 1210 451 mi
1245 417 1536 453 Observationibus
1558 442 1569 458 ‚
1603 419 1773 453 nonnullas
1803 428 1841 452 ex
1872 418 1985 452 nostris
2027 415 2177 461 subjicia-

1166 473 1255 496 mus·-

1211 516 1261 539 1o.
1287 505 1477 540 MULIER
1501 505 1715 548 paupercula,
1739 515 1837 538 annos
1859 515 1950 546 nata,
1973 515 2011 540 ut
2047 503 2175 538 videba-

1166 558 1241 588 ων,
1264 547 1302 580 ad
1326 549 1562 590 quinquaginta
1578 575 1586 588 ‚
1612 559 1666 582 aut
1691 549 1762 591 plus
1782 559 1836 587 eo,
1865 560 1959 591 parva
1975 573 1982 584 .
2006 552 2038 582 &
2064 548 2174 590 potius

1169 591 1359 638 macilenta,
1382 602 1456 627 cum
1480 602 1551 625 ante
1574 603 1692 627 annum
1716 591 1851 634 syncope
1889 591 1994 626 suisset
2027 600 2178 633 correpta

1167 633 1350 677 ejusmodi,
1374 644 1410 670 ut
1434 645 1493 676 pro
1518 646 1646 669 mortua
1672 635 1863 676 haberetur,
1887 636 1924 669 ab
1955 647 2055 677 eoque
2100 644 2181 667 tem-

1170 690 1247 722 pore
1271 680 1368 712 etiam
1393 677 1496 711 alias.-
1520 679 1683 713 novissime
1707 681 1739 711 in
1764 679 1884 713 le6tulo
1906 682 2179 712 mortuainventa

1170 722 1231 754 est.
1365 722 1524 757 CADA
1541 722 1657 757 VER
1693 723 1841 756 Theatro
1866 722 1974 756 nostro
1996 720 2179 754 concessum

1170 765 1261 806 suit,
1284 765 1366 799 unde
1390 766 1575 799 Anatomen
1620 765 1743 799 tradere
1779 767 1990 808 inciperemus
2014 766 2056 798 A.
2085 766 2177 806 1726·

1301 811 1338 842 In
1364 810 1486 841 Ventre
1510 809 1594 842 nihil
1619 808 1828 842 adnotatione
1844 810 2006 851 dignum,
2030 806 2051 840 fi
2066 809 2182 841 lienem

1168 853 1309 894 excipias
1321 854 1416 884 nimis
1429 863 1561 894 parvum
1573 877 1584 893 ‚
1608 856 1640 887 δέ
1655 878 1663 894 ,
1686 853 1739 886 ubi
1753 853 1929 893 incideres,
1952 851 2158 886 diffluentem
2170 873 2185 891 ,

1168 896 1342 938 tubamque
1367 897 1450 929 uteri
1476 897 1633 936 alteram,
1658 908 1801 930 exrrema
1825 906 1913 940 parte
1947 908 2023 930 curn
2069 895 2183 928 ovatio

1172 937 1213 971 fic
1260 948 1433 972 connatam
1459 963 1471 979 ,
1506 949 1541 975 ut
1565 940 1731 975 orificium
1779 939 1841 974 uod
1864 940 1910 973 ibi
1936 940 2013 979 est»,
2046 939 2185 973 omnino

1174 982 1340 1023 occlusum
1363 982 1490 1017 haberet
1516 1007 1522 1013 .
1658 986 1697 1017 In
1731 986 1885 1018 Tiorace
1918 983 2038 1017 sinister
2069 982 2185 1025 pulmo

1171 1037 1309 1060 annexus
1334 1026 1439 1067 paffim
1464 1025 1501 1059 ad
1526 1027 1627 1060 latus.
1652 1030 1689 1060 In
1713 1038 1788 1061 vena
1811 1029 1923 1069 Cava,
1947 1027 2088 1061 auricula
2109 1024 2188 1060 dex-

1169 1080 1258 1109 tera,
1281 1071 1312 1102 ὃς
1336 1081 1374 1102 ex
1399 1079 1485 1110 parte
1511 1070 1620 1113 aliqua
1644 1071 1677 1103 in
1701 1071 1882 1105 ventriculo
1906 1071 2059 1113 proximo
2080 1067 2187 1102 craffae

1169 1111 1334 1157 polyposae
1357 1114 1577 1160 concretiones
1601 1114 1710 1146 colore
1733 1125 1772 1147 ex
1795 1113 1903 1147 albido
1916 1125 2054 1154 carne0,
2077 1112 2197 1148 distra·.

1171 1156 1275 1191 &sioni
1299 1155 1390 1189 valde
1416 1155 1587 1189 resistentes
1604 1181 1613 1196 ,
1638 1157 1829 1199 quibuscum
1853 1159 1914 1191 atri
1940 1157 2102 1199 sanguinis
2113 1168 2189 1198 gru-

1171 1202 1219 1233 mi
1241 1198 1466 1233 cohaerebant.
1493 1202 1530 1233 In
1555 1199 1686 1235 sinistris
1712 1201 1825 1235 cordis
1844 1202 1947 1235 caveis
1971 1202 2030 1234 vix-
2061 1198 2188 1243 aliquid

1172 1244 1355 1285 sanguinis.
1370 1241 1516 1277 Mitrales
1539 1244 1671 1279 valvulae
1696 1245 1796 1278 ambae
1820 1255 1920 1288 prope
1942 1244 2084 1284 limbos,
2106 1242 2190 1276 cras-

1172 1287 1286 1326 siores,
1310 1287 1457 1330 duraeque
1480 1285 1573 1321 faeiae
1597 1312 1610 1327 ,
1647 1288 1695 1322 ibi
1728 1289 1762 1322 in
1796 1287 1904 1321 seriem
1938 1287 2190 1329 majusculorurn

1174 1329 1260 1373 quasi
1285 1330 1496 1373 globulorum
1521 1332 1774 1371 mulsei-abant,
1800 1333 1857 1375 qui
1882 1330 2192 1366 incililubstantiam

1177 1374 1383 1408 ostendebant
1406 1373 1605 1409 consimilem
1627 1375 1785 1411 tendinis.
1812 1376 1942 1410 Vicinae
1966 1376 2065 1409 etiam
2088 1376 2192 1408 Serni-

1177 1419 1301 1452 lunares
1324 1430 1440 1461 aequo,
1466 1418 1517 1452 sed
1541 1420 1668 1459 minus,
1703 1419 1858 1453 craffiores
1879 1432 1886 1453 :
1920 1419 2099 1463 harumque
2130 1428 2193 1453 una

1176 1462 1309 1496 Arantii
1332 1462 1560 1505 corpusculum
1584 1464 1715 1497 anetum
1738 1463 1896 1500 habebat,
1923 1466 1955 1498 &
1991 1474 2087 1506 parva
2121 1472 2194 1496 tan-

1177 1505 1351 1539 tummodo
1375 1504 1421 1539 sui
1446 1516 1535 1549 parte
1559 1506 1740 1541 adhaerens.
1777 1508 1898 1550 Magna
1936 1507 2051 1540 arteria
2083 1506 2193 1540 statim

1176 1559 1271 1592 atque
1295 1548 1410 1592 egressa
1434 1560 1523 1591 erat,
1547 1549 1767 1585 dilatabatur:
1790 1561 1891 1593 prope
1925 1558 2032 1584 autem
2065 1549 2194 1583 orificia

1173 1604 1363 1633 ramorum,
1387 1592 1547 1635 superiora
1573 1595 1778 1636 petentium,
1801 1594 1958 1628 interiore
1988 1593 2071 1626 facie
2118 1594 2196 1627 inae-

1179 1637 1311 1678 qualis,
1338 1639 1370 1670 δε
1394 1635 1557 1678 subflava,
1581 1641 1612 1670 δι
1638 1638 1707 1671 laxa
1732 1637 1830 1678 adeo,
1855 1647 1891 1672 ut
1916 1638 2065 1672 subflavae
2099 1637 2195 1671 lami·-

1177 1691 1225 1713 nae
1250 1680 1482 1720 membranme,
1506 1680 1650 1723 fidigito
1661 1691 1824 1722 tentare5‚
1847 1682 1938 1716 nullo
1963 1682 2096 1726 negotio
2110 1682 2196 1714 avel-

1176 1723 1334 1757 lerentur.
1361 1724 1490 1756 Arteria
1528 1736 1659 1768 quoque
1694 1726 1899 1760 Pulmonaris
1930 1738 2029 1769 aequo-
2058 1725 2196 1767 amplior

1176 1768 1242 1800 visa
1267 1767 1328 1801 est.
1356 1767 1415 1800 Sed
1441 1767 1479 1800 ad
1503 1779 1559 1801 cor
1583 1778 1619 1802 ut
1644 1769 1795 1809 redeam3
1818 1768 1916 1812 hujus
1942 1771 2076 1812 parietes
2109 1780 2191 1812 qua-

1176 1822 1301 1854 cunque
1324 1810 1477 1845 incideres
1491 1832 1499 1848 ,
1525 1812 1678 1847 sefflones
1702 1812 1905 1848 ostendebant
1928 1824 1967 1846 ex
1989 1814 2117 1847 cinereo
2139 1823 2197 1846 co-
2228 1837 2232 1841 -

1176 1855 1246 1889 lore
1291 1853 1393 1889 fuscas
1414 1878 1427 1894 ‚
1472 1866 1507 1888 ac
1540 1856 1696 1896 liventes3
1722 1857 1862 1890 secabam
1886 1866 1991 1891 autem
2016 1868 2071 1891 cor
2094 1857 2145 1891 die
2180 1868 2197 1890 a

1178 1907 1283 1932 morte
1307 1897 1436 1931 decimo
1461 1900 1583 1940 tertio,
1606 1901 1696 1943 quod
1721 1901 1796 1935 ideo
1818 1900 1914 1943 dico,
1937 1911 1998 1941 nt,
2022 1900 2045 1934 fi
2069 1901 2194 1942 malis,

1177 1941 1231 1980 id,
1258 1945 1291 1975 &
1315 1941 1485 1985 quidpiam
1510 1943 1543 1976 in
1566 1945 1672 1979 Aorta
1698 1943 1889 1979 adnotatum
1915 1945 2009 1987 poffis
2033 1957 2072 1978 ex
2105 1953 2196 1988 parte
2238 1963 2244 1965 <

1177 1986 1285 2028 aliqua
1308 1984 1386 2019 huic
1412 1997 1530 2025 morae,
1554 1990 1702 2031 quamvis
1726 1989 1867 2030 hyemali
1911 1989 1973 2022 illo
2019 1999 2161 2032 tempore
2182 2012 2196 2029 ,

1175 2029 1341 2076 tribuere.
1367 2029 1519 2073 Idemque
1542 2030 1581 2065 de
1605 2033 1771 2067 nonnullis
1795 2044 1909 2067 eorum
1931 2045 2008 2076 quae’
2026 2033 2197 2067 incerebri,

1174 2072 1361 2121 disicit-ione
1385 2071 1550 2114 vidimus,
1575 2074 1700 2110 diffisum
1726 2086 1828 2120 puta,
1852 2088 1954 2121 eoque
1977 2079 2081 2122 magis
2104 2075 2195 2121 quod

1174 2117 1210 2165 in
1236 2116 1307 2165 ali-is
1332 2115 1536 2167 cadaveribus
1559 2121 1735 2163 occupati,
1769 2121 1863 2155 illam
1910 2130 2020 2156 totum
2066 2121 2196 2164 insuper

1173 2157 1357 2193 distulimus
1382 2159 1537 2196 biduum.
1674 2166 1784 2208 Caput
1806 2176 1884 2200 cum
1906 2166 2115 2200 acervicibus
2128 2175 2198 2198 am-

1174 2211 1365 2252 putaretur,
1388 2215 1469 2253 aqua
1493 2205 1664 2241 effluxerat
1692 2220 1756 2242 non
1780 2208 1826 2242 ita
1850 2220 1970 2252 pauca.
1997 2211 2125 2244 Tamen
2137 2207 2197 2242 sub

1175 2246 1285 2279 Tenui
1310 2257 1481 2295 meninge,
1504 2252 1537 2282 δε
1561 2252 1594 2282 in
1619 2252 1807 2286 ventriculis
1830 2253 1952 2286 cerebri
1968 2251 2194 2291 Lateralibus,

1174 2290 1206 2322 δε
1231 2290 1352 2322 Tertio
1377 2292 1478 2324 multa
1503 2292 1657 2328 restiterat
1672 2318 1685 2335 ,
1709 2296 1845 2330 mininie
1869 2295 2022 2331 turbida.
2047 2296 2196 2330 Choroi-

1171 2331 1225 2365 des
1251 2333 1565 2384 plexuspalliiduii,
1589 2337 1649 2371 nifi
1669 2338 1760 2382 quod
1783 2341 1818 2373 in
1842 2340 1953 2374 medio
1984 2351 2001 2373 a
2032 2340 2197 2375 restitante

1172 2375 1322 2418 sanguine
1346 2378 1567 2419 nigricabant.
1593 2381 1699 2416 Iidem
1721 2395 1784 2426 qua
1808 2383 2002 2426 superiorem
2027 2384 2195 2419 ventricu-

1175 2419 1283 2454 lorum
1310 2422 1617 2469 partem-subituri,
1642 2425 1671 2458 se
1695 2426 1889 2465 inflectunt,
1916 2428 1950 2460 in
1974 2428 2108 2471 grandes
2141 2440 2195 2463 ex-

1175 2462 1369 2497 tuberabant
1392 2466 1561 2505 vesiculas,
1588 2480 1604 2500 a
1628 2468 1760 2504 sinistris
1784 2471 1984 2513 praesertim,
2007 2483 2078 2514 quae
2089 2472 2193 2515 plenae

1175 2516 1265 2539 erant
1291 2519 1392 2550 aqua.
1423 2510 1555 2550 Septum
1578 2511 1767 2552 Lucidum3
1791 2526 1974 2557 quanquam
2000 2517 2164 2551 cerebrum
2181 2541 2193 2557 ,

1173 2559 1210 2583 ut
1234 2551 1421 2594 plerumque
1444 2551 1547 2586 facere
1571 2553 1682 2590 solitus
1706 2555 1795 2598 sum,
1819 2559 1852 2590 in
1877 2559 1930 2592 sua
1954 2557 2024 2592 sede
2046 2560 2196 2594 conseca-

1174 2593 1272 2642 bam5
1298 2605 1351 2628 aut
1378 2605 1510 2636 ruptum
1534 2608 1601 2632 erat
1626 2609 1740 2641 antea,
1765 2612 1819 2635 aut
1843 2603 1929 2635 inter
1953 2603 2119 2638 secandum
2143 2603 2192 2637 fa.-

1173 2638 1236 2688 cile
1258 2648 1390 2681 ruptum
1414 2639 1480 2680 est3
1504 2641 1583 2675 adeo
1606 2644 1696 2677 enim
1718 2654 1785 2678 erat
1809 2648 1930 2688 tenue,
1955 2647 2130 2686 &laxum,
2154 2657 2192 2682 ut

1173 2692 1230 2731 vix
1252 2693 1443 2725 appareret.
1469 2684 1530 2719 Sed
1553 2689 1586 2720 &
1610 2688 1732 2722 radices
1757 2691 1929 2732 Formicis,
1963 2693 1995 2723 δι
2041 2692 2194 2727 fornicis,

1173 2724 1271 2775 ipsius
1294 2725 1468 2762 substantia
1489 2739 1577 2780 erant
1602 2743 1697 2773 quam
1721 2733 1911 2768 molliffimae
1931 2758 1945 2775 ‚
1975 2743 2012 2768 ut
2043 2734 2192 2769 cerebelli

1173 2778 1272 2802 etiam
1296 2780 1428 2805 cortex:
1453 2784 1511 2815 qui
1538 2784 1602 2807 non
1626 2775 1713 2810 secus
1736 2787 1770 2809 ac
1794 2787 1906 2810 cortex
1928 2777 2073 2816 cerebri,
2097 2779 2195 2812 colo-

1173 2823 1205 2846 re
1227 2822 1293 2846 erat
1318 2813 1404 2861 foede
1428 2817 1575 2858 pallido,
1599 2821 1630 2851 &
1655 2820 1693 2852 ad
1718 2819 1894 2854 subflavum
1918 2820 2196 2857 inclinante-Sed*

1173 2867 1246 2899 pars
1267 2859 1435 2903 utriuique
1459 2860 1666 2902 medullaris,
1690 2866 1722 2896 δι
1747 2863 1866 2897 cerebri
1892 2863 2096 2908 praesertim,
2128 2878 2187 2899 na-

1173 2900 1271 2934 turali
1295 2912 1360 2935 erat
1384 2902 1607 2937 firmitudine:
1636 2907 1669 2938 in
1693 2905 1752 2940 hac
1785 2916 1891 2942 autem
1924 2908 2106 2951 sanguifera
2134 2921 2195 2944 va-

1175 2943 1259 2994 scula
1285 2946 1392 2988 paffim
1416 2948 1584 2990 conspicua
1599 2962 1609 2981 :
1631 2961 1701 2992 qnae
1725 2953 1757 2984 &
1779 2953 1812 2984 in
1826 2953 1934 2986 Tenui
1958 2953 2108 2997 meninge
2131 2953 2189 2988 hio

1174 2987 1243 3038 illic
1269 2989 1418 3031 sanguine
1440 2993 1604 3034 turgentia
1628 2992 1852 3028 adnotaveram
1878 3019 1886 3027 .
1922 2996 2063 3030 Arteriae
2086 2998 2190 3032 Caro-

1179 3032 1261 3082 tides
1306 3033 1353 3083 ad·
1391 3036 1512 3068 cerebri
1546 3036 1644 3071 bafim
1666 3037 1834 3079 duriores,
1857 3050 1912 3072 nec
1936 3040 2044 3074 minus
2069 3040 2189 3075 Bafila-

1179 3086 1223 3109 ris
1244 3102 1251 3108 .
1285 3077 1376 3119 Qn
1401 3076 1468 3111 haec
1491 3080 1575 3112 circa
1599 3080 1668 3126 suae*
1685 3082 1902 3125 longitudinis
1934 3082 2076 3118 medium
2109 3085 2188 3121 cun‘i

1179 3119 1314 3168 e,x.³lb⁰
1337 3120 1517 3156 flavesceret
1540 3146 1550 3162 ,
1584 3134 1689 3167 aperta
1710 3126 1900 3170 inaequalem
1921 3126 2059 3161 ostendit
2082 3128 2189 3172 super-

1179 3164 1284 3214 ficiem
1306 3175 1319 3203 ,·
1347 3173 1387 3213 ὐτ
1412 3176 1595 3209 appareret,
1618 3171 1736 3203 vitium
1759 3170 1847 3214 quod
1871 3172 1906 3204 in
1930 3172 2036 3204 Aorta
2060 3171 2097 3205 ad
2121 3173 2190 3206 iiii-

1178 3217 1223 3240 tia
1249 3206 1447 3253 superiorum
1469 3222 1632 3246 ramorum
1656 3212 1859 3255 videramus,
1881 3226 1935 3257 per
1967 3213 2085 3248 horum
2128 3218 2188 3250 ali-

1176 3262 1260 3294 quos
1301 3252 1358 3302 §isse
1402 3254 1486 3304 intra
1518 3257 1663 3291 cranium
1687 3257 1782 3302 usque
1806 3267 2019 3301 propagatum
2041 3282 2049 3290 .
2084 3261 2187 3294 Deni-

1177 3305 1237 3338 que
1272 3297 1443 3330 Pituitaria
1478 3299 1628 3342 glandula
1664 3313 1728 3335 non
1766 3302 1867 3335 solum
1891 3300 2068 3336 subsederat
2103 3315 2185 3345 prae-

1184 3347 1233 3371 ter
1257 3339 1415 3389 modum;
1436 3341 1485 3376 sed
1509 3344 1593 3378 nihil
1619 3342 1717 3378 ferme
1740 3345 1922 3380 substantiae
1952 3344 2014 3380 suae
2048 3348 2189 3391 amplius

1185 3383 1371 3416 continebat
1387 3409 1394 3416 .

1208 3437 1278 3476 ³11.
1302 3428 1388 3477 Cum
1412 3439 1547 3478 prop-ter
1566 3433 1679 3467 Aortae
1700 3455 1713 3473 ,
1745 3435 1779 3466 &
1813 3433 2016 3468 Pulmonaris
2061 3437 2188 3470 arteriae

1183 3469 1409 3507 dilatationem
1436 3476 1609 3516 majoribus
1632 3477 1754 3510 viribus
1775 3487 1833 3511 cor
1853 3487 1979 3521 egeret,
2001 3486 2038 3512 ut
2061 3477 2190 3523 sangui-

1182 3525 1255 3548 nem
1276 3527 1315 3549 eo
1326 3539 1338 3556 ‚
1361 3529 1448 3560 quo,
1474 3518 1541 3553 illis
1565 3519 1814 3563 adjuvantibus,
1839 3519 1941 3561 solet,
1964 3522 2190 3565 protruderet,

2038 3578 2080 3601 eae
2098 3577 2154 3602 au-

1150 3719 1167 3751 (
1180 3721 1220 3751 d)
1237 3729 1279 3751 qu.
1296 3732 1321 3753 7.
1384 3722 1394 3752 (
1411 3732 1422 3748 e
1439 3723 1452 3752 )
1469 3724 1545 3754 Epist.
1561 3733 1598 3753 27.
1617 3733 1640 3748 n.
1662 3733 1702 3754 30·

1764 3723 1806 3754 (f
1819 3725 1833 3754 )
1847 3726 1921 3755 Epist.
1940 3736 1961 3758 3.
1982 3738 2007 3754 n.
2027 3734 2066 3752 ιο.

1469 3753 1479 3785 (
1495 3755 1512 3780 k
1529 3758 1537 3786 )
1555 3757 1614 3781 obs.
1631 3757 1660 3781 de
1670 3760 1716 3781 art.
1725 3757 1898 3783 commeord.
1911 3760 1982 3786 instar
1990 3757 2030 3786 off.
2039 3758 2118 3784 indur.
2130 3766 2185 3787 nni.
