2498 4075
549 241 700 307 Epist.
737 244 900 298 Anat.
934 241 1145 297 Medica
1180 229 1348 296 XLII.
1383 242 1501 296 Art.
1522 259 1596 295 ii.

30 322 159 364 attigit,
184 321 294 357 veficae
318 332 334 355 a
355 321 480 356 calculo
500 319 625 355 dolores
656 322 902 365 interquiescere
924 323 1028 366 plures

31 365 205 408 aliquando
229 366 346 399 menses
364 387 376 405 ,
406 367 475 398 imo
495 367 526 398 δι
549 375 649 397 annos
669 379 677 397 :
711 369 742 399 &
765 366 834 408 ipse
854 368 888 399 in
912 377 1027 407 praece-

28 408 178 442 dentibus
222 408 422 450 Sepulchreti
456 408 658 441 Sectionibus
697 408 792 443 habes
825 419 864 443 e'x
901 410 1026 451 Tulpio

29 455 44 491 (
65 451 77 483 l
97 455 111 491 )
131 473 142 491 ‚
176 455 206 485 δέ
229 451 332 485 Nafio
357 456 366 491 (
391 463 421 485 m
443 455 457 491 )
480 451 621 494 exempla
646 463 758 485 eorum
777 475 788 490 ‚
822 463 962 495 quorum
985 454 1032 486 al..

29 495 93 527 teri
115 496 271 537 inpegi-um
294 494 533 537 quinquennium
554 516 566 533 ‚
600 495 692 529 alteri
717 508 732 528 a
753 496 892 537 pueritia
916 495 954 528 ad
975 507 1028 529 an„

28 547 103 570 num
124 539 229 570 aetatis
250 548 303 581 35.
329 547 383 571 aut
406 537 470 570 fere
493 536 600 577 nihil,
624 548 679 571 aut
702 538 784 572 nihil
807 539 964 580 supererat
987 551 1027 572 ex

29 580 252 615 molestiffimis
273 605 283 621 ‚
307 582 425 623 quibus
449 588 540 613 antea
563 581 744 615 conflictati
769 581 896 615 fuerant
917 603 926 619 ,
961 582 1027 615 cal-

27 624 177 657 culorum
194 627 258 667 qui
280 626 425 666 ingentes
445 625 570 657 inerant
593 645 602 661 ‚
638 625 745 658 veficae
769 623 884 665 signis-3
908 634 943 658 ut
967 625 1026 658 ho-

27 677 100 699 rum
125 668 247 708 primus
279 679 342 700 non
367 667 451 700 secus
485 678 519 700 ac
544 668 738 702 Faventinus
760 667 866 702 noster
888 692 897 707 ,
918 668 1026 702 crede-

26 719 101 749 ret,
123 710 183 744 fibi
206 711 364 745 calculum
386 709 479 744 fuisse
501 721 668 753 nunquam
683 737 690 743 .
716 712 813 745 Alios
837 721 989 754 praetereo
1013 735 1023 751 ‚

25 753 84 793 qui
102 775 112 791 ‚
146 755 232 788 nulla
256 765 397 795 unquam
427 753 466 786 de
488 752 551 787 hoc
586 755 702 787 morbo
724 755 851 796 querela
883 753 989 788 emiffa
1013 778 1023 793 ‚

25 806 101 829 cum
123 797 277 839 decrepiti
299 794 453 830 obiissent
468 819 477 833 ,
502 806 559 831 aut
583 808 715 839 magnos
730 823 739 837 ‚
764 806 817 830 aut
832 797 937 840 plures
959 799 1024 831 cal-

25 840 115 872 culos
138 843 173 874 in
198 840 316 878 vefica,
339 841 531 874 mirantibus
553 842 706 874 omnibus
723 864 734 880 ,
756 839 937 874 habuerunt
951 853 961 873 :
985 841 1024 875 ad

25 895 166 925 quorum
197 883 344 917 historias
366 892 430 916 tres
453 909 462 924 ,
496 886 614 925 pariter
644 885 678 916 in
701 884 913 924 Sepulchreto
936 886 949 922 (
971 894 990 915 n
1012 889 1022 923 )

25 926 222 969 descriptas,
247 926 358 960 addere
382 927 456 960 alias
479 927 618 969 poffem,
640 930 671 960 ἂ
696 928 891 961 nominatim
914 938 952 959 ex
966 927 1025 959 Al-

26 968 132 1011 ghiiio
152 969 228 1003 duas
252 974 263 1008 (
285 981 302 1003 ο
323 974 355 1009 ),
377 980 514 1012 quarum
541 971 639 1004 altera
663 996 672 1010 ‚
696 970 741 1003 ob
765 969 964 1011 perforatum
988 972 1023 1003 in

25 1013 132 1046 medio
155 1013 313 1055 lapidem,
340 1014 450 1047 fimilis
472 1013 516 1046 est
538 1014 667 1048 illarum
690 1014 794 1046 tertiae
814 1037 823 1051 ‚
848 1024 919 1056 quae
945 1014 1024 1047 Los-

25 1053 107 1090 fium
130 1058 294 1091 auctorem
319 1056 437 1091 habet.
462 1058 506 1090 Et
531 1057 613 1091 mihi
638 1060 679 1090 A.
697 1066 789 1097 1752.
812 1057 846 1089 in
871 1058 1023 1098 Gymna-

21 1098 69 1132 sio
93 1102 278 1133 Anatomen
301 1100 454 1141 docenti,
478 1112 494 1133 a
518 1099 945 1142 speetat01³harmacopoia‚
967 1111 1023 1134 cu-

21 1142 72 1185 jus
94 1143 226 1177 taberna
250 1144 431 1186 Gymnasio
453 1143 575 1182 subest,
599 1142 865 1185 perforatuslapis
881 1166 890 1181 ‚
914 1154 1024 1178 coram

24 1186 170 1227 pluribus
192 1209 203 1224 ‚
227 1187 356 1221 oblatus
378 1188 442 1225 est,
467 1185 534 1228 ejus
556 1189 613 1231 qui
637 1187 677 1219 ab
702 1185 851 1228 Alghifio
874 1188 1023 1229 pingitur

23 1231 78 1271 (p
97 1233 131 1270 )‚
156 1230 271 1264 similis
292 1254 304 1271 ‚
336 1229 394 1263 nisi
418 1228 508 1272 quod
532 1230 692 1264 foramine
715 1239 781 1263 erat
805 1230 900 1272 paulo
923 1241 1021 1273 angu-

21 1272 115 1306 stiori
136 1297 143 1304 .
180 1274 300 1308 Exiiss‘e
318 1296 331 1314 ‚
362 1273 491 1307 dicebat
513 1294 523 1310 ‚
556 1272 774 1316 superioribus
797 1274 908 1307 diebus
932 1275 1021 1309 nulla

23 1316 85 1362 alia
108 1328 170 1360 ope
193 1328 290 1361 quam
314 1326 436 1351 naturae
456 1340 466 1355 ,
503 1319 535 1349 ὅ(
558 1328 669 1351 manus
701 1316 848 1350 foeminae
870 1315 965 1360 ipsius
991 1320 1025 1352 in

20 1369 113 1400 cujus
137 1360 237 1395 vesica
260 1371 468 1395 concreverat
488 1386 495 1393 .
530 1360 737 1395 Concrevisse
759 1369 865 1393 autem
885 1382 895 1397 ‚
916 1361 1025 1404 conje-

21 1403 74 1440 ci,
98 1406 130 1437 &
151 1404 245 1439 illum
263 1429 272 1445 ,
294 1407 325 1438 δι
348 1404 429 1447 siqui
443 1404 498 1437 alii
523 1403 594 1436 sunt
608 1427 616 1441 ,
642 1413 759 1447 praeter
771 1402 1025 1446 Alghifflnum,

22 1447 135 1480 annuli
168 1448 274 1481 forma
294 1471 306 1488 ,
337 1448 370 1481 in
407 1447 516 1481 vesicae
547 1447 660 1481 infima
692 1455 781 1490 parte
814 1448 870 1480 ubi
900 1449 1024 1483 circum

21 1488 163 1524 urethrae
185 1490 352 1525 orificium
377 1489 419 1524 fic
442 1490 615 1532 aliquando
641 1490 763 1524 summa
777 1491 920 1525 Prostata
935 1516 944 1531 ,
968 1503 1023 1526 aut

20 1534 55 1566 in
88 1533 233 1576 sequiore
258 1535 331 1568 sexu
362 1533 551 1576 glandosum
575 1556 587 1573 ,
618 1534 706 1578 quod
729 1542 849 1567 vocant
867 1556 877 1571 ‚
909 1546 1025 1577 corpus

20 1577 109 1611 intra
135 1577 272 1612 vesicam
293 1577 435 1620 undique
458 1578 621 1619 prominet
644 1600 654 1615 ,
689 1586 724 1611 ut
747 1578 891 1619 proximi
925 1578 1023 1621 hujus

20 1622 154 1663 parietes
177 1623 384 1655 circumcirca
409 1619 588 1653 subsidant.
613 1620 699 1662 Qae
724 1622 966 1661 prominentia,
991 1624 1023 1655 ὃς

20 1664 110 1701 quod
142 1665 350 1708 consequitur
373 1687 381 1703 ,
412 1662 606 1696 subsidentia
629 1686 640 1702 ,
674 1663 730 1697 etsi
763 1665 798 1697 in
830 1665 1023 1707 corporibus

20 1706 210 1748 saniffimis,
234 1717 271 1740 ut
295 1707 374 1740 alibi
398 1710 408 1745 (
433 1717 451 1748 q
471 1709 485 1745 )
507 1705 616 1749 scripsi
637 1732 648 1748 ,
680 1707 761 1740 levis
781 1714 800 1745 ‚¹
825 1710 857 1740 &
881 1709 937 1741 vix
958 1708 1024 1742 ulla

19 1750 103 1784 mihi
138 1749 168 1783 se
190 1750 311 1784 obtulit
336 1764 345 1788 ;
380 1748 593 1795 nihilftamen
628 1750 779 1793 prohibet
802 1751 835 1784 in
859 1753 1023 1786 nonnullis

20 1794 93 1827 aliis
124 1793 183 1827 esle
219 1794 389 1836 aliquanto
413 1803 570 1834 majorem
593 1819 602 1827 .
636 1794 832 1828 Restitantes
854 1795 959 1836 igitur
983 1807 1022 1829 ex

19 1838 148 1871 ultimis
171 1838 271 1870 urinae
305 1839 407 1880 guttis
432 1835 583 1870 sabulosae
602 1860 611 1875 ,
647 1840 679 1870 &
702 1836 828 1871 viscidae
852 1838 1021 1879 particulae

18 1892 255 1922 nonnunquam
281 1880 408 1923 possunt
439 1881 472 1912 in
496 1880 536 1911 iis
568 1880 626 1922 qui
651 1879 798 1923 utrisque
821 1880 985 1915 abundant
1010 1903 1020 1919 ‚

17 1926 53 1957 in
77 1924 131 1957 illa
157 1923 350 1957 subsidentia
370 1923 532 1965 'paulatim
554 1922 756 1956 concrescere
776 1947 789 1964 ,
811 1926 843 1956 δε
867 1932 1023 1967 tanquam

17 1969 53 2000 in
78 1965 187 2001 forma
209 1968 348 2010 quadarn
374 1988 384 2003 ‚
418 1965 603 1999 annularem
629 1977 667 1998 ex
689 1966 755 2008 ipsa
778 1966 915 2009 figuram
938 1970 1024 2002 acci-

19 2021 93 2053 pere
115 2032 144 2050 ,⁷
163 2011 278 2052 ibique
309 2010 452 2052 augeri,
484 2011 517 2041 &
548 2009 709 2042 subsistere
732 2034 741 2049 ‚
774 2010 878 2043 donec
909 2010 1025 2045 insoli-

19 2064 74 2088 tus
94 2056 241 2095 corporis
264 2054 362 2090 situs,
386 2062 442 2087 aut
467 2060 576 2086 motus
600 2074 610 2090 ‚
635 2062 690 2085 aut
712 2052 804 2086 causa
826 2054 888 2086 alia
914 2054 1023 2098 aliqua

17 2098 94 2132 inde
116 2097 282 2131 dimoveat
312 2106 408 2139 atque
431 2096 536 2137 erigat
561 2119 571 2134 ‚
604 2099 636 2128 ὃ(
659 2098 692 2129 in
727 2096 893 2130 urethram
918 2121 929 2138 ‚
951 2110 1023 2140 quae

17 2142 119 2175 latior
140 2163 154 2181 ,
187 2143 218 2173 δι
240 2139 419 2174 dilatabilis
451 2134 599 2172 foeminis
627 2140 753 2181 obtigit
776 2161 787 2177 ,
820 2140 904 2173 forte
936 2152 1027 2174 com-

14 2185 142 2228 pellat,
165 2192 203 2217 ut
226 2183 301 2217 huic
326 2181 445 2217 accidit
462 2204 475 2222 ‚
505 2193 607 2225 eoque
640 2182 768 2217 facilius
791 2204 800 2220 ,
832 2182 922 2226 quod
947 2184 1027 2226 lapi-

16 2230 68 2262 dis
101 2228 243 2261 ambitus
278 2226 317 2260 ad
351 2224 500 2268 ellypsirn
533 2224 699 2259 accedebat
724 2247 734 2263 ‚
764 2225 855 2267 cujus
887 2227 1027 2261 alterum

19 2279 201 2306 extremum
224 2271 322 2313 paulo
345 2269 420 2303 esset
444 2268 629 2310 angustius.
654 2270 764 2312 Virgo
787 2279 855 2303 erat
876 2291 889 2309 ,
911 2273 944 2304 &
968 2281 1026 2305 an-

18 2326 78 2349 nos
101 2322 176 2347 nata
200 2314 369 2355 oistoginta
391 2312 473 2346 duos
495 2333 504 2349 ‚
529 2323 631 2355 neque
654 2313 718 2346 ulla
741 2323 884 2356 unquam
908 2325 992 2347 noxa
1013 2339 1022 2354 ,

19 2367 76 2391 aut
100 2355 233 2391 molesto
255 2356 345 2390 sensu
368 2355 535 2389 admonita
556 2380 565 2395 ‚
589 2355 620 2388 se
642 2355 751 2390 veficae
774 2356 899 2390 calculo
930 2357 1023 2390 labo-

13 2413 89 2436 rare
113 2423 123 2438 ,
157 2398 217 2433 nifi
240 2399 329 2443 qnod
352 2400 501 2432 tenuiore
533 2410 632 2442 quam
656 2409 749 2433 antea
773 2424 782 2438 ‚
814 2398 872 2432 filo
896 2401 1022 2434 urinam

15 2446 48 2479 se
71 2442 223 2480 reddere,
247 2442 517 2477 animadverterat
540 2455 550 2480 3
584 2442 687 2476 donec
719 2442 862 2477 calculus
891 2444 925 2476 in
948 2455 1023 2477 ure,-

10 2488 121 2525 tliram
144 2486 274 2529 illapsus
297 2508 307 2524 ‚
337 2485 466 2520 dolores
489 2496 528 2518 ex
550 2485 732 2528 improviso
753 2486 901 2520 concivit
923 2509 933 2525 ,
967 2486 1023 2521 lu‘-

8 2543 72 2574 que
96 2530 135 2564 ad
158 2534 213 2563 e'os
237 2528 418 2572 expellendi
440 2538 575 2562 conatus
599 2529 731 2571 adegere
756 2550 767 2565 ‚
790 2537 827 2562 ut
851 2530 937 2562 intra
960 2529 1023 2564 ho-

10 2586 55 2609 rae
77 2572 252 2608 dimidium
285 2573 351 2615 jam
376 2573 574 2614 promineret
598 2597 607 2613 ,
640 2572 820 2615 digitisque
844 2573 1024 2615 apprehen-

10 2618 68 2658 di,
91 2620 124 2651 &
146 2617 306 2650 continuo
328 2616 430 2649 eximi
453 2616 597 2657 potuerit
618 2637 630 2653 ,
653 2617 746 2649 nullo
769 2637 781 2654 ‚
816 2625 852 2649 ut
875 2617 933 2657 qui
956 2618 1025 2651 haec

13 2668 202 2695 narraverat
224 2660 356 2697 omnia,
380 2658 560 2693 affirmabat
582 2681 593 2698 ‚
628 2659 744 2692 relifflo
777 2660 990 2694 incommodo
1015 2686 1023 2695 .

15 2705 90 2738 Nec
112 2712 221 2738 tamen
245 2702 390 2737 foramen
413 2726 424 2743 ,
455 2703 604 2744 quamvis
625 2704 755 2746 urinam
789 2703 989 2737 transmittat
1012 2727 1025 2745 ,

16 2758 149 2784 caeteras
172 2746 293 2787 semper
314 2755 401 2781 arcet
425 2745 582 2780 molestias
604 2766 615 2783 ‚
646 2757 750 2788 neque
775 2746 904 2779 arcebat
937 2757 1026 2781 certe

17 2793 53 2825 in
76 2789 183 2831 lapide
206 2790 351 2824 rotundo
383 2793 415 2822 &
438 2789 511 2825 laevi
532 2814 542 2829 ‚
579 2789 784 2832 ejusdemque
806 2789 957 2832 ponderis
988 2802 1024 2824 ac

18 2832 183 2868 Loffianus
212 2833 246 2865 in
271 2833 456 2867 Mercatore
485 2831 579 2874 cujus
612 2831 780 2867 historiam
803 2834 942 2867 omnino
971 2833 1024 2867 di-

19 2883 118 2920 gnam
141 2886 214 2917 quae
235 2876 271 2909 in
294 2875 538 2920 Sepulchretum
560 2875 659 2909 relata
681 2875 755 2909 esset
779 2896 789 2913 ,
813 2880 843 2909 &
870 2877 1020 2917 Patavii,

19 2925 52 2954 δε
73 2919 306 2961 Norimbergae
338 2919 449 2953 eodem
471 2917 571 2960 ferme
604 2928 750 2961 tempore
772 2919 925 2953 edendam
962 2933 1022 2954 cu-

18 2964 106 2998 ravit
129 2962 269 2995 Carolus
293 2961 424 2996 Patinus
446 2966 460 3002 (
483 2972 499 2995 r
522 2966 563 3003 ),
589 2964 621 2994 δε
643 2973 682 2995 ne
704 2961 790 2996 forte
812 2963 919 2997 credas
941 2986 956 3002 ‚v
987 2964 1021 2997 id

19 3003 168 3041 accidisse
193 3014 365 3047 propterea
396 3005 485 3048 quod
507 3004 627 3040 canalis
649 3016 714 3039 non
737 3007 775 3038 in
793 3007 899 3040 medio
921 3030 934 3047 ,
969 3006 1021 3041 sed

18 3062 76 3095 per
100 3050 294 3084 anteriorem
316 3048 391 3082 esset
425 3049 538 3090 lapidis
561 3057 688 3090 partem
719 3059 891 3084 excavatus
911 3064 920 3087 3
953 3051 1022 3093 pri-

19 3105 113 3128 mum
135 3092 242 3135 aspice
277 3092 311 3124 in
333 3091 431 3126 Astis
454 3092 668 3126 Eruditorum
692 3091 904 3135 Lipfienfibus
940 3093 1022 3135 (s)

17 3140 203 3170 immanem
227 3134 365 3175 lapidem
384 3158 394 3173 ‚
430 3146 447 3168 a
468 3147 535 3178 quo
562 3142 676 3176 praerer
707 3135 840 3169 dolorem
872 3138 1022 3178 quendam

14 3180 223 3224 gravativum
245 3177 278 3210 in
300 3177 420 3219 regione
441 3178 598 3220 inguinali'
616 3200 626 3216 ,
658 3178 717 3211 vix
741 3180 905 3221 quicquam
940 3179 1018 3212 mali

11 3223 150 3269 senserat¹
171 3220 406 3262 oc‘luagenarz'us
422 3220 517 3262 senex
539 3242 549 3258 ,
579 3222 724 3263 quoniam
746 3223 836 3255 urina
868 3224 907 3256 ad
937 3221 1017 3264 nefi-

19 3277 88 3300 cam
112 3264 269 3298 translata
291 3283 302 3299 ‚
331 3272 387 3304 per
409 3263 548 3297 canalem
570 3266 604 3297 in
636 3265 753 3306 lapidis
779 3263 945 3308 superficie
970 3264 1016 3308 ef-

10 3308 190 3353 formatum
214 3333 224 3346 ‚
255 3316 294 3340 ex
315 3305 489 3340 ureteribus
515 3305 624 3345 statim
659 3309 699 3340 ad
731 3310 881 3344 cervicem
911 3309 1016 3351 veficae

12 3349 134 3396 fluebat
160 3374 168 3381 .
203 3349 333 3384 Contra
356 3357 463 3382 autem
486 3348 558 3382 vide
580 3351 614 3383 in
638 3351 732 3384 Affis
756 3348 839 3394 (f)
861 3354 1014 3386 Caesareae

17 3394 204 3428 Academiae
237 3391 317 3435 quid
349 3392 428 3425 alter
461 3394 630 3435 pertulerit
652 3416 666 3433 ,
702 3399 849 3437 quamvis
883 3408 937 3438 per
968 3396 1018 3429 fa-

15 3440 101 3472 ciem
133 3436 248 3471 calculi
271 3436 306 3467 in
338 3434 446 3468 veficae
478 3435 565 3469 collo
597 3435 748 3471 haerentis
773 3436 859 3480 finus
891 3440 1016 3482 qnidam

16 3481 164 3516 excavati
189 3478 285 3512 essent
306 3500 315 3515 ‚
347 3489 430 3520 quos
451 3486 610 3513 meatuum
641 3479 733 3519 instar
756 3491 812 3523 per
844 3494 924 3524 quos
947 3484 1015 3516 exi-

16 3534 65 3558 ret
83 3548 97 3566 ,
130 3523 242 3556 lotium
264 3528 387 3564 apertos
404 3520 466 3564 filu·
488 3521 724 3564 conservaverat
745 3549 755 3558 .
790 3526 882 3565 Qin
914 3528 1013 3561 etiam

1923 259 2015 306 159

1079 332 1119 357 ne
1142 330 1268 355 tanturn
1291 322 1414 357 tribuas
1438 325 1498 358 viae
1521 333 1576 365 per
1599 319 1721 355 medios
1744 320 1882 354 calculos
1919 323 2039 355 relictae
2067 334 2080 359 5

1078 368 1147 408 lege
1169 365 1253 407 apud
1276 367 1458 401 Contolum
1491 371 1508 407 <
1531 366 1586 408 u)
1619 364 1800 398 Cardinaria
1822 365 1985 397 'Franzofii
2017 365 2086 399 dis-

1086 409 1283 448 seffl'onem,
1304 411 1361 451 qui
1385 422 1438 453 per
1462 412 1602 444 exaC'ffim
1627 408 1756 450 quidem
1780 409 1909 442 vivendi
1934 418 2083 443 normam

1088 453 1226 494 triginta
1261 451 1359 486 ferme
1385 465 1542 487 annorum
1565 452 1669 494 spatio
1691 452 1832 484 servatus
1852 473 1864 490 2
1887 452 1924 485 ad
1948 451 2082 493 ostoge-

1085 495 1198 529 fimum
1223 494 1346 529 sextum
1370 498 1517 539 pervenit
1541 522 1550 538 ,
1575 496 1624 529 sed
1650 495 1742 529 toties
1767 493 1829 527 fuit
1853 493 2010 536 calculosis
2032 503 2085 528 at-

1078 549 1134 581 que
1157 539 1250 571 urinae
1280 539 1468 582 paffionz'bns
1491 541 1660 574 divexatus
1681 561 1689 575 ,
1725 538 1799 570 licet
1825 538 1929 571 vesicae
1962 538 2081 571 calculi

1071 580 1167 624 fimul
1189 580 1359 616 combinati
1394 582 1544 616 circulum
1570 582 1821 624 repraesentarent
1843 603 1852 618 ,
1890 584 2004 614 rimam
2025 591 2082 622 per

1076 635 1169 666 quam
1191 623 1341 666 tranfibat
1357 627 1453 659 ‘urina
1477 648 1486 663 ‚
1519 626 1612 659 sicuti
1636 626 1760 668 piastura
1777 624 1938 667 :monstrat
1961 647 1974 664 ‚
1997 625 2083 658 intct

1420 669 1511 703 Tum
1534 669 1674 711 denique
1698 668 1805 710 accipe
1830 667 1915 708 quod
1938 678 1976 700 ex
1999 668 2083 701 Val-

1076 711 1206 744 lisnerio
1238 711 1348 744 audivi
1372 736 1380 743 .
1416 713 1539 746 Patavii
1574 723 1613 745 ex
1648 711 1767 743 Nobili
1800 712 1907 744 &ente
1941 711 2082 745 Mantua

1076 755 1130 787 cui
1165 754 1232 795 ipse
1264 756 1401 788 intimus
1433 752 1501 788 erat
1526 781 1535 796 ‚
1572 756 1637 787 Vir
1669 754 1732 788 fuit
1754 777 1767 793 ,
1799 754 1958 796 plerisque
1994 764 2084 787 mor-

1077 797 1110 830 bi
1145 796 1181 831 de
1213 809 1280 840 quo
1312 799 1479 840 loquimur
1503 821 1513 838 ‚
1545 798 1674 831 indiciis
1708 797 1786 831 adeo
1817 798 1848 830 δι
1881 797 1993 830 tandiu
2028 802 2085 830 ved

1076 849 1169 873 xatus
1191 863 1203 879 ,
1250 851 1287 875 ut
1321 841 1344 874 si
1377 842 1415 875 ad
1439 842 1495 874 illa
1536 842 1807 883 impedimentum
1845 851 1986 883 unquam
2021 841 2084 874 ali-

1076 883 1164 925 quod
1198 884 1232 917 in
1266 884 1442 926 mingendo
1475 884 1641 919 acceffiffet
1666 907 1677 923 ,
1721 884 1989 930 Medici-ornnes
2024 894 2083 925 pa-

1075 928 1155 959 riter
1187 928 1221 960 in
1262 940 1301 961 eo
1334 927 1518 962 consensuri
1560 927 1655 962 essent
1679 951 1689 967 ,
1732 937 1768 961 ut
1804 927 1911 961 νείκεε
1955 927 2084 965 calculo

1075 970 1174 1003 teneri
1198 993 1207 1007 ,
1247 973 1535 1013 pronunciarent.
1580 972 1638 1006 Sed
1673 971 1776 1015 plures
1820 971 1894 1005 ideo
1937 971 1972 1003 in
2018 971 2082 1005 alia

1075 1014 1232 1047 sententia
1263 1024 1353 1048 erant
1378 1037 1387 1051 ‚
1422 1015 1510 1056 quod
1546 1014 1667 1057 semper
1700 1016 1751 1047 vel
1784 1026 1858 1049 cum
1882 1015 1964 1049 stans
1997 1017 2083 1047 min-

1074 1066 1163 1101 geret
1189 1082 1198 1095 ‚
1232 1056 1297 1090 fine
1330 1059 1398 1090 ullo
1431 1059 1526 1091 obice
1563 1060 1681 1092 lotium
1706 1056 1857 1092 reddebat
1883 1083 1891 1091 .
1927 1058 2082 1097 Mortui,

1076 1109 1112 1134 ut
1144 1100 1254 1133 vivens
1288 1099 1422 1142 jusserat
1446 1124 1455 1138 ‚
1491 1100 1591 1135 vesica
1623 1100 1816 1143 introspeeta
1839 1126 1850 1142 ‚
1895 1101 2012 1134 calculi
2046 1103 2083 1133 in

1075 1143 1136 1177 hac
1179 1152 1244 1177 tres
1276 1144 1401 1177 inventi
1444 1144 1518 1177 sunt
1551 1145 1644 1177 laeves
1670 1168 1681 1184 ,
1723 1147 1755 1176 &
1788 1144 1980 1178 subrotundi
2007 1167 2016 1181 ,
2049 1147 2082 1177 δε

1075 1187 1121 1221 ob
1150 1186 1231 1220 hanc
1266 1187 1366 1229 ipsam
1400 1186 1535 1230 figuram
1568 1187 1768 1230 triangulare
1801 1189 1886 1221 inter
1927 1186 1956 1221 se
1989 1188 2082 1230 juxta

1074 1231 1196 1272 positos
1230 1229 1374 1264 foramen
1408 1231 1657 1274 relinquentes:
1691 1232 1800 1273 itaque
1830 1230 1887 1264 etsi
1925 1242 1979 1273 per
2014 1242 2084 1264 me-

1072 1274 1166 1308 dium
1197 1277 1296 1308 urina
1330 1274 1484 1307 transibat
1509 1297 1523 1314 ,
1553 1274 1609 1308 etsi
1642 1274 1758 1308 calculi
1800 1283 1890 1308 erant
1924 1286 1960 1307 ea
2000 1274 2085 1315 figu-

1076 1329 1111 1350 ra
1137 1342 1145 1356 ‚
1179 1327 1276 1360 atque
1299 1316 1417 1351 laevore
1439 1341 1451 1358 ,
1468 1317 1568 1351 ‘unde
1590 1318 1623 1351 in
1650 1319 1721 1351 aliis
1745 1319 1919 1361 repetitum
1951 1315 2046 1351 fuisse
2071 1338 2084 1355 ,

1076 1360 1192 1402 video,
1217 1372 1274 1396 cur
1299 1360 1439 1395 molestia
1463 1372 1564 1403 aegros
1596 1371 1659 1395 non
1684 1360 1843 1395 afficerent
1867 1376 1876 1398 3
1914 1361 1990 1395 huic
2014 1372 2086 1395 cer-

1076 1412 1108 1436 te
1132 1430 1143 1446 ,
1179 1414 1215 1438 ut
1240 1406 1346 1438 Patini
1377 1416 1508 1448 quoque
1532 1405 1711 1439 Mercatori
1736 1428 1745 1443 ‚
1780 1406 1871 1447 plura
1895 1429 1908 1446 ,
1942 1416 2000 1440 nec
2036 1406 2085 1438 le-

1075 1449 1129 1482 via
1163 1449 1339 1482 attulerant
1370 1448 1577 1482 incommoda
1602 1473 1609 1480 .
1653 1450 1712 1482 Sed
1744 1448 1803 1482 hos
1836 1448 1924 1483 casus
1946 1472 1958 1489 ‚
2001 1459 2085 1491 quos

1076 1491 1146 1533 post
1169 1491 1249 1526 duos
1271 1491 1345 1526 illos
1369 1493 1492 1533 primos
1516 1491 1729 1526 indicavimus
1755 1516 1763 1530 ‚
1790 1493 1933 1534 Tulpii‚
1957 1495 1989 1526 &
2011 1492 2087 1526 Na·-

1075 1534 1112 1568 fii
1137 1559 1147 1575 ,
1180 1535 1438 1577 comparationis
1472 1536 1641 1569 dumtaxat
1674 1536 1766 1570 causa
1792 1538 2046 1570 memoravimus
2073 1558 2087 1574 a

1074 1578 1163 1618 quod
1187 1578 1251 1611 five
1273 1578 1371 1612 essent
1397 1590 1471 1612 cum
1494 1589 1656 1620 aegrorum
1682 1578 1848 1619 molestia,
1870 1579 1944 1613 sive*
1958 1591 2022 1613 non
2035 1579 2086 1612 es-

1075 1620 1144 1654 sent
1162 1645 1175 1661 ,
1208 1622 1242 1654 in
1267 1621 1315 1655 his
1346 1631 1452 1655 tamen
1477 1621 1543 1655 fere
1576 1622 1728 1656 omnibus
1751 1621 1916 1657 cathetere
1940 1622 2085 1656 immisso

1073 1665 1271 1706 deprehendi
1305 1665 1425 1698 calculi
1450 1664 1628 1707 potuissent
1650 1691 1659 1703 ‚
1693 1677 1757 1698 non
1794 1667 1827 1698 in
1861 1666 1987 1700 duobus
2020 1667 2089 1699 illis

1075 1709 1190 1749 primis
1211 1731 1225 1748 ,
1258 1709 1380 1751 quippe
1404 1719 1468 1741 non
1491 1708 1583 1741 obvii
1606 1734 1615 1749 ‚
1640 1708 1691 1743 sed
1714 1710 1748 1742 in
1773 1710 1972 1744 diverticulo
2006 1709 2088 1743 vesi-

1073 1762 1119 1784 cae
1140 1751 1290 1789 conditi,
1314 1752 1353 1785 ad
1376 1750 1472 1794 hujus
1494 1752 1594 1785 latera
1626 1751 1819 1787 efformato:
1843 1754 1881 1789 de
1903 1753 1994 1795 cujus
2015 1755 2087 1786 ori-

1073 1797 1150 1836 gine
1182 1795 1373 1829 diverticuli
1396 1796 1460 1828 erit
1500 1794 1585 1829 infra
1611 1796 1667 1838 (x
1689 1800 1699 1835 )
1725 1797 1833 1838 aptior
1866 1797 1996 1832 dicendi
2031 1798 2087 1831 lo-

1072 1849 1150 1872 cus.
1174 1838 1243 1871 Hic
1263 1845 1342 1871 veto
1364 1839 1506 1881 attigisse
1529 1838 1604 1873 satis
1628 1838 1692 1880 est,
1715 1850 1752 1875 ut
1776 1842 1824 1874 vel
1848 1840 1924 1876 hinc
1948 1852 2019 1884 quae
2042 1853 2086 1875 ae-

1072 1883 1139 1923 gris
1174 1881 1290 1923 possint
1313 1904 1326 1922 ,
1361 1884 1393 1915 &
1414 1893 1485 1924 quae
1510 1882 1696 1917 litliotomis
1728 1885 1933 1927 deceptiones
1967 1886 2048 1919 oriri
2075 1910 2088 1925 ‚

1073 1925 1256 1965 intelligas,
1283 1923 1304 1956 fi
1328 1926 1387 1966 qui
1411 1935 1508 1959 antea·
1529 1927 1564 1959 in
1587 1926 1686 1960 vesica
1711 1930 1801 1961 eran't
1825 1952 1834 1967 ,
1860 1930 1893 1962 in
1918 1928 2082 1971 ejusmodi

1073 1966 1161 2000 forte
1184 1968 1349 2017 sacculum-2
1369 1968 1519 2002 recedant
1542 1969 1658 2004 calculi
1680 1994 1690 2010 ,
1717 1972 1799 2006 unde
1823 1973 1940 2015 poffint
1964 1974 2084 2007 iterum

1075 2021 1134 2051 pro
1157 2012 1247 2044 vario
1270 2020 1350 2052 aegri
1374 2011 1479 2053 positu
1504 2036 1514 2051 ‚
1549 2016 1580 2047 &
1604 2024 1698 2048 motu
1720 2017 1752 2048 in
1781 2016 1918 2058 vesicam
1944 2016 2046 2051 redire
2072 2042 2083 2052 .

1074 2054 1215 2103 Accidet
1247 2056 1333 2104 enirn
1366 2066 1436 2088 non*
1465 2056 1566 2090 modo
1589 2067 1625 2091 ut
1656 2058 1695 2091 de
1718 2059 1865 2101 pluribus
1896 2061 2087 2096 lithotomis

1076 2097 1159 2130 alius
1191 2106 1352 2140 percipiat
1374 2122 1388 2138 ,,
1417 2099 1498 2134 alius
1522 2111 1586 2133 non
1613 2103 1770 2144 percipiat
1798 2126 1808 2142 ‚
1845 2116 1957 2139 verum
1982 2107 2083 2139 etiam

1076 2148 1114 2173 ut
1146 2140 1233 2175 idem
1266 2140 1467 2177 lithotomus
1501 2145 1565 2177 alio
1601 2154 1776 2188 tempore:
1810 2159 1893 2190 aeger
1926 2160 2004 2182 vero
2027 2150 2085 2193 quii

1077 2191 1240 2236 antea-ex
1279 2185 1396 2226 lapidis
1439 2187 1578 2230 pondere
1612 2212 1623 2228 ,
1666 2189 1848 2232 subjeetum
1891 2193 2083 2227 intestinum

1076 2227 1152 2261 duri
1177 2228 1275 2262 instar
1306 2228 1431 2271 scybali
1454 2242 1613 2274 urgente,
1635 2232 1674 2267 de
1697 2235 1840 2270 tenesmo
1863 2237 2056 2279 querebatur
2071 2261 2086 2275 ,

1076 2272 1319 2314 constringente
1342 2282 1451 2307 autem
1475 2275 1504 2308 se
1526 2277 1612 2310 inter
1635 2278 1845 2320 mingendum
1869 2279 1967 2313 vesica
1992 2293 2008 2313 a
2032 2281 2084 2314 la-

1076 2313 1163 2365 pidis
1186 2315 1359 2357 asperitate
1382 2317 1509 2352 dolores
1524 2346 1533 2360 ‚
1557 2320 1597 2352 ab
1621 2321 1798 2365 eodemque
1823 2323 1851 2357 se
1875 2325 1975 2357 urinae
2010 2336 2088 2358 cur-

1075 2357 1138 2408 sui·
1158 2369 1342 2409 opponente
1373 2362 1598 2403 importunum
1630 2365 1757 2398 obicem
1791 2365 1944 2403 sentiebat
1969 2379 1978 2406 3
2023 2369 2084 2404 ubi

1074 2402 1155 2452 lapis
1198 2413 1232 2435 in
1265 2403 1441 2450 ‘sacculum
1474 2406 1658 2452 'diverterit
1694 2434 1703 2449 ,
1746 2409 1788 2443 ab
1833 2410 1883 2444 his
1927 2413 2083 2446 omnibus—

1073 2446 1209 2488 aliisque
1243 2447 1438 2488 ejuscemodi
1469 2460 1534 2491 Jam
1568 2451 1651 2485 liber
1681 2454 1817 2486 omnino
1841 2454 1899 2487 fibi
1931 2478 1940 2493 ‚
1969 2468 2004 2490 ac
2034 2457 2085 2489 so—

1073 2489 1162 2522 lutus
1195 2491 1313 2524 morbo
1346 2491 1513 2525 videbitur
1538 2518 1545 2525 .
1679 2495 1738 2529 Sed
1782 2496 1819 2531 de
1859 2500 1989 2533 calculis
2030 2501 2084 2533 in—

1076 2530 1176 2581 ferius
1210 2533 1303 2574 plura
1327 2558 1335 2565 .
1370 2535 1460 2568 Hinc
1493 2537 1578 2569 enirn
1610 2535 1631 2569 si
1668 2539 1705 2571 ad
1748 2551 1832 2574 meas
1863 2542 1974 2576 eodem
2009 2543 2082 2577 sub-

1073 2575 1228 2617 )iciendas
1260 2577 1373 2611 ordine
1406 2589 1474 2620 quo
1508 2580 1665 2614 Valsalvae
1698 2584 1796 2616 retuli
1828 2585 2082 2620 Observationes

1076 2618 1119 2652 est
1160 2619 1391 2654 transeundum
1424 2633 1433 2658 ς
1477 2623 1516 2655 ab
1557 2634 1594 2656 ea
1637 2625 1793 2667 incipiam
1835 2639 1968 2670 oportet
2008 2643 2081 2673 quoe

1077 2661 1117 2711 ad
1162 2661 1329 2712 dysuriam
1381 2663 1500 2711 specftet
1545 2667 1585 2699 ab
1633 2677 1746 2702 renum
1791 2673 1968 2713 praesertim
2029 2676 2081 2707 vi-

1077 2714 1127 2755 tio
1158 2706 1325 2743 inductam
1359 2731 1367 2738 .
1423 2706 1595 2750 Ejusmodi
1641 2722 1747 2745 autern
1794 2715 1838 2748 est
1882 2728 1979 2758 quam
2016 2718 2081 2751 tibi

1076 2759 1111 2824 isn
1164 2759 1307 2784 extrema
1361 2750 1523 2794 superiore
1579 2753 1728 2796 Epistola
1769 2760 1858 2799 (y)
1911 2760 2083 2803 pollicitus-

1094 2803 1167 2825 um.

1075 2878 1082 2883 Ι
1119 2845 1166 2868 11.
1193 2836 1224 2868 V
1249 2839 1265 2869 I
1288 2838 1322 2871 R
1367 2849 1463 2872 annos
1495 2849 1586 2872 natus
1609 2839 1647 2874 ad
1681 2841 1843 2883 sexaginta
1866 2845 1910 2877 ob
1935 2846 2078 2885 serosum

1072 2877 1250 2927 infarfium
1280 2879 1413 2915 femoris
1437 2904 1446 2918 ‚
1478 2885 1508 2914 &
1542 2894 1625 2925 genu
1660 2883 1774 2918 finistri
1799 2888 1919 2922 menses
1952 2892 2080 2935 aliquot

1070 2931 1105 2953 in
1140 2920 1203 2955 hoc
1234 2923 1389 2956 cubuerat
1420 2924 1624 2959 Nosocomio
1649 2940 1656 2957 e
1693 2940 1750 2961 nec
1786 2928 2003 2974 posteaquam*
2025 2936 2077 2970 di.

1072 2963 1188 2999 scussus
1221 2965 1276 3015 ille
1310 2966 1412 3001 fuerat
1434 2990 1444 3006 ,
1478 2968 1613 3003 domum
1647 2971 1769 3004 abierat
1793 2996 1803 3010 ,
1838 2984 1979 3011 retentus
2011 2982 2079 3021 pri-

1073 3019 1164 3058 mum
1196 3008 1259 3058 alvi
1295 3008 1386 3044 fluxu
1423 3035 1432 3050 ‚
1479 3012 1548 3054 post
1581 3012 1666 3046 hunc
1699 3025 1807 3048 autern
1843 3020 1907 3051 levi
1944 3020 2075 3059 alterius

1072 3052 1159 3085 oculi
1204 3051 1460 3087 inflammatione
1494 3080 1503 3094 ‚
1547 3054 1686 3099 denique
1717 3070 1791 3095 cum
1834 3061 1902 3095 haec
1945 3076 2076 3110 quoque

1074 3096 1360 3145 mane-ndilcausa
1415 3096 1538 3144 sublata
1582 3098 1655 3134 esset
1689 3125 1699 3141 ,
1755 3103 1919 3139 restitabat
1966 3118 2074 3145 tamen

1072 3138 1116 3170 ob
1160 3149 1307 3188 inopiam
1351 3152 1389 3174 eo
1420 3152 1590 3190 ‘majorem
1626 3164 1636 3180 ‚
1685 3146 1916 3187 qu0d¹multi
1971 3151 2075 3188 homo

1071 3190 1140 3215 erat
1184 3183 1251 3214 cibi
1283 3204 1292 3220 ,
1337 3193 1373 3217 ut
1417 3185 1456 3216 iis
1500 3195 1565 3221 non
1610 3197 1785 3223 contentus
1839 3203 1911 3233 quae
1953 3204 2075 3229 conva-

1064 3224 1259 3276 lescentibus
1291 3226 1473 3260 offeruntur
1497 3252 1506 3267 ‚
1541 3230 1633 3271 plura
1666 3231 1809 3273 posceret
1832 3258 1839 3265 .
1875 3235 1974 3271 Hunc
2006 3240 2073 3281 igi-

1065 3276 1120 3301 tur
1154 3269 1200 3301 ibi
1243 3277 1327 3304 inter
1364 3271 1598 3306 comedendum
1638 3275 1730 3308 illico
1773 3279 1938 3312 repentina
1982 3292 2070 3316 mors

1065 3311 1189 3361 sustulit
1224 3311 1288 3345 fine
1330 3314 1405 3348 ullis
1437 3313 1592 3359 syncopes
1615 3338 1624 3355 ,
1669 3327 1723 3350 aut
1756 3317 1979 3357 suffocationis
2017 3326 2072 3359 in..

1067 3353 1193 3388 diciis.
1227 3356 1285 3388 Sed
1317 3367 1419 3400 neque
1455 3370 1544 3392 mora
1577 3361 1611 3392 in
1644 3359 1849 3396 Nosocomio
1882 3372 1949 3397 tam
1993 3367 2070 3403 diu-

1068 3405 1163 3431 turna
1210 3396 1334 3440 fignum
1380 3412 1523 3444 unquam
1568 3403 1698 3437 dederat
1745 3405 1796 3438 vel
1854 3406 1972 3443 leviter
2017 3411 2071 3445 af,

1066 3439 1310 3490 sceti-thoracis
1334 3468 1342 3482 ‚
1387 3454 1442 3477 aut
1466 3446 1589 3479 cerebri
1614 3459 1622 3478 ι
1658 3446 1778 3489 vixque
1805 3471 1814 3485 ‚
1845 3461 1920 3483 cuni
1955 3456 2068 3489 omnia

1065 3494 1261 3525 inquirerem
1284 3510 1297 3526 ,
1343 3499 1359 3519 a
1392 3486 1521 3522 famulis
1560 3489 1706 3530 accepi,
1741 3491 1903 3525 auditum·
1926 3495 1985 3530 effe
2009 3498 2067 3531 ali.

1065 3528 1199 3570 quando
1230 3530 1269 3563 de
1303 3531 1402 3564 urinae
1436 3533 1615 3566 acrimonia
1645 3543 1925 3577 conquerentem.
1963 3541 2066 3580 Cujus

1919 3583 2022 3625 odgL

1076 668 1105 700 se
1138 667 1356 709 relinquentes
1379 694 1387 702 .

27 3671 2058 3701 -—-----·--—-——————-———--—————————----—--.—.....

72 3746 89 3774 (
104 3745 114 3768 l
127 3745 141 3773 )
160 3745 221 3771 Ξεέἲ.
237 3752 275 3774 ²4.
291 3744 350 3769 Obs.
368 3746 392 3769 8.
455 3747 469 3772 (
483 3754 506 3770 m
521 3745 536 3774 )
551 3745 612 3770 Sefi·
629 3754 667 3776 23.
681 3748 739 3772 Obs.
756 3757 781 3777 7.
800 3750 822 3779 §.
837 3759 862 3780 4.

73 3777 88 3802 (
101 3781 118 3803 p
134 3776 148 3803 )
163 3775 227 3799 Tab.
246 3784 266 3805 3.
283 3777 334 3805 Εἰς.
353 3783 376 3804 9.
436 3773 446 3807 (
462 3784 477 3805 q
493 3777 508 3805 )
523 3776 621 3801 Advers.
638 3785 661 3807 3.
679 3779 789 3804 Animad.
805 3788 843 3811 41.

74 3804 189 3866 ἓςὲθὲ
203 3807 267 3865 ιιόΒῗς.
284 3806 350 3832 Tab.
368 3814 390 3836 ς.
451 3807 467 3836 (
481 3812 493 3832 t
508 3807 522 3836 )
536 3809 614 3834 Tom-
627 3816 651 3838 4.
668 3808 728 3835 Obs.
743 3817 784 3842 4¹3.
846 3812 862 3841 ί
876 3819 891 3836 u

924 3752 938 3780 (
952 3760 967 3775 n
984 3751 998 3779 )
1013 3752 1078 3787 ibid.
1095 3752 1118 3783 §.
1136 3761 1157 3784 ς.
1176 3754 1200 3778 8:
1214 3762 1237 3783 7.
1256 3754 1279 3778 &
1296 3755 1356 3779 Sest.
1373 3762 1410 3784 24.
1427 3757 1486 3782 Obs.
1506 3765 1528 3786 9.
1591 3758 1600 3787 (

905 3779 915 3811 (
931 3790 943 3806 r
958 3783 971 3810 )
988 3783 1044 3817 V¹dt
1061 3791 1086 3817 in
1101 3785 1183 3814 Lyceo
1200 3787 1281 3810 Patav.
1298 3785 1350 3813 ejus
1366 3787 1468 3819 Vitam,
1484 3791 1506 3814 δι
1523 3789 1582 3819 Eph.
1600 3791 1633 3814 N.

907 3814 915 3844 )
933 3815 969 3838 De
984 3813 1095 3843 Lapidib.
1111 3821 1134 3841 c.
1151 3823 1190 3846 23·
1207 3816 1231 3841 δι
1245 3816 1272 3846 in
1286 3817 1352 3844 calce
1365 3817 1422 3844 libri
1435 3835 1444 3845 .
1592 3827 1616 3845 n.

1646 3761 1660 3789 )
1676 3760 1798 3787 Litotom.
1815 3770 1837 3787 e.
1853 3771 1876 3791 4.

1640 3793 1679 3847 ὀρ.
1696 3795 1754 3819 Dec.
1770 3800 1793 3818 2.
1809 3796 1840 3823 A,
1857 3802 1878 3820 1.
1897 3794 1956 3822 Obs.
1975 3803 2015 3826 19.

1503 3820 1576 3850 (κ)
1635 3829 1673 3852 3·
