2498 4075
410 164 505 216 350

332 229 509 264 articulum
533 238 572 262 ex
594 228 759 263 luxatione
781 226 901 261 ἷειᾶυπι
923 237 992 260 aves
1015 226 1229 267 cognoscere,
1252 226 1343 258 Hen-

334 275 399 306 n'ci
423 272 555 307 Alberti
581 271 714 305 Nicolai
737 274 751 309 (
775 273 794 304 d
812 271 849 311 ).
873 272 916 304 Et
941 281 979 303 ne
1003 269 1043 302 ab
1054 267 1208 302 inferiore
1230 270 1343 311 dequo

336 318 506 359 loquimur
522 339 531 354 ,
553 326 625 349 artu
650 314 854 353 recedamus,·
877 313 961 356 apud
986 311 1158 345 secundum
1182 336 1191 350 ‚
1214 315 1246 345 ὃς
1279 321 1343 344 ter-

334 360 423 394 tium
457 361 612 393 illorum,
637 359 779 400 itemque
813 357 899 397 apud
924 356 1113 389 -Platnerum
1136 356 1219 398 (e),
1250 353 1348 387 alios--

333 415 400 446 que
424 404 566 447 pluscula
590 402 733 434 invenies
756 399 795 433 ad
818 399 958 441 supremi
982 398 1114 432 femoris
1137 408 1192 431 aut
1226 397 1345 432 fractu-

335 457 404 482 ram
419 472 427 486 ‚
454 456 508 478 aut
532 446 734 478 luxationem
757 443 970 485 pertinentia,
995 441 1135 482 &hanc‚
1150 451 1343 475 utnonnun-

333 503 460 533 quam,
484 500 500 520 a
525 489 555 520 vi
582 497 739 526 externa,
772 495 808 519 ut
841 485 916 518 alias
951 494 1057 518 autem
1090 496 1105 517 a
1140 486 1344 518 vinculorum

344 533 486 567 erosione
503 556 510 568 ‚
535 531 609 571 vel,
633 540 667 564 ut
694 529 828 571 saepius,
851 529 1001 562 laxitate.
1027 528 1081 561 Ab
1104 528 1247 561 erosione
1271 529 1344 569 qui-

339 577 414 609 dem
437 584 473 608 ut
499 575 532 606 in
556 573 641 607 Casu
667 573 762 606 Halae
786 571 877 606 edito
900 573 943 605 A.
972 583 1065 614 1742.
1103 569 1185 613 (f)
1201 594 1212 610 ,
1244 573 1274 604 ἃ
1311 571 1344 602 in

338 620 412 652 aliis
437 627 529 651 antea
554 630 570 650 a
596 615 792 650 Mancharto
814 614 927 658 (g),
951 618 982 648 δι
1006 617 1046 648 ab
1070 615 1223 648 Schulzio
1256 619 1265 652 (
1290 612 1344 654 h)

339 663 542 703 propositis,
567 660 607 694 ab
629 660 761 693 laxitate
785 670 884 697 vero,
919 668 956 692 ut
990 659 1023 690 in
1056 660 1108 691 Cl.
1148 655 1349 691 Boetticheri

337 707 400 744 (ι’)
424 705 571 747 exemplo
586 726 598 743 ,
621 715 687 746 quo
711 703 811 735 rarius
837 701 930 735 facile
953 713 1017 734 non
1053 700 1193 735 offendes
1216 714 1225 738 ;
1260 709 1349 733 erant

338 750 426 782 enim
451 760 468 781 a
492 745 652 791 pestilenti
689 744 831 780 ischiade
865 746 991 778 vincula
1024 744 1063 777 de
1096 744 1215 787 quibus
1246 744 1349 777 sermo

336 792 402 829 est,
427 791 506 825 adeo
533 791 692 826 relaxata,
716 799 750 822 ut
771 789 864 830 pedes
886 787 991 825 ambos
1013 788 1052 820 ad
1074 786 1246 828 mensuram
1259 787 1350 829 usque

329 833 495 876 spithamae
518 834 693 876 longiores,
718 842 809 873 quam
832 832 864 864 in
891 831 976 870 statu
1002 829 1134 873 fuerant
1166 829 1304 863 naturali
1337 854 1346 869 ,

335 877 545 910 reddiderint:
572 875 658 918 quod
683 875 833 908 mirabile
857 875 989 916 quidem
1012 874 1058 907 est
1074 898 1082 911 ,
1106 873 1156 907 sed
1181 873 1262 907 illud
1286 875 1343 906 mi-

332 919 486 957 rabiiius,
512 919 600 962 quod
624 919 785 960 persanata
807 928 888 959 aegra
914 917 976 957 s1t·,
998 924 1035 950 ut
1066 917 1205 959 deinceps
1235 915 1346 959 absque

333 963 396 996 ullo
419 963 610 997 incommodo
635 961 729 995 libere
752 962 866 994 iterum
890 961 1026 994 incedere
1045 962 1206 1002 potuerit.
1240 961 1346 993 Deni-

332 1017 396 1048 que
421 1009 452 1039 &
479 1007 680 1040 luxationem
701 1004 796 1038 'illam
819 1002 882 1038 huc
916 1003 1010 1038 addes
1030 1026 1045 1043 ,
1075 1014 1147 1046 quae
1185 1015 1201 1037 a
1236 1005 1344 1037 Petito

331 1050 503 1093 Chirurgo
525 1051 539 1088 (
562 1048 580 1088 k
604 1052 614 1087 )
637 1049 779 1082 indicata
803 1049 868 1086 est,
895 1058 958 1080 non
981 1056 1047 1080 tam
1073 1058 1089 1079 a
1111 1047 1204 1080 causa
1237 1056 1343 1080 exter-

328 1104 391 1133 na,
414 1104 513 1137 quam
538 1093 577 1125 ab
600 1092 728 1126 laesione
753 1102 807 1133 per
831 1090 910 1124 hanc
935 1091 1176 1132 mucilaginofis
1187 1091 1344 1125 acetabuli

329 1137 495 1179 glandulis
518 1136 630 1174 illata,
655 1145 690 1170 ut
714 1135 843 1169 uberius
866 1133 982 1168 secreta
1006 1134 1168 1175 mucilago
1191 1144 1273 1168 teres
1293 1135 1346 1175 ⁴li-

331 1189 526 1222 gamentum
548 1179 660 1214 sensim
684 1178 843 1214 laxando,
877 1187 932 1211 aut
966 1177 1186 1219 abrumpendo
1207 1199 1217 1214 ,
1248 1187 1344 1218 caput

329 1224 465 1258 femoris
487 1234 551 1256 non
577 1224 708 1261 statim,
733 1221 783 1256 sed
809 1220 877 1263 post
899 1221 1035 1263 longum
1046 1230 1171 1262 tempus
1184 1219 1343 1255 extrudat.

379 1271 429 1301 16.
452 1266 617 1299 Hafflenus
641 1277 712 1308 quae
739 1265 886 1307 graviora
911 1264 944 1295 in
968 1264 1092 1297 summo
1123 1262 1255 1296 femoris
1295 1275 1344 1297 ar-

325 1311 434 1346 ticulo
454 1307 647 1343 offendimus
662 1335 669 1348 ‚
695 1310 777 1341 vitia
802 1307 968 1348 accepisti.
994 1307 1064 1340 Nec
1087 1307 1156 1340 leve
1179 1307 1260 1341 illud
1275 1317 1342 1342 erat

328 1355 446 1398 quod,
471 1354 505 1386 in
529 1352 640 1386 clauda
664 1352 795 1385 muliere
820 1350 1096 1388 animadversum,
1120 1351 1154 1383 in
1178 1352 1342 1393 proximas

332 1400 478 1433 Litteras
500 1395 680 1431 differimus
702 1395 821 1437 quibus
842 1394 881 1428 de
912 1394 1100 1428 Arthritide
1132 1394 1228 1428 verba
1262 1394 1340 1428 fient

326 1446 344 1482 (
366 1443 378 1476 l
401 1446 434 1481 ).
459 1441 538 1474 Sunt
562 1443 594 1473 &
618 1440 737 1472 leviora
762 1438 934 1480 quaedam,
956 1438 994 1471 de
1016 1439 1135 1481 quibus
1154 1461 1163 1476 ,
1198 1448 1272 1471 curn
1306 1440 1339 1472 in

323 1485 589 1520 claudicantibus
615 1482 781 1525 conspeeta
805 1480 888 1519 sint,
913 1482 1152 1524 qualiacunque
1184 1479 1306 1515 fuerint
1330 1507 1339 1523 ,

329 1540 399 1564 non
423 1529 466 1562 est
490 1528 552 1561 hoc
575 1526 652 1560 loco
674 1524 896 1559 reticendum.

379 1584 427 1616 17.
451 1571 657 1605 VETULA
682 1569 815 1602 Etrusca
839 1581 855 1602 a
877 1567 1066 1603 contusione
1088 1566 1275 1603 coxendicis
1297 1569 1342 1602 ita

325 1616 555 1652 vvclaudicabat,
579 1624 613 1648 ut
638 1613 695 1646 diu
719 1612 834 1646 cubare
871 1622 1039 1654 cogeretur
1061 1635 1070 1645 .
1102 1611 1238 1646 Accessit
1270 1615 1343 1645 uni.

322 1660 413 1700 ,versi
437 1660 583 1700 corporis
605 1657 700 1691 dolor
716 1680 725 1695 ‚
746 1659 777 1688 &
800 1666 839 1688 ex
863 1655 963 1697 longo
982 1655 1139 1690 decubitu
1172 1665 1344 1697 gangraena

328 1705 372 1738 ad
396 1712 503 1736 nates,
530 1702 643 1742 Itaque
669 1699 823 1741 paulatim
847 1698 999 1731 deficiens
1023 1699 1082 1733 sub
1103 1700 1237 1732 initium
1254 1699 1344 1736 Mar-

328 1749 372 1780 tii
397 1748 430 1779 in
454 1744 661 1779 Nosocomio
684 1751 811 1776 mortua
836 1741 879 1775 est
904 1743 946 1774 A.
963 1752 1056 1785 1744.

329 1792 432 1824 VER
456 1788 509 1822 etfi
533 1788 572 1822 ad
596 1787 657 1820 alia
679 1798 750 1829 quae
776 1784 949 1819 secundum
972 1795 1120 1819 naturam
1143 1793 1232 1818 erant
1253 1807 1266 1824 ,
1312 1787 1343 1817 &

357 1845 403 1868 uae
427 1832 490 1867 huc
514 1843 579 1865 non
603 1831 763 1866 attinent,
787 1827 1069 1871 recognoscenda,
1099 1831 1130 1862 &
1164 1826 1342 1871 Discipulis

328 1846 574 1911 demonstranda
600 1885 663 1907 non
688 1871 804 1906 inutile
827 1873 908 1906 mihi
933 1871 1021 1911 fuit3
1046 1882 1154 1905 tamen
1178 1870 1241 1905 hoc
1263 1870 1342 1905 dum

327 1931 480 1965 agerem,
504 1918 650 1963 quaedam
684 1916 837 1950 adnotavi
872 1916 936 1950 huc
979 1917 1082 1957 magis
1114 1915 1307 1957 pertinentia
1331 1939 1340 1948 .

460 1966 500 1997 ln
525 1964 647 1997 Ventre
670 1961 781 1994 dexter
804 1958 956 2002 jecinoris
979 1959 1073 1992 lobus
1107 1959 1230 1991 summa
1262 1968 1342 1991 con-

327 2020 409 2043 vexa
433 2007 515 2042 facie
539 2015 603 2040 erat
627 2018 643 2038 a
669 2003 899 2045 posterioribus
921 2003 959 2037 ad
983 2003 1142 2035 anteriora
1166 2001 1253 2036 sulco
1289 2013 1343 2034 ex·

327 2062 464 2086 cavatus
488 2052 566 2085 adeo
590 2046 775 2092 profundo,
798 2056 834 2080 ut
859 2047 1002 2088 digitum
1027 2044 1127 2089 posset
1163 2047 1306 2086 excipere
1330 2066 1340 2082 ‚

325 2108 433 2137 neque
456 2096 511 2129 alii
535 2094 665 2127 deerant
689 2090 767 2124 sulci
802 2090 865 2131 hoc
899 2090 1125 2123 dexteriores:
1158 2087 1340 2131 cujusmodi

327 2140 407 2174 sulci
432 2138 455 2172 sl
479 2141 513 2172 in
539 2135 725 2172 mulieribus
750 2133 980 2168 tantummodo
1013 2141 1219 2167 occurrerent
1242 2154 1252 2169 ,
1290 2131 1339 2166 su-

326 2183 469 2226 spicioni
485 2181 586 2225 posset
609 2179 667 2213 esse
681 2181 789 2216 locus,
814 2188 853 2211 an
864 2177 1059 2210 arc‘tioribus
1073 2199 1082 2213 ,
1097 2176 1175 2209 dum
1197 2174 1341 2218 juniores

329 2227 427 2265 sunt,
453 2227 512 2259 imi
537 2224 700 2266 rigidique
723 2233 790 2264 quo
814 2222 861 2255 uti
886 2220 1010 2257 solent,
1036 2219 1178 2254 thoracis
1210 2219 1341 2253 constri2

326 2270 495 2305 &ionibus
519 2269 727 2302 deberentur.
749 2265 848 2309 Jecur
870 2263 974 2305 ipsum
998 2265 1087 2298 intus
1112 2272 1264 2305 extraque
1289 2272 1342 2296 to-

326 2325 398 2349 tum
423 2326 461 2346 ex
484 2313 629 2345 minimis
654 2310 734 2347 albis
757 2306 956 2350 corpusculis
980 2305 1103 2341 faetum
1137 2307 1308 2339 videbatur
1329 2329 1343 2347 ,

328 2369 403 2401 quae
427 2355 605 2390 interstitiis
630 2353 725 2387 fuscis
747 2363 785 2385 ex
810 2350 966 2385 subrubro
979 2347 1074 2385 flavis
1087 2349 1283 2384 tenuiffimus
1294 2351 1347 2383 in-

329 2402 592 2444 terciperentur.
618 2398 728 2431 Lienis
751 2395 848 2437 gibba
873 2393 969 2427 facies
990 2393 1078 2438 quasi
1105 2404 1122 2425 a
1144 2393 1241 2427 craffa
1265 2404 1346 2435 qua-

327 2447 406 2479 dam
429 2442 533 2477 crusta
558 2440 740 2476 albicabat3
765 2438 840 2471 sima
865 2440 956 2480 nigra
978 2447 1067 2478 erat.
1093 2436 1204 2470 Testes
1229 2436 1345 2478 strigo-

301 2510 303 2513 ·
328 2488 463 2527 fiffimi,
488 2489 519 2519 ὅ(
542 2486 575 2518 in
600 2494 727 2518 tenuem
751 2480 836 2524 quasi
862 2482 1014 2515 laminam
1047 2479 1176 2521 depreffi
1203 2503 1212 2511 .
1248 2480 1343 2513 Uteri

329 2533 479 2567 osculum
505 2529 670 2571 amplum,
695 2525 978 2567 &quodammodo
1009 2523 1232 2565 triangulare,
1255 2523 1341 2556 nulla

332 2577 459 2610 circum
485 2572 714 2615 protuberante
739 2579 856 2601 corona
881 2568 1058 2602 ornabatur
1083 2592 1091 2599 .
1127 2567 1235 2600 Fundi
1270 2568 1343 2599 uni-

331 2618 424 2653 versa
447 2617 585 2649 interior
608 2613 706 2647 facies
721 2609 1113 2654 nigra‚&gaugraenosa.
1246 2608 1344 2643 Tho-

331 2674 437 2697 racem
461 2659 554 2693 costae
579 2669 593 2690 a
618 2658 740 2690 dextris
763 2655 894 2696 quidem
926 2654 1098 2689 duodecim
1120 2674 1133 2691 ,
1166 2663 1183 2685 a
1215 2651 1345 2685 sinistris

333 2706 484 2741 undecim
508 2701 703 2744 cingebant.
729 2701 834 2732 Prima
857 2700 943 2732 enim
957 2697 1091 2734 harum,
1119 2694 1295 2729 &secunda
1306 2707 1345 2728 ex

332 2762 401 2785 uno
423 2758 550 2781 tantum
572 2743 635 2778 osse
660 2742 765 2777 multo
790 2743 963 2776 maximam
988 2749 1110 2783 partem
1134 2739 1344 2772 constabant.

334 2795 462 2828 Scilicet
488 2792 543 2824 suo
566 2787 696 2830 fingulae
720 2785 866 2828 capitulo
889 2797 905 2819 a
929 2784 1085 2819 vertebris
1096 2782 1267 2825 prosterne,
1291 2784 1346 2815 vix

334 2839 432 2875 digiti
461 2835 567 2877 spatio
590 2829 740 2868 emenso,
763 2840 863 2863 unum
887 2841 922 2863 os
935 2831 1034 2862 latum
1057 2827 1198 2863 fiebant,
1223 2827 1255 2859 in
1279 2837 1346 2868 quo

335 2875 462 2915 nullum
487 2875 654 2910 divisionis
677 2886 747 2915 quae
770 2883 912 2915 unquam
936 2871 1065 2910 fuisset,
1091 2870 1260 2912 vestigium
1275 2878 1288 2900 .·
1308 2868 1347 2901 Id

336 2936 372 2958 os
396 2923 453 2955 ubi
481 2934 518 2954 eo
541 2927 746 2960 pervenerat,
771 2925 806 2950 ut
829 2919 933 2950 trium
956 2915 1054 2949 ferme
1087 2914 1267 2956 digitorum
1298 2913 1349 2945 in-

337 2966 472 3001 tervallo
496 2976 511 2996 a
536 2964 638 2996 sterno
661 2961 788 2994 distaret
812 2971 850 2992 ex
866 2960 997 3002 superna
1021 2971 1077 2992 ora
1088 2967 1221 2991 teretem
1234 2955 1351 2989 oblon-

337 3022 410 3046 gam
436 3007 660 3048 cartilaginem
685 3006 739 3037 vix
762 3002 938 3037 dimidium
961 3002 1144 3036 latitudinis
1158 3001 1284 3034 minimi
1298 3000 1349 3032 di-

333 3049 399 3096 {git}
424 3060 607 3094 aequantem
631 3051 663 3081 in
689 3048 827 3080 sternum
850 3047 1074 3085 immittebat;
1097 3045 1222 3087 reliqua
1242 3052 1348 3077 autem

330 3110 376 3133 rex
402 3105 490 3137 parte
514 3092 742 3128 contractum,
766 3089 807 3123 sic
831 3100 937 3123 tamen
963 3087 1214 3124 utlatitudinem
1227 3087 1342 3122 retine-

330 3150 384 3177 ret
410 3151 472 3172 non
497 3150 529 3171 ea
555 3138 713 3170 minorem
737 3145 809 3176 quae
833 3136 865 3166 in
891 3136 992 3175 prima
1015 3133 1144 3166 dextera
1155 3130 1242 3164 costa
1265 3139 1345 3170 erat,

332 3184 531 3222 modicoque
556 3180 660 3223 spatio
683 3179 765 3210 inter
788 3175 840 3217 se,
862 3179 893 3209 &
918 3186 1052 3211 teretem
1074 3176 1164 3209 illam
1178 3174 1344 3216 cartilagi-

332 3241 406 3264 nem
437 3228 570 3262 1elzcto‚
598 3235 651 3264 per
674 3221 899 3262 cartilaginem
923 3221 1055 3254 alteram
1080 3220 1243 3261 propriam
1267 3228 1342 3250 curn

333 3275 438 3307 ilerum
465 3267 749 3300 „ommittebatun
775 3263 812 3297 ln
827 3264 1006 3304 pericardio
1019 3274 1107 3305 aquae
1117 3263 1210 3304 copia
1224 3261 1340 3302 aliqua.

336 3324 477 3351 issr-xzera
503 3311 607 3344 cordis
632 3309 773 3342 auricula
797 3307 947 3349 sanguine
969 3307 1122 3341 distenta.
1144 3308 1215 3338 Cor
1237 3304 1341 3346 ipsum

336 3362 381 3393 »ml
411 3354 606 3400 pinguedine
631 3365 692 3391 qua
717 3351 951 3387 instruebatur,
966 3350 1237 3391 detrasta,aequo
1260 3348 1343 3381 mul-

333 3417 369 3436 ro
392 3399 520 3443 majus,
545 3409 599 3430 nec
625 3396 728 3429 solum
751 3396 795 3427 ob
819 3394 949 3428 latiores
960 3391 1344 3431 ventriculos‚finistrum

335 3446 537 3489 praesertim,
563 3441 721 3475 sedetiam
746 3439 789 3471 ob
801 3434 1182 3477 multocraffioreshujus
1198 3435 1344 3478 parietes.

1188 1742 1343 1775 CADA-
1364 1752 1366 1755 ·

635 145 795 202 Liber
826 144 918 202 IV.
952 147 1035 201 De
1070 148 1276 201 Morbis
1308 142 1662 211 Chirurgicis,
1695 142 1751 195 &
1787 139 2092 195 Universali
2110 141 2203 193 bus

1393 222 1538 255 Alterius
1561 219 1696 254 valvulae
1719 218 1862 254 Mitralis
1885 230 1955 262 pars
1981 227 2047 252 erat
2070 219 2152 253 ossea
2185 218 2263 253 fasta
2287 223 2300 258 ‚⁴
2344 217 2399 250 aut

1393 274 1479 298 certe
1500 263 1664 298 officulum
1689 261 1862 298 subnexum
1885 262 2048 301 habebat,
2069 263 2160 304 quasi
2182 273 2220 295 ex
2253 261 2400 305 pluribus

1394 306 1518 341 facium
1533 329 1543 345 ,
1567 318 1668 348 eoque
1690 308 1844 348 inaequale
1859 332 1867 345 ,
1892 306 2144 346 subrotundum,
2176 305 2399 347 magnitudine

1395 349 1498 384 ferme
1519 361 1648 393 aequans
1671 353 1794 391 apicem
1817 351 1945 383 minimi
1966 348 2084 391 digiti.
2111 350 2149 381 In
2171 349 2269 382 corde
2302 348 2401 390 poly-

1396 395 1479 436 posae
1502 395 1614 436 aliquae
1637 394 1879 431 concretiones,
1904 397 1933 426 ὃ(
1957 391 2263 434 plurimussanguis
2298 402 2365 425 ater
2387 413 2400 429 ‚

1395 438 1517 479 qualis,
1543 437 1592 470 sed
1605 435 1757 474 fluidior,
1781 436 1887 478 paffim
1910 449 1926 468 e
1947 434 2087 468 disseffis
2111 434 2288 476 majoribus
2312 435 2402 468 venis

1394 478 1567 514 effluebat.
1701 481 1840 512 Femoris
1872 481 2010 520 denique
2047 479 2259 512 claudicantis
2291 477 2400 520 supre-

1397 535 1483 557 mam
1507 523 1690 566 J'uncturam
1713 521 1904 564 inspiciens,
1927 532 2008 556 teres
2022 541 2031 558 ‚
2046 523 2157 562 saepius
2172 530 2402 561 memoratum,

1395 568 1431 601 in
1455 579 1488 601 ea
1514 568 1727 609 ligamentum
1748 563 1869 600 offendi
1895 567 2000 599 minus
2022 565 2179 604 crassum,
2205 568 2235 598 δι
2257 562 2404 601 firmum,

1399 622 1497 652 quam
1520 621 1648 654 aequum
1671 608 1731 649 sit,
1753 608 1922 653 luridaque
1947 607 2102 643 rubedine
2132 607 2290 642 infectum
2324 618 2404 650 pene

1400 664 1508 689 toturn
1521 679 1530 686 .

1442 698 1496 730 18.
1522 697 1647 730 ANUS
1671 696 1770 730 altera
1793 695 1833 730 ab
1855 705 1948 729 aetate
1973 694 2039 737 jam
2062 706 2159 730 curva
2175 717 2185 733 ‚
2210 697 2241 728 δε
2263 706 2334 737 quae
2357 695 2405 728 ita

1402 741 1547 774 incedere
1569 739 1691 775 solebat
1714 740 1801 783 quasi
1825 740 2040 779 claudicaret,
2072 749 2174 782 nuper
2206 747 2272 771 erat
2305 739 2405 771 nodia

1401 796 1456 828 per
1480 784 1574 818 scalas
1596 783 1739 826 prolapsa
1754 807 1764 823 ,
1784 792 1944 826 caputque
1967 782 2104 816 alliserat
2121 809 2129 814 .
2163 783 2255 816 Hinc
2288 783 2404 814 mortis

1398 828 1511 862 causa.
1535 829 1622 861 Cum
1647 839 1663 861 a
1686 826 1781 860 nobis
1812 826 1936 860 ibidem
1971 826 2124 859 secaretur
2163 835 2235 859 ante
2270 834 2405 858 vernum

1397 881 1525 913 tempus
1549 872 1591 904 A.
1620 881 1714 914 1749.
1739 870 1893 903 nonnulla
1918 868 1990 902 sunt
2023 880 2093 909 quae
2126 867 2189 902 huc
2220 867 2361 911 spefieut
2395 892 2406 907 ‚

1397 913 1634 948 animadversa.
1767 913 1821 946 IN
1846 911 2086 947 THORACE
2107 912 2220 953 Magni
2255 911 2405 946 vasorum

1393 958 1500 992 trunci
1522 967 1611 991 erant
1634 957 1713 991 adeo
1736 968 1752 990 a
1776 955 1929 996 sinistris;
1949 966 2145 999 quamquam
2168 954 2283 989 mulier
2307 966 2405 989 curva

1396 1003 1551 1044 quidem,
1575 1011 1611 1034 ut
1635 1001 1761 1035 dictum
1783 999 1846 1036 est,
1869 999 1919 1032 sed
1946 1000 2044 1041 gibba
2068 1010 2133 1033 non
2158 1008 2248 1036 erat,
2281 1008 2315 1031 ut
2350 1009 2407 1031 ve-

1399 1056 1474 1078 nam
1497 1045 1560 1077 sine
1583 1046 1652 1086 pari
1675 1054 1840 1085 nunquam
1864 1044 2003 1076 viderim
2026 1044 2155 1083 longius
2192 1040 2405 1076 finistrorsurn

1398 1088 1577 1124 inflexam,
1599 1097 1635 1122 ut
1659 1087 1687 1121 se
1708 1087 1885 1121 immittere
1908 1087 2007 1128 posset
2030 1089 2064 1120 in
2086 1087 2256 1126 Cavam..>
2362 1086 2408 1119 >In

1397 1132 1523 1165 Ventre
1547 1131 1690 1165 exterior
1712 1140 1826 1164 renum
1847 1128 1946 1163 facies
1969 1140 2034 1163 non
2066 1128 2194 1172 prorsus
2228 1127 2403 1163 secundum

1397 1184 1569 1208 naturam:
1592 1176 1673 1216 quin
1697 1174 1777 1206 alter
1800 1173 1947 1214 parvulas
1970 1171 2122 1215 quasdam
2146 1171 2275 1215 insuper
2298 1172 2404 1206 osten-

1396 1218 1493 1253 debat
1515 1217 1708 1261 hydatides,
1732 1228 1770 1250 ex
1793 1217 1823 1250 se
1846 1214 1995 1249 nonnihil
2018 1216 2172 1250 exstantes
2196 1239 2205 1246 .
2237 1215 2405 1250 Genitalia

1395 1261 1588 1304 inspiciens,
1612 1259 1793 1304 nympham
1816 1258 1971 1293 sinistram
1996 1270 2099 1302 neque
2123 1258 2206 1299 esse,
2226 1269 2328 1301 neque
2344 1270 2406 1292 un-

1392 1316 1491 1346 quam
1515 1303 1633 1346 fuisse,
1656 1303 1900 1351 animadverti,
1918 1305 2047 1337 dextera
2070 1312 2179 1336 autern
2202 1311 2269 1336 erat
2283 1313 2403 1344 parva.

1392 1348 1642 1390 Hypogastricas
1665 1348 1794 1382 arterias
1816 1346 1946 1380 latiores
1960 1367 1970 1384 ,
1992 1356 2089 1388 quam
2102 1345 2266 1385 solent,&
2288 1344 2405 1386 duras,

1391 1392 1461 1425 imo
1485 1394 1618 1426 alteram
1643 1403 1751 1425 earum
1774 1401 1840 1424 non
1872 1388 1937 1423 fine
1968 1389 2031 1423 osse
2064 1401 2128 1432 qua
2162 1388 2399 1423 Umbilicalem

1390 1435 1559 1468 emittebat
1575 1460 1582 1468 .
1608 1436 1777 1469 Proximas
1800 1432 1882 1468 unde
1904 1433 1968 1466 illae
2001 1433 2175 1470 oriuntur,
2200 1443 2274 1467 cum
2306 1431 2405 1467 simul

1390 1479 1599 1521 inspe&arem
1623 1479 1764 1519 Iliacas,
1785 1489 1841 1511 nec
1864 1475 2028 1511 dexteram
2051 1476 2115 1510 sive
2140 1477 2338 1516 latitudine,
2360 1475 2403 1510 si-

1394 1533 1432 1555 ve
1455 1523 1641 1557 tunicarum
1663 1520 1863 1556 craffitudine
1887 1520 2028 1554 viderem
2051 1518 2230 1564 quidquam
2263 1532 2280 1554 a
2313 1529 2409 1554 natu-

1393 1566 1453 1599 rali
1475 1565 1711 1600 constitutione
1732 1564 1909 1606 discrepare
1935 1577 1945 1600 ·‚
1978 1563 2133 1597 sinistram
2166 1564 2304 1597 miratus
2338 1564 2406 1598 sum

1394 1620 1468 1643 cum
1492 1612 1599 1644 minus
1621 1610 1744 1648 latam,
1765 1618 1837 1641 tum
1862 1607 2036 1650 praesertim
2060 1607 2214 1641 tenuibus
2236 1606 2316 1641 adeo
2350 1618 2408 1650 pa-

1394 1653 1549 1694 rietibus,
1571 1661 1608 1687 ut
1631 1663 1710 1687 vena
1740 1650 1973 1694 propemodum
2005 1650 2063 1684 esse
2097 1650 2261 1684 videretur
2292 1649 2333 1684 ab
2369 1662 2407 1683 eo

1395 1697 1469 1729 loco
1491 1696 1574 1730 unde
1596 1695 1872 1739 Hypogastricam
1893 1693 2015 1734 dabat,
2039 1693 2077 1727 ad
2101 1694 2197 1727 illum
2222 1694 2321 1735 usque
2344 1693 2402 1727 ubi

1395 1739 1546 1781 prodibat
1569 1751 1585 1772 e
1610 1748 1740 1772 ventre.
1767 1737 1851 1780 Qae
1876 1747 1923 1770 res
1949 1737 1985 1771 ad
2007 1738 2198 1771 memoriam
2233 1737 2412 1778 redigebat,

1393 1793 1466 1824 quae
1488 1783 1523 1816 in
1546 1782 1669 1816 duabus
1692 1781 1763 1815 aliis
1785 1779 1907 1814 claudis
1931 1780 2118 1814 mulieribus
2143 1779 2405 1822 (m)conspexe-

1394 1836 1484 1860 ram.-
1507 1836 1691 1868 quanquam
1714 1826 1749 1858 in
1771 1824 1923 1858 illisnon
1955 1824 2079 1857 arteriae
2101 1848 2112 1864 ‚
2145 1821 2196 1856 sed
2230 1833 2317 1857 venae
2350 1834 2405 1857 an-

1394 1868 1550 1912 gustiores
1573 1878 1687 1909 erant,
1711 1879 1769 1901 nec
1791 1868 1826 1901 in
1850 1866 1973 1911 femore
2006 1879 2072 1909 quo
2108 1866 2366 1901 claudicaverant
2390 1891 2404 1907 ,

1394 1912 1532 1954 angustae
1556 1912 1614 1946 esse
1635 1910 1820 1946 desinebant
1835 1935 1843 1943 .
1869 1910 1977 1951 Hujus
1999 1920 2108 1945 autem
2132 1911 2247 1949 arteria
2280 1921 2355 1944 cum
2389 1923 2406 1943 e

1392 1965 1502 1989 ventre
1525 1956 1661 1993 exierat,
1684 1953 1799 1996 justam
1824 1953 2028 1987 latitudinem
2047 1976 2057 1991 ,
2080 1956 2111 1986 &
2127 1955 2288 1996 parietum
2302 1954 2407 1991 ,cras-

1391 1998 1584 2038 situdinem‚
1606 2008 1642 2032 ut
1665 2010 1738 2032 cum
1761 1998 1891 2032 dextera
1915 1998 2132 2038 comparando
2147 1998 2290 2039 perspexi
2304 2009 2405 2041 ,pro-

1392 2045 1481 2076 tinus
1491 2041 1714 2083 recuperabat.
1815 2041 1980 2074 Caeterum
1993 2041 2025 2072 in
2037 2039 2155 2074 sinistri
2167 2041 2283 2074 summi
2296 2038 2404 2075 ferno-

1391 2087 1437 2120 ris
1461 2084 1611 2128 junetura
1636 2084 1887 2119 animadvertere
1897 2082 1983 2130 nihil
1999 2084 2299 2125 potuiundelevem
2315 2085 2405 2118 illam

1391 2130 1661 2163 claudicationem
1685 2138 1879 2171 repeterem,
1901 2128 1959 2159 nisi
1983 2125 2067 2160 forte
2091 2128 2226 2161 attinere
2252 2127 2315 2162 huc
2338 2139 2404 2162 cre,

1390 2172 1446 2207 das
1470 2183 1607 2215 parvas,
1629 2175 1660 2206 &
1681 2173 1767 2206 leves
1788 2171 1889 2211 duas,
1912 2169 2047 2204 interse
2072 2172 2213 2211 vicinas,
2238 2170 2402 2206 subfuscas

1394 2216 1483 2259 quasi
1514 2214 1717 2250 contufiones
1761 2226 1833 2258 quae
1865 2216 1899 2247 in
1922 2213 2127 2256 cartilagines
2143 2239 2153 2256 ‚
2177 2214 2243 2257 ejus
2267 2214 2401 2249 femoris

1395 2268 1493 2302 caput
1518 2258 1755 2299 convestiente,
1780 2258 2017 2292 cernebantur.
2200 2296 2202 2299 ι

1444 2313 1493 2344 19,
1514 2304 1655 2336 Fuerunt
1678 2302 1881 2336 &mulieres
1907 2301 1978 2335 aliae
1999 2301 2068 2336 duae
2091 2300 2408 2343 claudicantes(mi-

1396 2345 1433 2381 hi
1456 2347 1543 2380 enirn
1567 2345 1709 2386 accidit,
1730 2355 1766 2379 ut
1789 2346 1823 2378 in
1845 2346 1883 2377 iis
1908 2345 2018 2386 saepius
2042 2345 2106 2379 hoc
2130 2347 2249 2380 vitium
2264 2347 2409 2382 offende-

1397 2392 1483 2429 rim,
1505 2401 1602 2433 quam
1623 2390 1656 2429 in
1680 2390 1785 2429 viris,
1808 2399 1845 2422 an
1869 2386 1965 2422 casu?
1989 2400 2026 2421 an
2051 2388 2139 2430 quod
2175 2400 2308 2433 propter
2340 2394 2407 2424 mi-

1395 2444 1454 2468 nus
1478 2432 1639 2466 robustam
1663 2433 1849 2467 structuram
1871 2433 2016 2473 corporis
2037 2431 2087 2465 illi
2114 2434 2221 2475 'magis
2260 2434 2406 2470 foeminae

1394 2477 1546 2523 obnoxiae
1570 2477 1655 2509 sint?
1680 2480 1691 2515 )
1714 2486 1791 2519 quas
1814 2485 1887 2509 cum
1911 2475 2072 2516 secarem‚
2097 2476 2343 2512 manifestiorem
2366 2492 2401 2513 e-

1395 2530 1447 2562 Jus
1471 2520 1544 2553 vitii
1567 2519 1693 2554 causam
1717 2531 1768 2552 me
1790 2517 2048 2560 deprehendisse,
2083 2520 2259 2554 arbitratus
2296 2522 2363 2556 sum
2386 2535 2397 2559 ;

1394 2562 1500 2605 postea
1524 2573 1629 2597 autem
1653 2575 1731 2597 num
1753 2561 1903 2604 deceptus
1926 2562 2039 2602 essem,
2061 2562 2214 2596 dubitavi
2236 2588 2244 2596 .
2278 2565 2330 2597 Ut
2364 2575 2400 2600 ut

1397 2606 1455 2644 sit3
1478 2605 1749 2641 Observationem
1774 2615 1968 2648 utramque,
1992 2616 2064 2638 nam
2087 2609 2118 2639 &
2143 2607 2204 2640 alia
2228 2610 2404 2642 continent

1395 2660 1468 2691 quae
1490 2649 1621 2684 indubia
1644 2649 1737 2687 sunt,
1761 2650 1793 2682 &
1815 2660 1832 2681 a
1854 2659 1905 2681 me
1927 2649 1991 2681 tibi
2013 2648 2143 2683 fuerunt
2165 2651 2249 2683 inter
2263 2650 2319 2684 has
2329 2664 2402 2694 quae

1397 2692 1435 2726 ad
1458 2693 1725 2728 claudicationem
1749 2691 1904 2733 spestant,
1915 2691 1989 2724 alias
2003 2692 2161 2734 promissae
2173 2707 2182 2730 3
2195 2691 2246 2727 hic
2259 2696 2404 2736 primum

1397 2747 1578 2814 expongm,
1599 2746 1671 2772 tum
1692 2733 1806 2770 deinde
1840 2745 1917 2769 meae
1940 2736 2155 2770 dubitationis
2185 2737 2313 2781 causam
2335 2750 2402 2773 non

1397 2790 1495 2814 retice
1520 2794 1540 2815 o
1557 2805 1564 2814 .
2014 2804 2019 2809 -

1440 2834 1491 2857 20.
1519 2822 1766 2861 FcffiMINAM
1789 2820 1956 2859 claudam,
1990 2822 2126 2856 necdum
2162 2823 2372 2860 senescentem
2397 2850 2407 2867 ,

1398 2865 1545 2910 hydrops
1577 2866 1758 2901 confecerat
1796 2867 1882 2900 circa
1925 2865 2064 2899 medium
2107 2869 2318 2904 Decembrem
2355 2871 2401 2904 A.

1404 2913 1499 2954 1746.
1524 2912 1576 2944 Ex
1598 2922 1631 2943 ea
1665 2911 1847 2944 Anatomes
1880 2908 2028 2942 studiosis
2060 2911 2224 2945 cerebrum
2245 2935 2258 2953 ,
2291 2913 2409 2947 mulie-

1401 2955 1497 2995 bria,
1519 2957 1549 2988 &
1572 2952 1752 2993 sinistrum,
1775 2964 1841 2995 quo
1861 2952 2118 2990 claudicaverat,
2140 2965 2249 2989 arrum
2269 2958 2303 2990 in
2324 2957 2402 2990 No-

1401 2998 1546 3031 socomio
1567 2996 1783 3032 demonstrans
1804 3018 1816 3036 ,
1860 2995 1927 3029 haec
1949 2995 2117 3030 dumtaxat
2139 3010 2209 3040 quae
2234 2998 2406 3034 hiclocum

1398 3041 1560 3080 habeant,
1586 3040 1760 3075 adnotavi.
1890 3039 2164 3074 CEREBRUM
2201 3042 2370 3077 eximendo
2395 3068 2405 3084 ,

1398 3085 1610 3119 animadverti
1636 3086 1669 3117 in
1691 3082 1799 3116 Crassa
1824 3084 1992 3124 meninge,
2016 3082 2114 3117 basim
2147 3087 2250 3119 cranii
2285 3098 2407 3120 conve-
2451 3108 2455 3110 >

1394 3127 1529 3166 stiente,
1553 3127 1649 3171 paulo
1673 3136 1768 3166 ante,
1791 3124 1843 3159 sed
1866 3126 2015 3159 nonnihil
2039 3128 2079 3160 ab
2100 3137 2236 3162 externo
2270 3130 2368 3164 latere
2392 3154 2402 3170 ,

1395 3172 1514 3214 paulo,
1537 3173 1691 3215 inquam,
1717 3179 1790 3216 ante
1811 3166 1954 3202 foramen
1979 3171 2013 3202 in
2037 3171 2126 3213 quod
2149 3183 2263 3207 nervus
2298 3175 2405 3216 Opti-

1393 3227 1449 3249 cus
1470 3214 1594 3249 finister
1616 3214 1645 3248 se
1668 3214 1825 3255 conjicit,
1851 3212 1973 3255 aliquid
1997 3214 2109 3248 restare
2132 3215 2220 3258 quod
2234 3239 2243 3254 ‚
2266 3216 2289 3250 si
2311 3217 2405 3251 colo.

1392 3260 1421 3291 ri
1442 3257 1623 3298 crederem,
1646 3256 1802 3300 particula
1825 3256 1986 3291 corticalis
2009 3256 2191 3292 substantiae
2214 3259 2376 3294 videretur
2392 3285 2402 3294 .

1394 3303 1454 3335 Sed
1479 3303 1575 3336 molle
1598 3311 1662 3335 non
1685 3309 1774 3336 erat,
1800 3310 1900 3342 neque
1938 3302 2067 3334 meninx
2106 3302 2231 3336 Tenuis
2269 3315 2341 3346 quae
2374 3304 2404 3337 ei

1395 3344 1470 3379 loco
1492 3344 1724 3388 respondebat,
1751 3343 1853 3376 lacera
1876 3367 1886 3383 ,
1917 3344 1986 3377 imo
2008 3344 2155 3387 integra,
2179 3348 2210 3379 δι
2225 3347 2312 3380 laevis
2324 3357 2405 3380 con..

1396 3388 1592 3436 spiciebatur
1618 3412 1625 3420 .
1671 3388 1763 3420 Tum
1785 3386 1972 3429 diligentius
1996 3390 2160 3422 attendens
2183 3411 2194 3426 ‚
2235 3390 2406 3432 globulum
2426 3409 2431 3410 ν

1396 3431 1455 3465 effe
1478 3457 1488 3473 ‚
1533 3433 1602 3466 vidi
1625 3452 1636 3469 ,
1668 3432 1758 3472 parvi
1782 3440 1850 3465 uvae
1874 3432 1961 3465 acini
1984 3432 2219 3474 ‚magnitudine
2243 3456 2256 3474 ‚
2289 3433 2410 3467 subdu-

2270 3487 2361 3515 rum,

400 3687 407 3705 ,λ
426 3665 442 3688 d
458 3670 470 3693 J
488 3669 549 3690 Dee.
566 3662 626 3688 Obs.
647 3661 730 3686 illustr.
749 3662 822 3685 Anat.
842 3659 901 3684 Obs.
917 3661 941 3683 5.

406 3694 443 3746 ,z
480 3688 961 3750 ¹³25..t;³21⁹urstf⁶ss3.¹.;,⁰5⁰5L¹÷²2¹325

399 3742 412 3781 l*
427 3762 448 3778 m
461 3741 480 3783 l)
499 3758 588 3785 Supra,
605 3763 631 3779 n.
649 3741 687 3779 ib.
702 3754 725 3778 ἃ
743 3759 781 3779 1².
796 3738 802 3746 .
875 3738 881 3748 ”

967 3707 972 3713 .
985 3690 1022 3713 18.
1039 3690 1068 3712 ad
1084 3696 1107 3712 n.
1123 3692 1148 3712 6.

1003 3657 1012 3686 (
1028 3666 1040 3682 e
1054 3657 1162 3686 >justin
1180 3657 1249 3682 Chir.
1265 3656 1289 3680 in
1307 3660 1357 3680 not.
1373 3656 1402 3679 ad
1421 3655 1442 3685 ὗ.
1464 3662 1528 3683 1193.
1548 3652 1571 3677 8(
1588 3661 1657 3681 ¹¹⁹4-

1210 3688 1218 3716 (
1235 3695 1253 3717 g
1268 3687 1282 3715 )
1299 3687 1358 3714 Eph.
1377 3688 1408 3710 N.
1426 3688 1457 3710 C.
1476 3687 1545 3709 Cent.
1562 3692 1583 3713 9.
1602 3683 1660 3708 obs.
1677 3692 1717 3714 34.

1000 3720 1015 3748 (
1029 3718 1046 3744 k
1063 3719 1071 3748 )
1087 3720 1167 3745 Mem.
1185 3719 1214 3744 de
1231 3718 1252 3743 l'
1265 3717 1339 3742 Acad.
1356 3719 1387 3743 R.
1404 3715 1445 3742 des
1461 3717 1499 3743 Sc.
1515 3718 1547 3741 A.
1566 3722 1631 3744 1722.

1779 3688 1792 3711 <
1810 3686 1824 3718 h.
1843 3685 1850 3713 )
1867 3685 1919 3711 Αέὶ.
1940 3688 1974 3710 N.
1991 3687 2018 3711 C.
2035 3687 2110 3713 Tom.
2129 3694 2149 3713 x.
2166 3685 2222 3712 obs.
2239 3691 2294 3713 235-

1697 3717 1706 3745 (
1723 3717 1733 3741 Ι
1749 3715 1763 3745 )
1780 3715 1854 3745 Epist.
1873 3724 1910 3746 57.
1927 3724 1953 3741 n.
1971 3724 1995 3748 2,
