2498 4075
421 98 488 168 52
958 113 1115 168 Liber
1147 117 1236 170 111.
1269 117 1355 170 De

352 196 479 238 cepsac
491 193 692 237 repentinum
708 192 800 229 affert
810 193 970 228 exitium.
994 195 1066 229 Nec
1076 206 1174 237 raro,
1197 198 1350 240 inquam.

352 235 444 272 Nam
469 239 621 277 memini,
643 249 717 271 cum
741 237 986 272 Adolescentuli
1000 238 1063 271 tibi
1075 237 1165 280 supra
1191 241 1242 284 (o
1264 243 1274 277 )
1298 240 1352 273 de-

355 279 493 324 scripti,
516 280 623 313 casum
648 281 855 316 mirabundus
878 291 1037 314 narrarem
1050 281 1228 323 Valsalvae,
1256 292 1350 325 atque

351 324 551 360 Albertino,
574 325 736 357 continuo
761 334 935 366 utrumque
957 323 1180 363 confirmasse,
1206 336 1270 358 non
1296 327 1353 359 ab·-

348 366 465 400 similia
488 366 660 400 occurrisse
685 367 764 405 sibi,
789 379 844 401 nec
868 367 981 400 semel.
1007 368 1086 405 Quo
1110 378 1251 408 tempore
1277 380 1351 402 curn

345 410 429 444 mihi
453 409 630 443 inculcaret
641 410 852 449 Albertinus,
876 410 1098 453 vigilandum,
1121 413 1153 444 δε
1176 411 1352 445 cavendum

347 452 409 487 esse
431 455 465 486 in
488 452 656 488 doloribus
680 454 936 487 intestinorum:
960 453 990 486 se
1007 454 1093 486 enim
1106 454 1270 495 postleves
1291 455 1352 488 do-

346 497 457 535 lores,
481 503 537 529 aut
560 505 647 530 certe
667 508 742 530 cum
765 497 897 530 minime
920 498 1064 538 magnis,
1090 497 1179 530 nulla
1212 497 1348 531 manife-

349 539 393 572 sta
414 539 523 578 febre,
549 539 635 572 nulla
657 538 886 578 convulsione,
911 540 1002 573 nullo
1027 542 1178 576 vomitu,
1210 543 1344 586 animo,

346 593 384 615 ac
406 593 543 625 corpore
567 582 641 615 satis
657 582 860 625 vigentibus,
883 581 1108 626 deimproviso
1120 583 1230 616 vidisle
1243 595 1345 625 aegros

343 627 379 659 in
402 636 541 668 praeceps
565 636 677 663 ruere,
702 629 733 659 &
755 626 824 660 cito
846 627 927 669 eripi
951 627 991 659 ab
1012 626 1129 659 latente
1161 625 1344 661 inflamma-

342 669 457 707 tione,
481 680 520 701 ex
543 666 690 710 {phacelo
714 679 772 704 nec
794 670 930 710 opinato
966 670 1197 702 intestinorum
1223 682 1232 708 ς
1266 682 1341 704 curn

342 711 433 750 haec,
459 714 613 753 inquam,
637 710 719 745 mihi
742 712 939 750 inculcaret3
962 711 1096 753 quaefivi
1107 723 1146 745 ex
1159 723 1342 755 perattento

341 756 405 789 illo
437 755 571 788 Medico
591 778 600 794 ,
631 757 662 788 δι
692 754 937 797 diligentissimo
961 754 1200 793 Observatore‚
1223 757 1342 800 quibus

340 799 444 841 igitur
467 809 505 830 ex
528 796 624 840 signis
647 800 837 840 proximum
863 798 1045 840 intelligere
1069 800 1249 841 periculum
1271 825 1280 840 ,
1312 803 1345 833 &

341 841 562 885 praenunciare
586 841 696 874 saltem
721 841 899 883 possemus.
922 842 981 875 Ille
1005 853 1081 875 vero
1092 853 1132 875 ex
1156 843 1269 884 pulsu,
1293 845 1344 876 in-

337 887 433 927 quit,
456 884 648 924 abdomine,
670 882 770 918 facie.
798 885 906 919 Pulsus
918 886 1003 919 enim
1023 885 1175 924 humilis,
1201 889 1233 920 &
1254 887 1343 921 debi-

339 929 381 962 lis
406 928 535 970 potius,
558 930 589 960 &
612 929 692 969 qui,
716 928 740 962 fi
765 928 844 962 bene
868 929 1031 966 attendas,
1055 928 1114 963 sibi
1149 929 1342 965 subobscure

337 970 500 1005 diffimilis
524 970 583 1005 sit:
611 970 769 1005 abdomen
795 982 901 1006 autem
927 972 1074 1011 tensum,
1099 976 1130 1006 ὃς
1149 973 1288 1012 durum,
1310 977 1342 1007 &

335 1025 410 1049 cum
433 1014 544 1049 dolore
567 1013 707 1057 quodam
732 1025 741 1048 :
764 1013 860 1049 facies
882 1015 1020 1059 denique
1042 1016 1169 1059 insoliti
1201 1017 1345 1059 aliquid,

335 1057 388 1092 sed
412 1059 445 1091 in
470 1057 539 1092 aliis
562 1057 674 1098 aliud,
697 1058 886 1099 ostendens,
910 1058 1119 1094 utinterdum
1130 1061 1242 1094 oculos
1254 1061 1341 1102 quasi

335 1100 588 1141 exterrendos,
610 1102 685 1135 alias
709 1103 845 1136 livorem
868 1102 1027 1146 quendam
1063 1104 1184 1136 circum
1219 1103 1307 1137 labra
1331 1126 1341 1141 ‚

333 1145 642 1182 animadverterim
666 1144 757 1185 haec,
779 1146 909 1187 inquit,
933 1145 1026 1183 fere,-
1057 1157 1132 1179 nam
1164 1146 1340 1190 aliquando

337 1189 484 1230 linguam
507 1189 607 1222 etiam
630 1188 781 1222 adnotavi
805 1188 890 1223 haud
914 1188 994 1222 bene
1020 1188 1050 1221 se
1087 1188 1258 1223 habentem
1274 1214 1283 1228 ,
1309 1194 1340 1224 &

332 1231 508 1274 quamdam
533 1231 640 1268 sitim;
665 1231 748 1265 mihi
771 1231 909 1268 accidit,
933 1241 970 1265 ut
993 1232 1027 1264 in
1050 1231 1207 1274 ejusmodi
1219 1233 1341 1268 casibus

333 1275 366 1308 se
388 1273 585 1308 observanda
612 1275 828 1316 praebuerint.
854 1275 906 1308 Sic
929 1276 983 1308 ille
1006 1277 1144 1317 ingenue
1159 1303 1168 1317 ,
1192 1287 1229 1311 ut
1253 1277 1335 1310 sole-

332 1319 389 1351 bat
404 1341 414 1357 ,
436 1329 509 1361 quae
531 1318 760 1361 requirebam,
785 1317 870 1360 signa
894 1318 1081 1352 indicabat.
1106 1320 1260 1363 Quorum
1273 1322 1337 1355 mi-

330 1361 368 1396 hi
392 1364 509 1395 veritas
530 1373 605 1395 cum
628 1362 662 1394 in
686 1363 845 1400 aliorum,
870 1370 941 1394 tum
955 1363 1172 1404 praesertimin
1196 1365 1337 1398 Thomae

333 1405 463 1440 Aleotti
488 1405 562 1439 casu
585 1404 745 1446 perspeera
769 1405 832 1444 est,
864 1405 960 1448 probi
992 1417 1082 1450 aeque
1108 1431 1116 1445 ,
1150 1419 1184 1442 ac
1216 1409 1339 1442 nobilis

334 1450 432 1484 Civis
456 1451 540 1483 mei.
566 1449 655 1482 Cum
667 1448 754 1482 enim
778 1449 848 1491 post
870 1448 995 1483 dolores
1015 1448 1173 1493 quosdam
1197 1453 1338 1490 ventris,

335 1494 456 1535 quibus
479 1501 546 1525 erat
559 1491 743 1532 obnoxius,
767 1492 922 1530 cubaret,
947 1503 1005 1527 nec
1017 1493 1126 1528 eadem
1150 1506 1213 1536 qua
1229 1495 1341 1528 solitus

332 1546 406 1571 erat
420 1559 430 1574 ,
451 1537 615 1570 celeritate
638 1535 892 1574 convalesceret,
919 1547 969 1570 me
992 1547 1097 1570 autem
1121 1549 1176 1580 per
1188 1550 1240 1572 eos
1251 1538 1339 1578 dies;

330 1589 506 1614 autumnus
528 1589 617 1619 erat,
641 1579 662 1612 si
688 1579 775 1612 reste
798 1580 953 1617 memini,
978 1581 1019 1613 A.
1046 1584 1340 1624 1711.incommo-

331 1624 373 1658 da
396 1623 549 1658 valetudo
572 1624 665 1657 domi
687 1622 862 1663 retineret,
887 1622 1059 1665 missusque
1084 1625 1143 1659 sub
1174 1625 1337 1668 vesperam

328 1667 395 1711 ejus
420 1665 570 1702 Medicus
593 1667 649 1708 qui
675 1676 724 1698 me
734 1665 938 1706 consuleret,
962 1667 1119 1701 nonnulla
1132 1679 1170 1701 ex
1194 1670 1234 1702 iis
1244 1667 1340 1711 signis

329 1710 509 1748 narrasset,
531 1721 603 1754 quae
628 1709 995 1744 modocommemorata
1009 1708 1103 1750 sunt,
1127 1711 1194 1754 ipse
1207 1722 1313 1745 autern
1327 1735 1338 1751 ,

327 1752 561 1798 interrogando
575 1779 584 1795 ,
608 1753 755 1796 quaedam
771 1754 831 1786 alia
851 1764 891 1787 ex
912 1753 1027 1788 iisdem
1052 1765 1118 1788 non
1141 1754 1243 1789 deesse
1257 1778 1267 1793 ,
1289 1756 1342 1788 in-

327 1801 529 1842 telligerem3
553 1797 702 1840 respondi
725 1795 884 1831 nihiltale
906 1798 1055 1839 opinanti
1067 1824 1090 1844 ,ἢ
1104 1798 1142 1832 ad
1154 1810 1275 1841 aegrum
1288 1810 1343 1834 re-

328 1845 441 1883 diret,
463 1853 559 1885 quem
583 1841 607 1874 si
632 1842 682 1875 vel
714 1842 850 1874 tantillo
883 1841 1005 1874 interea
1037 1850 1181 1883 pejorem
1213 1840 1339 1876 fafflum

325 1886 620 1924 animadverteret,
642 1885 799 1918 continuo
822 1883 1060 1918 admonendum
1081 1893 1227 1923 curaret,
1251 1885 1337 1928 posse

327 1942 483 1975 magnam
506 1928 622 1963 instare
646 1927 847 1970 periculum,
873 1936 909 1961 ut
933 1928 1018 1966 sibi,
1041 1928 1073 1960 &
1106 1929 1239 1969 posteris
1262 1939 1341 1962 con-

327 1977 418 2012 sueta
442 1973 622 2016 religione,
645 1971 880 2015 prudentiaque
903 1970 1122 2013 prospiceret.
1146 1971 1240 2010 Quid
1253 1983 1343 2014 quae-

329 2018 411 2055 ris}
457 2017 625 2060 Perpaucis
668 2013 737 2058 post
779 2013 872 2048 horis
901 2024 984 2056 aeger
1015 2012 1185 2049 manifesto
1224 2017 1267 2055 inx
1289 2026 1343 2057 pe-

332 2064 388 2108 jus.
428 2072 519 2096 ruere
562 2070 639 2094 cum
681 2056 828 2101 caepisset
858 2082 867 2098 ,
912 2067 1007 2100 atque
1050 2069 1085 2090 ea
1129 2057 1168 2091 de
1222 2059 1340 2101 quibus

331 2118 411 2142 tunc
431 2105 565 2139 demum
591 2102 852 2142 admonebatur,
875 2100 982 2134 statim
1006 2099 1185 2143 perfecisset
1206 2124 1219 2141 ,
1252 2103 1339 2136 intra

329 2152 424 2186 illam
446 2148 551 2192 ipsam
573 2147 701 2182 nonem
725 2145 792 2180 Vir
814 2144 960 2188 optimus
983 2145 1147 2188 praecipiti
1178 2144 1250 2182 casu
1272 2157 1339 2180 ere—

359 2205 411 2230 tus
433 2193 475 2228 est
489 2219 497 2227 .

334 2208 357 2240 p
379 2249 433 2274 22.
458 2238 587 2272 Verum
610 2246 683 2270 cum
707 2246 741 2269 ea
762 2234 803 2269 sit
827 2243 940 2269 natura
965 2232 1163 2275 Medicinae,
1187 2233 1344 2269 uteadem

336 2295 402 2318 non
428 2280 550 2324 semper
573 2280 613 2314 ad
637 2279 773 2314 eundem
785 2278 1171 2321 modum1·espondeant;
1195 2277 1262 2312 haec
1272 2290 1345 2321 quae

336 2327 480 2361 diximus
503 2347 513 2362 ,
544 2325 592 2358 ita
625 2325 732 2366 accipe
756 2347 766 2362 ‚
798 2332 835 2357 ut
869 2322 1025 2364 siquando
1046 2324 1197 2364 pleraque
1230 2333 1341 2356 eorum

333 2371 532 2405 indiciorum
557 2368 663 2401 videas
687 2368 879 2402 convenire3
904 2364 1071 2406 suspiceris
1112 2366 1240 2404 saltem,
1265 2376 1341 2398 cau-

330 2425 431 2457 teque
454 2411 628 2452 deinceps,
654 2410 685 2441 &
708 2417 886 2450 perattente
917 2416 1031 2440 caetera
1062 2407 1225 2440 observes.
1252 2409 1341 2440 Inte-

335 2470 392 2493 rea
416 2464 522 2489 autem
546 2452 632 2487 haud
657 2451 787 2494 prorsus
811 2451 928 2484 inutile
953 2448 1086 2483 fortasse
1111 2451 1172 2483 erit
1189 2475 1198 2488 ,
1223 2449 1243 2483 si
1269 2461 1342 2483 cum

331 2504 378 2537 iis
400 2510 473 2542 quae
483 2497 668 2540 superiore,
690 2496 721 2528 δι
745 2492 943 2537 hacquoque
953 2493 1099 2535 Epistola
1112 2494 1236 2536 scriptae
1247 2494 1318 2527 sunt
1334 2520 1342 2533 ,

328 2540 639 2579 -Observationibus
661 2539 736 2572 hinc
760 2539 911 2581 pleraque
936 2536 1105 2570 Albertini
1122 2537 1208 2580 signa
1232 2537 1343 2570 conse-

335 2600 412 2628 ras,
433 2586 508 2620 inde
531 2595 612 2617 vero
632 2593 703 2625 quae
728 2594 744 2615 a
770 2580 909 2615 Medicis
933 2581 1017 2612 tradi
1041 2580 1133 2613 solita
1168 2581 1239 2613 sunt
1266 2602 1274 2617 ,
1307 2589 1343 2613 ut

335 2625 793 2667 intestinaesseinflammata‚
819 2623 1068 2665 cognoscamus.
1096 2623 1271 2657 Pulsusille
1282 2622 1344 2657 hu·-

331 2677 448 2713 miles,
474 2682 508 2705 ac
530 2670 650 2704 debiles
673 2670 783 2712 potius
807 2666 1078 2701 animadverterat
1093 2689 1103 2705 ,
1137 2668 1247 2708 quales
1279 2666 1345 2701 fere

335 2717 488 2763 Epistola
513 2713 676 2757 superiore
702 2711 853 2755 agnosces
884 2722 971 2745 num.
988 2723 1018 2751 9.
1049 2720 1094 2742 11.
1124 2711 1173 2743 18.
1200 2722 1252 2748 25·
1286 2710 1346 2744 hac

338 2774 420 2797 vero
443 2770 532 2794 num.
560 2769 590 2795 23
616 2768 654 2790 ne
687 2754 768 2799 quid
802 2755 909 2789 dicam
932 2754 971 2787 de
995 2753 1150 2796 aspbyxia
1187 2752 1309 2788 ibidem
1333 2778 1344 2793 ,

335 2809 369 2840 &
391 2815 478 2839 num.
507 2811 555 2844 ¹4·
580 2803 612 2834 &
639 2801 687 2834 16.
714 2799 844 2833 demum
861 2797 1034 2832 adnotata.
1058 2797 1346 2831 Animadverterat

341 2859 473 2893 quoque
497 2844 654 2878 abdomen
679 2844 824 2879 tensum,
848 2844 879 2875 δε
903 2843 1042 2879 durum,
1067 2839 1183 2890 faciem
1205 2849 1312 2874 autern
1333 2864 1346 2881 ,

336 2891 493 2927 oculosve
513 2887 637 2920 insoliti
649 2886 770 2929 aliquid
794 2884 1014 2920 ostendentes:
1038 2884 1158 2926 quibus
1181 2884 1219 2917 de
1229 2884 1345 2924 rebus,

338 2936 400 2971 nisi
423 2931 511 2976 quod
535 2942 623 2964 num.
653 2939 699 2962 11.
724 2931 756 2964 ἀ
785 2932 831 2963 16.
856 2928 940 2963 nihil
954 2928 1112 2970 scriptum
1125 2929 1192 2965 est3
1217 2927 1345 2961 subcae-

333 2981 420 3016 *teris
440 2975 594 3010 omnibus
617 2975 674 3016 qui
697 2973 799 3007 modo
810 2971 1091 3011 memoratisunt,
1115 2973 1253 3004 numeris
1264 2971 1343 3013 quid

334 3024 545 3059 observatum
568 3017 628 3056 sit,
653 3017 807 3058 reperies.
832 3016 961 3050 Medici
985 3025 1090 3050 autem
1103 3016 1282 3056 Scriptores
1306 3016 1341 3049 in

334 3065 519 3103 abdominis
541 3061 673 3105 quidem
694 3057 837 3093 tensione
857 3060 1076 3093 conveniunt.
1103 3057 1161 3091 Sed
1184 3058 1275 3100 plura
1287 3059 1342 3092 ad-

335 3113 418 3147 dunt
442 3109 502 3141 alia
524 3117 597 3148 quae
620 3103 849 3137 intestinorum
873 3100 1342 3145 proculdubioinflammatio-

332 3166 410 3191 nem
433 3149 635 3194 significant,
660 3147 751 3180 illam
783 3155 893 3180 tamen
928 3145 1110 3180 evidentem
1132 3171 1143 3187 ‚
1177 3147 1209 3178 &
1242 3157 1340 3188 quam

337 3196 449 3234 (unffi
472 3193 568 3227 facile
591 3190 787 3234 agnoscant3
812 3200 875 3222 non
899 3189 981 3223 hanc
1005 3201 1068 3232 qua
1090 3188 1129 3222 de
1152 3188 1340 3229 loquimur,

335 3241 527 3277 obscuram,
554 3238 585 3269 &
606 3237 645 3270 de
668 3245 730 3277 qua
754 3235 810 3266 vix
835 3235 927 3275 pauci
952 3233 1169 3275 suspicentur.
1195 3233 1283 3265 Inter
1306 3243 1341 3265 ea

335 3287 409 3321 sunt
433 3286 465 3315 in
490 3280 605 3323 primis
629 3288 721 3312 acuta
746 3275 870 3314 febris,
893 3279 925 3309 δε
948 3276 1041 3309 dolor
1066 3275 1253 3309 vehemens:
1277 3275 1340 3308 sine

334 3328 453 3373 quibus
475 3334 581 3358 tamen
605 3320 685 3355 hanc
698 3321 991 3354 inflammationem
1010 3317 1124 3358 fuisse,
1148 3317 1262 3360 supra(
1281 3328 1304 3360 p
1325 3322 1339 3358 )

335 3373 378 3407 est
401 3383 417 3404 a
440 3368 532 3403 nobis
554 3364 736 3399 ostensum.
763 3366 915 3398 Praeterea
941 3362 1027 3405 quod
1051 3363 1090 3396 ad
1114 3360 1233 3395 febrim
1243 3362 1339 3395 dum-

332 3424 421 3451 taxat
435 3412 577 3457 pertinet
592 3432 602 3447 ,
626 3407 735 3450 legesis
749 3406 1113 3442 ObservationemaCl.
1138 3404 1226 3439 Rosa
1248 3407 1262 3444 (
1283 3415 1302 3447 q
1324 3408 1339 3446 >

1405 197 1617 240 perscriptam
1635 211 1645 231 :
1668 199 1844 241 universum
1855 198 2065 239 intestinorum
2081 195 2211 240 systema
2233 199 2325 235 fuisse
2351 200 2403 235 in:

1397 239 1611 284 flammatione
1633 249 1811 281 corruptum
1834 253 1869 274 ac
1884 241 2057 284 fider-atum
2083 243 2217 283 reperies
2243 255 2254 282 ς
2286 247 2318 277 &
2352 254 2402 276 ta-

1404 294 1477 316 men
1501 284 1532 316 in
1555 291 1622 317 toto
1644 283 1743 317 morbi
1763 284 1888 327 decursu
1910 296 1945 318 ne
1968 285 2130 318 minimam
2152 285 2272 326 quidem
2292 287 2403 328 pulsus·

1405 326 1602 368 intensionem
1625 335 1682 360 aut
1703 335 1808 359 motus
1821 327 1956 369 febriles
1988 326 2144 368 observari
2170 329 2321 374 potuiJJe.
2355 330 2400 362 Et

1405 368 1459 403 hic
1482 368 1613 412 quidem
1639 370 1831 411 peculiarem
1854 370 1960 406 casum
1994 369 2194 403 describebat
2225 373 2267 404 A.
2305 381 2401 415 1745.

1404 413 1464 446 Sed
1488 421 1561 444 ante
1583 413 1713 454 ipsum;
1744 425 1807 446 non
1842 423 1914 447 ante
1948 424 2091 447 meorum
2126 414 2362 454 Praeceptorum
2390 438 2401 455 ‚

1402 459 1531 498 meique
1553 455 1649 495 ipsius
1671 455 1946 496 Observationes5
1970 469 2002 490 ea
2013 455 2156 490 ediderat
2179 455 2255 491 Cel.
2280 458 2402 492 Simso-

1397 510 1477 538 nus,
1500 510 1572 541 quae
1598 498 1717 532 Illustri
1751 499 1934 535 Archiatro
1966 501 2142 534 Swietcnio
2165 500 2218 544 (r
2241 503 2252 539 )
2284 500 2401 542 justam

1395 543 1597 576 occasionem
1620 542 1825 584 praebuerunt
1849 542 1915 585 ejus
1937 542 2108 582 laudandi,
2132 545 2163 576 δε
2187 543 2401 577 confirmandi

1396 585 1501 618 verbis
1524 585 1614 625 illis,
1636 597 1707 628 quae
1732 585 1788 618 etsi
1815 587 1898 628 apud
1921 598 1986 620 non
2011 597 2110 620 unum
2133 597 2174 619 ex
2195 585 2310 620 nostris
2330 588 2398 620 Ita-

1394 628 1432 661 lis
1456 625 1542 661 hisce
1566 630 1655 661 annis
1679 626 1844 669 postremis
1868 632 2004 671 repetita
2029 630 2171 668 vide1·is;
2203 639 2311 663 tamen
2344 631 2400 663 hic

1394 682 1524 715 quoque
1546 670 1636 713 juvat
1659 672 1853 705 exscribere:
1869 672 2112 713 saluberrimum
2137 673 2170 705 in
2207 674 2307 707 Praxi
2329 676 2399 706 Me-

1393 714 1460 747 dica
1483 714 1639 748 monitum
1659 714 1765 757 posuit
1787 716 1966 758 Simsonus,
1988 727 2024 749 ne
2033 716 2231 757 decipiantur
2254 716 2397 754 Medici,

1393 757 1568 795 credentes,
1593 758 1712 791 nullam
1736 756 2020 800 inflammationem
2038 757 2152 802 adeffe,
2170 758 2198 800 fi
2212 757 2318 801 febris
2341 758 2398 791 a-b-

1390 799 1453 843 fit.
1476 802 1552 833 Cum
1569 800 1646 843 saepe
1664 798 1749 843 fixos
1769 801 1888 834 dolores
1911 801 2124 841 intestinorum
2148 803 2190 835 (φ
2225 802 2397 836 ventriculi

1394 841 1599 884 inflammatio
1627 845 1779 886 producat
1799 855 1828 884 ‚·
1845 844 1921 878 licet
1953 844 2039 878 nulla
2056 842 2160 887 febris
2193 844 2395 887 observetur,

1391 885 1483 928 pulsu
1507 887 1685 929 explorato.
1710 887 1842 924 Viden,
1865 897 1900 921 ut
1921 888 1984 921 Vir
2005 888 2219 922 Graviffimus
2240 889 2301 922 hoc
2315 900 2396 922 con-

1395 931 1523 971 tingere
1540 929 1640 972 scope,
1661 930 1771 964 dicat:
1794 939 1830 965 ut
1847 929 2089 973 saluberrimum
2112 934 2142 964 in
2165 933 2398 965 'PraxiMedica

1394 971 1429 1006 id
1453 974 1606 1007 monitum
1629 974 1688 1008 esse
1710 996 1720 1013 ,
1753 985 1818 1007 non
1842 974 1991 1008 dubitet.
2017 973 2146 1017 Nempe
2168 974 2201 1008 id
2217 984 2284 1008 erat
2308 974 2399 1017 quod

1396 1026 1479 1049 anno
1502 1016 1568 1058 ipse
1595 1027 1690 1060 1703.
1715 1017 1795 1059 (s)
1819 1017 1972 1051 omissum
1994 1017 2034 1050 ab
2056 1018 2119 1058 iis,
2144 1029 2226 1058 quos
2258 1018 2312 1051 hic
2345 1021 2397 1050 in-

1394 1059 1531 1100 telligo,
1556 1060 1694 1094 Medicis
1718 1060 1830 1101 fuisse,
1856 1060 2019 1100 mirabar,
2044 1064 2100 1102 qui
2134 1070 2169 1094 ut
2194 1060 2395 1104 singulorum

1394 1103 1586 1136 morborum
1609 1128 1618 1142 ,
1654 1104 1694 1138 fic
1730 1107 1826 1138 etiam
1861 1103 2130 1138 inflammationis
2165 1105 2393 1139 intestinorum

1394 1145 1483 1188 signa
1507 1146 1687 1184 docuissent
1711 1173 1719 1181 .
1752 1148 1804 1181 Sic
1826 1148 1929 1189 igitur
1952 1146 2042 1189 quod
2066 1149 2102 1181 ad
2131 1146 2268 1181 febrim.
2295 1148 2397 1187 Quod

1394 1200 1471 1222 vero
1495 1190 1533 1225 ad
1565 1189 1713 1224 dolorem
1746 1193 1862 1223 attinet
1886 1204 1895 1227 ³
1931 1190 1984 1224 hic
2008 1191 2187 1225 addendum
2211 1194 2253 1226 est
2276 1215 2288 1231 ‚
2321 1205 2396 1234 pro-

1393 1233 1473 1275 poni
1504 1233 1544 1266 ab
1575 1232 1689 1266 iisdem
1730 1234 1868 1268 Medicis
1902 1245 1976 1267 cum
2008 1235 2201 1276 pulsationis
2225 1260 2234 1275 ‚
2266 1238 2296 1268 &
2331 1247 2396 1268 non

1393 1275 1514 1310 modici
1546 1276 1785 1311 calorisffensu
1818 1275 2029 1319 conjunctum
2053 1300 2062 1316 ,
2099 1279 2225 1321 qualem
2259 1279 2293 1310 in
2326 1280 2401 1312 nul-

1387 1319 1418 1353 la
1447 1320 1589 1354 invenies
1621 1321 1796 1355 nostrarum
1820 1321 2098 1355 Observationum
2120 1334 2130 1358 ;
2163 1323 2232 1356 imo
2256 1322 2399 1364 aliquam

1387 1362 1441 1405 (t
1461 1367 1475 1403 )
1498 1364 1580 1407 leges
1611 1365 1644 1397 in
1679 1377 1742 1408 qua
1765 1375 1853 1398 >cum
1887 1364 1926 1399 de
1961 1364 2152 1406 pulsationis
2173 1387 2188 1405 ,
2218 1368 2250 1398 &
2283 1367 2399 1399 caloris

1390 1406 1480 1440 sensu
1505 1409 1699 1441 nominatim
1723 1419 1920 1451 quaererem,
1945 1407 2063 1442 diserte
2098 1419 2270 1452 utrumque
2305 1420 2400 1451 nega-

1391 1459 1463 1484 tum
1499 1450 1541 1484 est
1563 1477 1570 1484 .
1612 1452 1650 1485 In
1682 1452 1827 1494 pluribus
1851 1456 1861 1491 (
1885 1451 1939 1492 u)
1973 1455 2081 1494 potius
2114 1454 2249 1494 reperies
2282 1450 2323 1484 sic
2359 1452 2400 1486 ab

1391 1495 1485 1537 aegris
1508 1494 1655 1528 dolorem
1687 1496 1886 1537 descriptum
1910 1518 1919 1534 ,
1957 1495 2045 1537 quasi
2066 1506 2158 1529 canes
2191 1494 2397 1529 morderent.

1524 1540 1692 1572 Ponuntur
1725 1540 1822 1572 etiam
1856 1540 1896 1572 ab
1930 1539 2042 1573 iisdem
2075 1539 2300 1580 scriptoribus
2332 1539 2399 1574 alvi

1392 1580 1578 1621 adstriffio,
1601 1585 1631 1615 δε
1654 1581 1766 1617 assidui
1790 1583 1933 1616 vomitus
1960 1604 1970 1620 ,
2005 1582 2183 1625 praesertim
2207 1585 2232 1616 fi
2267 1580 2400 1616 inflam-

1391 1634 1478 1658 mata
1503 1625 1564 1658 sint
1587 1626 1714 1659 Tenuia
1743 1627 1891 1659 intestina
1917 1647 1927 1662 ‚
1959 1634 1995 1659 ut
2029 1636 2223 1659 recrementa
2257 1625 2396 1667 denique

1392 1679 1448 1710 per
1470 1680 1507 1701 os
1532 1669 1706 1702 reddantur
1730 1693 1737 1700 .
1774 1671 1833 1702 Sed
1858 1667 1941 1701 nihil
1977 1667 2094 1703 horum
2129 1678 2215 1703 certe
2253 1671 2398 1702 invenies

1390 1712 1534 1754 relegens
1558 1722 1628 1753 quae
1652 1711 1745 1754 supra
1770 1716 1780 1751 (
1804 1722 1826 1745 x
1847 1715 1861 1751 )
1895 1710 2007 1744 saltem
2026 1713 2064 1745 de
2088 1713 2187 1745 Servo
2202 1739 2210 1753 ,
2234 1712 2272 1746 de
2297 1714 2398 1750 Anu,

1392 1753 1431 1787 de
1465 1755 1563 1788 altera
1596 1755 1738 1788 Muliere
1773 1754 1939 1798 proposita
1974 1754 2079 1788 sunt:
2116 1758 2195 1797 quin
2219 1755 2295 1789 huic
2321 1757 2401 1789 ulti-

1395 1809 1455 1831 mae
1479 1799 1549 1832 laxa
1574 1808 1639 1831 erat
1663 1798 1753 1832 alvus
1777 1824 1785 1832 .
1820 1798 1917 1833 Sirim
1941 1809 2093 1840 quoque,·
2115 1810 2181 1832 non
2205 1799 2306 1838 levem¹
2319 1799 2402 1833 hanc

1392 1840 1470 1875 dico
1501 1852 1599 1884 quarn
1631 1842 1806 1884 aliquando
1838 1841 2067 1875 animadvertit
2091 1843 2313 1879 Albertinu53
2348 1842 2403 1878 sed

1393 1884 1556 1918 molestam
1580 1884 1672 1917 illam
1694 1907 1705 1923 ,
1738 1896 1834 1928 quam
1860 1882 1973 1926 ajunt,
2005 1887 2034 1917 δέ
2060 1895 2160 1919 acutae
2184 1885 2267 1920 febri
2283 1898 2402 1920 conve-

1393 1929 1536 1962 nientem
1548 1951 1559 1968 ‚
1584 1929 1618 1961 in
1642 1928 1789 1970 pluribus
1802 1927 1919 1962 frustra
1933 1929 2099 1970 perquires
2112 1953 2119 1961 .
2146 1929 2251 1962 Mitto
2262 1940 2376 1963 caetera
2390 1954 2401 1971 ‚

1394 1982 1498 2013 neque
1531 1972 1617 2005 enim
1662 1971 1743 2006 mihi
1776 1974 1976 2015 propositum
2020 1971 2062 2004 est
2098 1971 2280 2014 Scriptores
2320 1984 2403 2017 quos

1395 2016 1504 2056 magni
1525 2015 1631 2053 facio,
1655 2015 1869 2058 redarguere,
1893 2014 1944 2049 sed
1969 2016 2202 2050 tantummodo
2222 2028 2293 2058 quae
2318 2028 2403 2059 prae-

1393 2059 1490 2101 cipua
1512 2057 1798 2092 inflammatorum
1830 2060 2056 2093 intestinorum
2083 2058 2170 2101 signa
2194 2059 2366 2103 traduntur
2386 2083 2403 2102 ‚

1393 2113 1429 2136 ea
1462 2113 1527 2136 non
1552 2102 1672 2145 semper
1696 2102 1796 2136 adesse
1820 2125 1829 2141 ‚
1861 2101 2044 2137 ostendere.
2319 2118 2323 2123 s

1438 2157 1488 2191 23.
1524 2148 1691 2180 Caeterum
1724 2146 1853 2180 laudare
1887 2145 2014 2179 eosdem
2046 2157 2104 2187 pro
2137 2158 2175 2179 eo
2209 2157 2244 2180 ac
2277 2159 2403 2182 meren-

1397 2200 1452 2224 tur
1475 2213 1485 2228 ,
1519 2189 1595 2223 satis
1634 2200 1698 2223 non
1733 2189 1859 2231 possum
1881 2212 1894 2229 ‚
1926 2201 2000 2224 cum
2035 2189 2209 2223 admonent
2235 2212 2250 2231 ³.
2274 2190 2368 2228 facile
2390 2214 2404 2233 ‚

1398 2246 1433 2268 ac
1467 2234 1578 2275 saepius
1598 2244 1725 2272 eorum,
1744 2233 1899 2269 viscerum
1930 2233 2228 2268 inflammationem
2252 2235 2286 2267 in
2323 2247 2405 2278 gan-

1396 2288 1539 2320 graenam
1574 2289 1609 2311 ac
1640 2276 1825 2317 sphacelum
1858 2275 2000 2310 desinere
2022 2302 2032 2317 ,
2066 2276 2197 2320 ejusque
2236 2279 2281 2311 rei
2314 2280 2404 2314 indi-

1396 2323 1485 2355 cium
1520 2317 1578 2354 esse
1603 2346 1612 2361 ,
1644 2319 1667 2352 fi
1701 2322 1806 2353 omnis
1841 2320 1950 2354 subito
1972 2321 2141 2354 evanescat
2173 2321 2267 2355 dolor
2291 2346 2298 2354 .
2336 2323 2403 2356 Ni-

1397 2366 1518 2399 mirum
1543 2375 1582 2397 ex
1604 2363 1712 2397 eadem
1735 2364 1791 2396 illa
1814 2364 1904 2397 causa
1924 2363 1967 2398 est
1988 2388 2001 2405 ,
2032 2363 2122 2407 quod
2145 2364 2167 2397 fi
2189 2364 2253 2399 hoc
2277 2367 2404 2400 accidat

1395 2411 1429 2441 in
1464 2407 1648 2450 dysenteria
1672 2429 1682 2445 ,
1714 2408 1783 2441 cito
1813 2409 1890 2450 aegri
1925 2416 2055 2449 pereant
2078 2430 2090 2448 ,
2122 2419 2196 2442 cum
2228 2411 2333 2443 minus
2369 2410 2403 2444 id

1395 2450 1456 2491 ipsi
1481 2473 1494 2490 ,
1525 2453 1553 2482 &
1589 2451 1696 2483 caeteri
1728 2452 1843 2484 timent
1867 2475 1874 2482 .
1908 2452 2016 2484 Habes
2049 2452 2083 2483 in
2130 2452 2328 2493 Sepulchreti
2362 2454 2403 2486 li-⁴

1397 2495 1457 2527 bro
1487 2493 1548 2527 hoc
1570 2491 1637 2525 III.
1664 2494 1744 2527 Secr.
1767 2495 1827 2526 XI.
1850 2496 1918 2534 (y)
1941 2496 2139 2535 ingenuam,
2162 2497 2193 2527 &
2216 2495 2403 2539 Hippocra-

1396 2547 1429 2571 te
1452 2536 1585 2579 dignam
1608 2561 1617 2577 ‚
1651 2536 1865 2569 Drelincurtii
1900 2536 2129 2572 confessionem
2153 2561 2162 2577 ‚
2196 2539 2253 2580 qui
2284 2540 2402 2582 dysen-

1398 2581 1494 2616 terici
1519 2580 1717 2613 cruciatibus
1740 2580 1899 2613 continuo
1920 2578 2086 2614 silentibus
2109 2592 2183 2614 cum
2206 2582 2402 2625 triumphum

1396 2621 1552 2666 cecinisset
1573 2646 1584 2661 ,
1615 2623 1720 2656 tribus
1752 2622 1820 2665 post
1851 2621 1964 2657 diebus
1997 2623 2246 2665 detriumphavz'r
2268 2649 2278 2664 ‚
2312 2638 2401 2669 aegro

1397 2669 1466 2702 fine
1488 2666 1657 2701 doloribus
1680 2675 1833 2710 pereunte
1855 2667 1900 2700 ob
1922 2667 2038 2701 viscera
2063 2668 2183 2700 mirum
2205 2668 2240 2700 in
2266 2669 2402 2704 modum

1393 2711 1530 2755 fiderata
1552 2735 1560 2744 .
1595 2709 1732 2752 Nosque
1766 2709 1841 2743 alias
1864 2713 1878 2749 (
1900 2722 1925 2753 z
1945 2713 1960 2751 )
1983 2733 1993 2749 ‚
2036 2710 2073 2744 ad
2121 2722 2150 2744 te
2196 2711 2365 2747 scribentes
2386 2737 2402 2755 ,

1399 2754 1549 2797 sphacelo
1592 2753 1819 2786 intestinorum
1855 2753 1975 2796 factum
2009 2753 2205 2795 conjecimus
2229 2780 2237 2794 ,
2272 2766 2307 2790 ut
2340 2769 2401 2799 po-

1398 2799 1520 2832 stremis
1559 2796 1747 2840 dysenteriae
1771 2819 1783 2836 ,
1815 2799 1846 2830 δι
1867 2797 2077 2831 vitae·diebus
2101 2798 2166 2831 visa
2189 2796 2228 2831 fit
2251 2800 2401 2845 aliquan-

1397 2840 1442 2874 do
1476 2840 1542 2883 ipsa
1574 2852 1703 2883 quoque
1736 2839 1835 2874 febris
1866 2839 1998 2882 abiisse,·
2022 2842 2057 2873 in
2080 2840 2130 2874 his
2155 2851 2261 2877 autem
2285 2848 2300 2884 (
2325 2855 2343 2876 a
2364 2848 2399 2885 ),

1400 2888 1432 2918 &
1456 2884 1673 2926 superioribus
1696 2886 1710 2923 (
1732 2881 1751 2916 b
1775 2887 1786 2922 )
1816 2884 1953 2917 Litteris
1997 2884 2078 2918 unde
2113 2884 2188 2918 esset
2211 2907 2223 2925 ,
2255 2890 2286 2920 &
2318 2888 2399 2931 quid

1397 2928 1604 2970 portenderet
1627 2928 1660 2960 in
1683 2929 1806 2960 ventris
1827 2925 1994 2962 doloribus
2017 2953 2028 2968 ,
2058 2927 2175 2963 horum
2196 2952 2206 2967 ,
2243 2932 2398 2966 aliorum-

1397 2982 1436 3004 ve
1469 2973 1725 3014 symptomatum
1749 2981 1814 3003 non
1844 2969 1976 3004 cessatio
2000 2972 2098 3005 modo
2122 2993 2132 3009 ,
2162 2972 2211 3006 sed
2236 2976 2266 3007 &
2290 2977 2399 3010 remis.

1393 3013 1440 3048 sio
1479 3026 1549 3058 quae
1583 3023 1699 3056 praeter
1732 3015 1891 3047 rationem
1935 3012 2098 3049 accidisset
2122 3037 2131 3052 ‚
2166 3016 2395 3055 ostendimus,

1394 3059 1483 3091 Cave
1507 3068 1613 3092 tamen
1649 3057 1781 3093 viciffim
1805 3056 1932 3098 credas,
1954 3060 1989 3092 in
2012 3059 2128 3102 quibus
2158 3058 2396 3101 sphacelusin-

1395 3102 1587 3135 testinorurn
1621 3099 1691 3139 sitd,
1726 3102 1759 3134 in
1792 3103 1831 3135 iis
1856 3101 1974 3144 semper
2007 3104 2134 3136 dolores
2164 3102 2297 3142 cessare,
2319 3105 2396 3139 edo-

1395 3145 1465 3178 &us
1498 3144 1738 3179 Adolescentuli
1770 3144 1901 3179 historia
1926 3144 1976 3187 (c
2000 3149 2012 3184 )
2037 3154 2060 3185 ‚‘
2080 3146 2138 3189 qui
2161 3157 2236 3180 cum
2261 3149 2395 3186 ultimas

1391 3188 1578 3230 quindecim
1612 3189 1685 3220 vitae
1709 3186 1802 3221 horas
1834 3188 1877 3221 ob
1911 3189 2053 3223 immane
2076 3189 2226 3224 dolorum
2249 3201 2393 3227 tormen-

1391 3241 1460 3264 tum
1485 3231 1605 3274 jugiter
1635 3233 1771 3264 clamare
1804 3232 1932 3265 coactus
1954 3230 2049 3271 ess‘et3
2084 3242 2190 3266 tamen
2224 3235 2392 3269 intestino-

1390 3286 1462 3309 rum
1498 3285 1621 3317 partem
1655 3275 1759 3307 multo
1793 3276 1969 3309 maximam
1992 3285 2057 3310 tam
2081 3277 2208 3319 nigram
2241 3278 2354 3312 habuit
2376 3302 2388 3318 ,

1390 3329 1488 3360 quam
1521 3320 1578 3361 qui
1610 3319 1817 3360 nigerrimam
1843 3345 1850 3352 .
1886 3319 2016 3353 Scilicet
2039 3321 2197 3362 reliquam
2228 3322 2389 3364 integram

1390 3360 1544 3396 haetenus
1587 3373 1712 3404 partem
1751 3363 1870 3395 interea
1911 3362 2021 3405 potest,
2058 3373 2113 3397 aut
2149 3365 2217 3397 dira
2252 3364 2387 3400 inflam-

1390 3406 1495 3440 matio
1517 3429 1528 3446 ,
1563 3414 1629 3439 aut*
1651 3405 1745 3439 causa
1780 3406 1842 3438 alia
1886 3407 1993 3450 aliqua
2026 3415 2175 3450 torquere
2198 3433 2208 3450 ‚
2243 3417 2279 3442 ut
2309 3420 2386 3451 puta

2269 3463 2348 3487 con-

329 3546 2391 3572 »ww—m-

386 3643 556 3676 (0)n.54.
618 3644 783 3676 (pJn.2o.
830 3643 1350 3680 ⁸(q)Ast.N.C.Tom.8.0bs.47.

388 3676 646 3706 (s)n.14.&²t.
708 3676 976 3710 (3)Ep1st.34.n.'

386 3708 433 3736 <y
450 3706 462 3734 )
478 3705 503 3729 ἰη
525 3705 607 3730 Addit.
637 3706 697 3732 Obs.
726 3714 751 3736 4.
824 3707 839 3736 (
856 3706 903 3736 z)
932 3706 1007 3737 Epist.
1041 3713 1075 3737 3¹-
1106 3714 1130 3732 n.
1162 3708 1200 3732 ²6.

383 3738 399 3769 ζ
412 3745 425 3763 c
439 3740 453 3766 )
470 3735 553 3767 supra,
569 3744 592 3762 n.
609 3743 649 3767 14,

978 3684 1000 3703 9.
1061 3679 1073 3702 (
1090 3683 1106 3700 u
1120 3676 1135 3705 )
1152 3674 1215 3700 ibid.
1232 3675 1255 3700 ἃ
1271 3683 1295 3699 n.
1315 3676 1352 3698 18.
1372 3674 1395 3699 ἃ
1411 3683 1448 3704 25·
1465 3675 1488 3698 8:
1504 3673 1528 3696 in
1545 3673 1589 3698 hac
1604 3673 1677 3704 Epist.
1694 3681 1717 3697 n.
1736 3677 1774 3698 16.

1277 3705 1293 3736 (
1306 3712 1322 3730 a
1339 3705 1349 3735 j
1378 3713 1403 3731 n.
1434 3712 1471 3734 14·
1503 3706 1540 3730 16.
1571 3704 1607 3730 18.

1412 3644 1426 3673 (
1441 3651 1453 3667 r
1468 3642 1482 3671 )
1497 3643 1638 3667 Comment.
1657 3643 1683 3666 in
1699 3642 1785 3668 Boerh.
1802 3643 1867 3672 aph.
1887 3643 1911 3672 §.
1930 3646 1984 3668 371.

1835 3674 1850 3702 (
1863 3681 1879 3698 κ
1895 3674 1909 3702 )
1924 3677 1949 3697 n.
1967 3679 2004 3697 ιο.
2020 3674 2109 3697 12.16.

1668 3703 1737 3735 (b)
1768 3711 1792 3729 n.
1821 3711 1860 3735 ις.
