2498 4075
428 82 521 134 160

349 160 580 204 palpitationes
611 158 719 193 cordis
757 160 939 203 pacaverint
961 184 969 192 .
1100 158 1160 194 Sed
1183 158 1221 193 ad
1244 158 1354 194 foemi-

351 216 425 236 nam
440 228 450 244 ,
473 216 489 237 a
512 202 659 236 Valsalva
684 202 846 237 dissectam
866 206 880 241 (
902 213 917 236 t
937 207 951 242 )
975 201 1156 238 redeamus.

391 248 442 281 28.
473 250 522 282 De
544 246 748 288 quorundam
771 245 924 280 viscerum
949 245 1039 285 sede,
1061 258 1157 289 quam
1181 249 1215 281 in
1227 260 1260 281 ea
1284 258 1353 281 mu-

347 300 449 324 tatam
475 287 723 330 animadvertit,
746 301 811 323 non
836 290 877 323 est
900 300 957 322 cur
980 289 1083 322 multa
1108 289 1163 323 hic
1186 290 1350 325 dicamus.

345 334 435 368 Nam
458 333 569 367 Colon
591 333 777 367 intestinum
800 344 867 366 eam
888 343 985 375 quam
1008 344 1046 365 ex
1058 342 1145 375 parte
1169 333 1352 375 descripsit,

345 377 487 416 habere,
512 387 612 418 neque
635 377 680 409 ita
704 387 798 415 raro,
822 388 837 409 a
861 374 1049 417 primordiis
1071 376 1165 419 usque
1184 402 1197 418 ,
1218 389 1294 412 cum
1316 389 1353 409 o-

347 421 405 453 iim
430 423 443 459 (
467 430 485 452 u
509 423 523 459 >
546 419 771 454 admonuimus
795 444 802 456 ,
837 429 908 451 tum
931 429 969 451 ex
1003 418 1147 461 pluribus
1171 419 1287 456 harum
1311 420 1350 454 ad

343 473 375 496 te
399 462 617 506 Epistolarum
641 465 673 496 &
699 462 828 504 potuisti
852 462 1003 503 colligere
1023 487 1031 500 ,
1055 466 1087 497 &
1112 466 1252 505 poteris.
1281 465 1351 497 He·

343 517 400 548 par
424 516 530 540 autem
554 529 561 543 ‚
596 511 628 541 ἃ
652 507 864 539 ventriculum
897 504 1032 539 inferius
1053 505 1230 541 detruserat
1261 517 1317 540 cor
1340 529 1349 544 ‚

341 548 447 591 ipsum
494 561 598 593 uoque
619 549 784 583 detrusum
808 560 870 581 non
894 547 951 582 suo
976 556 1103 583 tantum
1128 550 1290 591 pondere,
1313 561 1348 583 ac

341 594 448 630 mole,
487 593 523 627 ed
547 597 579 627 δι
602 592 692 636 eim,
717 598 736 624 a'
755 603 822 635 quo
844 591 1054 626 finistrorsum
1078 595 1175 626 etiam
1198 594 1348 635 compul-

340 635 408 670 sum
436 636 537 671 fuerat
557 660 567 675 ,
603 635 828 676 aneurysmatis
853 636 976 668 arteriae
1000 636 1127 678 Magna>
1151 647 1158 668 :
1191 648 1247 671 nec
1270 648 1346 672 vero

339 678 507 714 detrudere
530 680 584 712 illa
596 682 661 713 duo
683 677 799 712 viscera
811 689 868 711 cor
892 687 1060 721 potuerat,
1085 679 1163 721 quin
1174 679 1346 722 diaphrag-

338 733 391 756 ma
413 721 614 765 interjectum
638 721 784 755 deorsum
805 722 1031 763 compelleret.
1058 722 1155 755 Hunc
1180 722 1347 767 autemju-

339 777 372 798 re
407 767 588 808 meritoque
613 765 763 806 appellari
801 764 885 805 posse
908 764 1028 798 Cordis
1062 765 1279 807 Prolapsum,
1312 769 1346 801 in

337 808 494 852 Epistolis
517 809 721 845 Anatomicis
745 811 759 847 (
780 818 802 841 x
823 811 838 847 >
863 807 952 849 posui
976 819 985 839 .-
1023 819 1090 851 quo
1110 811 1241 842 nomine
1275 821 1346 844 eum

340 864 468 896 quoque
491 851 628 884 libenter
659 862 769 884 vocem
792 851 849 892 qui
884 863 899 883 a
925 849 1111 885 Pacchiono
1142 854 1176 885 in
1200 855 1309 888 ‘Prima
1334 878 1346 895 ,

339 904 434 939 atque
456 895 578 928 Altera
601 893 738 933 Historia
764 895 820 936 (y
843 898 857 934 )
879 893 1052 937 descriptus
1076 894 1141 934 est,
1168 906 1241 930 nam
1265 897 1345 931 alios

335 938 488 982 quosdam
511 961 522 977 ,
559 938 597 971 ab
621 939 693 971 aliis
718 937 916 980 frequentius
950 936 1129 981 propositos
1152 939 1197 972 ob
1219 940 1253 974 id
1277 951 1346 973 tan-

334 991 405 1016 tum
428 981 515 1025 quod
537 992 594 1015 cor
617 990 729 1015 natura
752 980 935 1015 incumbere
958 980 1196 1024 diaphragma&
1221 986 1346 1017 nonvi-

333 1026 450 1060 dentur
474 1023 749 1064 animadvertisse,
772 1035 835 1057 non
858 1024 976 1067 injuria
1000 1024 1115 1071 rejeci.-
1139 1037 1194 1060 nec
1218 1026 1289 1060 same
1312 1028 1347 1061 in

330 1068 490 1112 'ejusmodi
515 1080 657 1102 errorem
682 1067 813 1112 usquam
835 1069 929 1102 video
954 1069 1137 1102 Valsalvam
1171 1069 1316 1104 incidisse
1339 1095 1347 1103 .

330 1115 372 1147 In
394 1124 469 1145 vero
493 1121 597 1147 autem
619 1112 725 1145 cordis
749 1111 897 1155 prolapsu
920 1111 1129 1155 diaphragma
1153 1113 1249 1155 usque
1273 1114 1351 1148 adeo

333 1167 564 1199 nonnunquam
590 1155 809 1198 deprimitur,
832 1165 867 1189 ut
891 1155 979 1198 quasi
1004 1157 1037 1188 in
1061 1156 1224 1190 cucullum
1247 1169 1346 1200 quen-

330 1199 404 1233 dam
428 1199 456 1232 se
480 1199 627 1232 deorsum
650 1199 817 1236 extendat.
844 1210 911 1241 quo
931 1210 989 1232 cor
1009 1199 1241 1240 amplectatur,
1265 1199 1344 1234 sicut

331 1244 366 1275 in
394 1241 585 1275 Mai-chione
620 1242 660 1275 du
683 1242 795 1275 ‘Palais
833 1242 917 1275 vidit
949 1243 1094 1276 laudatus
1132 1243 1342 1278 Potentiffimi

331 1286 506 1320 Gallorum
517 1286 614 1329 Regis
624 1285 874 1324 Archiaterstf)
889 1310 896 1317 .
923 1285 981 1319 Sed
1006 1296 1042 1320 ut
1055 1287 1175 1328 magis,
1198 1287 1340 1321 minusve

331 1328 539 1372 diaphragma
554 1352 566 1369 ,
590 1332 623 1362 &
645 1340 702 1362 cor
726 1328 834 1361 descen
862 1338 942 1369 unt,
964 1328 1006 1362 sic
1030 1330 1132 1372 magis
1156 1352 1164 1367 ‚
1199 1331 1340 1364 minusve

328 1372 493 1415 compressi
518 1373 689 1405 ventriculi
713 1371 944 1412 incommoda,
968 1373 1208 1415 &pulsationes
1231 1373 1339 1408 cordis

327 1418 363 1450 in
387 1416 511 1450 sinistro
543 1415 793 1457 hypochondrio
825 1415 1125 1451 animadvertuntur
1145 1437 1154 1453 ‚
1192 1427 1228 1451 ut
1264 1419 1339 1451 Pac-

328 1460 446 1494 chioni
469 1458 664 1494 confirmant
688 1458 830 1493 historiae
851 1472 861 1491 .·
884 1460 992 1502 itaque
1015 1471 1078 1493 non
1101 1461 1178 1503 aegri
1202 1460 1302 1494 modo
1325 1485 1339 1502 ,

329 1503 380 1539 sed
413 1506 446 1537 ὃ(
480 1502 639 1543 Medici,
672 1513 734 1535 non
759 1512 904 1536 accurate
935 1505 1045 1536 omnia
1077 1504 1301 1546 perpendentes
1324 1529 1338 1546 ‚

327 1559 388 1591 pro
410 1547 583 1580 ventriculi
610 1546 743 1583 morbo,
769 1549 801 1579 &
826 1557 884 1588 pro
906 1547 1061 1580 Coeliacae
1085 1548 1208 1582 arteriae
1232 1547 1337 1591 pulsa-

326 1593 416 1625 tione
439 1590 568 1633 possunt
601 1590 752 1623 morbum
782 1590 921 1635 cordis,
954 1589 1110 1633 hujusque
1142 1590 1337 1637 pulsationes

325 1636 488 1678 accipere.
515 1634 629 1676 Neque
652 1633 691 1666 ab
713 1632 853 1666 diffimili
880 1634 1156 1674 septi'sransversi
1180 1635 1338 1677 compres-

325 1678 410 1714 sione
435 1676 519 1711 haud
544 1688 614 1710 raro
637 1676 777 1716 accidit,
800 1685 835 1710 ut
860 1677 1030 1718 pericardii
1057 1676 1205 1720 hydrope
1229 1677 1336 1721 affecti

326 1723 366 1757 de
388 1721 526 1761 dolore,
552 1724 584 1753 &
609 1718 751 1763 pondere
774 1718 936 1762 conquesti
962 1719 1047 1761 fint,
1070 1721 1236 1763 regionem
1260 1733 1334 1755 ven-

325 1766 435 1801 triculi
461 1772 632 1807 gravante.
767 1764 818 1796 Te
841 1772 948 1797 autem
972 1766 1081 1798 mirari
1095 1774 1158 1797 non
1181 1774 1334 1807 oportet,

323 1808 415 1854 quod
438 1807 587 1843 Valsalva
612 1808 647 1839 in
672 1818 706 1840 ea
731 1806 864 1840 muliere
898 1818 953 1853 nec
977 1806 1014 1840 cle
1048 1808 1235 1842 ventriculo
1257 1821 1334 1852 que-

325 1855 422 1893 relas,
447 1863 505 1886 nec
529 1850 721 1893 pulsationes
743 1851 827 1883 circa
861 1849 956 1892 liujus
979 1852 1141 1892 regionem
1175 1862 1334 1886 memora-

325 1899 429 1931 verit.
454 1898 525 1930 Cor
548 1897 635 1929 enim
659 1893 745 1927 haud
769 1893 911 1927 multum
931 1917 945 1934 ,
975 1894 1028 1929 sed
1051 1894 1219 1937 aliquanto
1251 1895 1334 1929 infe-

320 1944 387 1977 rius
411 1938 609 1974 descenderat
634 1948 643 1971 .-
670 1947 879 1980 praetereaque
905 1937 1032 1972 ultimis
1055 1938 1171 1982 quibus
1194 1949 1262 1972 eam
1286 1941 1335 1972 in-

310 1984 410 2020 visisse
434 1983 563 2017 videtur
589 1981 725 2021 diebus,
750 1989 842 2014 tanto
866 1984 1015 2022 graviora
1038 1992 1102 2015 non
1137 1980 1270 2016 deerant
1294 1982 1333 2016 de

312 2029 431 2074 quibus
455 2038 539 2068 :egra
562 2035 748 2070 quereretur
764 2048 772 2060 .,
797 2023 918 2058 leviora
943 2048 951 2062 ,
975 2034 1011 2058 ut
1036 2023 1072 2058 fit
1095 2047 1104 2061 ,
1138 2027 1333 2067 praetermit-

313 2085 382 2108 tens
403 2086 412 2110 3
446 2066 492 2104 ne*
505 2069 543 2104 de
565 2069 672 2103 cordis
697 2066 838 2110 pulsibus
861 2066 1039 2111 quidquam
1063 2067 1208 2102 dicamus
1230 2094 1239 2109 ‚
1272 2072 1330 2113 qui

313 2128 391 2152 tunc
417 2114 592 2152 facile„ut
614 2114 650 2146 in
676 2113 779 2155 longo
799 2135 820 2156 ,η
836 2112 1024 2152 permolesto
1043 2138 1051 2151 ,
1075 2114 1106 2144 δε
1128 2110 1166 2158 ad
1189 2111 1331 2147 inediam

314 2161 452 2203 denique
474 2167 608 2202 cogente
630 2157 767 2195 morbo,
793 2153 851 2198 ips-‘1
874 2166 1001 2199 quoque
1025 2156 1114 2200 parvi
1127 2157 1250 2190 suerint
1259 2180 1272 2198 ,
1295 2159 1329 2191 &

318 2204 460 2239 debiles.

317 2261 332 2275 u
365 2259 415 2289 29.
443 2249 610 2280 Caeterum
635 2244 667 2279 icl
693 2243 781 2288 quod
803 2244 878 2278 aliis
901 2244 1068 2286 pluribus,
1094 2243 1250 2278 Valsalvae
1275 2255 1329 2288 pa-

320 2294 398 2326 riter
421 2290 464 2324 est
487 2288 759 2328 condonandum,
783 2287 909 2322 scilicet
956 2287 1019 2321 uod
1044 2299 1083 2320 eo
1098 2297 1242 2330 tempore
1265 2299 1331 2330 quo

321 2333 592 2372 observationem
617 2332 699 2365 hanc
722 2331 834 2365 habuit
859 2355 872 2371 ,
904 2333 934 2363 vi
961 2332 1005 2364 eri
1029 2331 1247 2375 quadantenus
1272 2331 1330 2373 ipsi

321 2378 491 2423 potuerint
515 2374 571 2409 esse
585 2377 699 2408 Aortae
714 2374 903 2408 membranae
920 2398 932 2414 ,
956 2386 1026 2416 quae
1051 2374 1218 2416 polyposae
1243 2383 1331 2407 erant

321 2421 569 2458 concretiones,
592 2419 644 2450 illi
670 2420 757 2450 intus
784 2415 978 2450 adhaerentes
1000 2440 1012 2456 ,
1034 2427 1220 2458 carnemque
1244 2428 1334 2449 men-

322 2469 458 2500 tientes.-
482 2472 662 2505 quanquam
696 2458 852 2504 ejusmodi
877 2471 1003 2507 carnem
1036 2470 1100 2492 non
1125 2462 1260 2492 attinere
1292 2459 1335 2493 ad

325 2511 448 2544 arteriae
472 2508 596 2540 tunicas
618 2528 630 2545 ,
655 2513 821 2537 monuerat
848 2504 1009 2546 HarveJus
1030 2506 1044 2542 (
1067 2514 1085 2535 a
1106 2506 1121 2542 )
1139 2526 1148 2540 ‚
1181 2514 1278 2545 quem
1300 2514 1336 2535 o-

286 2583 288 2585 .
323 2552 449 2589 mnium
474 2552 616 2592 primum
651 2548 783 2582 fuerunt
805 2547 861 2589 qui
895 2548 1056 2580 crederent
1080 2546 1171 2578 illam
1207 2545 1335 2589 scriptis

323 2593 508 2632 memorasse
533 2617 539 2624 .
575 2593 631 2625 Tu
656 2603 732 2624 vero
755 2592 787 2624 in
814 2591 870 2623 illa
895 2591 962 2633 ipsa
983 2613 995 2630 ,
1028 2601 1098 2632 quae
1131 2589 1222 2631 supra
1248 2589 1301 2632 (b
1325 2593 1335 2627 )

323 2653 388 2678 non
413 2636 503 2672 semel
530 2649 546 2670 a
582 2635 675 2668 nobis
699 2633 822 2668 laudata
848 2633 889 2667 est
908 2658 921 2675 ,
955 2643 1106 2676 tanquam
1131 2634 1233 2674 prima
1266 2645 1338 2676 quae

323 2681 557 2725 aneurysmatis
580 2679 613 2711 in
638 2689 756 2712 trunco
780 2680 895 2711 Aortae
918 2688 972 2719 per
996 2674 1213 2710 dissetfftionem
1249 2675 1339 2709 habi-

324 2739 358 2762 ta
379 2726 417 2760 fit
442 2748 452 2763 ,
485 2722 718 2757 observatione
741 2722 882 2754 invenies
903 2744 913 2760 ‚
949 2720 1129 2762 sanguinem
1162 2728 1340 2753 contentum

319 2769 415 2817 fuiffe
437 2774 580 2802 concreto
603 2767 734 2808 quodam
756 2775 863 2798 cruore
883 2788 896 2805 ,
923 2763 980 2807 seu
1004 2761 1184 2805 carnzfhrmi
1206 2763 1340 2811 materia

325 2814 417 2860 fibris
440 2810 607 2850 destituta,
633 2819 727 2850 quam
750 2807 858 2851 rursus
883 2806 1086 2844 circumdebz't
1103 2804 1271 2848 subalbida
1296 2809 1338 2839 (φ

329 2860 407 2891 dura
432 2853 568 2892 quedam
597 2850 770 2894 substantia
795 2849 963 2893 transversi
998 2850 1093 2893 digiti
1110 2847 1305 2892 spissitudine
1326 2872 1339 2889 ,

328 2894 494 2935 colore&
513 2894 614 2938 specie
626 2893 711 2926 lardo
731 2893 827 2934 suzllo
843 2894 961 2927 elixam
985 2904 1043 2926 non
1056 2891 1229 2936 abfimzlis.
1292 2903 1339 2926 uae

329 2954 404 2978 curn
427 2942 536 2977 leges,
561 2937 655 2969 velim
679 2936 821 2969 attendas
844 2948 908 2969 non
933 2937 1036 2970 solum
1059 2936 1091 2968 id
1104 2935 1190 2979 quod
1212 2935 1339 2969 evidens

330 2988 396 3027 est,
419 2982 658 3018 concretionem
681 2979 772 3013 istam
796 2978 886 3013 fuisse
910 2980 1097 3023 duplicem,
1122 2981 1338 3014 verumetiam

329 3042 369 3065 an
394 3030 517 3062 circum
542 3024 684 3066 undique
707 3022 802 3056 dusta
827 3021 916 3056 fuisse
940 3023 1089 3056 videatur
1113 3048 1119 3054 .
1155 3022 1339 3066 Eademque

328 3073 382 3108 fac
408 3068 552 3105 attendas
586 3068 619 3100 in
644 3065 737 3101 facile
772 3067 876 3109 prima
901 3064 1021 3101 diffeffi
1048 3069 1161 3100 Aortae
1195 3066 1341 3109 aneurys-

327 3118 427 3153 ,matis
454 3123 524 3147 tum
545 3110 782 3149 delineatione,
805 3121 874 3151 quae
899 3121 936 3142 ex
960 3112 1043 3147 Riva
1068 3110 1109 3144 est
1132 3114 1142 3149 (
1167 3122 1182 3142 c
1203 3115 1217 3151 >
1237 3137 1246 3151 ‚
1270 3120 1340 3143 tum

332 3162 476 3205 pleniore
510 3181 519 3196 ‚
568 3166 663 3196 quam
699 3152 882 3196 Ruyschius
913 3155 1002 3193 (d)
1036 3153 1127 3187 dedit
1163 3155 1343 3188 tunicarum

329 3209 345 3245 (
371 3204 422 3238 seu
448 3201 555 3244 potius
571 3198 818 3231 concretionum
840 3201 854 3237 )
878 3198 1161 3231 innumerabilium
1198 3198 1343 3240 carnosa-

331 3259 402 3282 rum
426 3242 645 3285 descriptione
670 3265 680 3280 ,
714 3252 783 3283 quae
806 3240 890 3283 quest
922 3239 1108 3275 lamellatim
1144 3240 1302 3283 dispositae
1324 3264 1338 3281 ,

334 3288 519 3331 aneurysma
541 3285 744 3318 conflabant·
773 3284 878 3316 Mitto
902 3283 980 3317 alias
999 3308 1012 3324 ,
1044 3296 1114 3328 quae
1140 3285 1211 3318 sunt
1235 3283 1338 3327 postea

334 3335 450 3371 edim,
476 3333 508 3363 in
531 3340 668 3372 quarum
692 3328 820 3371 aliquot
840 3350 852 3366 ‚
888 3327 973 3360 velut
997 3329 1029 3360 in
1066 3327 1120 3361 ista
1146 3328 1302 3362 Valsalvae
1329 3352 1339 3367 ,

335 3387 503 3418 utrumque
530 3383 640 3406 eorum
665 3383 735 3415 quae
761 3370 832 3406 dixi
853 3394 866 3411 ,
898 3381 963 3403 non
986 3370 1117 3405 difficile
1141 3384 1157 3406 a
1182 3382 1214 3406 te
1238 3371 1341 3416 potest

949 80 1107 135 Liber
1140 79 1206 133 n.
1239 83 1326 136 De
1362 82 1571 134 Morbis
1607 81 1864 136 Thoracis

1407 160 1555 202 agnosci.
1580 160 1680 201 Qod
1704 160 1725 194 fi
1748 161 1814 200 est3
1838 170 1876 195 ut
1897 162 1981 200 certe
2003 171 2042 193 ex
2064 159 2142 193 meis
2153 171 2281 203 quoque
2304 160 2412 201 obser..

1407 203 1590 237 vationibus
1613 202 1700 237 haud
1722 215 1794 238 raro
1815 204 1876 243 est,
1899 205 1933 236 in
1957 205 1997 237 iis
2020 203 2197 245 praesertim
2207 205 2412 247 aneurysma-

1406 245 1517 286 tibus,
1540 258 1611 290 quae
1634 246 1714 279 sacci
1738 246 1835 282 instar
1858 247 1897 280 ab
1921 248 2034 280 arteria
2060 247 2256 290 propendent
2277 259 2290 287 ;
2312 249 2411 282 mini-

1405 300 1453 322 me
1477 301 1570 331 grave
1593 289 1741 324 futurum
1765 290 1856 332 spero
1879 291 2073 325 Dostiffimo
2095 314 2104 329 ,
2136 292 2260 332 meique
2284 292 2412 326 amicis.

1403 331 1483 365 simo
1507 333 1614 373 Viro,
1636 332 1659 367 fi
1683 332 1739 367 has
1763 333 1873 368 saltem
1895 335 2139 371 concretiones,
2164 344 2181 366 a
2203 345 2253 366 me
2276 346 2403 378 quoque

1402 376 1481 408 olim
1505 378 1519 414 ς
1541 387 1555 409 e
1577 380 1592 415 )
1613 376 1812 418 descriptas,
1836 377 1949 411 habere
1971 387 2100 419 pergam
2124 387 2184 418 pro
2207 377 2331 419 polypo
2354 389 2410 412 an-

1402 428 1433 451 te
1457 430 1594 453 mortem
1618 418 1807 453 efformato.
1833 421 1951 464 Neque
1973 423 2058 453 enim
2082 430 2141 462 pro
2164 421 2254 452 vario
2276 419 2410 455 caelave-

1401 473 1472 497 rum
1497 461 1601 504 positu
1625 464 1766 496 invenire
1797 464 1911 497 solitus
1936 463 2002 497 sum
2036 462 2073 497 ad
2097 473 2194 496 unam
2228 462 2407 507 aliquam,

1400 505 1498 540 modo
1521 504 1601 540 hanc
1617 532 1626 545 ‚
1650 506 1748 541 modo
1771 507 1861 540 illam
1885 507 2011 549 plagam
2030 532 2039 547 ‚
2064 505 2115 540 sed
2137 507 2172 539 in
2196 506 2335 540 immoto
2359 517 2409 541 et-

1399 551 1463 583 iam
1485 550 1633 582 cadavere
1655 552 1779 584 circum
1801 549 1942 592 undique
1966 551 2109 591 locatas,
2132 553 2164 582 &
2188 549 2379 584 adhaerentes
2392 575 2416 593 ,f

1397 591 1507 636 easque
1531 593 1640 626 colore
1662 592 1801 636 quodam
1826 592 1955 630 lurido,
1979 592 2094 627 nedum
2118 592 2266 626 obsoleto
2286 616 2299 633 ,
2336 594 2407 628 sub-

1398 635 1509 671 stantia
1536 645 1642 670 autem
1667 645 1779 679 praeter
1801 636 1934 670 modum
1958 637 2109 676 exsucca,
2134 646 2170 670 ut
2195 646 2318 679 quanto
2337 649 2407 672 ma·

1398 681 1447 722 gis
1472 679 1510 713 ab
1534 682 1575 713 iis
1599 679 1779 722 discrepant
1815 679 1965 714 omnibus
1987 692 2063 723 quas
2095 680 2128 712 in
2152 679 2259 713 cordis
2281 683 2406 714 ventri-

1396 723 1477 757 culis
1500 734 1640 766 unquam
1673 722 1834 763 viderim,
1859 732 1953 758 tanto
1977 726 2078 766 magis
2110 722 2315 766 significent,
2339 735 2406 758 non

1399 766 1446 805 se,
1469 776 1505 801 ut
1528 765 1584 800 has
1609 766 1666 800 effe
1699 766 1861 802 novissime
1884 766 2056 809 productas
2076 791 2086 805 ,
2120 768 2244 809 quippe
2268 778 2333 799 non
2369 777 2405 802 ut

1397 809 1469 849 hae,
1493 810 1655 852 sanguinis
1676 808 1793 844 similes
1812 833 1824 850 ‚
1856 811 1912 854 qui
1936 821 2075 853 unquam
2109 809 2192 844 mihi
2217 810 2245 844 se
2277 810 2405 844 obtule.

1397 855 1461 891 rit,
1485 853 1651 897 postquam
1675 853 1778 895 pridie
1802 854 1836 886 in
1858 853 1964 886 vitreo
1986 855 2054 887 vase
2076 852 2306 892 concrevisset,
2329 865 2405 887 exa-

1395 897 1607 937 minandum,
1631 896 1682 930 sed
1706 898 1800 941 longe
1824 897 1916 931 aliter
1940 896 1978 930 ad
2001 899 2124 931 tactum
2147 922 2155 936 ‚
2179 896 2403 940 aspeetumque

1396 940 1502 984 ipsum
1528 940 1556 973 se
1579 940 1746 974 habentes.
1771 942 1819 973 At
1842 941 1928 974 enim
1955 941 1987 972 in
2009 941 2133 974 cunctis
2155 952 2218 973 non
2229 951 2403 974 occurrunt

1398 983 1697 1027 aneurysmatibus,
1722 982 1844 1018 etiamsi
1868 982 1985 1017 crassus
2003 1007 2014 1023 ,
2048 983 2248 1027 viscidusque
2270 981 2308 1016 sit
2332 983 2405 1018 san-

1399 1028 1470 1069 guis
1492 1051 1501 1066 ,
1535 1029 1660 1062 arteriae
1682 1037 1789 1062 autem
1822 1027 1998 1071 superficies
2033 1028 2199 1070 inaequalis
2219 1051 2229 1066 ,
2262 1027 2404 1061 latitudo

1401 1072 1507 1105 multo
1530 1072 1688 1114 amplior,
1712 1072 1847 1114 parietes
1871 1070 1991 1105 infirmi
2012 1093 2026 1109 ,
2055 1070 2193 1115 denique
2214 1073 2323 1104 omnia
2357 1071 2405 1104 ita

1400 1113 1575 1157 disposita,
1599 1125 1633 1148 ut
1657 1113 1889 1156 depositiones,
1915 1112 2169 1157 adhaefionesque
2192 1115 2404 1158 contingere,

1396 1157 1558 1199 sanguinis
1582 1158 1731 1191 videlicet
1756 1168 1848 1191 motu
1871 1157 1960 1191 valde
1985 1159 2161 1192 imminuto
2183 1180 2196 1197 ,
2229 1156 2324 1191 facile
2346 1157 2404 1192 de-

1394 1201 1467 1234 bere
1491 1200 1659 1235 videantur
1680 1214 1690 1239 5
1725 1202 1803 1244 quin
1830 1201 1891 1235 hoc
1915 1201 1987 1243 ipso
2010 1202 2042 1233 in
2067 1201 2248 1235 viventibus
2270 1202 2405 1237 canibus

1394 1244 1536 1286 obligata
1563 1244 1730 1280 arffiffime
1765 1246 1879 1278 arteria
1901 1245 2038 1278 omnino
2059 1244 2186 1278 sublato
2205 1267 2214 1282 ,
2269 1245 2402 1288 olyposa

1393 1298 1499 1321 tamen
1522 1291 1689 1322 concretio
1724 1286 1816 1331 supra
1839 1288 2004 1321 vinculum
2026 1313 2035 1328 ,
2069 1296 2105 1321 ut
2130 1289 2229 1321 Lanci
2246 1300 2279 1321 ιο
2315 1286 2370 1330 (f
2385 1292 2403 1328 >

1393 1342 1602 1373 apparuerat,
1624 1343 1820 1374 nequaquam
1844 1332 1993 1374 apparuit
2020 1355 2028 1362 .
2053 1332 2128 1372 Ego
2149 1341 2225 1364 vero
2249 1342 2313 1365 non
2337 1332 2403 1365 hoe

1393 1373 1499 1409 solum
1523 1376 1607 1409 Viro
1631 1378 1686 1418 qui
1710 1384 1843 1418 propter
1867 1376 2055 1418 ingenium,
2076 1373 2285 1416 diligentiam
2304 1399 2317 1416 ‚
2341 1375 2403 1408 do-

1390 1418 1554 1459 «ferinam,
1577 1422 1608 1452 &
1635 1430 1774 1458 amorem
1797 1430 1869 1462 erga
1903 1430 1954 1452 me
1977 1418 2067 1453 suum
2092 1418 2175 1451 mihi
2199 1418 2243 1452 est
2264 1418 2403 1453 chariffi-

1390 1472 1484 1503 mus,
1507 1461 1645 1496 libenter
1666 1462 1784 1501 credo3
1808 1461 1859 1495 sed
1883 1462 2010 1505 insuper
2032 1461 2118 1503 quod
2141 1461 2179 1495 de
2203 1461 2404 1505 aneurysma-

1390 1505 1478 1539 tibus
1500 1504 1692 1549 quibusdam
1716 1505 1906 1547 contendit,
1929 1507 2005 1538 meis
2030 1505 2218 1546 nonnullis,
2241 1505 2401 1540 Vals'alvae

1390 1558 1496 1582 autem
1520 1549 1677 1593 plerisque
1701 1549 1994 1583 Observationibus
2017 1550 2105 1582 ultro
2115 1548 2277 1582 confirmo
2292 1574 2300 1581 .
2326 1551 2403 1582 Cae-

1389 1601 1495 1627 terum
1517 1602 1553 1627 ut
1576 1594 1760 1627 innumeros
1784 1593 1868 1626 alios
1900 1593 2037 1635 polypos
2059 1603 2142 1635 quos
2178 1593 2279 1627 nimia
2304 1593 2402 1636 pleri-

1387 1647 1449 1678 que
1473 1635 1632 1670 facilitate
1655 1638 1689 1669 in
1721 1635 1906 1669 viventibus
1931 1634 2090 1679 ponebant
2111 1658 2124 1675 ,
2156 1637 2238 1670 reste
2262 1636 2300 1669 ab
2329 1635 2402 1679 ipso

1388 1681 1422 1712 in
1445 1679 1581 1714 dubium
1605 1690 1737 1712 vocatos
1760 1677 1841 1719 esse,
1864 1677 1970 1712 fateor
1985 1703 1994 1717 ,
2017 1689 2117 1721 neque
2132 1680 2232 1713 alium
2255 1681 2330 1713 novi
2341 1681 2401 1722 qui

1387 1722 1544 1757 nervosius
1571 1723 1609 1756 de
1633 1732 1704 1756 tota
1734 1734 1767 1755 ca
1792 1733 1823 1755 re
1856 1721 2067 1764 disputaverit
2095 1743 2105 1758 ,
2139 1723 2315 1765 meliusque
2339 1722 2399 1756 hac

1385 1767 1420 1798 in
1444 1777 1532 1809 parte
1555 1765 1594 1800 de
1618 1765 1744 1800 Medica
1769 1766 1933 1799 Facultate
1957 1763 1995 1798 sit
2021 1765 2175 1803 meritus;
2199 1765 2239 1799 sic
2264 1777 2400 1809 perpau-

1383 1821 1438 1843 cos
1471 1810 1627 1854 quosdam
1660 1811 1800 1853 polypos
1838 1821 1877 1842 ex
1911 1817 2003 1842 tanto
2039 1818 2173 1842 numero
2206 1808 2401 1843 crediderim

1388 1851 1473 1896 posse
1498 1856 1628 1896 excipi,
1651 1852 1863 1896 inprimisque
1886 1864 1940 1885 eos
1961 1853 2016 1894 qni
2042 1852 2097 1884 ubi
2123 1852 2180 1886 diu
2216 1862 2270 1887 aut
2295 1853 2401 1886 subla-

1388 1906 1460 1935 tus,
1489 1907 1542 1932 aut
1568 1898 1745 1941 plurimum
1768 1894 1945 1939 impeditus
1970 1895 2068 1928 fuerit
2082 1895 2242 1938 sanguinis
2266 1907 2398 1935 motus,

1387 1941 1623 1976 inveniuntur.
1659 1943 1747 1975 Nam
1779 1939 1869 1984 quod
1903 1939 1942 1972 ab
1977 1937 2124 1972 Lancifio
2163 1940 2196 1973 in
2231 1940 2400 1980 canibus,

1383 1983 1468 2017 idem
1493 1985 1532 2018 ab
1556 1985 1629 2018 aliis
1652 1986 1685 2017 in
1711 1983 1897 2018 hominibus
1921 1992 2126 2025 compertum
2147 1983 2189 2016 est
2210 2007 2219 2022 ,
2247 1985 2334 2017 velut
2360 1985 2402 2017 ab

1383 2028 1667 2069 Experientiffimo
1687 2026 1854 2070 Chirurgo
1878 2029 1989 2059 Petito
2012 2029 2066 2068 (g
2086 2029 2101 2066 )
2123 2048 2134 2065 ,
2156 2028 2213 2070 qui
2239 2028 2271 2060 in
2296 2029 2401 2062 muti-

1384 2070 1526 2104 latorum
1550 2073 1667 2104 arteria
1689 2071 1853 2113 polypum
1875 2068 2053 2110 describit,
2078 2081 2113 2102 ac
2137 2071 2247 2114 pingit
2270 2094 2280 2110 ‚
2305 2071 2400 2115 supra

1383 2113 1567 2155 ligaturam'
1584 2112 1813 2155 efformatum,
1835 2113 1985 2157 huncque
2009 2112 2186 2155 perfeetum
2220 2113 2284 2147 fere
2305 2116 2400 2148 inve-

1382 2157 1471 2196 niri,
1496 2157 1600 2194 dicit,
1626 2168 1690 2190 non
1715 2156 1815 2190 modo
1851 2156 1918 2198 post
1941 2156 2123 2198 vigesimam
2145 2180 2157 2197 ‚
2192 2167 2246 2192 aut
2271 2158 2400 2201 trigesi-

1382 2212 1466 2233 mam
1487 2223 1497 2238 ‚
1533 2200 1583 2235 sed
1609 2203 1642 2234 Sc
1674 2200 1743 2242 post
1768 2200 1937 2233 secundam
1960 2201 1998 2233 ab
2023 2200 2243 2242 amputatione
2276 2201 2364 2235 diem
2388 2225 2400 2237 .

1381 2245 1427 2276 At
1450 2244 1473 2276 si
1495 2255 1604 2278 motus
1627 2243 1788 2285 sanguinis
1810 2242 1848 2276 sit
1873 2254 1938 2276 non
1954 2269 1964 2285 ,
1989 2253 2024 2277 ut
2049 2245 2094 2278 ibi
2118 2267 2130 2284 ,
2162 2245 2298 2278 omnino
2322 2257 2402 2289 pro-

1382 2286 1506 2321 hibitus
1525 2310 1534 2325 ,
1558 2287 1610 2320 sed
1634 2286 1724 2320 valde
1744 2286 1976 2321 tantummodo
1998 2287 2175 2322 retardatus
2192 2311 2203 2328 ,
2228 2298 2263 2323 ut
2287 2290 2321 2322 in
2333 2300 2402 2322 ma-

1381 2342 1448 2373 gno
1473 2329 1721 2372 aneurysmate3
1756 2341 1807 2372 per
1831 2332 1915 2363 mihi
1941 2329 2076 2364 difficile
2100 2333 2133 2364 in
2170 2332 2283 2365 multis
2307 2333 2400 2366 vide-

1384 2385 1459 2413 tur,
1480 2374 1565 2407 nihil
1590 2373 1718 2406 tandem
1741 2372 1841 2415 longo
1865 2372 1976 2406 saltem
2000 2373 2105 2415 spatio
2128 2377 2283 2419 temporis
2319 2376 2401 2410 sece-

1384 2417 1481 2454 dere,
1507 2417 1590 2451 nihil
1615 2415 1817 2450 concrescere
1838 2436 1848 2453 ,
1887 2418 1919 2449 &
1945 2415 2101 2450 adhaerere
2124 2430 2140 2451 e
2164 2418 2318 2461 sanguine
2344 2430 2399 2454 aut

1387 2459 1504 2493 lentius
1528 2461 1604 2493 illac
1629 2459 1879 2505 progrediente,
1903 2468 1956 2493 aut
1980 2462 2103 2501 etiam,
2125 2470 2161 2494 ut
2186 2462 2219 2505 in
2244 2461 2401 2496 saccifor-

1386 2504 1491 2537 mibus
1520 2505 1816 2544 aneurylmatibus‚
1839 2502 2074 2545 propemodum
2099 2503 2278 2538 subsistente
2303 2529 2313 2539 .
2338 2507 2399 2540 Per

1389 2546 1477 2580 idem
1501 2549 1587 2580 enim
1611 2546 1692 2579 sacci
1716 2545 1880 2580 oris-icium
1895 2567 1904 2582 ,
1928 2557 1982 2588 per
2004 2547 2091 2588 quod
2116 2546 2214 2580 facile
2239 2548 2397 2592 illapsus,

1389 2590 1606 2633 impulsusque
1629 2589 1692 2629 est,
1716 2600 1779 2622 non
1804 2588 1907 2631 potest
1929 2588 2024 2622 facile
2048 2599 2137 2624 totus
2160 2591 2262 2626 redire
2285 2604 2293 2625 :
2327 2604 2402 2636 quae

1393 2644 1439 2666 res
1472 2634 1512 2667 ab
1537 2634 1663 2668 Littrio
1695 2636 1708 2672 (
1730 2632 1750 2666 h
1772 2638 1786 2674 )
1817 2633 1900 2666 inter
1924 2633 2029 2667 causas
2065 2636 2200 2676 ponitur
2220 2659 2232 2676 ,
2267 2645 2401 2670 motum

1394 2677 1553 2719 sanguinis
1576 2676 1770 2710 retardantes
1792 2700 1805 2717 ,
1836 2676 1902 2719 ipse
1929 2687 2002 2710 vero
2034 2676 2120 2711 haud
2142 2677 2208 2712 scio
2229 2703 2242 2719 ,
2273 2692 2309 2712 an
2334 2691 2401 2713 non

1392 2722 1540 2756 omnium
1563 2722 1722 2763 praecipua
1744 2718 1804 2754 sit.
1828 2719 1941 2758 Quid,
1964 2719 1987 2753 fi
2009 2732 2084 2754 cum
2110 2721 2194 2762 hac,
2219 2733 2402 2766 praeterea?-

1392 2774 1473 2798 teras
1496 2765 1568 2798 illas
1592 2762 1752 2798 universas
1775 2763 1906 2804 causas,
1928 2766 2004 2806 aegri
2031 2772 2085 2797 aut
2110 2765 2282 2808 syncopem
2307 2791 2320 2808 ,
2344 2776 2401 2801 aut

1393 2806 1635 2841 suffocationem
1660 2808 1828 2844 timentis,
1851 2817 2001 2849 perpetua
2024 2805 2109 2849 fere,
2133 2819 2168 2843 ut
2192 2809 2322 2845 demum
2348 2811 2400 2844 so-

1390 2851 1452 2888 let,
1481 2863 1572 2894 quies
1595 2849 1833 2893 conjungitur?
1857 2850 1957 2890 Qod
1980 2850 2002 2884 si
2027 2853 2075 2884 vel
2100 2851 2141 2886 fic
2165 2853 2245 2887 nulli
2270 2852 2399 2888 fortasse

1391 2905 1621 2939 nonnunquam
1647 2902 1717 2927 ante
1741 2903 1880 2928 mortem
1907 2895 2020 2937 polypi
2045 2897 2275 2938 gignerentur,
2303 2908 2401 2940 pecu-

1392 2939 1502 2972 liarem
1536 2940 1631 2972 latere
1665 2939 1698 2970 in
1722 2950 1760 2971 eo
1793 2936 1923 2970 homine
1953 2937 2076 2972 causam
2098 2963 2110 2980 ‚
2143 2950 2287 2982 putarem
2313 2965 2325 2982 ‚
2357 2941 2400 2973 ob

1391 2994 1486 3025 quam
1512 2994 1549 3016 ne
1575 2981 1641 3024 post
1667 2991 1802 3014 mortem
1825 2979 1956 3024 quidem
1980 2983 2070 3024 gigni
2096 2982 2242 3025 possent,
2267 2994 2319 3018 aut
2343 2986 2400 3017 vix

1392 3024 1514 3068 possent
1528 3053 1535 3060 .
1561 3028 1685 3061 Verum
1709 3025 1775 3058 haec
1798 3025 1959 3063 aliorum,
1986 3027 2197 3070 inprimisque
2218 3026 2283 3071 ejus
2305 3038 2401 3071 quern

1392 3071 1511 3103 merito
1535 3080 1608 3103 amo
1627 3094 1639 3110 ,
1672 3080 1706 3101 ac
1734 3067 1851 3110 laudo,
1877 3069 2053 3104 Clarissimi
2077 3072 2152 3105 Viri
2177 3069 2326 3113 judicio,
2350 3083 2403 3105 ar·-

1395 3113 1560 3157 bitrioque
1584 3114 1788 3157 permittam.

1438 3168 1490 3200 30.
1513 3158 1695 3204 Antequam
1719 3155 1996 3203 scribendi-finem
2018 3156 2104 3191 facio
2126 3157 2166 3193 de
2198 3159 2401 3203 aneurysma-

1395 3200 1502 3238 tibus,
1529 3213 1544 3232 a
1570 3200 1717 3234 Vallalva
1741 3200 1848 3233 multo
1871 3201 1984 3244 saepius
2006 3213 2104 3244 quam
2115 3201 2321 3243 credidisset,
2346 3214 2401 3246 per

1396 3254 1563 3277 anatomen
1596 3245 1629 3276 in
1653 3243 1767 3276 arteria
1790 3245 1895 3276 Aorta
1928 3245 2125 3288 deprehensis
2147 3272 2155 3285 ‚
2189 3250 2401 3280 commutem-

1392 3287 1470 3320 dum
1493 3287 1575 3321 mih-i
1602 3298 1665 3320 non
1689 3284 1771 3326 esse,
1793 3287 1944 3330 intelligo
1965 3313 1978 3330 ,
2003 3300 2038 3323 ut
2068 3289 2194 3323 filcntio
2217 3291 2251 3324 id
2272 3291 2402 3334 prorsus

1392 3331 1602 3371 diffimulem,
1624 3331 1712 3374 quod
1736 3339 1823 3380 tanta
1848 3333 1988 3366 exitialis
2011 3333 2116 3367 morbi
2128 3335 2306 3377 frequentia
2329 3345 2402 3377 per..

1395 3385 1528 3417 motu5‚
1550 3376 1690 3418 cogitare
1711 3383 1814 3418 ccepit
1835 3398 1848 3416 ‚
1880 3377 2034 3411 nimirum
2058 3385 2094 3411 ut
2116 3377 2176 3421 ipsi
2199 3379 2283 3413 inter
2304 3378 2401 3414 initia

2244 3432 2359 3457 occur-

339 3520 2389 3539 *ww—*mm*-

396 3596 406 3624 (
423 3601 433 3618 t
450 3593 540 3623 >supra
553 3610 561 3620 ,
575 3602 598 3617 η,
617 3602 655 3623 25.
723 3593 760 3622 (u
776 3593 789 3622 )
807 3593 905 3617 Advers.
923 3601 944 3617 2.
963 3592 1078 3619 Animad.
1096 3603 1120 3620 ι.
1181 3596 1196 3625 ζ
1210 3604 1225 3620 x
1242 3600 1251 3622 )
1268 3598 1289 3619 X

398 3628 408 3650 (
425 3633 439 3648 a
455 3624 469 3652 )
487 3627 521 3647 De
539 3625 594 3648 Circ
622 3627 711 3648 Sancti.
732 3626 820 3648 Exere.
841 3632 863 3653 3.
881 3623 927 3648 slve
943 3626 972 3646 ad
992 3625 1085 3648 Riolan.
1104 3634 1117 3648 2
1188 3627 1197 3655 s
1218 3626 1231 3650 b
1246 3626 1260 3656 )
1277 3635 1299 3651 n.
1317 3635 1339 3656 3.

399 3656 405 3682 (
425 3655 441 3678 d
457 3654 471 3682 2
489 3654 546 3677 ΟΜ.
565 3657 638 3678 Anat.
654 3654 720 3678 chit.
744 3654 780 3683 38.
845 3655 859 3684 (
876 3663 886 3679 e
902 3655 916 3684 )
931 3654 1027 3680 Advers.
1046 3663 1069 3679 2.
1086 3657 1169 3682 Anim.
1186 3665 1202 3686 4

400 3685 408 3715 (
427 3686 442 3709 b
459 3685 472 3713 )
488 3686 568 3709 Mem.
588 3688 620 3709 A.
637 3693 704 3715 ¹707·

1294 3598 1321 3620 V.
1340 3605 1427 3652 n.&53.8

1206 3663 1224 3681 r.
1287 3658 1301 3687 (
1313 3657 1330 3688 f
1343 3658 1357 3686 >
1374 3637 1412 3685 Ὀὲ
1428 3646 1517 3685 'Amut-
1533 3660 1629 3689 propos.
1647 3661 1685 3690 38.

1482 3597 1524 3628 ί]
1538 3598 1552 3626 )
1568 3600 1642 3627 oper.
1661 3598 1726 3622 Edit.
1742 3607 1764 3627 4.
1784 3599 1841 3624 vers.
1862 3600 1904 3625 fin.
1968 3600 1979 3628 (
1994 3608 2012 3629 z
2028 3600 2039 3630 )
2054 3601 2072 3624 i.
2089 3601 2136 3625 eit.
2151 3601 2190 3625 th.
2210 3604 2232 3628 8.
2252 3611 2276 3628 u·
2292 3612 2316 3633 4.

1500 3632 1511 3655 (
1529 3637 1540 3652 c
1558 3632 1565 3656 )
1585 3629 1646 3658 Eph.
1666 3631 1699 3653 N.
1717 3631 1746 3655 C.
1768 3632 1823 3654 Dec.
1845 3640 1861 3656 ι,
1882 3634 1913 3655 Α.
1934 3639 1956 3656 1.
1974 3632 2032 3656 Obs.
2053 3633 2089 3656 18.

1746 3661 1792 3690 (g
1809 3662 1823 3691 )
1838 3664 1916 3688 Mem.
1941 3662 1972 3687 de
1986 3662 2004 3686 l'
2020 3661 2097 3687 Acad.
2117 3663 2148 3686 R.
2167 3664 2207 3688 des
2228 3665 2265 3689 Se.
2282 3666 2312 3689 A.
2334 3672 2397 3698 ¹3¹-
