2498 4075
301 214 455 284 Epist.
490 215 654 271 Anat.
688 214 905 271 Medica
940 217 1000 270 L.
1036 215 1796 282 Art.17.18.19.20.'21.&221

73 297 122 329 tas
144 293 285 332 induciis
307 298 427 338 unius,
449 305 503 331 aut
526 297 654 331 alterius
677 298 752 330 anni
777 297 854 331 satis
899 296 1046 339 pensetur
1070 308 1081 329 .-

75 349 262 382 quanquam
287 352 372 383 aegra
396 340 576 374 dummodo
599 351 638 374 ex
660 340 869 382 praesentibus
889 341 1081 377 doloribus,

72 382 264 425 lethumque
288 385 431 418 allaturis
454 385 637 421 eximatur,
662 385 828 425 graviores
839 383 943 427 postea
967 384 1084 419 adven-

70 433 184 466 turos,
208 429 237 460 <St
262 427 376 461 saevius
399 427 627 462 interfeeturos
642 435 697 460 aut
709 429 842 461 minime
852 427 983 467 credat,
1007 437 1085 467 aut,

70 466 94 501 si
119 469 228 503 credat
244 495 253 510 ,
278 480 386 505 tamen
410 480 446 505 ut
468 480 612 514 tempore
633 470 804 513 interjecto
828 470 956 505 futuros
979 492 990 509 ‚
1012 481 1080 505 non

72 513 158 546 tanti
183 512 301 549 faciat.

120 565 171 598 17.
197 557 383 592 Tumorem
403 568 556 600 quoque,
582 556 636 591 sed
657 557 753 601 longe
777 558 856 592 alius
879 559 1004 600 generis
1027 580 1041 599 ‚
1064 568 1081 590 a

74 598 230 633 Valsalva
255 600 395 634 excisum
418 602 510 635 vidi.
534 601 644 638 Quem
668 610 774 635 tamen
807 603 964 644 quoniam
997 601 1083 635 exci-

73 643 144 677 sum
167 654 252 685 ego,
275 642 344 686 ipso
368 654 546 681 annuente,
573 644 735 684 persecui,
758 643 842 678 infra
866 648 899 678 in
923 646 997 679 loco
1030 644 1086 677 de-

76 685 234 720 scribam.
255 687 331 730 Jam
353 690 441 720 enim
465 688 504 722 ad
527 686 645 721 nostras
678 687 876 722 disseffioms
922 689 1087 722 transeun-

72 729 152 763 dum
177 730 241 763 est.
267 729 311 762 Et
336 730 503 771 primum,
527 741 565 763 ne
589 730 706 774 scripta
730 732 807 765 alibi
832 731 887 765 hic
911 743 1053 775 repetam
1074 740 1087 770 3

72 782 147 815 quae
170 772 210 806 de
235 773 396 807 varicibus
419 774 484 808 illis
509 774 650 816 spuriis,
673 776 752 809 &de
766 775 992 818 palpebrarum
1005 774 1084 808 stea-

71 816 250 850 tomatibus
273 816 340 858 ipse
363 816 608 857 adnotaverim,
631 820 666 851 in
698 817 813 852 eodem
858 818 953 852 habes
1000 818 1085 850 Tra-

75 859 185 899 flatu,
211 861 245 892 in
270 860 442 901 eademque
467 861 614 903 Epistola
636 872 708 904 quae
732 861 824 904 supra
847 865 861 901 <
883 863 935 905 n)
961 872 1086 896 memo-

72 911 141 936 rata
166 902 236 935 sunt
253 926 261 940 ‚
284 914 358 937 cum
379 905 417 937 de
438 914 578 946 utroque
612 916 724 938 eorum
757 914 926 938 tumorum
973 915 1086 948 genere

72 945 152 988 quid
177 945 327 980 Valsalva
352 946 549 987 tradiderit,
572 947 771 982 indicarem.
796 948 850 983 De
884 947 1083 982 steatomati-

72 989 133 1023 bus
157 998 288 1029 autem,
312 990 444 1034 aliisque
467 991 612 1033 Cysticis
636 992 821 1026 tumoribus
845 992 936 1034 plura
972 999 1085 1025 extant

72 1032 170 1075 digna
193 1044 264 1076 quae
288 1032 372 1075 legas
398 1036 430 1067 in
456 1046 490 1068 ea
515 1033 710 1068 Boerhaavii
743 1035 888 1078 Epistola
932 1046 1005 1079 quae
1049 1035 1085 1067 de

71 1075 206 1109 fabrica
229 1075 453 1111 Glandularum
477 1077 689 1120 inscribitur,
714 1080 860 1122 itemque
884 1080 916 1112 in
965 1078 1079 1112 Praele·

71 1120 236 1153 &ionibus
260 1121 295 1153 in
320 1120 389 1154 suas
412 1121 639 1155 Institutiones
685 1122 736 1165 (o
759 1126 771 1160 )
793 1144 801 1152 .
850 1123 894 1155 Et
928 1122 1078 1164 quamvis

71 1162 183 1202 idern,
204 1170 241 1197 ut
287 1163 416 1197 videtur
442 1189 450 1204 ,
497 1165 679 1207 exemplum
724 1166 882 1204 tumoris,
907 1164 1078 1199 humorem

73 1206 231 1249 aquosum
254 1209 471 1245 continentis,
496 1219 560 1241 non
591 1208 704 1242 eodem
738 1209 867 1251 prorsus
902 1209 1080 1252 utrobique

72 1249 196 1289 modo,
219 1251 375 1284 memoria
390 1272 399 1288 ,
424 1259 460 1284 ut
483 1252 624 1293 opinor,
648 1251 938 1294 nonnihillapsus,
961 1264 1083 1295 propo-

72 1302 153 1331 nat3
177 1301 286 1327 tamen
310 1292 386 1327 satis
409 1295 534 1328 constat
560 1294 592 1328 id
624 1295 714 1338 quod
761 1297 961 1339 praecipuum
1005 1296 1050 1329 est
1075 1319 1086 1334 ‚

71 1336 138 1378 ejus
163 1337 289 1379 generis
314 1346 476 1371 tumorem
503 1337 636 1372 vidisse:
660 1350 792 1382 eamque
814 1340 1085 1373 Observationem

71 1380 148 1414 licet
175 1381 323 1423 pluribus
345 1383 501 1424 exemplis
526 1394 542 1415 a
565 1382 637 1416 Cel·
661 1383 813 1416 Heistero
857 1387 868 1423 (
888 1392 911 1424 p
935 1386 945 1421 )
969 1382 1088 1416 additis

70 1423 263 1458 confirmare
278 1424 487 1468 .Eodemque
510 1437 549 1460 ex
572 1433 661 1468 parte
686 1427 801 1460 attinet
813 1435 980 1460 tumorum
1004 1438 1088 1468 quo-

71 1468 210 1501 rundam
233 1468 268 1500 in
291 1470 397 1509 capite
420 1469 557 1503 infantis
579 1468 778 1511 descriptio,
803 1480 872 1511 quae
909 1482 948 1503 ex
981 1468 1086 1503 Blasio

74 1511 109 1543 in
134 1509 217 1544 hanc
240 1511 447 1554 Sepulchreti
472 1513 658 1547 Seffionern
680 1513 746 1555 (q)
772 1513 870 1546 relata
893 1513 953 1551 est,
982 1523 1086 1556 quan-

75 1564 175 1595 quam
199 1564 267 1588 erat
292 1567 373 1598 aqua
398 1557 431 1588 in
458 1557 562 1598 plures
587 1555 759 1598 hydatides
782 1556 974 1598 dispertita.
1010 1556 1086 1590 Ma-

76 1598 126 1639 gis
149 1597 252 1631 libera
276 1608 363 1638 erat,
389 1598 444 1633 etsi
470 1611 487 1632 a
511 1600 619 1642 primo
640 1598 728 1634 secus
751 1599 918 1635 videretur
936 1624 945 1641 ,
988 1610 1088 1643 quam

76 1652 138 1683 ego
161 1640 204 1676 sic
229 1641 424 1675 observavi.

126 1685 179 1717 18.
225 1685 431 1729 QUIDAM
476 1696 515 1719 ex
559 1686 601 1719 iis
624 1696 767 1728 quorum
790 1687 902 1727 collo,
924 1687 957 1719 &
980 1687 1088 1730 capite

76 1727 151 1761 usus
175 1726 245 1762 sum
270 1729 305 1761 in
329 1728 459 1771 publica
483 1730 647 1763 Anatome
671 1730 713 1763 A.
741 1739 832 1772 1750.
857 1741 995 1773 parvum
1039 1739 1090 1764 tu-

76 1782 200 1805 morem
223 1770 264 1806 ad
288 1771 450 1806 finistrum
472 1771 543 1806 offis
568 1771 701 1816 hyoidis
724 1772 808 1807 latus
830 1774 979 1816 gerebat.

71 1814 259 1848 TUMOR
284 1826 342 1858 per
365 1815 593 1850 dissefflonem
615 1817 752 1850 omnino
776 1818 929 1855 meditus,
975 1819 1006 1850 δε
1050 1816 1091 1850 ab

71 1857 157 1891 laevo
180 1869 284 1892 cornu
308 1858 397 1893 illius
419 1858 491 1892 offis
509 1881 519 1896 ,
543 1859 583 1893 ad
607 1859 696 1901 quod
720 1862 859 1894 exterius
872 1860 1092 1903 alligabatur,

76 1899 225 1940 solutus,
249 1900 448 1943 hydatidum
474 1905 641 1945 aggeriem
664 1903 914 1946 repraesentabat
929 1929 937 1942 ‚
969 1904 1091 1937 ultimo

75 1943 177 1986 digiti
201 1946 333 1979 minimi
358 1946 497 1980 articulo
520 1956 585 1979 non
606 1945 783 1988 majorem.
918 1946 978 1981 Sed
1001 1947 1090 1981 illius

82 1998 177 2021 oram
199 1999 276 2023 cum
299 1990 417 2023 leviter
440 1988 668 2032 pupugissem3
693 1990 856 2024 turbidula
879 2002 979 2033 qnam
1012 2001 1091 2024 con-

76 2031 203 2065 tinebat
219 2058 228 2072 ‚
252 2043 334 2074 aqua
359 2033 467 2067 omnis
488 2033 651 2068 continuo
673 2032 835 2074 defluxit,
858 2037 915 2068 vix
936 2034 1090 2068 leviffima

77 2073 234 2118 pressione
259 2075 428 2110 adhibita.

121 2128 168 2160 19.
196 2119 338 2154 Initium
362 2119 472 2162 magni
495 2121 660 2160 tumoris,
682 2119 704 2154 si
727 2121 854 2155 diutius
878 2121 1006 2156 vixisset
1029 2120 1092 2154 ho·

79 2172 158 2202 mo,
179 2161 243 2196 hoc
268 2162 363 2197 facile
386 2164 449 2197 esse
472 2162 653 2206 potuisset:
675 2175 862 2207 quanquam
907 2166 993 2198 inter
1036 2175 1092 2198 eos

76 2207 136 2248 qui
162 2207 354 2248 incipientes
378 2206 506 2244 adhuc,
539 2217 604 2241 non
650 2207 844 2242 difficillime
890 2208 1061 2243 solvuntur
1083 2232 1092 2247 ‚

75 2247 137 2283 hos
161 2249 362 2293 potiffimum
385 2249 497 2284 censeo
522 2249 582 2285 esse
606 2250 792 2294 ponendos:
826 2249 991 2296 hujusque
1024 2250 1094 2285 for-

75 2291 154 2326 tasse
176 2296 301 2336 generis
325 2293 440 2335 fuisse,
462 2293 580 2333 credo,
606 2306 702 2337 quem
727 2296 760 2328 in
796 2296 886 2338 carpi
932 2296 1090 2331 exteriore

77 2347 166 2380 parte
195 2338 319 2372 Uxoris
343 2347 423 2371 rneae
447 2347 578 2371 enatum
605 2336 699 2378 vidi,
722 2340 813 2373 nucis
838 2338 990 2373 avellanae
1022 2338 1090 2372 for-

76 2391 153 2421 ma,
174 2379 318 2421 duritie,
341 2382 373 2414 &
398 2382 642 2424 magnitudine.
671 2383 758 2416 Cum
793 2384 881 2416 enim
915 2382 1090 2417 hebdoma-

75 2422 132 2458 das
153 2422 279 2467 aliquot
302 2423 504 2467 pertulisset,
527 2436 598 2459 ecce
624 2435 715 2459 mane
738 2426 921 2466 experredh
947 2435 1054 2461 narrat
1079 2448 1089 2464 ‚

77 2477 230 2509 repente,
253 2470 285 2501 δε
310 2479 349 2500 ex
371 2476 446 2501 toto
469 2468 566 2503 nocte
589 2466 645 2501 illa
669 2469 847 2503 evanuisse.
883 2471 969 2504 Vera
1001 2469 1091 2504 diee-

77 2510 157 2548 bat‚
181 2519 218 2544 ut
243 2512 350 2545 statim
375 2510 545 2554 perspexi.
569 2511 651 2545 Non
676 2512 786 2546 multis
811 2522 917 2546 autem
953 2513 1089 2554 interje-

79 2554 141 2587 ftis
164 2552 300 2596 diebus,
324 2555 410 2589 idern
436 2554 521 2589 redit
542 2565 680 2594 tumor,
712 2558 744 2588 &
790 2565 936 2599 tempore
981 2557 1091 2591 multo

81 2596 227 2631 breviori
252 2599 465 2642 interposito,
491 2609 620 2641 repente
644 2600 763 2633 iterum
787 2599 946 2634 evanescit
967 2623 979 2640 ,
1025 2611 1091 2634 non

77 2640 267 2680 rediturus,
292 2650 425 2680 cutem,
450 2640 485 2675 id
507 2642 596 2685 quod
623 2644 710 2685 prius
734 2654 800 2677 non
834 2642 995 2678 acciderat
1019 2666 1028 2682 ‚
1053 2655 1092 2677 eo

64 2683 156 2718 loco
180 2685 361 2728 relinquens
385 2686 523 2719 minutis
547 2685 744 2729 quibusdam
769 2686 933 2722 subrubris
957 2687 1090 2730 pustulis

80 2727 290 2767 distinctam,
313 2740 386 2772 quae
408 2729 506 2772 paulo
531 2727 602 2772 post
624 2729 701 2772 ipsae
725 2741 856 2774 quoque
880 2741 935 2774 per
959 2731 988 2764 se
1001 2732 1088 2764 abie-

83 2781 137 2804 re.
164 2769 325 2806 AEstivum
348 2781 416 2806 erat
440 2781 590 2814 tempus,
615 2776 646 2806 &
668 2776 784 2808 ceratis
807 2773 859 2808 usa
883 2772 986 2808 fuerat
1019 2785 1092 2816 quae

81 2813 271 2857 resolvunt,
293 2818 324 2849 &
370 2816 522 2852 remoue,
544 2818 598 2850 cui
622 2826 751 2851 tantum
787 2816 935 2852 tribuisse
969 2816 1098 2851 Valsal·

83 2868 179 2896 vam,
201 2868 241 2891 ex
265 2869 315 2892 me
353 2868 427 2892 orte
452 2858 642 2900 audiverat,
667 2869 703 2893 ut
727 2872 800 2895 cum
825 2862 890 2903 ipse
935 2860 972 2894 ad
1016 2861 1095 2895 alte-

83 2912 153 2935 ram
177 2900 338 2944 scapulam
361 2911 523 2936 tumorem
545 2902 707 2945 cysticum
729 2914 852 2946 gereret
866 2926 876 2941 ,
900 2903 1093 2945 huncjuffe-

83 2945 153 2984 rit,
178 2945 217 2979 ad
241 2946 474 2981 incrementum
497 2946 746 2984 retardandum,
771 2948 819 2980 vel
844 2946 979 2990 pedibus
1002 2960 1091 2981 com-

84 2989 205 3031 primi.
229 2988 288 3023 Sed
309 2988 378 3032 ipsa
402 2990 567 3025 moderata
582 3014 591 3029 ‚
616 2991 712 3025 sicuti
735 2990 915 3032 suaseram,
938 2990 1093 3035 preffione

87 3033 145 3065 vix
167 3040 235 3066 erat
260 3031 312 3066 usa
334 3034 452 3076 primis
475 3034 610 3074 diebus,
632 3034 748 3069 ceratis
770 3044 878 3068 autem
902 3046 967 3069 non
1001 3035 1059 3070 diu
1080 3059 1094 3076 ,

87 3085 143 3109 aut
166 3085 253 3109 certe
275 3085 342 3109 non
366 3075 502 3117 assidue,
526 3078 615 3121 quod
640 3077 723 3111 nihil
748 3077 903 3120 proficere
947 3077 1094 3113 videren-

86 3127 162 3153 tur.
188 3119 260 3153 Nec
282 3130 360 3153 vero
383 3118 405 3153 fi
429 3118 514 3154 forte
536 3122 705 3164 ganglium
731 3120 824 3156 fuisse
835 3122 1003 3159 malueris;
1028 3123 1097 3156 val-

87 3161 127 3197 de
150 3164 363 3206 repugnab03
387 3173 454 3210 erat
476 3165 563 3198 enim
587 3176 716 3202 recens,
742 3174 780 3198 ut
805 3166 941 3199 minime
975 3166 1095 3201 necesse

89 3205 166 3240 esset
188 3206 366 3243 involucris
387 3217 453 3248 Jam
477 3208 600 3242 includi
623 3208 847 3249 crassioribus,
874 3218 928 3242 aut
975 3209 1096 3243 humo-

89 3259 157 3285 rem
180 3252 347 3284 continere
370 3261 467 3291 quem
487 3251 659 3286 diuturnus
683 3253 920 3294 particularum
966 3255 1097 3287 tenuio-

91 3303 165 3327 rum
186 3293 333 3328 discessus
377 3294 645 3335 glutinosiorem‚
668 3295 839 3338 minusque
881 3294 1098 3338 dissipabilem

91 3335 290 3379 reliquisset.
315 3336 477 3379 intelligis
498 3349 549 3372 me
572 3337 610 3372 de
632 3339 839 3383 gangliorum
851 3341 984 3373 materia
1010 3338 1099 3374 haud

90 3381 185 3413 aliter
209 3379 327 3414 sentire
351 3392 386 3413 ac
411 3381 524 3424 saepius
547 3385 692 3423 repetita:
724 3394 838 3417 eorum
885 3381 1093 3419 dissestiones

92 3422 322 3457 ostenderunt·
347 3424 497 3461 Quarum
521 3426 596 3459 alias
619 3426 703 3469 apud
725 3427 779 3459 Cl-
803 3426 988 3461 Heisterum
1012 3428 1097 3468 (r),

94 3467 229 3509 legeriss
253 3468 329 3501 alias
352 3477 460 3502 autem
482 3467 574 3503 addes
597 3480 636 3503 ex
670 3469 899 3504 observatione
934 3471 1097 3513 Egregio-

182 3707 227 3736 η)
302 3726 309 3733 .
372 3705 604 3738 (0)ad§.711.

188 3746 199 3761 v
214 3738 229 3766 )
246 3739 322 3764 Instit.
338 3738 404 3764 ebir.
423 3738 449 3762 P.
467 3746 490 3762 2.
508 3740 533 3763 S.
549 3742 574 3763 6.
591 3745 614 3762 e.
634 3745 685 3768 ¹7¹·
704 3745 728 3761 n.
746 3749 769 3765 2,

186 3775 196 3792 r
211 3770 225 3798 )
240 3770 294 3794 Vid.
316 3771 367 3794 Ast.
383 3768 459 3793 Erud.
478 3769 647 3803 Uist-4¹75&-
663 3770 805 3796 Moetobr,

184 3805 201 3828 J
217 3800 231 3828 )
247 3803 260 3824 l.
280 3811 294 3829 4
318 3801 386 3831 supra
402 3799 432 3823 ad
450 3807 473 3823 n.
491 3808 527 3825 10.
543 3806 584 3824 cit.
601 3808 621 3823 c.
641 3808 663 3823 2.
681 3802 703 3824 a:
721 3810 742 3831 3.
803 3804 817 3832 (
833 3810 851 3831 z
869 3804 876 3831 )
891 3802 1012 3827 Offervaz.
1029 3805 1063 3826 ιι,

187 3838 198 3853 ι’»
214 3835 224 3857 )
243 3833 278 3856 Η.
294 3832 407 3857 Animad.
426 3833 451 3854 ό.
513 3831 527 3860 (
542 3831 557 3854 d
572 3831 585 3860 2
601 3831 626 3854 in
643 3831 688 3856 fine
704 3832 786 3859 Trast.
803 3834 834 3858 de
850 3835 952 3858 Tumor.
972 3841 994 3863 p.
1012 3840 1035 3856 n.

663 3707 678 3737 (
691 3713 708 3737 Ρ
729 3706 736 3734 )
753 3709 847 3736 Dissert.
864 3709 933 3739 supra
947 3708 978 3733 ad
995 3716 1020 3733 n.
1038 3716 1078 3738 14-
1097 3709 1141 3733 cit.
1164 3713 1170 3724 ί

1964 232 2055 280 ²71

1130 307 1205 331 rum
1230 295 1389 330 Virorum
1413 296 1537 331 Weiffii
1560 300 1572 336 (
1590 295 1616 340 s
1630 299 1665 337 )‚
1689 299 1721 330 δι
1745 297 1847 331 Elleri
1868 299 1883 337 (
1904 303 1919 331 t
1942 299 1983 337 )ἷ.
2027 297 2136 330 Caete-

1135 351 1207 374 rum
1229 346 1364 380 narras,
1389 348 1426 374 ut
1450 340 1534 374 nosti
1549 365 1558 381 ‚
1580 349 1723 374 tumores
1745 341 1883 383 cysticos
1893 339 2054 382 Chirurgi
2076 349 2138 373 no-

1135 384 1246 417 strates
1269 384 1440 421 vocitant,
1463 395 1527 418 uno
1549 383 1856 427 comprehendentes
1878 383 2039 419 vocabulo
2070 392 2135 416 non

1133 426 1236 461 solum
1259 427 1321 460 tria
1345 427 1402 461 illa
1425 426 1612 470 pervulgata
1636 436 1773 469 genera,
1798 429 1848 462 sed
1871 430 1903 461 δε
1936 427 2000 461 alia
2024 449 2033 465 ,
2062 436 2136 467 quae

1134 468 1200 503 fere
1221 481 1355 511 omnes,
1379 470 1401 503 si
1428 470 1592 505 doRiores
1613 472 1773 515 excipias,
1796 483 1895 515 quam
1928 468 2053 505 diversa
2097 468 2137 518 ab

1131 513 1197 547 illis
1220 514 1382 548 interdum
1404 514 1612 555 contineant,
1636 515 1762 558 prorsus
1784 515 1955 557 ignorant,
1980 525 2016 547 ne
2038 511 2139 554 suspi-

1131 566 1240 590 cantes
1265 557 1418 600 quidem‚
1444 557 1501 591 ubi
1523 557 1657 592 durities
1682 557 1727 592 est
1745 581 1755 597 ‚
1800 559 1849 591 ibi
1892 557 1979 600 posse
2023 564 2138 598 aquam

1135 599 1279 640 subesse,
1303 609 1340 635 ut
1364 601 1398 634 in
1421 599 1485 634 suis
1507 610 1678 644 utramque
1701 600 1920 635 Boerhaavius
1943 604 1956 641 (
1979 611 1998 633 u
2022 602 2033 638 )
2052 622 2061 637 ‚
2105 600 2137 630 &

1133 643 1301 677 'Heisterus
1323 645 1400 687 (uu
1423 647 1434 682 )
1458 642 1687 679 observarunt.
1712 644 1771 678 Sed
1794 647 1826 678 &
1860 645 1929 677 aliae
1961 643 2138 686 peculiares

1137 696 1303 720 tumorum
1327 687 1443 731 species
1467 686 1561 725 sunt,
1584 689 1721 729 exempli
1744 687 1858 727 causa,
1881 698 1978 733 quarn
2011 687 2139 719 nemine

1137 729 1240 763 ferme
1262 739 1444 772 praeeunte,
1469 729 1640 769 exhibuit,
1666 731 1861 764 Salzmanno
1882 729 2041 769 Praeside,
2080 729 2141 772 Jo:

1138 773 1257 807 Paulus
1281 774 1406 809 Kellius
1428 777 1442 813 (
1463 784 1486 808 x
1507 777 1543 814 ),
1566 774 1764 809 constantem
1788 786 1827 808 ex
1857 772 1932 806 solis
1964 783 2140 815 propemo-

1137 816 1214 850 dum
1237 817 1452 854 membranis,
1478 828 1549 861 quae
1573 818 1763 852 lamellatim
1788 818 1857 851 aliae
1881 816 1951 849 aliis
1982 815 2143 865 impositae

1138 869 1299 894 tumorem
1322 862 1356 894 in
1380 861 1505 895 cervice
1527 860 1696 896 effecerant
1721 870 1901 904 aequantem
1927 858 2067 902 pondere
2096 859 2141 907 ⁴11-

1139 903 1211 936 bras
1234 905 1402 947 quinque,
1427 914 1480 937 aut
1503 916 1599 946 quarn
1624 905 1692 947 post
1715 905 1795 938 alios
1811 927 1820 941 ,
1866 906 1896 935 δε
1942 903 2141 936 nominatim

1140 947 1327 981 Severinum
1352 952 1404 990 (y
1428 951 1461 986 ),
1487 947 1785 990 Experientislimus
1808 945 1972 989 descripsit
1997 946 2141 979 Benevo-

1138 989 1185 1023 lus
1209 995 1219 1029 (
1245 991 1327 1033 ιζ),
1351 991 1557 1025 substantiam
1583 990 1747 1034 polyposae
1792 990 1927 1024 similem
1970 990 2143 1022 continen-

1135 1042 1202 1073 tem
1218 1058 1226 1066 .
1251 1034 1355 1075 CUJus
1379 1033 1654 1069 Observationem
1676 1035 1785 1077 legens
1800 1058 1808 1072 ‚
1833 1037 1867 1067 in
1891 1034 2082 1081 memoriam
2092 1043 2143 1065 re-

1135 1077 1183 1109 dii
1210 1077 1363 1115 alterius,
1389 1089 1485 1120 quam
1505 1078 1609 1121 Junio
1633 1079 1735 1112 mense
1759 1080 1802 1112 A.
1830 1087 1924 1121 1735.
1973 1075 2142 1125 Mednavia

1129 1120 1233 1153 noster
1257 1120 1370 1153 eodem
1394 1132 1462 1165 quo
1486 1118 1639 1156 habuerat
1654 1146 1665 1163 ,
1687 1121 1739 1155 die
1763 1122 1935 1162 nobiscum
1959 1128 2143 1153 commum-

1128 1171 1277 1197 caverat.

1178 1218 1229 1241 20.
1253 1206 1515 1240 MONACHO
1538 1206 1575 1240 ad
1601 1208 1718 1241 rotulae
1743 1209 1876 1242 alterius
1900 1207 2068 1249 regionem
2090 1214 2143 1238 tu-

1134 1261 1208 1283 mor
1230 1251 1408 1284 increverat
1423 1273 1433 1288 ,
1458 1262 1603 1293 pugnum
1628 1262 1757 1294 aequans
1772 1278 1782 1293 ,
1805 1252 1929 1291 durus,
1975 1249 2107 1282 OEObffiS
2135 1273 2144 1287 9

1133 1293 1257 1326 doloris
1281 1304 1394 1336 expers
1411 1320 1419 1334 ,
1444 1301 1567 1328 nattam
1601 1296 1764 1329 vocabant
1789 1320 1798 1329 .
1931 1292 2146 1341 INTEQUa

1138 1337 1324 1370 MENTIS
1349 1338 1577 1371 communibus
1600 1337 1729 1376 incifis,
1754 1338 1794 1372 δί’
1830 1337 1927 1372 facile
1968 1336 2112 1370 diduffls
2137 1346 2148 1373 3

1138 1390 1240 1422 neque
1263 1381 1352 1414 enim
1377 1382 1435 1415 ulli
1461 1381 1613 1414 arffiores
1636 1382 1809 1416 obstabant
1841 1391 1943 1415 nexus
1963 1404 1972 1420 ‚
2009 1383 2041 1413 Sc
2075 1378 2147 1412 vasa

1138 1422 1319 1465 sanguifera
1341 1425 1535 1458 creberrima
1558 1424 1691 1468 quidem
1716 1435 1828 1465 erant,
1852 1425 1902 1459 sed
1926 1423 2049 1461 exilia;
2082 1432 2150 1471 nor?

1140 1467 1257 1509 majori
1281 1471 1414 1509 negotio
1439 1467 1597 1510 separatus
1620 1469 1662 1503 est
1685 1472 1805 1504 tumor
1831 1481 1847 1502 a
1871 1467 2059 1502 tendinibus
2092 1476 2151 1508 qui

1137 1510 1280 1543 rotulam
1304 1513 1492 1553 obtegunt,
1517 1523 1612 1553 quam
1638 1513 1802 1547 musculus
1833 1524 1850 1545 a
1885 1510 2030 1546 musculo
2066 1508 2151 1542 solet

1138 1553 1301 1595 separari.
1331 1556 1446 1597 Itaque
1468 1555 1624 1588 inviolata
1647 1557 1756 1590 tunica
1771 1579 1783 1595 ,
1804 1555 1987 1591 detraetuQ
2025 1555 2056 1586 &
2070 1550 2152 1602 ‘dis-

1142 1597 1247 1630 seCius
1269 1599 1410 1640 primum
1434 1597 1518 1632 hanc
1542 1597 1681 1631 ostendit
1706 1600 1781 1632 satis
1804 1598 1964 1637 crassam,
1987 1606 2022 1630 ut
2045 1595 2151 1630 divali

1140 1640 1174 1672 in
1188 1640 1322 1675 laminas
1348 1651 1413 1675 tres
1437 1639 1562 1684 posset,
1587 1642 1756 1683 exquibus
1769 1643 1877 1675 minus
1891 1642 1999 1675 tenuis
2009 1649 2075 1673 erat
2088 1651 2155 1674 me-

1139 1682 1212 1718 dia.
1235 1684 1411 1728 Qidquid
1435 1693 1541 1718 autem
1565 1684 1658 1717 solidi
1684 1687 1769 1719 intra
1794 1687 1939 1719 tunicam
1963 1683 2154 1718 contineba-

1140 1736 1217 1763 tur,
1241 1727 1416 1762 substantia
1442 1737 1536 1769 erat,
1559 1736 1594 1761 ut
1620 1729 1814 1769 videbatur,
1838 1727 2021 1773 polyposa,
2054 1738 2154 1770 eaque

1141 1771 1178 1803 in
1201 1773 1359 1806 cancellos
1380 1771 1470 1813 quasi
1495 1771 1652 1812 quosdam
1676 1773 1905 1814 conformata,
1930 1780 1966 1806 ut
2003 1770 2155 1813 spongio-

1143 1813 1209 1847 sam
1233 1814 1452 1857 quadantenus
1475 1814 1606 1847 referret
1631 1815 1825 1850 stru&uram
1836 1816 2029 1859 quamintra
2040 1814 2158 1850 ollium

1142 1859 1249 1899 capita
1272 1858 1438 1892 videmus.
1461 1858 1491 1891 Ii
1513 1869 1625 1892 omnes
1671 1860 1805 1894 cancelli
1851 1860 1959 1894 diluto
1999 1858 2159 1901 sanguine-

1142 1901 1228 1944 pleni
1250 1912 1359 1936 erant.
1892 1936 1895 1938 .

1187 1954 1236 1977 21.
1262 1944 1461 1988 Hujusmodi
1485 1955 1629 1981 tumores
1663 1948 1750 1982 inter
1795 1960 1846 1983 eos
1896 1949 1973 1992 poni
2020 1944 2155 1981 forta-(fe

1142 1987 1265 2031 possent
1280 2000 1364 2030 quos
1376 1989 1489 2023 Celsus
1515 1994 1525 2029 (
1549 2001 1567 2023 a
1583 1991 1605 2034 )
1625 1993 1816 2032 continere,
1842 1994 1889 2027 ait
1907 1990 2010 2035 fimile
2034 1990 2160 2033 aliquid

1141 2032 1230 2065 carni
1254 2031 1360 2066 hebeti
1384 2032 1427 2065 (9⁶
1451 2041 1606 2074 cruentae,
1629 2036 1688 2068 nist
1710 2037 1796 2070 inter
1820 2036 1933 2070 molles
1949 2058 1957 2074 ‚
1990 2034 2155 2068 cedentes-

1142 2087 1204 2118 que
1228 2074 1445 2110 recensuisset.
1472 2076 1692 2113 Boerhaavius
1738 2085 1748 2119 (
1771 2078 1790 2113 b
1812 2084 1846 2120 ),
1872 2081 1929 2122 qui
1975 2079 2155 2113 sarcomata

1141 2130 1181 2152 ex
1204 2121 1286 2153 veris
1309 2120 1400 2153 fibris
1424 2122 1544 2155 carneis
1567 2122 1788 2164 procrescere,
1814 2127 1846 2157 &
1870 2124 1942 2158 fieri
1966 2145 1981 2162 >
2009 2133 2077 2156 non
2108 2121 2157 2155 fae

1143 2163 1205 2196 cile
1226 2163 1351 2200 credit,
1378 2162 1428 2197 secl
1451 2175 1490 2197 ex
1513 2165 1700 2201 membrana
1723 2167 1892 2209 Adiposa,
1916 2165 2007 2208 cujus
2019 2168 2156 2208 pingue-

1144 2205 1188 2239 do
1211 2207 1257 2239 ob
1279 2207 1415 2240 distenta
1457 2206 1637 2251 sanguifera
1682 2209 1808 2244 vascula
1852 2211 1986 2245 rubram
2022 2220 2156 2243 carnem

1144 2251 1346 2288 mentiatur,
1368 2251 1467 2284 etiam
1492 2254 1537 2286 fic
1560 2250 1663 2288 fafios
1687 2263 1829 2288 tumores
1861 2255 1952 2288 tenui
2002 2253 2155 2295 pellicula

1140 2294 1285 2333 includi,
1310 2294 1422 2327 scribit
1438 2316 1447 2331 ‚
1472 2297 1502 2327 δέ
1524 2295 1568 2329 ob
1591 2295 1673 2330 hanc
1685 2306 1774 2331 totos
1786 2297 1871 2339 posse
1882 2296 2008 2331 detrahi
2024 2321 2032 2329 .
2049 2298 2161 2339 Equi-

1140 2338 1215 2370 dem
1240 2339 1273 2370 in
1297 2337 1500 2372 Adversariis
1525 2344 1535 2378 (
1558 2340 1609 2382 c)
1632 2341 1715 2374 olim
1738 2340 1956 2378 tradideram,
1982 2352 2032 2374 me
2055 2341 2093 2373 in·-
2112 2341 2158 2372 il«.

1141 2381 1207 2414 lius
1251 2381 1444 2414 membranae
1468 2381 1601 2416 sacculis
1624 2383 1788 2418 interdum
1834 2384 2068 2427 pinguedinem
2109 2385 2157 2418 ita

1142 2422 1295 2466 sanguine
1319 2422 1472 2458 infefihm
1497 2426 1634 2467 vidisse,
1656 2436 1693 2461 ut
1717 2438 1843 2461 carnem
1869 2430 1930 2471 ipsi
1976 2427 2157 2462 mentiren-

1141 2477 1220 2501 tur.
1246 2468 1302 2500 Seu'
1327 2466 1390 2502 sive
1414 2472 1459 2501 ita
1484 2481 1532 2503 res
1556 2469 1585 2502 se
1609 2469 1746 2508 habuit,
1770 2471 1833 2505 sive
1858 2471 1958 2505 rubor
1981 2473 2089 2513 potius
2121 2471 2155 2505 in

1141 2510 1385 2546 confertissimis
1404 2536 1414 2551 ,
1435 2511 1644 2555 distenti-sque
1668 2513 1805 2548 vasculis
1828 2513 1891 2548 fuit
1914 2514 2125 2549 creberrimas
2144 2537 2155 2553 ,

1141 2554 1400 2602 tenuissimasque
1423 2556 1658 2591 membranulas
1682 2559 1939 2601 perreptantibus
1954 2583 1962 2598 ‚
1985 2558 2157 2601 pinguedi-

1142 2600 1176 2632 ni
1200 2599 1404 2639 inteneetas,
1430 2602 1462 2632 δε
1486 2611 1542 2641 ρει·
1576 2599 1660 2635 hanc
1694 2602 1888 2645 transpeezas
1910 2613 1923 2640 ,·
1953 2610 2040 2636 certe
2073 2601 2156 2636 mihi

1144 2653 1210 2676 non
1234 2641 1383 2682 accidit,
1406 2651 1443 2676 ut
1467 2651 1547 2677 tunc
1569 2654 1619 2677 eas
1643 2644 1799 2687 Adiposae
1823 2647 2017 2679 membranae
2052 2657 2157 2688 partes

1139 2687 1174 2719 in
1199 2694 1360 2720 tumorem
1383 2686 1594 2728 conglobatas
1617 2688 1760 2722 viderem
1779 2715 1787 2729 ,
1811 2692 1842 2721 δε
1866 2690 2021 2731 peculiari
2045 2690 2155 2723 tunica

1140 2729 1282 2764 cineras.
1306 2729 1408 2766 Quod
1435 2739 1544 2764 tamen
1569 2739 1605 2765 ut
1629 2731 1773 2767 accidisse
1797 2734 1891 2771 aliis,
1919 2744 1984 2767 non
2020 2743 2156 2775 negave-

1148 2775 1233 2809 rim3
1256 2773 1302 2805 ita
1324 2784 1390 2806 non
1413 2785 1525 2808 omnes
1548 2784 1722 2816 negaturos
1745 2775 1827 2816 esse,
1850 2776 1973 2816 credo,
1996 2775 2092 2809 facile
2117 2788 2156 2810 ex

1148 2818 1232 2851 veris
1254 2815 1329 2858 ipsis
1351 2815 1442 2850 fibris
1465 2819 1610 2858 carneis,
1632 2818 1689 2851 ubi
1713 2830 1784 2861 pars
1808 2820 1914 2862 aliqua
1938 2830 2046 2853 earum
2069 2820 2156 2853 lace-

1147 2869 1215 2893 rata
1233 2884 1242 2899 ‚
1267 2867 1321 2893 aut
1345 2858 1434 2893 erosa
1461 2859 1522 2902 sit,
1546 2860 1773 2895 excrescentias
1799 2864 1885 2898 nasci
1910 2874 2037 2897 carneas
2053 2887 2060 2896 .
2096 2863 2157 2898 Sed

1145 2903 1183 2937 ad
1207 2912 1349 2936 tumores
1372 2903 1509 2944 cysticos
1532 2904 1581 2938 hae
1604 2915 1668 2937 non
1713 2905 1877 2947 attinent,
1902 2916 1937 2940 ut
1961 2917 2065 2948 neque
2100 2918 2157 2940 ex-

1144 2947 1324 2981 crescentiae
1347 2946 1541 2981 membranae
1565 2947 1740 2991 Adiposae.
1764 2951 1853 2992 Qas
1875 2962 1952 2984 cum>
1972 2949 2073 2983 videri
2087 2950 2156 2992 pos<

1144 2990 1205 3024 sint
1231 2990 1309 3024 Viri
1333 2989 1433 3032 aliqui
1456 2990 1631 3024 doffiffimi
1656 3003 1732 3026 cum
1766 2993 2009 3028 steatomatibus
2041 2994 2157 3027 consu-

1145 3031 1244 3074 disse,
1267 3033 1322 3066 alii
1348 3033 1390 3066 ab
1412 3033 1461 3067 his
1483 3034 1616 3076 quidem
1637 3034 1844 3078 distinxisse,
1867 3046 2078 3072 veruntamen
2102 3039 2153 3070 in-

1145 3088 1195 3112 ter
1217 3076 1357 3119 cysticos
1381 3084 1526 3110 tumores
1550 3078 1708 3121 posuisse,-
1732 3079 1788 3114 hic
1812 3082 1875 3115 tibi
1899 3081 1979 3124 quid
2003 3092 2063 3122 ego
2087 3081 2157 3114 Ex-

1145 3120 1328 3166 crescentiae
1355 3120 1547 3154 membranae
1572 3122 1725 3164 Adiposae
1749 3126 1880 3160 nornine
1904 3124 2153 3166 intelligam,&

1146 3172 1245 3209 q'uam
1268 3174 1338 3205 ejus
1360 3163 1549 3198 struCturam
1582 3165 1819 3202 observaverim
1847 3193 1856 3208 ,
1898 3178 2006 3210 aperte
2050 3177 2152 3209 expo-

1147 3220 1241 3243 narn-

1195 3262 1245 3284 22.
1265 3251 1407 3294 joannes
1431 3249 1601 3295 Philippus
1623 3253 1787 3296 Ingraslias
1810 3255 1864 3288 ubi
1888 3254 1926 3288 de
1947 3256 2064 3295 'Natta¹
2087 3254 2155 3295 agit

1148 3299 1163 3336 (
1185 3297 1203 3328 d
1225 3298 1238 3335 )
1261 3306 1357 3336 quam
1381 3297 1414 3326 in
1439 3294 1575 3337 scapulis
1598 3297 1768 3331 dumtaxat
1793 3297 1902 3331 vidisse
1928 3296 1978 3335 se,
2005 3296 2116 3330 scribit
2140 3322 2150 3336 ‚

1151 3342 1185 3372 in
1208 3349 1308 3380 eaque
1333 3337 1483 3380 adipem,
1504 3339 1628 3373 tametsi
1652 3342 1827 3383 aliquando
1849 3344 1879 3374 &
1902 3352 2029 3375 carnem
2047 3363 2056 3378 ,
2091 3352 2158 3373 non

1151 3383 1302 3421 dubitat,
1327 3383 1407 3422 quin
1432 3381 1470 3415 ad
1495 3382 1647 3416 steatoma
1673 3385 1712 3416 sit
1736 3383 1911 3419 reducenda
1936 3410 1943 3416 .
1989 3383 2157 3417 Fabricius

1152 3436 1259 3459 autem
1282 3425 1386 3458 noster
1409 3424 1448 3458 ab
1471 3424 1724 3468 Aquapendente
1745 3430 1760 3466 (
1781 3438 1795 3460 e
1811 3429 1831 3470 )
1855 3428 1956 3461 tradit
1985 3454 1994 3468 ‚
2041 3427 2158 3461 steato-

1150 3481 1224 3508 ma,
1246 3468 1303 3502 ubi
1327 3468 1362 3500 iu
1386 3469 1490 3512 capite
1536 3480 1600 3503 non
1624 3470 1668 3503 est
1684 3496 1694 3512 ,
1717 3471 1769 3505 sed
1813 3473 1848 3504 in
1870 3472 1941 3506 aliis
1974 3470 2123 3546 parti-bins
2145 3493 2156 3510 ‚

2029 3522 2065 3547 ‘m
2088 3524 2119 3547 e-

1202 3707 1471 3740 (q)0bs.1.§.5.

830 3741 845 3770 (
857 3741 901 3770 s)
919 3739 976 3764 vid.
994 3742 1133 3765 Comi-nere.
1152 3738 1241 3764 Litter.
1258 3743 1287 3765 A.
1306 3748 1374 3769 1745.
1391 3739 1471 3765 Hebd.
1489 3745 1526 3765 ιιι.
1543 3748 1565 3763 n.
1585 3747 1608 3764 ι.

866 3770 938 3801 (u.)
968 3773 1029 3801 (uu
1047 3776 1056 3797 )
1074 3772 1126 3796 Vid.
1145 3770 1211 3799 supra
1229 3772 1257 3795 ad
1274 3780 1338 3799 n.i7-

1402 3770 1410 3799 (
1426 3779 1441 3794 x
1457 3772 1466 3801 )
1484 3770 1576 3799 Disput.
1595 3771 1624 3795 de
1639 3772 1747 3795 ”rumore
1759 3762 2080 3803 tunicatomeinbranac.§.1
2100 3775 2120 3797 Sc
2132 3781 2153 3800 7.

1125 3802 1131 3824 ι’
1150 3810 1165 3825 a
1182 3803 1193 3831 )
1210 3804 1246 3826 De
1262 3803 1354 3826 Medic.
1373 3802 1387 3824 l.
1403 3810 1427 3829 7.
1443 3809 1465 3826 c.
1486 3805 1508 3824 6.
1570 3802 1583 3829 (
1600 3801 1614 3826 b
1631 3806 1640 3830 }
1657 3802 1761 3827 Praelei‘c.
1781 3802 1805 3832 ᾗ.
1825 3803 1892 3833 supra
1907 3806 1936 3829 ad
1954 3813 1977 3828 n.
1998 3811 2032 3834 17.
2048 3807 2092 3830 cit.

1098 3834 1113 3863 (
1127 3842 1139 3857 e
1155 3834 1209 3862 ).in
1225 3834 1271 3858 fine
1289 3832 1395 3862 Append.
1412 3833 1427 3856 l.
1447 3840 1467 3857 1.
1485 3832 1603 3863 Chirurg.
