2498 4075
600 230 756 296 Epist·
793 231 957 286 Anat.
994 229 1216 285 Medica
1253 230 1376 283 Art.-
1410 248 1481 286 η.
1517 212 1582 287 δι’
1611 241 1680 294 ιξ.

112 311 201 355 ptica
224 309 379 345 videlicet
403 314 500 354 atque
523 309 634 345 acerba
656 311 798 345 crebrius
812 333 821 348 ‚
845 320 901 346 aut
923 311 1044 353 largius
1066 312 1118 345 in..

113 354 233 398 gesta3
268 354 320 388 sed
354 355 621 389 consuetudinem
655 355 756 387 etiam
788 354 862 389 dico
896 355 1004 388 multo
1041 366 1117 398 par-

111 399 180 431 cius
204 398 338 438 edendi,
363 402 395 432 &
420 399 598 440 praesertim
621 397 777 437 bibendi,
802 410 898 441 quam
922 397 1005 431 ferre
1017 398 1111 439 poffit

108 450 244 474 natura.
271 442 322 474 Sic
347 442 381 474 in
405 443 505 483 Sarpii
522 442 599 475 Vita
623 441 762 483 legimus
780 464 788 478 ‚
811 453 886 475 cum
909 442 975 483 ipse
999 441 1111 483 junior

107 483 288 525 parciffime
311 487 444 524 ederet,
467 485 549 518 nihil
576 493 683 518 autem
705 486 754 518 vel
780 485 884 527 plures
907 483 945 518 ad
968 485 1035 517 dies
1058 485 1113 517 bi-

107 528 228 567 beret,
251 529 284 561 in
308 529 496 562 diuturnam
523 529 587 561 alvi
602 527 1001 562 adstriffionemincidiffe
1016 552 1027 566 ‚
1048 539 1112 570 qua

105 581 173 605 non
200 571 301 605 modo
326 582 399 605 ante
423 571 569 605 triduum
593 571 680 611 fere,
705 572 867 604 interdum
893 581 966 604 ante
988 570 1054 605 dies
1068 570 1113 602 se-

105 624 196 656 ptem
220 613 305 648 nihil
329 614 510 657 dejiceret,
534 626 645 649 verum
670 624 705 648 ut
729 614 883 657 dejiceret
908 614 1060 652 tandem,
1075 615 1114 647 iis

107 659 156 691 uti
181 659 313 691 nixibus
336 668 530 701 cogeretur,
553 659 637 692 unde
662 658 783 692 multos
806 659 849 692 ob
862 657 1115 691 haemorrhoides

108 701 263 741 dolores,
287 705 319 734 &
344 700 512 736 molestum
537 704 590 735 ani
616 701 804 744 prolapsum
838 702 976 742 pertulit
1009 711 1108 734 annos

104 744 262 786 plurimos
277 769 285 778 .
311 744 411 783 Quod
424 745 445 777 si
458 746 497 778 iis
510 754 581 788 quae
593 746 759 784 diximus,
783 745 919 786 aliisque
932 744 1107 786 ejuscemo-

103 787 137 821 di
164 789 297 826 vitatis‚
321 787 537 821 nihilominus
561 801 656 832 aequo
678 790 791 822 durior
828 787 885 821 esse
923 789 1012 821 alvus
1038 798 1110 831 per-

103 839 160 873 gat
183 855 197 871 ,
230 842 331 872 neque
356 831 426 865 usus
451 833 597 866 crebrior
622 831 752 873 adjuvet
778 831 1000 865 mollientium
1023 832 1115 865 cibo-

102 885 201 912 rum3
224 874 307 907 nulli
332 874 387 907 alii
412 875 589 909 subsidium
613 875 695 909 illud
739 875 911 917 postpones
934 899 946 914 ‚
980 887 1018 907 ne
1050 875 1118 908 hae-

99 916 303 951 morrhoides
326 918 370 951 ob
395 920 489 952 nixus
512 920 679 958 oriantur,
702 929 769 961 quo
793 917 895 951 claros
907 917 1052 951 Medicos
1066 918 1115 951 uti

98 960 217 1000 video,
241 972 280 994 ne
302 971 408 1002 ortae‚
433 963 498 996 fint
522 961 601 997 adeo
623 964 708 996 inter
743 961 913 995 nitendum
938 963 1079 995 molestae
1104 985 1113 994 .

97 1003 259 1037 Iniiciunt
282 1003 317 1037 hi
340 1014 414 1038 ante
437 1004 652 1048 dejecftionem
677 1005 807 1039 unciam
830 1006 910 1038 lenis
932 1003 1115 1046 cujuspiam

98 1047 163 1079 olei
190 1070 199 1085 ,
224 1050 257 1080 in
294 1048 472 1092 primisque
497 1049 657 1083 seminum
681 1049 741 1081 lini
767 1062 774 1080 :
808 1061 875 1092 quo
899 1059 957 1081 nos
982 1059 1115 1090 quoque

97 1101 174 1123 cum
197 1090 329 1124 duriora
355 1103 551 1127 recrementa
577 1091 753 1125 mollienda
800 1092 876 1125 sunt
901 1116 910 1131 ,
942 1093 1113 1133 imumque

93 1133 286 1168 intestinum
309 1136 538 1171 lubricandum
556 1159 565 1174 ,
591 1134 671 1178 saepe
694 1136 743 1169 uti
769 1148 804 1169 ac
816 1134 954 1169 feliciter
976 1134 1115 1169 consue-

94 1179 226 1223 fimus,
251 1178 366 1212 eodem
389 1180 456 1214 fere
468 1179 632 1223 pondere,
657 1188 711 1212 aut
735 1189 823 1213 certe
846 1190 911 1213 non
925 1180 1032 1213 multo
1045 1190 1115 1221 ma-¹

92 1223 182 1263 Jori',
207 1233 246 1255 ne
270 1224 432 1256 continuo
456 1221 596 1261 refluat,
620 1223 691 1255 imo
715 1232 752 1256 ut
774 1223 897 1257 diutius
910 1224 1114 1258 retineatur:

91 1275 281 1341 puanquam
307 1265 350 1299 fic
373 1267 536 1301 olivarum
558 1277 688 1310 quoque
711 1266 822 1300 oleum
844 1267 1010 1301 interdum
1035 1277 1116 1308 prae-

112 1309 280 1351 cripfimus
304 1310 344 1344 ab
366 1322 405 1344 eo
430 1310 529 1354 usque
552 1320 702 1352 tempore
726 1321 764 1344 ex
786 1321 855 1353 quo
877 1310 1029 1343 narrabat
1043 1311 1113 1343 Ra-

94 1354 286 1399 maninus,
309 1354 343 1387 in
369 1365 525 1397 puerpera
551 1354 704 1387 Matrona
730 1354 849 1394 septem
873 1353 940 1395 jam
973 1353 1040 1387 dies
1065 1353 1112 1386 nil

90 1396 291 1438 dejiciente,
313 1408 388 1430 curn
415 1399 538 1435 multa,
564 1409 600 1431 ac
624 1398 711 1430 varia
737 1396 820 1430 nihil
845 1398 1050 1439 proficerent,
1063 1407 1114 1430 re-

93 1438 187 1474 diisse
211 1442 244 1474 in
270 1442 461 1475 memoriam
484 1440 572 1485 quod
596 1441 703 1484 legisse
725 1438 854 1474 dicebat
869 1466 878 1481 ,
902 1438 925 1473 fi
950 1441 1034 1474 reste
1047 1452 1114 1474 me-

93 1485 198 1525 mini,
222 1485 306 1527 apud
332 1485 516 1519 Martinum
542 1484 728 1519 Rulandum
743 1510 751 1524 ‚
774 1494 810 1518 ut
834 1484 927 1518 binas
946 1482 1035 1517 horis
1049 1483 1113 1516 fin-

90 1528 179 1570 gulis
202 1530 313 1562 uncias
336 1530 521 1562 communis
543 1527 814 1571 oleiinjiciendas
837 1535 986 1566 curaret,
1012 1538 1111 1571 eaque

91 1573 221 1606 ratione
245 1573 354 1606 alvum
380 1570 527 1605 solvisse.

139 1625 188 1647 12.
217 1616 371 1648 Matrona
395 1614 462 1648 haec
485 1616 523 1648 ad
548 1616 740 1649 memoriam
764 1614 885 1658 redigit
908 1638 922 1656 ‚
954 1614 1043 1659 quod
1068 1615 1109 1649 ab

90 1658 217 1693 Illustri
244 1660 303 1692 alia
327 1659 478 1693 Foemina
504 1659 683 1692 remedium
710 1658 858 1693 adhiberi
884 1660 1009 1696 audivi,
1034 1670 1107 1702 quae

89 1702 294 1736 tumentibus
318 1700 615 1735 haemorrhoidibus
639 1715 655 1736 a
681 1703 782 1745 longo
807 1702 872 1745 jam
898 1711 1043 1746 tempore
1055 1715 1112 1737 ve-

88 1745 251 1780 xabatur.
277 1747 386 1784 Quas,
413 1754 448 1779 ut
473 1756 523 1779 me
546 1745 735 1781 consulendi
759 1746 851 1780 causa
875 1744 940 1780 huc
964 1756 1110 1786 venerat,

86 1801 165 1824 cum
189 1787 371 1823 ostendisset
387 1813 395 1828 ,
421 1788 487 1832 ipse
512 1799 620 1823 autem
644 1801 822 1833 quaererem
846 1813 859 1830 ‚
891 1801 953 1832 qua
979 1792 1105 1824 ratione

85 1843 251 1867 tumentes
275 1832 354 1866 adeo
379 1843 535 1875 reponere
560 1832 624 1865 fine
647 1833 848 1866 intolerabili
875 1833 1018 1866 molestia
1031 1832 1106 1873 pos-

86 1877 159 1917 set;
180 1877 342 1911 continuo
365 1876 532 1918 respondit
550 1898 559 1914 ,
587 1876 616 1909 se
642 1877 744 1910 multa
769 1879 799 1910 &
823 1878 911 1909 varia
924 1885 1105 1919 expertam,

86 1920 173 1955 nihil
198 1920 312 1954 utilius
336 1920 491 1953 iuvenisse
514 1919 715 1963 pinguedine
739 1931 809 1962 quae
830 1922 916 1953 circa
949 1931 1038 1953 renes
1062 1920 1104 1954 fit

86 1967 176 1999 canis
200 1964 260 1997 rufi
286 1989 293 1995 .
333 1964 379 1997 Ea
405 1964 508 2003 igitur
531 1965 594 1996 rite
618 1972 796 2004 praeparata
821 1963 978 2005 inungere
1014 1962 1044 1996 se
1066 1975 1101 1997 e-

85 2006 205 2051 gressas
228 2009 314 2040 inter
338 2005 557 2049 deijciendum
581 2004 862 2043 haemorrhoides3
886 2018 985 2048 eaque
1002 2007 1107 2040 ratio-

85 2063 129 2086 ne
154 2060 208 2085 aut
233 2051 298 2084 fine
322 2049 453 2087 dolore,
479 2059 533 2083 aut
561 2058 647 2083 certe
671 2060 745 2083 cum
760 2050 865 2083 multo
889 2050 1025 2087 leviore,
1040 2049 1107 2092 jam

83 2096 144 2130 diu
167 2104 323 2137 reponere
347 2104 385 2127 ex
409 2106 474 2135 qui»
499 2094 537 2126 ab
561 2093 633 2126 aliis
657 2096 714 2135 qui
738 2093 919 2135 periculum
943 2104 1036 2126 antea
1061 2092 1108 2126 fe-

85 2149 198 2173 cerant
213 2161 221 2177 ,
247 2139 279 2172 id
306 2136 410 2170 secum
440 2148 498 2177 pro
522 2147 639 2170 arcano
663 2136 770 2169 fuerat
792 2137 1075 2169 communicatum
1097 2159 1107 2168 .

84 2181 253 2226 Equidem
276 2184 364 2214 canis
390 2181 584 2222 pinguedine
610 2181 772 2218 interius,
803 2190 868 2212 non
894 2179 993 2211 modo
1018 2187 1108 2211 exte-

85 2229 156 2262 rius
180 2249 189 2264 ,
216 2225 290 2258 usos
315 2224 481 2256 interdum
506 2223 657 2257 Medicos
680 2244 690 2260 ,
727 2231 817 2255 antea
843 2233 996 2254 noveram
1023 2235 1031 2254 z
1069 2221 1109 2255 ad

84 2281 160 2305 eum
186 2277 293 2303 autem
320 2267 411 2300 usum
427 2291 435 2304 ‚
461 2269 492 2300 δε
514 2278 553 2299 ex
578 2268 658 2298 certi
681 2267 771 2299 canis
793 2273 880 2298 certa
906 2274 996 2306 parte
1020 2276 1109 2299 acce-

85 2324 178 2358 ptam
200 2335 212 2352 ,
248 2322 314 2344 non
338 2311 452 2343 videor
475 2307 654 2343 meminisse
678 2334 685 2340 .
723 2309 839 2351 Longe
861 2306 990 2341 facilius
1013 2307 1105 2342 causa

85 2355 220 2400 agnosci
245 2355 351 2398 potest
376 2353 530 2387 utilitatis
554 2353 693 2385 duorum
716 2363 787 2393 quae
811 2352 916 2385 dicam
942 2367 951 2389 3
975 2352 1048 2386 sunt
1073 2363 1106 2385 e-

85 2405 160 2436 nim
186 2403 310 2442 magis,
337 2399 485 2441 quamvis
510 2408 573 2429 non
598 2396 737 2429 eundem
763 2394 801 2428 ad
826 2395 978 2428 morbum
1005 2420 1014 2434 ‚
1049 2404 1104 2429 aut

87 2456 156 2478 non
180 2444 318 2478 eundern
355 2442 393 2474 ad
427 2440 560 2473 modum
585 2464 593 2477 ‚
630 2438 791 2481 plerisque
814 2437 925 2472 saltem
950 2437 1068 2472 usitata
1092 2464 1101 2472 .

74 2488 210 2530 Nempe
235 2487 451 2520 Albertinum
478 2483 548 2516 vidi
581 2483 784 2515 tumentium
820 2480 1104 2516 haemorrhoidum

74 2532 240 2566 cruciatus
264 2531 297 2562 in
313 2529 450 2561 Procere
464 2526 608 2569 quodam
631 2527 732 2559 lenire
758 2525 896 2558 admotis
918 2528 1105 2559 cucurbita-

75 2587 152 2611 rum
176 2575 374 2609 interaneis,
400 2581 453 2604 aut
478 2570 598 2611 injeeta
625 2582 706 2612 aqua
730 2570 763 2601 in
788 2580 852 2610 qua
877 2567 945 2602 haec
970 2568 1102 2602 fuerant

78 2620 233 2654 decocta.
262 2620 291 2651 A
319 2619 453 2649 Procere
478 2624 585 2648 autem
611 2614 716 2647 altero
738 2611 978 2655 generofiffimo
1003 2622 1102 2656 atque

78 2661 278 2705 amplisfimo
317 2660 441 2702 quippe
466 2659 616 2699 Protegis
651 2667 782 2690 munere
816 2667 918 2704 nuper
950 2655 1065 2689 functo
1087 2678 1099 2694 ,

82 2718 159 2742 cum
181 2704 307 2739 medica
332 2717 347 2736 a
372 2714 422 2736 me
447 2713 506 2743 pro
533 2701 590 2734 libi
616 2700 784 2734 cariffimis
806 2699 943 2733 consilia
976 2710 1102 2743 quaere-

83 2761 158 2790 ret,
181 2747 301 2789 injecto
325 2746 411 2780 forte
435 2746 474 2777 de
497 2743 797 2778 haemorrhoidibus
822 2742 987 2779 sermone,
1013 2755 1100 2778 acce-

82 2796 141 2838 pi,
168 2792 225 2834 ipfi
253 2791 385 2833 quidem
407 2790 441 2821 in
465 2787 580 2822 harum
605 2787 776 2821 doloribus
801 2788 847 2820 ita
870 2785 1013 2828 prodesse
1039 2788 1102 2820 lin.

83 2837 191 2875 teola‚
215 2834 349 2869 subinde
372 2832 501 2865 admota
520 2857 528 2871 ‚
551 2844 623 2875 quse
648 2831 812 2865 maderent
836 2830 946 2871 tepida
978 2831 1010 2862 in
1035 2842 1100 2872 qua

82 2883 147 2917 lini
171 2879 309 2916 semina,
333 2879 365 2909 δι
385 2876 520 2909 concisae
544 2876 664 2910 radices
689 2873 811 2908 althaeae
844 2873 976 2907 decoffi
1002 2873 1100 2907 essent

83 2926 126 2960 ad
151 2924 262 2956 tertias
286 2944 294 2958 ‚
318 2930 354 2954 ut
376 2920 537 2954 cruciatus
561 2931 626 2953 non
652 2919 749 2952 modo
775 2916 920 2950 sedarent
944 2938 954 2954 ‚
985 2929 1100 2952 verum

84 2969 204 3004 etiam,
231 2964 252 2999 fi
277 2964 386 2998 statim
408 2972 502 3005 'atque
528 2963 561 2997 hi
585 2964 791 3005 inciperent,
817 2961 1065 2996 admoverentur
1087 2984 1098 3000 ‚

82 3010 259 3047 increscere
282 3005 560 3041 haemorrhoidum
584 3017 748 3040 tumorem
774 3016 838 3038 non
865 3003 1099 3044 sinerent‚nec,

81 3055 174 3099 quod
197 3050 426 3093 consequitur,
451 3049 631 3093 disrumpi,
654 3053 684 3082 δι
710 3048 874 3091 sanguinis
898 3046 1100 3090 profluvium

83 3100 176 3135 fieri.
204 3096 275 3130 Ubi
300 3104 408 3128 autem
430 3092 491 3127 hoc
516 3096 613 3127 nimis
637 3102 787 3136 urgeret,
812 3090 989 3130 Valsalva;
1012 3102 1046 3125 ut
1059 3092 1098 3126 ad

84 3142 241 3179 Medicos
266 3139 412 3174 redeam,
435 3139 499 3170 tria
524 3150 587 3180 prae
609 3138 733 3171 caeteris
756 3135 907 3169 laudabat
931 3158 942 3176 ‚
975 3148 991 3169 a
1025 3136 1098 3178 qui-

84 3188 147 3222 bus
170 3183 322 3217 videlicet
347 3180 505 3214 acciderat
531 3191 567 3214 ut
592 3180 755 3215 mirabiles
779 3179 907 3212 effeetus
941 3179 1063 3212 videret
1087 3192 1096 3211 :

83 3233 231 3275 primum
246 3250 256 3266 ,
280 3226 424 3260 theriaca
449 3226 592 3266 recenti,
612 3224 752 3266 pondere
766 3223 818 3256 sex
841 3223 969 3256 circiter
980 3221 1097 3256 drach-

85 3284 215 3309 marum
231 3297 239 3312 ‚
263 3269 407 3304 admistis
431 3277 590 3310 quatuor,
616 3278 670 3301 aut
695 3267 746 3301 sex
769 3268 890 3303 etiam,
916 3267 950 3299 in
978 3278 1097 3307 magno

83 3317 180 3353 fluxu
223 3314 293 3358 opii
326 3311 464 3355 granis,
508 3312 669 3353 regionem
703 3310 924 3345 umbilicalem
969 3310 1064 3343 linire
1087 3336 1095 3343 .

84 3363 242 3398 Alterum
262 3370 278 3397 ‚s
315 3356 486 3389 vitriolum
531 3356 563 3387 in
608 3355 726 3389 calcem
773 3354 937 3388 redactum
955 3378 965 3392 ,
1008 3353 1099 3396 quod

81 3403 245 3447 Chymici
272 3401 432 3442 appellant
455 3397 609 3431 colchotar
624 3422 633 3437 ,
659 3399 741 3441 parti
766 3397 849 3431 unde
873 3397 997 3440 sanguis
1022 3409 1099 3439 pro-

85 3447 189 3488 fluit,
212 3444 384 3482 adhibere.
406 3442 585 3483 Tertium,
609 3452 741 3483 curate,
764 3450 801 3477 ut
823 3453 908 3486 aeger
929 3443 1033 3478 imum
1045 3443 1099 3481 in-,

1167 308 1319 345 testinum
1343 311 1522 346 extrorsum
1547 320 1694 354 premat,
1720 311 1862 350 fiforte,
1885 320 1922 346 ut
1944 320 2180 357 nonnunquam

1166 353 1312 394 accidit,
1335 366 1480 395 apertum
1505 356 1581 388 vasis
1607 354 1778 398 sanguiferi
1802 354 1950 390 foramen
1975 360 2009 391 in
2046 360 2186 399 conspe-1

1165 399 1253 431 &um
1277 399 1404 431 veniat:
1428 407 1505 432 tunc
1531 406 1637 432 autem
1664 399 1973 434 vitriolifrustulum
1988 427 1996 441 ,
2019 402 2098 435 ficut
2115 401 2184 435 hae-

1165 442 1316 474 matitem
1341 442 1483 484 pistores
1508 442 1610 474 solent
1635 466 1644 481 ‚
1679 445 1711 475 in
1736 452 1875 476 extrema
1897 447 2053 488 quapiam
2076 444 2183 479 fistula

1167 494 1338 526 aptatum,
1363 485 1390 517 ei
1417 484 1571 518 foramini
1597 485 1753 528 tantisper
1779 488 1979 528 apprimere‚
2004 488 2081 521 dum
2105 499 2184 521 cru-

1167 527 1245 561 stam
1270 528 1404 562 inducat
1430 553 1438 560 .
1474 529 1551 562 Hoc
1576 538 1684 563 autem
1709 541 1776 571 quo
1802 533 2008 570 proponebat
2033 553 2043 568 ‚
2066 531 2184 566 ordine

1169 570 1255 605 aliud
1279 572 1348 613 post
1371 570 1458 604 aliud
1484 571 1653 612 adhiberi,
1677 573 1831 612 volebat,
1851 574 1907 606 ubi
1924 577 2078 609 nimirum
2092 576 2186 617 prio-

1165 626 1199 647 ra
1223 626 1289 648 non
1313 614 1545 657 respondissent
1560 640 1567 646 .

1215 669 1265 701 13.
1293 660 1337 692 Et
1359 660 1516 700 quoniam
1540 670 1607 694 non
1631 659 1670 693 de
1693 660 1786 692 novis
1811 660 1958 694 remediis
1983 661 2036 695 hic
2050 663 2185 703 agitur„=

1167 712 1221 737 aut
1245 702 1283 735 de
1306 702 1466 736 inusitatis
1488 702 1622 736 curandi
1649 704 1828 737 rationibus
1853 727 1862 741 ,
1897 704 1947 739 sed
1971 704 2009 737 de
2043 707 2085 738 iis
2108 716 2184 747 quae

1164 745 1308 788 proficua
1333 757 1372 779 ex
1395 745 1464 788 ipso
1476 747 1653 779 Illustrium
1666 748 1932 790 AEgrotantium,
1958 757 2010 781 aut
2034 750 2185 791 gravium

1169 787 1379 823 Medicorum
1404 790 1591 823 testimonio
1616 799 1783 830 comperta
1810 789 1883 823 sunt
1907 813 1917 829 ,
1944 792 2187 834 itt-primisque

1167 831 1206 865 de
1232 832 1391 865 Valsalvae
1417 833 1519 866 nostri
1543 832 1800 873 consuetudine,·
1822 833 1904 867 hanc
1927 833 1989 867 tibi
2016 835 2186 879 pernosce-

1168 886 1202 908 re
1225 876 1370 916 cupienti
1396 875 1477 911 illud
1499 888 1632 920 quoque
1657 874 1832 918 adjiciam:
1858 879 1890 910 Si
1916 878 2004 911 forte
2028 878 2093 912 iuh
2122 879 2185 912 rni..

1168 928 1242 951 nem
1265 918 1428 953 incidisset
1446 945 1456 960 ,
1479 920 1700 962 chirurgicam
1727 932 1822 963 opem
1846 933 1910 955 non
1936 931 2054 956 temere
2088 923 2187 966 snagi-

1168 970 1294 995 tantem
1317 986 1327 1001 ,
1360 974 1400 996 ue
1423 963 1608 997 immodico
1630 967 1663 997 in
1688 964 1849 1005 posterum
1881 964 1987 998 cursui
2022 965 2188 1008 sanguinis

1166 1016 1223 1048 per
1245 1004 1501 1053 haernorrlioides
1527 1006 1692 1041 obnoxius
1716 1007 1815 1049 esset,·
1835 1021 1901 1042 non
1912 1007 2093 1043 secuturum
2106 1008 2189 1044 fuis-

1168 1049 1197 1082 se
1220 1072 1230 1087 ,
1256 1049 1312 1081 nisi
1338 1049 1425 1083 forte
1448 1052 1483 1083 in
1506 1052 1628 1084 recenti
1652 1050 1771 1085 morbo
1794 1077 1803 1091 ,
1837 1055 1869 1085 δε
1893 1054 2027 1086 curandi
2052 1054 2187 1095 quidem

1166 1093 1293 1125 ratione
1306 1092 1366 1126 alia
1379 1116 1390 1132 ,
1413 1103 1480 1125 non
1492 1094 1649 1135 ,inquam
1664 1117 1673 1131 ,
1703 1094 1884 1128 secuturum
1897 1093 1990 1129 fuisse
2005 1097 2187 1130 Audorem

1165 1135 1270 1169 libelli
1293 1135 1328 1169 de
1351 1135 1638 1170 Haemorrhoidibus
1660 1136 1811 1181 inscripti
1837 1142 1884 1178 (x
1907 1141 1944 1183 ),
1967 1147 2104 1180 oportere
2126 1141 2188 1174 do-

1164 1189 1291 1213 centem
1313 1178 1434 1212 nullam
1455 1179 1710 1213 haemorrhoidem
1728 1180 1794 1222 sine
1816 1180 2057 1223 ustionefinere‚
2075 1181 2132 1223 sed
2155 1194 2190 1216 ο.

1167 1233 1253 1258 mnes
1276 1233 1425 1261 exurere,
1448 1222 1499 1257 sed
1523 1223 1704 1257 Auctorem
1729 1225 1837 1266 potius
1861 1224 2022 1257 sectionis
2045 1225 2112 1259 VI.
2137 1228 2188 1260 A-

1167 1265 1413 1309 phorismorum
1438 1270 1504 1306 (y)
1529 1266 1784 1307 admonentem,
1807 1267 2113 1310 adiuturnisfimato
2127 1268 2189 1303 hae-

1163 1308 1413 1347 morrhoidibus,
1430 1309 1459 1352 Ji
1483 1320 1544 1344 una
1567 1321 1625 1342 non
1641 1310 1806 1353 servetur,
1832 1310 2009 1352 periculum
2030 1308 2086 1355 effe
2111 1335 2122 1352 ‚
2146 1324 2192 1346 a..

1163 1364 1258 1396 quam
1282 1354 1489 1390 intercutem,
1513 1352 1566 1387 vel
1588 1352 1692 1389 tabem
1716 1355 1863 1389 advenire
1889 1378 1897 1385 .
1920 1354 1998 1388 Hoc
2021 1356 2107 1389 enim
2130 1357 2186 1392 vel

1165 1401 1202 1432 in
1214 1396 1359 1430 ulcerum
1371 1397 1423 1430 ani
1446 1399 1618 1431 curatione
1642 1398 1815 1440 diligenter
1837 1398 1993 1432 cavebat.
2020 1399 2073 1433 Sic
2085 1410 2189 1443 quen-

1165 1441 1240 1475 dam
1263 1444 1321 1483 qui
1347 1438 1505 1476 sexdecim
1541 1440 1604 1481 jam
1629 1453 1730 1475 annos
1752 1444 1792 1476 iis
1816 1442 1980 1476 ulceribus
2014 1442 2191 1477 laborave„

1168 1494 1218 1518 rat
1244 1510 1254 1524 ,
1289 1496 1363 1518 cum
1389 1485 1471 1518 mihi
1496 1485 1615 1520 octavo
1640 1498 1656 1518 a
1680 1488 1851 1520 curatione
1876 1496 1961 1518 anno
1994 1484 2071 1519 satis
2103 1487 2189 1520 bene

1163 1529 1263 1562 etiam
1286 1536 1358 1562 tum
1383 1531 1543 1562 valentem
1567 1529 1752 1563 ostenderet
1774 1541 1788 1569 ;
1820 1540 1921 1563 unum
1946 1530 2033 1562 enim
2057 1530 2149 1564 ulcus
2175 1535 2193 1570 ‚⁷

1162 1573 1276 1615 inquit
1291 1598 1300 1612 ‚
1325 1572 1424 1614 idque
1449 1584 1556 1606 minus
1580 1584 1679 1615 quam
1702 1583 1808 1607 cetera
1832 1571 2027 1610 molestum,
2053 1573 2189 1608 consul-

1159 1625 1198 1650 to
1221 1616 1382 1649 intaRum
1406 1617 1545 1658 reliqui.
1681 1616 1950 1651 Haemorrhoides
1974 1625 2082 1650 autem
2106 1640 2118 1656 ,
2143 1628 2186 1651 an

1162 1661 1267 1694 ulcera
1290 1658 1390 1692 essent
1414 1671 1486 1702 quae
1511 1661 1684 1702 primarios
1707 1660 1788 1695 duos
1812 1661 1947 1704 Equites
1979 1661 2060 1694 male
2082 1660 2186 1695 habe-

1164 1713 1254 1742 rent,
1277 1714 1354 1736 cum
1376 1702 1411 1735 in
1435 1704 1657 1738 controverfia
1680 1703 1765 1739 foret
1790 1716 1801 1744 5
1825 1704 1960 1739 memini
1982 1728 1997 1746 ,
2020 1706 2187 1739 conti-nuo

1163 1746 1273 1789 ipsum
1296 1747 1330 1778 in
1355 1754 1496 1787 utroque
1520 1747 1627 1780 ulcera
1653 1746 1713 1782 esse
1737 1773 1746 1787 ,
1777 1747 1947 1783 ostendisse
1972 1772 1979 1780 .
2014 1751 2053 1783 In
2078 1748 2185 1783 altero

1161 1792 1252 1825 enim
1277 1800 1353 1823 cum
1375 1789 1518 1831 digitum
1543 1790 1639 1825 altius
1650 1791 1856 1831 immisisset,
1878 1801 2000 1826 certam
2024 1793 2187 1827 indicavit

1163 1835 1290 1869 caeteris
1316 1831 1421 1867 sedem
1447 1833 1585 1876 ulceris,
1606 1838 1641 1868 in
1663 1834 1756 1878 cujus
1778 1835 1930 1870 videlicet
1953 1836 2117 1870 orificium
2132 1836 2187 1870 di-

1157 1879 1221 1922 giti
1245 1888 1325 1919 apex
1349 1885 1503 1920 exceptus
1526 1901 1536 1917 ‚
1569 1879 1693 1919 annulo
1715 1878 1802 1922 quasi
1828 1879 1972 1923 quodam
1998 1880 2181 1923 constringi

1156 1923 1345 1958 videretur3
1373 1920 1416 1953 fic
1439 1922 1528 1954 enim
1554 1920 1635 1965 saepe
1658 1923 1755 1956 Reffi
1781 1923 1924 1959 intestini
1949 1950 1957 1964 ‚
1993 1937 2028 1959 ac
2054 1926 2181 1969 vaginae

1155 1966 1263 1998 ulcera
1286 1963 1317 1996 se
1339 1962 1477 2002 habere,
1503 1973 1541 1998 ut
1563 1977 1599 2000 os
1623 1966 1788 2008 angustius
1812 1968 1846 2000 in
1859 1968 2061 2011 capaciorem
2076 1969 2183 2004 smum

1159 2007 1190 2042 se
1214 2007 1330 2041 dilatet
1355 2032 1363 2040 .
1398 2010 1436 2040 In
1472 2008 1575 2042 altero
1602 2032 1615 2049 ,
1646 2021 1685 2043 ne
1710 2011 1820 2052 digito
1843 2011 1977 2054 quidem
2004 2013 2148 2048 immisso
2170 2039 2181 2056 ,

1159 2061 1232 2085 tum
1257 2050 1347 2084 ulcus
1370 2050 1451 2088 esse,
1474 2061 1544 2084 tum
1568 2063 1635 2086 non
1658 2056 1705 2087 ita
1730 2054 1832 2089 altum
1858 2052 1937 2094 esse,
1961 2056 2123 2097 ostendit,
2149 2071 2182 2092 e-

1158 2104 1232 2129 rant
1256 2095 1343 2127 enim
1367 2095 1456 2129 inter
1479 2096 1562 2129 alios
1585 2096 1722 2138 quidam
1746 2098 1908 2133 censentes
1924 2124 1933 2138 ,
1958 2100 1989 2134 id
2014 2102 2102 2144 quod
2126 2114 2183 2137 ex-

1157 2145 1367 2174 cerneretur‚
1392 2149 1526 2172 mucum
1548 2136 1607 2172 esse
1632 2152 1648 2173 a
1671 2141 1833 2183 glandulis
1845 2143 1939 2177 Reffi
1962 2145 2108 2180 intestini
2132 2157 2183 2180 et-

1159 2182 1227 2213 iam
1251 2181 1422 2214 altioribus
1447 2181 1627 2225 expressum
1651 2209 1659 2217 .
1696 2185 1791 2228 Qos
1819 2185 1914 2220 facile
1935 2189 2083 2223 convicit
2107 2191 2180 2234 ipso

1162 2225 1242 2265 aegri
1267 2224 1484 2265 testimonio,
1507 2226 1564 2267 qui
1588 2238 1662 2260 cum
1687 2228 1847 2263 fateretur
1877 2255 1886 2270 ,
1918 2231 1952 2264 id
1979 2231 2035 2265 sibi
2058 2233 2181 2277 jugiter

1162 2266 1318 2316 effluere,-
1339 2267 1614 2310 consequebatur‚
1638 2270 1707 2313 ejus
1730 2274 1874 2307 materiae
1900 2272 2109 2319 scaturigines
2123 2278 2177 2312 su-

1158 2321 1218 2354 pra
1244 2309 1457 2352 sphinffierem
1481 2322 1546 2344 non
1570 2312 1649 2347 esse.
1677 2316 1725 2348 Ea
1750 2326 1857 2351 autern
1881 2320 2017 2353 materia
2029 2333 2177 2364 cumpu-

1158 2354 1285 2388 rulenta
1311 2364 1326 2386 a
1342 2353 1501 2403 *Valsalva
1525 2357 1618 2404 ipso)
1642 2358 1732 2400 cujus
1756 2363 1790 2393 in
1814 2359 1972 2403 ejusmodi
1998 2365 2177 2406 praesertim

1158 2409 1191 2430 re
1216 2396 1479 2446 spefiatiffimum
1502 2409 1571 2432 erat
1595 2403 1757 2442 judicium
1782 2426 1792 2442 ‚
1826 2405 1939 2447 procul
1962 2405 2064 2441 dubio
2097 2421 2177 2451 pro-

1157 2450 1389 2480 nunciaretur,
1414 2452 1510 2484 atque
1536 2442 1614 2478 adeo
1637 2446 1856 2481 ostenderetur
1880 2471 1890 2487 ‚
1914 2447 1982 2491 jam
2008 2452 2094 2486 nulla
2125 2465 2177 2486 re-

1159 2484 1369 2527 linquebatur
1394 2484 1562 2518 dubitatio
1585 2512 1593 2526 ,
1620 2490 1699 2530 quin
1725 2490 1765 2522 ab
1787 2490 1892 2526 ulcere
1916 2493 1990 2527 esset
2013 2494 2176 2530 deducen-

1158 2527 1218 2560 da.
1246 2527 1360 2577 Tanto
1383 2537 1489 2578 autem
1513 2529 1615 2571 pluris
1638 2532 1720 2566 illud
1745 2532 1982 2576 ejusjudicium
2001 2537 2177 2582 faciebant,

1160 2569 1251 2620 quod
1275 2581 1400 2604 nem1n1
1423 2581 1490 2605 erat
1514 2573 1713 2617 obscurum,
1738 2579 1887 2619 praeclare
1913 2580 2040 2624 ipsum,
2068 2582 2177 2627 siquis

1154 2616 1260 2652 alius,
1284 2622 1362 2646 nota
1386 2627 1420 2648 ea
1443 2615 1560 2651 habere
1585 2628 1682 2662 atque
1707 2620 1867 2662 perspeeta
1891 2635 1961 2666 quae
1987 2627 2018 2658 in
2032 2626 2174 2665 Scholiis

1152 2669 1285 2700 quoque
1307 2668 1608 2696 commemorantur
1631 2663 1669 2697 ad
1694 2663 1969 2701 Observationem
1994 2670 2170 2714 illam(z)

1152 2702 1182 2750 I.¹
1206 2701 1290 2734 Se&
1316 2701 1399 2752 XV..
1420 2704 1459 2737 de
1482 2705 1620 2739 mucosis
1643 2707 1858 2750 quibusdam,
1883 2713 1913 2743 &c
1938 2710 2080 2747 subalbis
2105 2715 2174 2749 sor-

1150 2744 1269 2795 dibus,
1291 2755 1308 2777 e
1325 2745 1613 2787 podiceinterdum
1638 2750 1871 2791 prodeuntibus
1885 2780 1893 2793 ,
1916 2766 2011 2796 quae,
2035 2767 2072 2790 ut
2086 2769 2171 2791 non-

1153 2788 1251 2821 nullis
1276 2799 1337 2829 pro
1361 2802 1439 2831 pure
1463 2793 1699 2834 imposuerint,
1727 2795 1890 2830 aMedicis
1915 2807 2020 2831 tamen
2036 2801 2171 2835 Doc'tis..

1152 2832 1241 2865 simis
1268 2835 1388 2874 agnitae
1414 2834 1488 2868 sunt
1503 2847 1566 2868 non
1590 2835 1677 2870 secus
1704 2837 1743 2870 ab
1768 2838 2097 2878 haemorrhoidalibus
2114 2857 2169 2879 ve-

1152 2877 1203 2909 nis
1227 2878 1378 2913 excerni,
1402 2889 1500 2919 quam
1526 2877 1605 2920 saepe
1631 2880 1721 2913 albus
1746 2879 1835 2916 fluor
1861 2887 1872 2922 (
1897 2896 1968 2927 quae
1992 2897 2166 2931 compara-

1152 2920 1204 2952 tio
1227 2928 1295 2952 erat
1321 2920 1459 2960 Plateri,
1482 2923 1514 2955 in
1539 2921 1654 2963 iisdem
1665 2923 1804 2958 Scholiis
1828 2927 1951 2961 laudati
1977 2932 1988 2968 )
2015 2931 2056 2964 ab
2080 2934 2166 2967 uteri

1151 2963 1232 2996 vasis
1257 2961 1376 3004 absque
1400 2964 1463 2997 ulla
1483 2966 1598 2999 ulceris
1620 2966 1802 3009 suspicione
1826 2981 2034 3007 excernatur.
2062 2976 2165 3019 Qod

1152 3019 1169 3041 a
1194 3015 1226 3039 te
1250 3005 1343 3040 facile
1368 3007 1477 3042 eadem
1501 3010 1627 3043 ratione
1660 3012 1876 3054 explicabitur
1909 3027 1970 3058 qua
2005 3016 2165 3059 ejusmodi

1151 3051 1316 3084 uterinum
1341 3047 1483 3085 fluorem
1508 3064 1524 3085 a
1549 3055 1643 3086 nobis
1668 3057 1700 3087 in
1717 3056 1780 3089 IV.
1807 3058 2014 3094 Adversariis
2039 3066 2084 3101 (iz)
2108 3076 2165 3098 ex-

1152 3094 1313 3136 plicatum
1336 3094 1481 3133 videbis,
1507 3098 1664 3131 nimirum
1698 3097 1720 3131 si
1738 3122 1751 3139 ‚
1784 3104 1841 3143 qui
1869 3104 2018 3137 vasorum
2052 3105 2163 3142 hiatus

1150 3137 1381 3173 effundebant,
1406 3138 1616 3181 sanguinem,
1640 3153 1715 3175 cum
1742 3146 1843 3187 magis
1867 3146 2022 3187 patebant
2046 3172 2059 3189 ,
2092 3151 2163 3184 eos-

1148 3181 1243 3215 dem,
1269 3191 1332 3213 non
1357 3182 1507 3223 prorsus,
1533 3183 1582 3217 sed
1611 3186 1711 3228 magis
1735 3196 1842 3221 tamen
1869 3188 2031 3225 adstrictos
2047 3217 2056 3232 ,
2080 3192 2163 3227 fine.

1148 3236 1203 3263 re,
1228 3224 1414 3266 intelligas,
1436 3237 1503 3276 non
1527 3226 1715 3272 sanguinem
1728 3232 1883 3274 amplius,
1911 3232 1961 3266 sed
1987 3234 2164 3277 ejusdum.·

1149 3277 1238 3302 taxat
1265 3268 1388 3305 serum,
1411 3268 1568 3304 v1scidum
1593 3283 1647 3311 per
1671 3272 1700 3306 se
1725 3275 1758 3306 in
1782 3273 1997 3318 quibusdam,
2022 3288 2161 3316 autmo-

1151 3324 1183 3345 ra
1210 3309 1377 3345 mucosum
1402 3311 1525 3348 fastum
1541 3337 1549 3352 ‚
1576 3315 1688 3349 sensim
1712 3316 1870 3351 destillare
1893 3341 1905 3359 ‚
1939 3331 1993 3355 aut
2017 3334 2031 3356 a
2057 3336 2159 3358 recre-

1149 3356 1267 3389 mentis
1290 3355 1485 3397 expressum,
1511 3358 1662 3392 transire.
1798 3361 1878 3396 Haec
1900 3363 2000 3401 habui
2022 3378 2097 3410 quae
2119 3369 2161 3405 de

1149 3396 1462 3437 Haemorrhoidibus
1484 3401 1693 3446 adjungerem
1705 3426 1713 3438 .
1738 3403 1821 3439 Vale
1832 3429 1841 3439 .

1996 3716 2110 3752 EPI.

93 3796 2142 3823 μὴ’-*Ἣ

361 3827 378 3858 (
389 3834 408 3858 p
422 3826 437 3857 )
453 3826 543 3857 Aphor.
561 3832 598 3852 υ,
661 3826 676 3857 C
690 3832 708 3856 z
725 3825 735 3859 )
754 3825 822 3858 supra
836 3826 868 3854 ad
885 3835 912 3854 n.
930 3835 969 3854 10.

149 3827 301 3856 rnna.

1029 3828 1046 3858 ί
1060 3833 1077 3854 a
1091 3828 1107 3859 )
1121 3828 1237 3856 Animad.
1251 3837 1293 3861 27,
