2498 4075
380 94 472 143 216

311 168 412 211 hepar
434 178 561 213 quoque
585 176 757 210 magnum,
781 168 812 200 δι
839 165 957 208 majori
981 174 1020 196 ex
1042 170 1128 205 parte
1153 162 1316 209 albidum,

311 222 412 254 neque
427 237 436 251 ‚
461 223 478 244 a
502 211 621 245 dextris
645 209 843 252 praesertim,
866 209 887 243 fi
913 205 1067 240 incideres
1085 228 1094 243 ‚
1117 208 1254 239 omnino
1271 208 1316 239 sa-

312 266 389 289 num
416 268 424 288 .-
458 255 523 297 ejus
557 262 661 287 autem
696 254 841 287 biliarius
876 252 991 285 duetus
1015 260 1078 293 qua
1100 259 1190 292 parte
1213 251 1316 283 Corn-

314 300 425 333 munis
447 298 593 337 dicitur,
615 295 698 339 justo
722 297 838 330 latior.

357 354 409 385 34.
436 344 539 376 VIRI
562 351 689 382 quoque
715 341 845 373 alterius
868 337 1000 370 cadaver
1022 334 1142 368 ibidem
1166 335 1320 369 mihiob-

313 387 417 420 latum
439 385 482 419 est
506 393 576 416 ante
601 382 697 416 finem
723 383 840 416 Martii
864 382 905 413 A·
938 390 1030 426 17534.
1054 380 1205 412 Cribrare
1228 380 1318 413 triti-

314 442 390 463 cum
413 440 461 461 ars
486 426 552 468 ejus
580 425 707 466 fuerat,
732 424 940 467 pulmonibus
964 425 1035 455 sane
1068 423 1222 455 inimica.
1252 426 1318 455 Ita-

312 484 374 516 que
391 471 605 515 ‘pleuritidem
629 479 721 502 antea
747 467 868 512 passus,
890 478 929 499 ex
953 465 1094 499 recidiva
1117 475 1264 500 mortuus
1288 478 1321 498 e-

315 526 364 548 rat
388 515 562 548 undecimo
593 513 645 546 die
668 538 675 546 .
711 515 748 545 In
782 524 844 555 qua
868 510 906 543 de
940 509 1054 542 dolore
1088 509 1285 552 querebatur
1308 532 1320 549 ,

312 559 481 592 thoracem
504 566 655 597 gravante
680 556 857 598 praesertim
882 566 897 586 a
921 553 1064 589 dextris,
1091 552 1193 585 sedere
1217 555 1251 585 in
1274 554 1321 585 le-

312 604 404 636 &ulo
426 596 579 641 coa-situs,
603 609 638 633 ut
661 598 813 641 spiritum
834 597 962 631 duceret
981 609 990 635 ς
1018 595 1158 629 multum
1171 596 1317 634 tussiens,

311 657 370 679 nec
393 646 493 679 multa
517 644 723 686 expe&orans
744 665 756 681 ,
788 652 886 684 eaque
917 639 1061 679 viscida,
1086 640 1118 671 &
1152 638 1322 681 sanguino-

313 691 422 728 lenta3
448 688 531 721 facie
556 687 694 724 rubens3
721 684 860 727 pulsibus
884 683 974 717 duris
995 706 1007 723 ‚
1041 682 1180 714 maxime
1204 681 1319 716 confu-

312 732 372 770 sis,
400 731 635 774 inaequalibus,
659 727 952 761 intermittentibus
975 740 985 765 5
1021 736 1076 758 nec
1101 724 1164 758 fine
1188 725 1320 768 quibus.

313 776 388 810 dam
411 774 573 808 interdum
598 772 793 804 tremoribus
828 768 1040 803 convulfivis.
1075 770 1211 809 Sanguis
1235 769 1285 803 bis
1309 793 1320 809 ,

311 829 400 853 terve
424 817 530 851 missus
555 815 659 848 fuerat
674 839 685 855 ,
707 816 761 847 cui
785 812 881 847 crassa
906 811 1062 855 polyposa
1085 811 1185 845 crusta
1206 811 1321 847 inside-

311 864 386 896 bat.
414 863 497 898 Quae
521 869 594 893 curn
627 859 664 891 ab
688 859 728 890 iis
750 860 927 899 acciperem
960 858 1016 899 qui
1051 855 1163 897 saepius
1198 857 1233 888 in
1265 868 1324 890 no-

312 903 522 939 visiimo'hoc
546 902 663 936 morbo
686 901 859 934 inviserant
880 923 889 938 ‚
930 902 962 932 δε
985 898 1145 932 cadaveris
1168 899 1324 933 subtumi-

311 949 388 983 dum
410 958 578 986 ventrem,
602 944 755 988 pedesque
780 969 791 985 ,
831 946 864 977 ἃ·
888 952 1029 976 extrema
1052 954 1143 976 crura
1165 943 1324 978 oedemate

310 991 423 1026 affeetu
447 991 644 1034 spetftarem;
665 989 825 1023 continuo
849 987 915 1020 illis
930 1010 942 1027 ,
969 990 999 1020 ἃ
1026 987 1156 1029 reliquae
1180 986 1324 1020 Audito-

310 1047 382 1070 rum
405 1046 532 1068 coronae
557 1033 626 1067 dixi
650 1056 662 1072 ,
696 1031 789 1065 facile
815 1032 867 1064 hic
903 1028 1033 1064 effusam
1059 1042 1174 1073 aquam
1202 1041 1265 1063 non
1289 1033 1322 1064 in

309 1089 418 1113 ventre
443 1078 561 1115 modo,
585 1077 636 1109 sed
660 1075 849 1121 in⁴thorace
868 1075 965 1107 etiarn
980 1100 989 1114 ,
1014 1086 1047 1106 ac
1073 1074 1252 1114 pericardio
1264 1086 1322 1108 nos

309 1122 367 1157 effe
391 1122 517 1155 visuros
540 1136 547 1153 z
587 1120 716 1154 fortasle
740 1122 771 1152 δε
796 1119 1018 1152 concretiones
1043 1116 1081 1149 ad
1104 1129 1160 1149 cor
1184 1119 1322 1160 polypo-

309 1165 378 1207 sas,
401 1169 433 1199 δε
457 1165 628 1201 ruborem,
655 1173 707 1196 aut
731 1164 850 1196 vitium
874 1161 959 1195 aliud
984 1162 1100 1202 pleurae
1124 1184 1136 1200 ,
1173 1171 1226 1194 aut
1251 1162 1322 1203 pul-

309 1212 417 1244 monis
441 1220 514 1242 cum
541 1208 600 1241 hac
623 1208 857 1240 connexionem
880 1217 887 1238 .·
926 1204 1055 1238 facilius
1080 1213 1186 1237 autem
1210 1206 1244 1238 in
1269 1216 1322 1238 eo-

308 1253 381 1286 dem
404 1252 521 1285 viscere
546 1253 741 1294 turgentiam
762 1273 774 1289 ,
806 1254 838 1282 &
862 1249 1041 1283 substantiae
1064 1247 1219 1281 duritiem
1239 1271 1252 1288 ,
1287 1260 1322 1282 ac

308 1297 516 1330 densitatem.
572 1296 574 1299 ’
650 1294 879 1327 PECTUS
905 1293 999 1324 illico
1023 1291 1124 1324 incidi
1143 1302 1288 1335 coeptum
1312 1317 1319 1324 .

310 1340 412 1381 Qod
436 1340 514 1373 dum
537 1338 646 1375 fieret,
671 1348 723 1379 per
748 1335 899 1370 incisuras
923 1336 1154 1377 cartilaginum
1177 1358 1185 1372 ‚
1220 1334 1322 1369 costas

309 1396 384 1418 cuni
420 1383 523 1417 sterno
555 1381 836 1415 committentium
859 1402 868 1417 ‚
904 1391 982 1422 aqua
1006 1378 1219 1412 exundabat.-
1251 1391 1321 1422 quae

308 1427 461 1465 turbida,
489 1430 519 1460 δε
545 1426 709 1460 flavescens
733 1425 905 1466 utrinque,
932 1423 981 1456 sed
1007 1435 1022 1455 a
1045 1422 1168 1456 dextris
1193 1423 1322 1465 praeser-

308 1473 396 1512 tim,
420 1471 520 1505 multa
544 1472 671 1501 inventa
695 1468 758 1505 est,
784 1479 839 1500 nec
854 1466 915 1500 fine
938 1465 1127 1509 quibusdam
1140 1468 1323 1499 concretio-

309 1517 428 1555 nibus,
452 1515 560 1558 quales
584 1514 616 1545 in
641 1514 710 1545 imo
733 1511 825 1545 dolio
847 1522 900 1553 per
924 1522 1037 1544 Vinum
1061 1520 1169 1543 natare
1196 1509 1319 1543 solent.

308 1561 356 1593 Ea
382 1558 548 1597 exhausta,
575 1566 684 1589 neuter
709 1557 822 1598 pulmo
847 1556 884 1587 ad
909 1555 1051 1596 pleuram
1077 1553 1238 1587 adhaerens
1249 1565 1324 1587 con-

310 1602 433 1645 spectus
457 1601 520 1640 est3
546 1600 596 1635 sed
622 1600 688 1633 haec
713 1601 746 1631 in
771 1597 947 1637 lateribus,
971 1596 1093 1631 sinistro
1119 1597 1293 1640 praesertim
1311 1622 1323 1639 ,

308 1648 343 1679 in
365 1658 430 1689 quo
455 1643 584 1678 fortasse
600 1644 656 1676 illa
680 1653 770 1675 antea
783 1643 930 1684 pleuritis
943 1640 1045 1673 fuerat
1061 1665 1073 1682 ,
1096 1643 1244 1684 apparuit
1271 1654 1323 1675 ru-

308 1688 501 1723 bicundior.
528 1687 702 1721 Pulmones
723 1711 730 1725 ‚
764 1686 840 1718 alibi
866 1684 930 1717 fere
953 1685 1067 1717 molles
1090 1708 1101 1724 ,
1135 1684 1324 1718 inferiorem

309 1742 434 1778 partem
458 1733 621 1766 dexteram
644 1730 823 1763 habuerunt
848 1727 962 1762 duram
982 1752 992 1768 ,
1017 1731 1049 1761 δε
1073 1728 1235 1770 turgidam
1256 1752 1267 1769 ,
1292 1733 1324 1761 &

308 1789 380 1821 quae
406 1777 484 1810 seua
510 1800 522 1816 ,
554 1774 729 1808 densiorem
761 1771 898 1806 ostendit
933 1771 1135 1805 substantiam
1169 1784 1208 1805 ex
1231 1772 1323 1806 fusco

310 1832 521 1864 purpuream.
548 1820 598 1852 Ex
622 1828 759 1860 utroque
782 1816 941 1849 bronchio
964 1818 997 1847 in
1021 1825 1172 1849 truncum
1197 1819 1322 1849 arteriae

308 1864 436 1907 Asperae
460 1864 722 1906 sanguinolentus
746 1861 861 1893 humor
886 1858 1124 1901 exprimebatur
1146 1884 1153 1890 .
1181 1861 1322 1892 Pericar-

311 1909 403 1942 dium
428 1917 598 1950 antequam
611 1905 824 1939 incideretur.
850 1902 934 1945 justo
960 1903 1100 1945 amplius
1113 1901 1321 1945 conspeetum

310 1952 371 1986 est.
396 1951 455 1986 Sed
479 1963 517 1984 eo
540 1949 662 1989 inciso,
685 1946 889 1981 manifestum
913 1945 978 1980 fuit
1002 1969 1011 1984 ,
1035 1958 1102 1980 eam
1128 1947 1320 1988 amplitudi-

311 2008 384 2030 nem
409 2006 472 2028 nun
499 2005 566 2027 tam
589 2004 699 2036 aquae3
724 1991 778 2025 etsi
803 2003 865 2024 non
891 2001 988 2032 pauca
1001 2000 1066 2023 erat
1086 2014 1094 2028 ,
1119 2002 1215 2033 eaque
1240 1989 1322 2032 ejus-

310 2037 475 2074 demmodi
501 2047 594 2081 atque
615 2039 649 2069 in
672 2036 804 2069 thorace
827 2034 952 2068 dietum
977 2033 1019 2067 est
1039 2046 1049 2072 ς
1082 2046 1177 2076 quam
1200 2035 1325 2076 magni-

311 2083 419 2118 tudini
443 2083 550 2115 cordis
573 2080 680 2115 deberi
700 2104 710 2120 ,
742 2078 834 2121 cujus
858 2090 923 2111 non
956 2077 1116 2111 crassiores
1138 2076 1269 2119 quidem
1293 2089 1325 2109 e-

311 2137 382 2161 rant
408 2128 538 2169 parietes
553 2147 561 2162 ‚
588 2124 638 2158 sed
664 2123 857 2162 ventriculi,
881 2121 991 2154 dexter
1015 2123 1174 2164 praecipue
1197 2143 1206 2158 ‚
1240 2121 1324 2154 dila-

312 2174 396 2211 tati,
421 2180 629 2211 magnamque
651 2170 779 2210 copiam
801 2167 861 2198 atri
894 2165 1054 2208 sanguinis
1076 2164 1288 2197 continebant
1313 2189 1320 2195 .

313 2218 393 2250 Erat
419 2210 486 2248 hic'
503 2221 586 2246 certe
610 2223 673 2244 non
708 2210 843 2243 fluidior
867 2233 879 2249 ,
913 2220 967 2241 nec
1005 2208 1102 2241 ullam
1137 2218 1242 2241 tamen
1269 2218 1324 2242 aut

313 2261 358 2292 ibi
383 2285 389 2298 ,
425 2266 478 2291 aut
503 2257 635 2300 usquam
660 2253 851 2297 polyposam
874 2254 1116 2286 concretionem
1151 2251 1289 2285 ostendit
1313 2275 1326 2291 ,

315 2311 445 2345 excepta
469 2312 530 2335 una
552 2324 560 2337 ,
594 2310 688 2341 eaque
711 2298 799 2330 tenui
821 2320 833 2337 ,
870 2295 969 2330 crufta
993 2296 1027 2328 in
1050 2297 1231 2329 ventriculo
1253 2294 1327 2329 dex.

315 2357 408 2384 tero;
432 2355 468 2378 ut
491 2355 541 2376 me
565 2354 629 2375 non
654 2341 866 2383 poenituerit,
890 2339 980 2382 quod
1004 2341 1227 2372 concretiones
1251 2365 1259 2378 ‚
1294 2342 1325 2371 &

317 2389 479 2433 pulmonis
504 2386 540 2419 ad
555 2387 694 2428 pleuram
720 2383 928 2417 adhaesionem
944 2393 1007 2415 non
1033 2380 1234 2414 asseveranter
1245 2393 1325 2423 prae—

316 2432 496 2469 dixiffem5
531 2429 654 2462 tametsi
680 2428 752 2461 illas
787 2427 906 2469 semper
929 2427 962 2457 in
995 2423 1106 2458 emisso
1137 2424 1231 2458 hu'us
1265 2426 1326 2455 viri

318 2477 493 2520 sanguine,
516 2476 547 2506 δε
571 2471 701 2516 quidem
725 2469 858 2511 crassas,
881 2468 1066 2510 conspestas
1077 2465 1155 2506 esse,
1206 2479 1261 2500 anc
1274 2479 1329 2501 au-

319 2531 383 2555 tem
409 2520 462 2555 ubi
492 2517 642 2560 pleuritis
666 2515 787 2553 fuerit,
813 2526 828 2546 a
852 2513 999 2556 plurimis
1024 2513 1124 2554 poni,
1147 2522 1212 2545 non
1236 2512 1331 2553 igno-

319 2576 419 2598 rarem
444 2589 453 2603 ‚
487 2564 519 2594 &
545 2559 657 2600 saepius
681 2558 745 2600 ipse
769 2556 1044 2599 deprehendissem
1065 2579 1072 2587 .
1110 2555 1211 2594 Quod
1233 2553 1332 2598 siquis

320 2619 445 2642 narrare
470 2604 620 2647 potuisset
644 2614 714 2645 quae
742 2601 833 2634 facile
859 2611 928 2633 ante
954 2599 1109 2632 ultimum
1133 2597 1218 2631 hunc
1246 2610 1332 2631 mor-

320 2654 398 2686 bum
416 2675 427 2691 ,
451 2653 482 2682 &
506 2647 617 2680 saltem
642 2645 712 2687 post
734 2646 871 2688 primam
907 2642 1112 2685 pleuritidem
1136 2641 1261 2675 fuerant
1285 2643 1334 2674 in-

321 2696 405 2730 dicia
429 2692 557 2726 dilatati
581 2690 712 2728 cordis,
737 2693 767 2721 &
783 2688 941 2729 hydropis
964 2687 998 2719 in
1016 2685 1148 2719 thorace
1173 2687 1334 2727 incipien-

321 2742 386 2779 tis,-
411 2735 521 2780 procul
544 2733 646 2768 dubio
669 2744 781 2765 eorum
804 2744 873 2774 quae
896 2732 929 2763 in
963 2729 1127 2763 noviffima
1151 2730 1334 2763 inflamma-

321 2785 411 2816 tione
432 2779 637 2813 vehementer
662 2777 740 2811 adeo
770 2775 937 2809 hominem
959 2783 1147 2807 vexaverant
1173 2799 1181 2812 ‚
1215 2782 1338 2815 partem

324 2828 388 2860 alio
412 2822 581 2866 rejecissem
606 2832 701 2864 quam
726 2821 760 2851 in
784 2819 975 2861 pulmonum
998 2818 1173 2856 morbum,
1197 2818 1254 2858 qui
1281 2815 1337 2848 de-

324 2872 421 2913 nique
443 2869 591 2900 inventus
615 2864 745 2906 quidem
767 2863 810 2895 est
832 2862 933 2904 qualis
958 2873 973 2892 a
997 2873 1046 2907 rne
1073 2859 1246 2902 praedistus
1268 2859 1338 2892 fue-

325 2924 394 2950 rat,
419 2909 469 2943 sed
496 2920 559 2941 non
584 2916 690 2940 tantus
710 2930 722 2946 ‚
754 2915 910 2948 quantum
934 2916 968 2937 ea
994 2906 1207 2947 symptomata
1232 2904 1338 2944 requi-

325 2957 455 2990 rebant.
483 2953 561 2985 Dixi
589 2959 693 2982 autem
713 2973 725 2989 ,
760 2948 827 2990 post
852 2950 987 2989 primam
1024 2947 1230 2991 pleuritidem
1253 2947 1338 2988 signa

327 2999 383 3033 esse
408 2994 543 3040 potuisse
567 2994 695 3027 dilatati
718 2991 825 3025 cordis
851 3016 857 3023 .
894 2993 982 3024 Huic
1007 2993 1093 3024 enim
1119 3015 1131 3032 ,
1165 3003 1266 3033 neque
1289 2991 1337 3021 ita

328 3055 420 3078 raro,
444 3040 477 3073 id
502 3051 539 3072 ex
564 3036 736 3080 pleuritide
761 3035 921 3072 accidere,
945 3034 1006 3067 hoc
1031 3035 1073 3068 est
1084 3046 1122 3068 ex
1148 3035 1337 3078 pulmonum

327 3085 604 3121 inflammatione,
629 3092 692 3112 non
718 3090 779 3113 una
802 3078 1085 3112 diffeetioindicat
1109 3077 1252 3121 superius
1264 3087 1337 3118 pro-

329 3127 448 3173 posita.
475 3128 526 3159 Sic
551 3127 615 3157 Vir
638 3124 675 3157 de
697 3135 763 3166 quo
788 3124 932 3164 proxime
958 3133 1026 3155 ante
1052 3122 1137 3155 hunc
1158 3119 1338 3162 scripsimus

331 3179 341 3212 (
367 3184 385 3205 ιι
409 3176 447 3211 ),
469 3168 510 3203 sic
535 3170 634 3201 etiarn
659 3169 757 3200 Senex
783 3189 796 3206 ‚
829 3164 867 3198 de
889 3177 954 3206 quo
979 3165 1034 3198 sub
1058 3167 1190 3198 initium
1212 3164 1338 3197 dic‘tum

331 3215 373 3249 est
396 3218 408 3254 (
431 3225 452 3248 x
473 3217 509 3254 ),
532 3214 587 3246 ille
610 3223 668 3244 cor
694 3209 794 3252 majus
817 3221 914 3252 quam
947 3208 1013 3251 ejus
1041 3209 1089 3241 vel
1125 3220 1257 3250 procera
1282 3207 1339 3240 sta-

331 3270 403 3293 tura
427 3257 545 3296 ferret,
568 3255 622 3289 hic
634 3254 785 3287 sinistram
799 3254 903 3286 cordis
928 3253 1104 3286 auriculam
1127 3253 1233 3285 multo
1245 3262 1342 3293 quam

334 3303 453 3341 soleat,
478 3301 657 3341 longiorem
683 3297 838 3330 habuere.
865 3298 915 3329 Sic
935 3297 1068 3340 juvenis
1092 3296 1168 3335 ille,
1194 3292 1346 3340 secundus

333 3348 435 3379 exiis
458 3355 538 3387 quos
562 3345 645 3375 inter
670 3340 825 3374 Valsalvae
850 3339 1097 3373 Observationes
1128 3338 1346 3379 descripsimus

334 3393 388 3430 (y
415 3393 452 3428 )‚
476 3399 533 3420 cor
559 3387 642 3419 mole
668 3385 795 3418 anetum
818 3383 955 3417 ostendit
980 3407 986 3412 .
1024 3383 1092 3415 Nec
1119 3394 1194 3415 vero
1228 3382 1346 3413 mirum

335 3432 399 3471 est,
423 3432 444 3464 fi
467 3433 528 3464 viis
554 3429 717 3472 sanguinis
750 3439 804 3470 per
830 3427 1045 3460 inflammatos
1071 3427 1236 3468 pulmones
1258 3436 1348 3457 com-

338 3474 462 3518 preliis,
486 3478 517 3507 ἃ
541 3473 734 3509 εοετᾶεηίε,
759 3472 813 3504 ille
839 3481 891 3504 aut
917 3471 1012 3503 nimis
1037 3467 1268 3508 distendendo,
1293 3477 1346 3501 aut

911 86 1068 139 Liber
1102 84 1166 136 ΙΙ.
1199 84 1284 137 De
1319 84 1527 136 Morbis
1560 81 1816 134 Thoracis

1368 163 1465 196 nimis
1489 161 1648 195 irritando
1671 171 1727 193 cor
1742 185 1754 201 ,
1778 164 1811 194 δε
1835 160 1961 202 propria
1988 158 2082 202 hujus
2105 158 2174 192 vasa
2189 184 2198 197 ‚
2221 160 2287 193 vim
2303 156 2380 191 affe-

1368 215 1417 238 rat
1441 204 1536 248 ipsius
1560 204 1757 247 parietibus,
1780 204 1942 236 intimaeve
1967 202 2085 236 horum
2111 201 2307 236 substantiae.
2334 203 2380 234 Et

1369 259 1552 292 quanquam
1575 247 1727 281 distentio
1751 245 1849 289 major
1883 244 1940 278 effe
1962 245 2073 279 debeat
2105 247 2139 278 in
2163 247 2248 279 cavis
2271 246 2384 278 dexte-

1372 294 1438 333 ris,
1460 293 1578 334 quippe
1602 301 1740 333 quorum
1763 290 1985 323 exonerationi
2009 289 2208 323 obstaculum
2218 299 2296 322 tunc
2321 299 2380 329 op-

1373 335 1513 378 positum
1536 334 1578 369 est
1602 337 1635 367 in
1658 333 1865 375 pulmonibus
1888 344 1899 372 3
1922 342 2029 366 tamen
2052 334 2086 365 in
2111 332 2279 366 substantia
2303 332 2383 364 inti-

1373 391 1424 412 ma
1448 377 1645 412 sinistrorum
1683 388 1811 420 quoque
1833 387 1984 409 cavorum
2022 387 2108 409 venae
2131 375 2349 410 distendantur
2372 399 2385 416 ,

1373 419 1489 455 necesse
1511 421 1553 454 est
1575 447 1583 460 ‚
1620 420 1770 464 sanguine
1792 431 1858 462 quo
1880 430 1957 452 cava
1979 418 2108 452 dextera
2131 421 2228 453 nimis
2251 420 2386 462 opplen-

1372 476 1427 499 tur
1448 489 1456 502 ,
1481 465 1623 498 obstante
1648 463 1793 505 sanguini
1820 474 1874 505 per
1897 464 2090 496 Coronariae
2113 473 2199 496 venae
2226 462 2342 496 ostium
2366 473 2382 494 e

1371 508 1503 542 sinistris
1529 520 1656 551 quoque
1680 506 1844 540 redituro.
1870 507 2019 539 Irritatio
2043 516 2148 540 autem
2173 518 2244 550 quae
2266 518 2282 539 a
2313 507 2383 539 san-

1371 554 1468 595 guine
1491 551 1530 586 sit
1554 551 1776 585 vehementius
1799 549 1968 592 compulso
1984 572 1993 587 ‚
2019 550 2121 592 major
2147 548 2184 582 fit
2209 562 2224 582 a
2251 549 2383 582 sinistris

1371 605 1526 637 oportet,
1551 595 1650 628 donec
1674 593 1929 627 inflammatione
1953 593 2098 627 nondum
2122 591 2261 635 perfeeta
2282 616 2294 633 ,
2315 593 2378 625 viae

1371 650 1425 682 per
1449 641 1596 672 irritatos
1619 638 1786 680 pulmones
1810 636 1880 670 sunt
1903 638 2005 679 magis
2030 646 2172 679 patentes
2198 663 2205 670 .
2232 638 2384 669 Praeterea

1371 684 1442 716 aliis
1468 683 1529 715 alia
1555 693 1625 724 pars
1647 681 1755 715 cordis
1778 678 1835 713 esse
1860 679 1961 727 potest
1982 689 2035 714 aut
2059 679 2097 713 ab
2120 690 2216 720 ortu,
2239 690 2291 713 aut
2315 678 2385 721 post

1371 735 1481 760 ortum
1506 726 1715 767 proportione
1740 725 1843 757 minus
1866 724 1989 762 sirmam
2021 733 2058 758 ut
2080 725 2153 767 pari
2182 723 2281 757 causae
2313 733 2385 765 quae

1373 779 1426 803 aut
1453 768 1681 809 distendendo,
1705 776 1758 802 aut
1782 766 1942 800 irritando
1965 768 2079 799 vitiare
2102 778 2158 801 cor
2183 767 2294 810 poffit‚
2320 767 2386 799 mi-

1372 824 1430 847 nus
1453 824 1549 855 quam
1571 821 1693 845 caeterae
1716 809 1813 854 hujus
1836 820 1961 853 partes,
1986 808 2100 844 resistat
2122 835 2129 842 .
2154 813 2268 854 Itaque
2291 810 2328 843 in
2352 821 2386 842 a·

1377 857 1430 890 liis
1451 867 1508 889 cor
1531 855 1713 890 universum
1733 878 1746 895 ,
1777 855 1811 887 in
1847 854 1919 887 aliis
1951 863 2075 897 partem
2109 853 2174 897 ejus
2208 855 2349 896 aliquam
2375 874 2385 889 ‚

1379 901 1553 942 praesertim
1580 911 1656 932 vero
1680 911 1695 932 a
1717 898 1840 933 dextris
1861 921 1873 937 ,
1896 896 2123 939 amplificatam
2147 897 2309 932 interdum
2332 897 2386 930 of-

1377 943 1506 977 fendere
1529 943 1597 987 post
1620 954 1728 982 graves
1750 968 1759 981 ,
1792 950 1845 975 aut
1868 942 2019 983 repetitas
2043 942 2231 984 pulmonum
2255 941 2386 975 inflam-

1375 989 1556 1026 mationes,
1581 988 1714 1019 minime
1738 985 1780 1019 est
1802 985 1939 1018 mirum.
1965 985 2048 1021 Quae
2072 997 2146 1019 cum
2172 983 2328 1027 possemus
2353 996 2386 1016 a-

1376 1032 1494 1065 liorum
1518 1030 1808 1064 observationibus
1833 1027 2044 1066 confirmares
2069 1028 2210 1063 indicare
2224 1029 2383 1063 malumus

1374 1087 1474 1118 quas,
1497 1073 1564 1108 haec
1589 1073 1802 1110 recensentes,
1825 1071 1910 1105 forte
1933 1072 2140 1114 legebamus,
2165 1072 2303 1106 Illustris
2328 1074 2384 1105 Se-

1374 1120 1459 1151 nacii
1484 1122 1497 1157 (
1521 1130 1546 1160 z
1568 1122 1603 1158 )‚
1626 1119 1680 1159 qui
1700 1141 1710 1156 ,
1733 1126 1769 1150 ut
1794 1115 1877 1158 apud
1901 1115 2004 1157 ipsum
2029 1115 2152 1149 videbis
2171 1139 2180 1153 ‚
2203 1128 2301 1158 neque
2320 1128 2387 1149 rem

1374 1163 1466 1195 aliter
1489 1161 1630 1202 explicat
1654 1185 1661 1200 ,
1685 1163 1717 1193 δε
1742 1160 1821 1201 saepe
1844 1159 1912 1201 post
1935 1158 2090 1200 ejusmodi
2116 1160 2387 1195 inflammationes

1373 1205 1470 1238 corse
1494 1203 1604 1238 vidisse
1628 1202 1860 1245 amplificatum
1876 1226 1888 1242 ‚
1913 1202 2073 1243 affirmat,
2098 1206 2259 1246 praecipue
2284 1203 2388 1237 adex-

1374 1252 1435 1282 tris
1450 1273 1460 1289 ,
1484 1246 1759 1293 quemadmodum
1784 1249 1816 1280 &
1840 1247 1934 1279 nobis
1955 1247 1990 1278 in
2014 1246 2181 1290 proposito
2194 1249 2280 1281 Viro
2303 1249 2388 1281 acci-

1374 1292 1442 1327 dit.
1577 1294 1614 1324 ln
1638 1302 1704 1335 quo
1729 1302 1766 1324 ne
1789 1291 1851 1324 alia
1874 1302 1944 1332 quae
1969 1300 2083 1331 praeter
2105 1300 2251 1324 naturam
2274 1302 2389 1325 occur-

1374 1346 1509 1377 rerunt,
1532 1337 1746 1373 omittamu53
1770 1335 1894 1367 Venter
1918 1343 2033 1377 aquam
2058 1333 2173 1368 habuit
2192 1358 2204 1374 ,
2228 1347 2284 1368 nec
2309 1347 2389 1378 pau-

1373 1392 1468 1421 cam,
1492 1378 1558 1423 ejus
1583 1379 1721 1412 fimilem
1745 1389 1817 1421 quae
1842 1379 1875 1410 in
1899 1376 2030 1410 thorace
2045 1402 2057 1418 ,
2082 1378 2311 1420 &pericardio
2334 1379 2389 1412 de-

1374 1424 1494 1466 scripta
1517 1423 1578 1457 est·
1603 1424 1715 1465 Hepar
1738 1423 1874 1462 durum,
1901 1433 1939 1454 ex
1963 1419 2068 1454 livido
2093 1422 2213 1464 pallens
2224 1423 2388 1462 exterius,

1374 1468 1509 1502 interius
1543 1475 1649 1500 autem
1683 1466 1800 1499 crebris
1834 1464 2003 1508 particulis
2037 1465 2117 1498 albis
2149 1468 2348 1509 variegatum
2375 1491 2385 1499 .

1508 1512 1618 1554 Caput
1630 1509 1753 1550 secare,
1777 1508 1849 1542 aliis
1860 1507 2272 1553 distentioccupationibus
2289 1535 2299 1552 ‚
2323 1521 2389 1544 non

1375 1564 1562 1599 potuimus.

1417 1609 1468 1641 35.
1495 1600 1597 1633 VIRI
1621 1598 1752 1632 alterius
1776 1595 1963 1630 consistente
1986 1604 2080 1629 aetate
2099 1621 2111 1637 ‚
2136 1596 2211 1630 sano
2236 1597 2353 1631 habitu
2379 1623 2389 1637 ,

1375 1641 1425 1676 sed
1450 1642 1488 1676 ad
1511 1642 1718 1676 macilentum
1743 1642 1850 1684 potius
1873 1665 1886 1681 ,
1919 1652 2015 1682 quam
2039 1640 2076 1672 ad
2100 1641 2253 1683 pinguem
2276 1665 2287 1681 ,
2319 1652 2391 1673 ver-

1374 1695 1468 1728 gente
1490 1710 1501 1726 ,
1525 1685 1655 1718 cadaver
1678 1685 1853 1718 incidimus
1876 1683 1986 1716 eodem
2012 1685 2045 1716 in
2072 1683 2146 1717 loco
2168 1708 2180 1724 ,
2214 1684 2391 1728 eodemque

1376 1729 1478 1762 mense
1494 1752 1502 1766 ,
1527 1728 1710 1771 insequente
1734 1736 1840 1761 autem
1864 1738 1947 1759 anno
1962 1750 1974 1766 ,
2006 1738 2080 1761 cum
2105 1728 2195 1769 plura
2219 1727 2276 1769 ipsi
2301 1729 2334 1760 in
2360 1740 2391 1760 a-

1378 1773 1432 1806 liis
1460 1771 1630 1807 secundum
1654 1780 1800 1805 naturam
1812 1769 2028 1804 animadversa
2043 1794 2056 1810 ‚
2081 1772 2331 1814 recognoscere,
2353 1781 2391 1805 ut

1379 1815 1468 1849 soliti
1494 1817 1601 1850 sumus
1622 1840 1632 1855 ‚
1668 1818 1700 1848 ἃ
1723 1814 1980 1858 frequentissimis
2004 1813 2224 1849 Auditoribus
2254 1815 2392 1849 demon-

1374 1860 1468 1893 strare
1492 1857 1731 1893 instituissemus
1746 1885 1753 1891 .
1776 1858 1899 1891 Aderat
1914 1869 1989 1891 cum
2011 1859 2134 1892 caeteris
2152 1859 2300 1893 Affis'tens
2313 1860 2393 1892 No-

1375 1904 1520 1937 socomio
1544 1902 1691 1937 Medicus
1712 1927 1718 1933 .
1745 1903 1812 1935 Hic
1837 1901 2070 1935 sciscitantibus
2096 1903 2245 1936 narrabat
2262 1926 2274 1943 ,
2298 1902 2394 1936 cada-

1371 1958 1428 1980 ver
1451 1956 1527 1980 tunc
1567 1945 1781 1980 dissecandum
1804 1943 1951 1987 lapicidae
1974 1943 2053 1978 esse:
2085 1945 2267 1989 cujusmodi
2291 1945 2394 1980 artifi-

1374 2002 1450 2023 cum
1474 1990 1640 2032 pulmones
1664 1989 1706 2022 ob
1730 1989 1927 2022 involantem
1951 1989 2116 2031 pulverem
2139 2000 2296 2033 quantum
2331 2001 2394 2032 op-

1377 2035 1509 2077 portuni
1535 2033 1657 2066 morbis
1679 2031 1740 2065 sint
1762 2055 1771 2070 ,
1795 2043 1870 2065 cum
1893 2034 1978 2065 ratio
2003 2032 2126 2066 indicat
2146 2057 2158 2073 ,
2190 2043 2261 2067 tum
2285 2033 2395 2067 obser-

1378 2078 1469 2110 vatio
1492 2078 1506 2115 (
1528 2088 1545 2109 a
1568 2074 1768 2115 >confirmat
1790 2100 1797 2106 .
1833 2077 1924 2108 Huic
1949 2077 2092 2118 primum
2126 2075 2243 2110 febrim
2268 2101 2279 2117 ,
2315 2088 2395 2111 mox

1380 2128 1576 2163 pungentem
1602 2118 1716 2152 sinistri
1742 2119 1848 2151 lateris
1871 2118 2036 2157 dolorem,
2063 2131 2142 2153 mox
2153 2120 2217 2154 alvi
2244 2120 2394 2161 fluxum,

1377 2174 1415 2197 ut
1438 2164 1540 2196 oeties
1564 2163 1649 2195 intra
1672 2161 1767 2195 horas
1791 2162 2055 2205 vigintiquatuor
2088 2162 2191 2197 fluida
2215 2173 2353 2206 egereret
2384 2190 2394 2202 ‚

1380 2219 1446 2240 non
1471 2205 1580 2247 flava,
1603 2217 1703 2249 neque
1726 2217 1798 2239 cum
1823 2205 1955 2239 molesto
1980 2206 2089 2245 sensu,
2115 2219 2194 2240 mox
2209 2217 2396 2250 gravantem

1381 2254 1415 2284 in
1439 2250 1572 2283 thorace
1593 2249 1739 2283 dolorem
1763 2247 1918 2283 advenisse
1938 2276 1944 2282 .
1980 2251 2084 2284 Serius
2108 2277 2117 2290 ‚
2153 2260 2188 2284 ut
2213 2263 2229 2284 a
2261 2250 2396 2294 plebeiis

1382 2294 1462 2336 saepe
1486 2292 1548 2333 fit,
1571 2304 1626 2325 nec
1648 2293 1716 2326 ullo
1740 2293 1829 2326 domi
1854 2293 2000 2335 praefidio
2026 2293 2202 2335 adhibito,
2227 2294 2398 2328 hominem

1381 2337 1438 2371 sub
1459 2337 1626 2379 quinftam
1652 2336 1756 2370 morbi
1789 2335 1875 2369 diem
1898 2339 1931 2368 in
1965 2348 2038 2370 eum
2061 2338 2169 2372 locum
2205 2337 2296 2371 fuisse
2322 2338 2398 2371 illa-

1380 2390 1451 2414 tum
1466 2404 1478 2420 ‚
1502 2379 1565 2421 jam
1588 2381 1737 2413 omnibus
1763 2391 1834 2423 quae
1856 2379 1945 2412 dic-”ta
1971 2380 2041 2413 sunt
2061 2406 2069 2420 ‚
2094 2381 2320 2422 laborantem,
2345 2393 2398 2414 ea-

1381 2437 1441 2466 que
1466 2423 1504 2456 ad
1529 2432 1708 2456 extremum
1731 2423 1828 2466 usque
1854 2421 2020 2466 perstitisse
2046 2449 2053 2455 .
2080 2422 2214 2457 Missum
2240 2425 2282 2458 ob
2307 2437 2399 2458 mor-

1380 2468 1414 2500 bi
1440 2468 1592 2510 praecipui
1617 2475 1765 2500 naturam
1787 2490 1801 2507 ,
1833 2468 1865 2499 Sc
1891 2462 2081 2501 violentiam
2103 2466 2287 2510 sanguinem
2323 2469 2399 2502 den-

1382 2511 1497 2545 siorem
1521 2510 1651 2553 quidem
1676 2509 1791 2548 fuisse,
1817 2521 1874 2542 nec
1898 2519 2004 2543 tamen
2030 2523 2104 2545 cum
2127 2511 2229 2545 crusta
2254 2513 2398 2555 polypo-

1384 2554 1435 2588 sa.
1461 2556 1585 2596 Sputa,
1609 2565 1674 2586 non
1698 2552 1760 2586 fine
1783 2553 1890 2595 aliqua
1916 2553 2075 2596 sanguinis
2100 2555 2243 2589 tinfiura
2266 2580 2275 2595 ,
2302 2566 2399 2599 appa-

1385 2596 1501 2633 ruisl‘e3
1526 2608 1634 2631 verum
1659 2608 1724 2630 non
1748 2594 1920 2639 proceffisse
1944 2621 1951 2628 .
1986 2597 2133 2632 Confusa
2167 2597 2296 2633 demum
2319 2623 2331 2640 ,
2365 2603 2399 2633 &

1386 2641 1543 2675 subdelira
1568 2650 1671 2673 mente
1686 2663 1693 2677 ‚
1719 2651 1797 2673 mox
1820 2641 1917 2673 etiam
1943 2641 2107 2683 pulsibus,
2130 2643 2186 2685 qui
2210 2642 2286 2676 tensi
2311 2669 2319 2682 ‚
2341 2654 2398 2676 nec

1386 2686 1637 2717 intermittentes
1670 2685 1792 2718 fuerant
1813 2708 1824 2723 ‚
1858 2683 1967 2716 sensim
1999 2685 2220 2720 deficientibus
2241 2713 2250 2728 ,
2298 2687 2400 2721 initio

1389 2728 1456 2762 diei
1480 2729 1656 2761 undecimae
1681 2726 1835 2761 interiisse
1858 2752 1865 2758 .
1891 2728 1974 2769 Qae
1997 2740 2071 2763 cum
2095 2740 2205 2763 omnes
2231 2729 2401 2765 audiviffe-

1391 2784 1491 2811 mus3
1525 2783 1594 2806 turn
1618 2783 1677 2813 ego
1698 2796 1706 2809 ‚
1739 2770 1803 2814 jam
1827 2770 1923 2804 nostis
1944 2795 1956 2811 ,
1991 2775 2123 2815 inquam
2150 2798 2157 2811 ,
2191 2775 2223 2807 in
2250 2776 2401 2817 pulmone

1391 2815 1472 2858 quid
1497 2827 1621 2849 mecum
1646 2814 1750 2849 videre
1774 2814 1931 2859 ejusmodi
1957 2815 1990 2848 in
2012 2816 2136 2849 morbis
2148 2816 2403 2853 consueveritis.

1389 2858 1528 2892 Vidistis
1562 2858 1690 2901 insuper
1716 2859 1887 2901 aliquando
1920 2859 2017 2893 etiam
2051 2861 2084 2892 in
2123 2860 2227 2902 pleura
2263 2862 2400 2897 laesionis

1391 2902 1513 2945 aliquid
1537 2914 1545 2935 .·
1583 2903 1615 2934 in
1640 2902 1884 2944 diaphragmate
1920 2914 2048 2947 quoque
2074 2914 2133 2946 ego
2166 2905 2295 2947 quidem
2319 2917 2404 2938 non-

1390 2958 1551 2992 nunquam
1577 2944 1644 2979 vidi
1668 2949 1681 2985 (
1705 2946 1724 2979 b
1746 2950 1780 2986 ),
1805 2958 1877 2980 cum
1894 2947 2165 2990 peripneumonici
2193 2961 2278 2983 mens
2302 2949 2403 2982 labas-

1390 2991 1458 3022 set:
1484 2999 1515 3021 at
1539 2989 1618 3032 saepe
1645 3001 1757 3032 aquam
1782 2990 1817 3022 in
1842 2989 1972 3035 thorace
1997 3003 2004 3023 :
2031 2991 2134 3024 multo
2157 3002 2264 3025 autem
2288 2992 2404 3034 saepius

1391 3032 1564 3075 polyposas
1597 3036 1630 3066 in
1654 3032 1750 3066 corde
1770 3056 1779 3071 ‚
1812 3032 1951 3075 vasisque
1977 3035 2107 3067 annexis
2144 3037 2368 3071 concretiones
2393 3062 2402 3069 .

1389 3078 1451 3110 Hae
1476 3086 1605 3115 tamen,
1630 3079 1663 3110 δε
1687 3077 1742 3109 illa
1767 3075 1860 3109 facile
1884 3076 1980 3110 deesse
2004 3076 2134 3120 possunt
2159 3081 2192 3112 in
2217 3079 2279 3113 hoc
2306 3080 2404 3120 casu;

1392 3122 1470 3160 illa,
1501 3132 1574 3153 cum
1598 3130 1684 3153 tanta
1710 3119 1771 3166 seri
1792 3121 1885 3162 copia
1909 3120 1946 3153 sit
1971 3133 2026 3163 per
2050 3121 2113 3154 alvi
2137 3122 2270 3157 fluxum
2281 3123 2406 3167 ejeeta;

1392 3164 1465 3202 liae,
1488 3175 1560 3196 cum
1584 3165 1617 3196 in
1641 3162 1732 3196 misso
1755 3164 1903 3206 sanguine
1915 3164 2016 3198 crusta
2040 3163 2139 3199 fuerit
2161 3167 2271 3201 nulla.

1394 3208 1626 3246 THORAX,
1648 3218 1722 3240 cum
1746 3206 1814 3239 haec
1838 3207 1984 3242 dixissem
2013 3234 2021 3248 ‚
2046 3210 2103 3244 sub
2126 3211 2230 3244 oculis
2255 3208 2425 3244 omnium'

1396 3252 1556 3284 continuo
1582 3250 1717 3283 reclusus
1739 3277 1747 3290 ‚
1773 3249 1856 3283 nihil
1882 3263 1971 3295 aquae
1998 3252 2110 3286 habuit
2133 3277 2139 3283 .
2178 3255 2294 3287 Pulmo
2317 3264 2409 3288 uter-

1398 3306 1457 3337 que
1481 3303 1546 3326 erat
1570 3295 1726 3326 anteriore
1751 3292 1830 3326 facie
1856 3294 2003 3337 turgidus
2019 3321 2027 3336 ,
2051 3299 2082 3328 δε
2107 3295 2153 3329 ibi
2179 3299 2308 3340 quidem
2324 3300 2408 3332 mol-

1400 3339 1491 3374 litie,
1516 3341 1548 3370 &
1571 3338 1677 3370 colore
1702 3337 1862 3371 naturali:
1889 3338 1971 3372 facie
1996 3338 2190 3382 posteriore,
2214 3345 2246 3374 ἅν
2269 3341 2409 3376 inferio.

1398 3393 1450 3417 re,
1475 3393 1492 3413 a
1516 3380 1646 3414 sinistris
1672 3390 1778 3413 autem
1800 3381 1927 3424 insuper
1951 3383 2074 3415 laterali
2099 3395 2178 3424 pene
2202 3394 2297 3426 tota,
2324 3387 2408 3419 arete

1401 3425 1439 3457 ad
1464 3424 1608 3457 thoracis
1632 3425 1766 3467 parietes
1791 3425 1975 3459 adhaerens.
2004 3426 2200 3471 Ubicunque
2214 3427 2410 3470 adhaeserat,

1400 3469 1447 3501 ibi
1472 3468 1637 3510 inaequalis
1662 3468 1793 3510 pleura,
1816 3469 1852 3502 ad
1876 3469 2007 3503 dorsum
2031 3479 2138 3503 autem
2164 3470 2313 3514 subnigra
2335 3498 2344 3513 ,
2376 3474 2410 3506 in

2290 3515 2370 3549 late-

344 3603 2410 3620 *mmm—Q

510 3682 515 3687 .
536 3673 573 3694 30·
637 3666 651 3694 ζ
667 3674 681 3688 x
700 3665 708 3693 )
725 3672 749 3688 n.
766 3671 789 3694 4.
852 3664 866 3693 (
879 3670 896 3694 y
914 3663 928 3692 )
945 3663 1020 3692 Epist.
1037 3672 1073 3688 20.
1092 3672 1115 3688 n.
1134 3671 1170 3693 33—

400 3665 475 3726 ἓῖ))
491 3673 562 3724 {pist
580 3704 606 3724 7.
625 3703 650 3718 n.
670 3703 707 3724 13.

1232 3662 1246 3691 ζ
1261 3670 1279 3690 z
1294 3662 1308 3690 )
1322 3662 1407 3685 Traitd
1423 3661 1454 3686 du
1474 3663 1554 3686 Coeur
1571 3663 1586 3687 l.
1604 3672 1627 3693 4.
1645 3661 1714 3687 eh.8.
1731 3670 1753 3687 n.
1774 3671 1795 3693 3.

1857 3664 1871 3692 (
1889 3673 1903 3687 a
1920 3665 1933 3692 )
1952 3663 2070 3689 Vid.Ast.
2083 3666 2116 3689 N.
2127 3667 2156 3690 C.
2167 3667 2242 3690 Tom.
2262 3675 2280 3696 5.
2296 3666 2355 3691 Obs.
2368 3671 2407 3698 85.
