2498 4075
384 195 686 224 commemoratur3
709 194 815 219 tamen
836 195 906 228 quae
929 184 1029 225 magis
1051 181 1126 216 visae
1149 181 1221 216 sunt
1257 181 1294 214 ad
1329 183 1380 214 Se-

383 234 507 266 &iones
531 230 607 262 alias
631 229 812 270 pertinere,
835 239 885 261 eas
917 237 1026 261 omnes
1060 224 1097 258 ad
1130 226 1202 259 illas
1235 224 1344 266 distuli
1369 236 1379 263 3

384 274 448 309 huc
473 275 607 316 reliquas
631 270 773 315 seposui.
791 273 860 305 Has
871 279 996 308 autem,
1017 280 1054 301 ne
1065 268 1262 312 abiislonge
1274 267 1380 301 abeam

381 330 453 360 quae
476 318 567 359 supra
590 315 734 351 indicata
757 315 851 354 sunt,·
874 325 937 349 non
960 311 1165 346 incommode
1187 312 1228 344 fic
1259 310 1382 344 divisu-

382 372 453 394 rum
477 371 525 393 rne
549 357 643 392 credo
658 384 666 399 ‚
689 367 726 392 ut
748 359 888 400 primum
899 368 946 389 eas
958 354 1162 398 proferamin
1174 355 1291 397 quibus
1301 364 1382 397 prae-

379 405 476 445 cipua
499 402 577 437 laesae
602 402 819 445 respirationis
839 399 928 432 causa
951 410 1040 431 extra
1053 398 1215 431 thoracem
1227 397 1288 435 est,
1312 407 1382 430 tum

379 458 431 479 eas
456 447 489 478 in
512 445 631 488 quibus
655 444 697 478 est
719 446 804 477 intra
827 442 1017 481 thoracem5
1041 453 1079 474 ex
1099 441 1149 475 his
1162 450 1269 474 autem
1283 440 1385 474 rursus

381 490 455 524 illas
481 490 622 531 primum
646 489 679 520 in
702 487 819 530 quibus
842 485 885 518 est
907 486 940 517 in
965 486 1135 528 pulmone,
1159 494 1228 517 turn
1252 484 1322 517 illas
1334 483 1386 516 de-

382 533 479 576 nique
501 533 536 565 in
559 532 676 574 quibus
699 533 732 562 in
757 530 885 563 thorace
908 528 1041 571 quidem
1063 527 1128 568 est,
1152 527 1201 560 sed
1214 536 1300 560 extra
1315 527 1385 569 pul-

381 577 510 609 monem
522 601 530 611 ,
661 576 748 607 Cum
771 584 845 605 vero
856 596 870 613 ,
891 571 1021 614 quando
1044 579 1130 604 extra
1143 570 1306 604 thoracem
1320 569 1382 610 est,

379 619 483 654 sedem
507 618 645 652 maxime
668 616 784 652 habeat
814 616 917 649 autin
951 615 1077 656 capite,
1101 624 1155 647 aut
1187 615 1220 645 in
1251 622 1379 653 ventre,

385 671 441 698 aut
464 663 498 695 in
522 661 632 700 collo;
653 671 703 695 me
725 659 816 702 juvat
840 671 855 691 a
878 659 983 699 capite
1006 658 1140 690 initium
1162 656 1295 697 ducere.

425 718 456 748 4.
483 702 644 737 Willisius
667 702 798 745 quidem
821 702 854 734 in
866 686 1006 750 Scholiffs
1018 699 1222 733 Medicorum
1235 699 1271 732 de
1285 699 1382 732 Asth-

377 757 463 784 mate
487 745 688 781 Convulsivo
710 745 894 778 doctrinam
921 744 1059 776 maxime
1083 743 1253 782 illustravit
1269 767 1281 783 ,
1303 742 1381 777 suis-

378 803 438 834 que
461 789 667 824 confirmavit
690 786 970 822 observationibus
992 810 1000 824 ‚
1025 797 1134 820 eorum
1170 786 1344 828 praesertim
1371 808 1380 823 ‚

399 836 434 868 ui
459 831 516 866 nisi
541 832 679 865 ereetum
704 831 848 873 semper,
872 838 925 863 aut
950 840 1087 872 pronum
1099 838 1192 871 caput
1204 830 1381 869 servarent,

369 847 479 917 siurim
502 874 607 909 anheli
629 874 766 913 fiebant,
787 885 825 906 ac
856 873 946 906 velut
979 872 1155 906 moribundi
1189 872 1382 914 respirabant

373 930 450 953 cum
474 916 646 954 retrorsum
668 926 764 960 caput
787 925 975 952 moverent,
1000 926 1051 950 aut
1077 915 1183 958 supini
1216 916 1381 950 decumbe-

375 971 471 1002 rent,
492 961 591 1005 idque
614 972 679 995 non
703 962 800 995 aliam
823 959 867 993 ob
889 959 1014 993 causam
1029 982 1043 1000 ,
1060 959 1118 993 nisi
1130 959 1215 1003 quod
1228 960 1285 995 seri
1298 961 1379 992 acris

372 1006 526 1042 colluvies
546 1006 656 1047 ingens
668 1028 682 1047 ,
704 1015 776 1047 quae
801 1003 886 1036 intra
909 1014 1018 1037 eorum
1029 1003 1190 1037 cerebrum
1201 1002 1379 1036 dissecando

373 1050 619 1088 inveniebatur,
642 1047 719 1082 dum
742 1056 862 1090 caput,
885 1055 921 1080 ut
944 1046 1085 1080 diximus
1109 1070 1119 1085 ,
1154 1047 1344 1080 reclinarent
1363 1069 1372 1083 ,

373 1093 479 1126 versus
503 1103 674 1125 nervorum
700 1092 860 1133 originem
891 1092 948 1133 qui
984 1090 1132 1132 pulmoni
1166 1089 1340 1123 inserviunt
1361 1112 1374 1129 ,

376 1135 519 1178 relapsa,
542 1136 630 1170 illam
647 1134 863 1167 vehementius
876 1133 1005 1175 urgebat
1017 1157 1029 1173 ,
1051 1132 1324 1176 quemadmodum
1336 1144 1374 1165 ex

374 1179 535 1215 Sestionis
559 1177 655 1220 hujus
680 1181 705 1211 I.
731 1177 966 1210 Observatione
989 1177 1145 1210 CLXIV.
1179 1176 1372 1218 cognosces.

503 1220 564 1254 Sed
587 1221 671 1254 idem
695 1223 798 1254 tamen
810 1231 845 1253 ea
857 1220 970 1254 melius
979 1218 1130 1253 omisisset
1143 1232 1213 1263 quae
1225 1221 1259 1252 in
1272 1218 1375 1253 Scho-

376 1266 424 1298 lio
447 1264 529 1306 leges
544 1289 553 1304 ,
575 1264 677 1296 eidem
703 1264 846 1307 subjeeto
870 1263 1098 1299 Observationi
1112 1287 1124 1303 ,
1147 1263 1377 1300 videlicetMe-

372 1309 456 1342 dicos
477 1315 599 1342 veteres
603 1308 742 1350 primam
744 1307 939 1352 solummodo
948 1305 1131 1345 Asibmatis
1156 1307 1274 1348 peciem
1286 1316 1377 1348 agno-

371 1349 470 1394 visse,
493 1362 565 1394 quae
589 1351 713 1384 omnino
734 1363 754 1385 a
776 1348 922 1383 dubiibus
945 1346 1086 1392 aeriferis
1108 1361 1124 1382 o
1140 1349 1271 1388 strucfiis
1285 1372 1294 1386 ‚
1320 1357 1376 1382 aut

370 1405 430 1428 non
447 1393 531 1435 satis
551 1392 734 1435 patentibus
753 1393 894 1436 procedit
908 1392 1063 1431 3alteram
1075 1392 1273 1432 autem,five
1284 1394 1376 1425 Con-

369 1436 524 1472 vulfivam
549 1435 702 1479 ignorasse
714 1461 727 1477 ,
749 1438 869 1481 quippe
892 1436 1006 1471 solitos
1021 1434 1204 1479 hujusmodi
1220 1435 1376 1469 asthmata

370 1480 538 1522 'vaporibus
561 1491 579 1512 a
603 1479 701 1517 liene,
728 1488 815 1514 utero
826 1503 838 1519 ,
860 1479 1060 1522 mesenterio‚
1084 1487 1140 1512 aut
1161 1480 1224 1513 alio
1246 1480 1375 1522 quodam

370 1523 488 1567 viscere
506 1523 589 1566 satis
613 1523 772 1557 immerito
795 1522 987 1565 adscribere.
1012 1523 1062 1555 Ut
1087 1524 1171 1556 enim
1194 1531 1376 1566 praeteream

369 1566 511 1606 Galerii,
537 1572 634 1608 atque
656 1565 732 1599 adeo
754 1567 969 1608 Hippocratis
994 1565 1107 1606 locos,
1130 1568 1164 1599 δε
1188 1578 1258 1609 quae
1281 1565 1375 1607 hujus

370 1613 565 1652 Interpretes
599 1609 692 1652 super
725 1608 924 1651 Aphorii‘mo
959 1608 1107 1651 scripsere
1138 1609 1190 1641 68.
1227 1610 1308 1643 Seet.
1341 1620 1373 1651 4.

367 1656 466 1693 (nam
489 1653 664 1686 Avicennae
686 1652 779 1685 verba
794 1676 806 1692 ,
829 1664 899 1695 quae
912 1654 1029 1695 pariter
1041 1650 1176 1694 produci
1200 1652 1267 1686 vidi
1289 1655 1375 1692 (c),

365 1698 405 1731 de
429 1696 582 1730 asthmate
604 1695 734 1738 quidem
759 1696 829 1729 sunt
854 1706 893 1730 ex
914 1696 1041 1731 nervis,
1068 1696 1110 1728 Θ
1133 1694 1253 1736 nucha,
1276 1697 1377 1729 &ce-

366 1740 478 1782 rebro,
501 1740 551 1774 sed
599 1751 630 1773 er
654 1739 856 1779 catarrhum,
883 1749 945 1771 non
969 1749 1023 1781 per
1044 1736 1283 1772 convulfionem
1306 1738 1379 1771 illa-

370 1789 430 1825 to)
457 1795 520 1818 non
545 1795 559 1818 a
607 1783 685 1827 alios
710 1783 763 1816 hic
787 1781 993 1826 provocabo,
1019 1781 1076 1815 nifi
1099 1793 1181 1824 quos
1205 1783 1238 1814 in
1263 1781 1374 1824 Sepul-

370 1827 485 1862 chreto
508 1827 598 1870 poffis
623 1825 898 1868 inspicere.Vide
923 1826 1025 1867 igitur
1049 1823 1176 1858 Scholia
1201 1824 1238 1858 ad
1263 1825 1373 1867 proxi-

367 1884 432 1908 mas
457 1871 704 1904 Observationes
728 1871 828 1903 CLX.
855 1873 886 1903 &
909 1869 1045 1902 CLXV.
1071 1870 1109 1902 Jn
1134 1868 1195 1900 illo
1229 1880 1300 1902 cum
1333 1867 1371 1900 de

368 1914 562 1959 orthopuoea
587 1913 625 1948 ab
647 1915 729 1947 renis
753 1913 877 1945 calculo
901 1922 1063 1955 ageretur,
1087 1910 1210 1952 causam
1231 1911 1299 1953 ejus
1310 1912 1375 1948 rei,

368 1960 477 2005 inquit
503 1958 691 1998 Ballonius,
715 1956 769 2000 esse
791 1957 928 1996 volunt,
951 1955 1030 1995 quod
1051 1954 1200 1987 nervulur
1222 1954 1261 1994 esi
1282 1954 1378 1996 asex-

369 2013 404 2038 ta
429 2003 645 2045 conjugatione
664 2000 839 2043 pervadens
872 1999 1076 2042 diaphragma
1101 2019 1110 2034 ,
1142 1997 1184 2030 Θ
1216 1998 1256 2030 ad
1289 2008 1376 2031 renes

370 2046 465 2091 usque
484 2053 670 2088 perreptans
689 2068 696 2080 ,
720 2044 776 2086 qui
798 2040 954 2086 oppreffus
966 2065 979 2082 ,
1003 2049 1040 2075 ut
1063 2041 1095 2075 in
1120 2039 1255 2082 oppofito
1270 2039 1375 2083 femo-

371 2102 403 2125 re
420 2090 558 2132 stuporis
577 2085 699 2130 sensum
723 2083 821 2129 infert
837 2112 845 2123 ,
870 2087 918 2120 iza
940 2085 973 2118 in
995 2083 1142 2127 partibus
1158 2084 1285 2127 fiiperis
1309 2080 1374 2125 dif-

366 2133 546 2179 ficultatem
577 2130 757 2164 nonnullam
791 2128 1005 2173 respirationis
1036 2126 1148 2172 afferre·
1172 2126 1269 2169 potest
1289 2151 1296 2158 .
1335 2128 1374 2158 In

371 2180 435 2212 hoc
459 2185 566 2210 autem
591 2175 691 2207 altero
715 2172 848 2206 Scholio
874 2172 1015 2204 Platerus
1039 2193 1048 2208 ‚
1083 2179 1216 2211 majores
1248 2169 1376 2212 praeser-

372 2223 433 2257 tim
456 2220 544 2255 nervi
570 2218 680 2261 septi,
706 2229 724 2249 a
746 2215 860 2259 dorsali
879 2214 1017 2258 medulla
1036 2212 1181 2256 progreffi
1192 2235 1205 2252 ,
1228 2210 1378 2254 defluxio-

358 2264 466 2299 nibus
480 2287 492 2304 ,
514 2270 571 2295 aut
593 2260 669 2295 aliis
692 2259 808 2293 morbis
823 2283 834 2299 ,
857 2259 965 2301 inquit
987 2281 1000 2297 ‚
1024 2256 1199 2299 separatim
1233 2257 1275 2289 (φ
1303 2255 1379 2298 soli-

376 2309 456 2342 tarii
479 2304 639 2350 infestati,
662 2303 835 2344 dyspnoeam
868 2302 1024 2344 quandam
1053 2299 1184 2344 pariunt
1214 2311 1224 2337 3
1257 2299 1380 2341 qualem

375 2353 409 2386 in
431 2347 645 2391 asthmaticis,
667 2345 765 2379 nullis
788 2345 862 2378 aliis
880 2344 1062 2388 pulmonum
1085 2340 1265 2384 affefforum
1298 2342 1380 2375 indi-

376 2395 436 2428 ciis
459 2389 708 2435 apparentibus,
732 2389 878 2422 continuo
900 2393 1028 2429 aegrotos
1062 2383 1204 2427 infestare
1237 2382 1381 2425 observa-

375 2437 503 2471 vimus.
526 2434 621 2467 Num
634 2433 737 2475 igitur
751 2431 912 2464 hiveteres
925 2428 1049 2475 Medici
1071 2427 1109 2460 de
1130 2425 1302 2469 vaporibus
1326 2426 1380 2460 hic

376 2479 470 2514 verba
481 2476 617 2514 faciunt,
630 2487 667 2508 an
678 2475 716 2508 de
730 2485 895 2507 nervorum
908 2469 1157 2505 afieecionibus?
1182 2481 1257 2503 num
1269 2471 1377 2508 aliam,

377 2522 436 2558 nisi
459 2523 596 2565 primam
607 2520 697 2552 illam
711 2517 873 2551 asthmatis
887 2516 1043 2558 speciem,
1067 2525 1136 2557 quae
1157 2514 1193 2547 fit
1215 2512 1379 2556 bronchiis

376 2566 612 2602 obstruffisfflut
624 2561 952 2604 compreffis,omnino
963 2559 1112 2599 ignorant
1126 2555 1138 2589 ?
1152 2557 1248 2595 Vide,
1259 2555 1380 2599 quaeso,

376 2612 412 2644 in
434 2608 545 2643 eodem
569 2606 702 2640 Scholio
724 2617 794 2647 quae
819 2603 916 2647 paulo
934 2601 1017 2635 infra
1031 2600 1147 2634 Plateri
1159 2601 1274 2640 verba,
1298 2600 1385 2632 Wil-

379 2653 443 2687 lilii
466 2651 562 2695 ipfius
584 2650 680 2684 verba
714 2648 949 2691 subjiciuntur.
974 2646 1080 2690 Juxta
1104 2645 1184 2685 quod
1204 2644 1293 2677 nervi
1317 2643 1386 2676 dia-

378 2695 579 2741 phragmatis
602 2704 621 2726 a
644 2692 763 2727 muniis
786 2692 847 2725 rite
870 2686 1072 2736 defungendis
1095 2694 1151 2720 aut
1173 2686 1352 2721 inhibentur
1375 2712 1385 2726 ‚

376 2748 435 2774 aut
453 2744 704 2783 pervertuntur,
728 2733 892 2777 respiratio
915 2730 1050 2776 difficilis
1074 2731 1161 2763 varii
1178 2730 1301 2772 generis
1309 2739 1385 2771 pro-

377 2784 524 2818 ducitur.
547 2782 641 2815 Num
664 2779 758 2813 aliter
782 2774 944 2810 Platerus?
968 2776 1013 2808 Et
1036 2772 1193 2806 inferius:
1215 2773 1307 2817 ,Quod
1329 2771 1386 2804 lie-

377 2828 428 2860 nis
446 2823 682 2868 perturbationi
703 2821 865 2863 respiratio
889 2817 1024 2862 difficilis
1041 2815 1148 2866 paffim
1170 2817 1202 2850 in
1213 2814 1386 2865 luypocbonff

382 2869 499 2903 driacis
523 2893 530 2900 .
545 2892 553 2900 .
568 2891 575 2898 .
593 2891 600 2898 .
619 2865 789 2907 fiiccedat‚
811 2864 894 2897 ratio
925 2861 964 2901 eft
986 2883 995 2897 ‚
1029 2871 1101 2903 quia
1134 2869 1220 2893 nerm
1250 2857 1384 2900 splenici

379 2922 451 2945 cum
469 2908 685 2952 pneumonicis
708 2907 954 2941 communicant.
978 2904 1070 2937 Num
1093 2903 1131 2935 ab
1155 2905 1236 2935 renis
1261 2911 1386 2943 pertur-

379 2954 509 2989 batione
533 2952 701 2994 respiratio
723 2949 866 2983 difficilis
890 2949 955 2981 alio
976 2948 1201 2989 explicationis
1213 2956 1321 2988 genere
1333 2945 1387 2977 de-

379 2998 511 3032 ducitur
534 2994 617 3038 apud
641 2991 851 3028 Ballonium?
983 2988 1144 3033 Equidem
1168 2991 1304 3031 ignom,
1327 3000 1387 3030 qua

379 3042 504 3075 ratione
527 3038 674 3074 Vesalius
698 3038 733 3072 id
758 3036 975 3078 explicaturus
998 3032 1105 3067 fuisset
1137 3032 1226 3076 quod
1258 3034 1291 3064 in
1327 3031 1387 3074 hy-

380 3082 571 3127 drocephala
595 3082 698 3125 puella
709 3080 884 3114 observavit
896 3102 906 3117 ,
930 3078 1013 3111 libro
1026 3078 1183 3119 superiore
1195 3075 1381 3117 Sepulchre-

381 3130 409 3162 ti
430 3131 444 3167 (
465 3129 484 3161 d
507 3131 518 3166 )
543 3133 819 3164 commemorata,
843 3124 964 3165 quoties
996 3128 1090 3162 caput
1120 3119 1158 3153 ab
1188 3116 1381 3159 adstantibus

380 3170 590 3211 movebatur,
614 3173 656 3205 (φ’
678 3167 842 3205 nonnihil,
876 3164 1078 3208 quantumvis
1109 3163 1205 3197 etiam
1237 3162 1348 3195 leviter
1370 3184 1379 3199 ‚

381 3212 581 3256 erigebatur,
600 3223 730 3257 gravem
752 3210 837 3245 illico
861 3208 962 3251 tussim
981 3206 1094 3249 puella
1106 3206 1258 3247 molestam
1262 3203 1357 3248 fuisse
1372 3229 1381 3242 ,

380 3267 454 3291 cum
474 3255 594 3300 difficili
616 3255 835 3300 respiratione.
861 3251 921 3285 Sed
945 3260 1052 3284 tamen
1078 3262 1178 3293 neque
1215 3262 1230 3282 a
1254 3250 1383 3290 vapori-

380 3299 439 3334 bus
455 3321 464 3337 ,
487 3311 587 3343 neque
612 3312 627 3332 a
650 3296 801 3333 catarrho
823 3296 911 3330 illico
935 3306 989 3338 per
1011 3305 1121 3327 nervos
1155 3295 1188 3326 in
1222 3292 1386 3335 pulmones

380 3343 583 3385 decurrente,
608 3342 672 3385 ejus
695 3344 739 3376 rei
762 3339 885 3375 causam
910 3339 1117 3380 repetiturum
1132 3335 1222 3370 fuisse
1236 3361 1248 3376 ,
1271 3335 1386 3374 credo,

383 3386 558 3429 praesertim
581 3398 655 3420 cum
679 3386 801 3419 cerebri
823 3382 969 3428 quidem,
1000 3385 1030 3414 ἃ
1055 3381 1282 3414 nonnullorum
1305 3380 1387 3412 alio-

385 3440 456 3461 rum
478 3430 657 3470 viscerum,
680 3430 870 3471 pulmonum
894 3435 998 3460 autem
1023 3425 1147 3458 nullum
1169 3425 1303 3458 omnino
1335 3424 1385 3455 vi-

383 3474 467 3506 tium
492 3473 689 3507 adnotaverit
702 3497 709 3506 .

972 104 1130 158 Liber
1163 103 1228 156 11.
1262 105 1347 156 De
1383 101 1590 155 Morbis
1625 100 1883 154 Thoracis

1474 189 1503 221 5.
1527 180 1652 214 Verum
1675 178 1742 212 haec
1764 179 1811 211 ita
1832 177 1971 219 accipias
1993 175 2112 217 velim,
2133 184 2170 209 ut
2192 176 2306 219 cuique
2328 177 2420 213 suum

1430 221 1602 265 reddatur3
1626 232 1691 255 non
1713 230 1750 255 ut
1773 218 1916 254 Willifio
1939 218 2112 262 quidquam
2135 217 2338 254 detrahatur.
2361 223 2434 255 An—

1430 275 1462 299 te
1485 276 1580 308 quem
1606 266 1716 307 potius
1740 263 1924 297 mirandum
1947 262 2012 299 est,
2028 273 2102 299 ,non
2136 262 2248 303 saepius
2281 263 2431 299 Medicos

1430 308 1464 342 id
1486 307 1672 341 intellexisse
1694 307 1782 351 quod
1805 317 1914 340 omnes
1947 304 2016 350 post
2047 304 2150 347 ipsum
2179 306 2393 348 intelligimus
2416 331 2426 338 ,

1432 354 1518 385 Cum
1542 352 1627 384 enim
1650 362 1688 384 ex
1710 362 1775 393 quo
1799 350 1945 384 homines
1972 350 2066 388 sunt,
2087 348 2229 390 proclive
2253 348 2351 384 fuerit
2362 351 2432 383 ani-

1434 393 1651 434 madvertere,
1671 404 1690 426 a
1712 402 1856 434 terrore,
1876 393 1915 425 ab
1937 394 1982 425 ira
2005 416 2013 430 ‚
2037 403 2052 423 a
2076 391 2195 434 gaudio
2214 415 2227 431 ,
2258 403 2276 425 a
2309 393 2432 427 moesti-

1435 441 1505 479 tia,
1529 450 1544 471 a
1569 437 1648 472 fletu
1667 448 1762 479 quam
1785 437 1875 476 cito,
1897 439 1930 469 ὅ(
1960 446 2058 477 quarn
2090 434 2257 469 manifesto
2290 445 2432 469 mutetur

1437 482 1623 524 respiratio,
1648 491 1783 522 cumque
1805 478 2159 513 Auc0torvetustiffimus
2176 477 2251 510 libri
2272 480 2309 512 de
2322 478 2432 512 Morbo

1437 530 1530 558 Sacro
1549 527 1614 564 (e)
1636 522 1770 561 diserte,
1794 534 1829 556 ac
1849 533 1918 555 vere
1940 523 2123 562 monuerit,
2145 531 2184 554 ex
2206 520 2292 565 nulla
2304 522 2368 554 alia
2378 533 2432 555 no-

1436 568 1485 601 his
1502 575 1593 609 parte
1615 566 1796 609 voluptates
1817 567 2012 607 contingere,
2036 564 2245 603 &laetitiaffi
2270 565 2430 608 Θήβα,

1434 612 1476 644 &
1498 610 1604 651 lusus,
1628 621 1720 652 quam
1743 619 1781 642 ex
1803 607 1944 648 cerebro,
1967 608 2101 649 itemque
2123 618 2289 647 moerores,
2313 608 2353 641 Θ·
2375 618 2432 640 an-

1432 655 1568 688 xietates
1583 677 1593 692 ,
1617 651 1819 694 tristitiasque
1834 674 1845 691 ,
1867 662 1904 684 ac
1925 650 2085 693 ejulatus,
2107 652 2150 683 (9·
2173 650 2315 692 querelas
2339 662 2351 689 3
2382 653 2432 683 vi-

1431 697 1523 730 detur
1550 696 1617 728 sane
1631 720 1641 736 ‚
1665 707 1703 728 ex
1727 695 1778 728 his
1800 694 1932 726 obvium
1945 693 2082 727 Medicis
2094 691 2150 726 esse
2164 692 2430 735 debuisse,quam

1433 739 1620 783 potestatem
1643 739 1739 771 habet
1763 739 1797 770 in
1821 736 2062 778 respirationem
2084 738 2270 776 cerebrum,
2299 745 2432 769 natura-

1434 783 1517 816 libus
1541 782 1706 816 dumtaxat
1729 780 2004 821 cogitationibus,
2026 779 2077 813 seu
2101 779 2298 823 quotidianis
2332 780 2430 812 animi

1433 825 1658 860 affeetionibus
1682 823 1833 857 nonnihil
1857 833 2078 863 commotum,
2091 824 2220 857 eandem
2234 847 2246 863 ‚
2263 824 2431 865 multoque

1432 869 1585 912 majorem
1609 868 1721 902 habere
1746 865 1854 909 posse,
1876 878 1948 913 cum
1971 868 2001 899 vi
2015 867 2121 906 morbi
2136 867 2431 900 vehementioreir-

1431 914 1567 952 litatur,
1593 921 1646 946 aut
1670 912 1842 953 premitur.
1867 911 1969 952 Cujus
1992 911 2039 942 vis
2061 908 2208 943 effectum
2230 914 2261 943 &
2285 910 2431 952 praeclare

1431 956 1516 990 vidit
1533 979 1542 995 ‚
1567 959 1598 989 &
1622 954 1761 989 dilucide
1786 953 1958 995 explicavit
1984 952 2168 992 Willifius,
2193 952 2291 986 modo
2314 954 2348 985 in
2381 964 2432 986 ce-

1429 1000 1545 1038 rebro,
1569 998 1669 1032 modo
1691 999 1726 1030 in
1750 996 1844 1039 hujus
1869 994 2095 1038 appendicibus
2117 996 2284 1036 Medulla,
2308 999 2339 1029 &
2362 1007 2432 1028 ner-

1429 1046 1477 1076 vis
1501 1041 1686 1083 attendens,
1710 1041 1809 1074 modo
1833 1039 2050 1072 convulfiones
2074 1039 2147 1072 inde
2170 1049 2335 1081 repetens,
2358 1050 2431 1072 mo-

1423 1086 1468 1120 do
1480 1085 1635 1129 paralyses
1647 1108 1655 1123 ,
1669 1088 1700 1118 &
1715 1085 1832 1118 horum
1845 1082 2010 1115 alterutras
2020 1081 2120 1115 modo
2143 1082 2176 1115 in
2200 1082 2340 1125 ipsorum
2363 1083 2434 1125 pul-

1424 1141 1559 1163 monum
1583 1130 1708 1161 intimis
1732 1128 1846 1166 fibris,
1869 1124 2262 1168 modoindiaphragmate
2274 1125 2407 1159 statuens
2422 1150 2431 1163 ,

1428 1174 1561 1215 aliisque
1574 1171 1722 1205 musculis
1739 1170 1941 1211 respirationi
1963 1168 2206 1203 inservientibus
2233 1194 2239 1201 .
2328 1168 2432 1206 Quod

1428 1216 1466 1250 ad
1488 1228 1584 1258 genus
1607 1214 1751 1251 difficilis
1775 1212 1953 1254 respiratior
1967 1213 1992 1244 is
2015 1212 2084 1245 duae
2109 1214 2248 1246 attinent
2271 1213 2430 1247 Observa-

1427 1262 1555 1300 tiones,
1579 1256 1734 1293 Valsalvae
1759 1256 1887 1299 prima,
1910 1266 1952 1288 no
1981 1266 2012 1288 ra
2035 1257 2157 1296 altera,
2180 1267 2256 1299 quas
2279 1256 2432 1290 tibicon-

1428 1305 1523 1338 tinuo
1546 1301 1760 1336 describemus
1773 1323 1780 1331 .
2367 1313 2370 1317 ·

1469 1349 1500 1380 6.
1525 1348 1608 1379 VIR
1631 1355 1786 1377 annorum
1808 1341 2019 1386 quadraginta
2043 1341 2179 1375 evaserat
2202 1354 2240 1376 ex
2263 1352 2353 1377 acuta
2386 1344 2434 1377 fe-

1426 1389 1503 1429 bre,
1525 1389 1663 1428 delirio,
1687 1391 1718 1420 &
1745 1386 1901 1429 soporoso
1924 1385 2040 1419 affeetu
2063 1385 2177 1428 stipata
2201 1411 2209 1425 ,
2232 1397 2306 1419 cum
2337 1389 2434 1429 paulo

1428 1433 1519 1476 post,
1543 1432 1677 1466 admiffis
1689 1432 1721 1463 in
1735 1431 1809 1463 cibo
1819 1453 1831 1470 ,
1854 1438 1999 1472 potuque
2013 1455 2020 1467 ‚
2044 1432 2075 1461 &
2089 1429 2199 1462 affidua
2210 1430 2359 1463 cannabis
2369 1441 2434 1465 tra-

1427 1478 1568 1511 ctatione
1582 1473 1830 1513 errati5,rursus
1855 1481 1957 1515 petere
1980 1473 2098 1506 Iec'sum
2119 1473 2249 1515 cogitur
2260 1473 2349 1507 valde
2362 1474 2434 1508 laesa

1426 1520 1635 1562 respiratione
1648 1526 1703 1559 ‚ut
1715 1518 1816 1550 creffta
1828 1515 1924 1558 spiret
1941 1517 2061 1548 cervice
2080 1540 2089 1554 ‚
2110 1515 2290 1558 idquecum
2312 1515 2406 1550 sibilo
2421 1540 2434 1558 ,

1426 1566 1584 1605 &magna
1597 1563 1773 1595 elevatione
1787 1559 1985 1593 abdominis.
2012 1558 2376 1602 Difficulterloquitur,
2401 1563 2434 1594 &

1426 1618 1481 1649 per
1491 1606 1674 1645 intervalla,
1685 1603 1762 1637 idest
1772 1615 1847 1636 cum
1859 1612 1958 1634 aerem
1968 1601 2104 1644 exspirat
2119 1626 2126 1633 .
2141 1603 2245 1636 Tuffit
2258 1616 2265 1635 ε
2280 1604 2313 1636 in
2330 1603 2432 1639 fauci-

1427 1650 1486 1684 bus
1510 1649 1655 1682 ardorcm
1679 1648 1793 1681 sentit:
1818 1645 1929 1684 dolet,
1953 1655 2016 1677 non
2041 1645 2196 1683 internis,
2221 1645 2272 1679 sed
2296 1643 2434 1680 externis

1429 1693 1595 1732 thoracis,
1619 1695 1652 1725 ἃ
1675 1690 1795 1723 ventris
1819 1688 1986 1731 partibus:
2010 1689 2134 1730 vigiliis
2157 1697 2341 1730 torquetur.
2365 1692 2436 1724 De-

1430 1749 1520 1770 mum
1544 1745 1705 1778 quatuor,
1730 1743 1767 1766 an
1792 1733 1932 1774 quinque
1954 1729 2045 1764 horis
2069 1732 2108 1763 ab
2129 1730 2289 1774 ass'umpto
2321 1732 2400 1766 bolo
2421 1757 2436 1774 ,

1424 1781 1539 1822 opium
1563 1778 1721 1815 habente,
1746 1787 1821 1809 cum
1845 1777 1878 1807 in
1902 1774 1986 1807 lecto
2009 1775 2145 1816 amplius
2170 1773 2279 1809 durare
2289 1777 2438 1818 nonpos-

1424 1823 1482 1862 fit,
1507 1822 1670 1856 ambulat:
1695 1821 1876 1862 leetumque
1888 1826 2029 1859 repetens
2043 1818 2243 1859 ,improviso
2255 1818 2347 1851 obit.

1428 1867 1659 1904 VENTRE,
1681 1867 1712 1897 δε
1738 1863 1888 1896 Thorace
1911 1862 2029 1903 apertis
2045 1884 2054 1899 ‚
2079 1870 2190 1907 caetera
2212 1861 2329 1895 viscera
2365 1861 2437 1896 sana

1428 1910 1556 1942 inventa
1580 1908 1651 1941 sunt
1676 1907 1808 1946 omnia;
1836 1907 1904 1950 imo
1928 1904 1976 1936 vel
1998 1905 2031 1936 in
2055 1905 2129 1947 ipsis
2154 1906 2361 1948 pulmonibus
2385 1908 2438 1938 ni-

1429 1953 1477 1986 hil
1502 1951 1544 1985 est
1568 1950 1658 1984 aliud
1682 1949 1954 1988 animadversum,
1977 1946 2035 1980 nisi
2058 1947 2144 1989 quod
2170 1960 2236 1981 aere
2257 1949 2346 1982 valde
2368 1957 2437 1983 tur—

1427 1996 1571 2038 gebant,
1596 1994 1759 2037 nigrisque
1783 1992 1838 2025 hic
1862 1992 1932 2024 illic
1956 1991 2091 2023 maculis
2107 1990 2404 2035 *distinguebantur
2425 2019 2432 2025 .

1428 2038 1561 2072 Parvula
1584 2039 1789 2069 concretione
1815 2035 1992 2077 polyposa,
2016 2046 2085 2076 quse
2098 2035 2206 2067 suitin
2220 2036 2351 2068 dextero
2363 2047 2437 2069 ven-

1426 2081 1548 2115 triculo
1560 2080 1668 2113 cordis
1680 2101 1690 2116 ‚
1713 2088 1840 2122 excepta
1854 2078 2014 2120 ,reliquus
2026 2078 2151 2119 sanguis
2163 2080 2339 2112 naturalem
2354 2091 2438 2122 quo-

1425 2123 1602 2158 dammodo
1625 2121 1766 2156 servabat
1796 2122 1950 2155 fluorem.
2083 2122 2207 2154 Cranio
2230 2132 2335 2155 autem
2348 2135 2437 2165 aper-

1428 2179 1487 2208 to,
1512 2169 1657 2211 primum
1676 2164 1850 2208 gelatinosa
1874 2163 1934 2197 seri
1958 2165 2123 2196 concretio
2146 2165 2228 2197 circa
2265 2166 2334 2199 vasa
2368 2166 2437 2199 san-

1429 2210 1555 2254 guifera
1578 2210 1746 2252 conspeeta
1770 2207 1837 2248 est,
1862 2218 1916 2250 per
1940 2208 2086 2240 Tenuem
2118 2209 2297 2249 meningen]
2331 2220 2438 2251 repen..

1429 2257 1498 2287 tia:
1522 2263 1593 2287 tum
1618 2253 1720 2286 serum
1745 2250 1949 2293 limpidum,
1973 2250 2132 2283 Laterales
2157 2252 2292 2293 implens
2316 2254 2438 2285 ventri-

1430 2298 1521 2332 culos
1544 2296 1689 2332 cerebri,
1716 2295 1807 2336 quale
1831 2297 1862 2326 ἃ
1897 2295 1980 2326 intra
2015 2295 2133 2338 primas
2164 2295 2324 2328 vertebras
2355 2297 2438 2329 circa

1431 2340 1605 2375 medullam
1628 2339 1788 2381 Spinalem
1813 2345 1971 2379 repertum
1995 2337 2053 2370 est.-
2078 2335 2213 2380 denique
2252 2338 2321 2381 ipsa
2353 2351 2438 2372 cere-

1431 2386 1482 2418 bri
1505 2393 1676 2426 compages
1699 2391 1792 2423 aequo
1816 2380 1921 2412 laxior
1943 2378 1984 2412 est
2008 2380 2219 2414 animadversa
2233 2407 2240 2415 .

1474 2439 1505 2470 7.
1531 2426 1600 2460 Etsi
1625 2424 1719 2458 facile
1740 2431 1891 2466 poterant
1914 2423 2017 2464 aliqui
2042 2422 2212 2457 secundum
2235 2436 2270 2458 ea
2293 2437 2363 2468 quae
2377 2437 2434 2459 nos

1431 2481 1582 2513 quoque,
1607 2469 1682 2501 alias
1705 2466 1788 2511 (f)
1811 2465 1848 2499 ad
1871 2475 1903 2499 te
1936 2464 2103 2499 scribentes
2125 2490 2138 2507 ,
2170 2470 2438 2501 commemoravi-

1433 2525 1503 2547 mus
1518 2536 1528 2551 ,
1553 2514 1587 2545 in
1611 2512 1673 2545 hoc
1698 2511 1769 2543 viro
1793 2508 1965 2551 suspicari,
1988 2509 2135 2543 cannabis
2157 2534 2169 2550 ,
2192 2523 2287 2553 quam
2320 2513 2439 2545 trac‘ta-

1435 2558 1509 2595 bat‚
1537 2557 1721 2599 pulverem,
1743 2562 1779 2587 ut
1803 2551 1907 2586 fauces
1930 2551 2109 2593 irritando,
2132 2554 2257 2595 tuffim,
2283 2557 2314 2588 &
2349 2555 2440 2589 ardo-

1436 2602 1479 2634 ris
1503 2599 1623 2633 sensum
1646 2601 1854 2633 excitaverat,
1879 2595 1919 2628 fic
1940 2597 2037 2628 etiam
2061 2597 2094 2629 in
2118 2598 2285 2639 pulmones
2317 2599 2439 2633 irruen-

1437 2644 1501 2683 do,
1525 2642 1637 2685 eosque
1669 2641 1749 2674 male
1782 2639 1950 2673 multando
1970 2662 1982 2679 ,
2016 2641 2156 2673 maxima
2190 2653 2228 2674 ex
2262 2651 2350 2683 parte
2385 2653 2439 2674 or-

1437 2687 1627 2729 thopnoeam
1653 2682 1815 2723 intulisse;
1838 2680 1983 2716 diffeetio
2006 2691 2109 2715 tamen
2122 2685 2213 2718 aliter
2225 2685 2439 2718 docuit.Ne-

1435 2743 1495 2773 que
1520 2731 1604 2762 enim
1629 2729 1705 2767 hic,
1730 2737 1764 2761 ut
1787 2729 1821 2759 in
1844 2727 1904 2759 illo
1927 2724 2117 2759 asthmatico
2139 2729 2195 2771 qui
2220 2729 2341 2770 plumas
2364 2729 2440 2771 qui-

1436 2774 1495 2807 bus
1517 2774 1643 2807 culcitae
1667 2770 1868 2810 farciuntur,
1891 2768 2178 2804 solebatadetritis
2193 2772 2360 2814 particulis
2384 2783 2439 2805 ex-

1437 2828 1568 2860 purgare
1582 2839 1590 2854 ‚
1611 2815 1768 2859 pulmonis
1790 2811 1926 2856 vesicula:
1951 2814 2085 2859 inventae
2107 2813 2306 2848 suntatenui
2316 2815 2439 2857 pluma-

1436 2872 1506 2893 rum
1524 2859 1653 2902 pulvere
1673 2860 1800 2901 penitus
1822 2854 1983 2899 infarcfiae‚
2009 2856 2088 2890 sicut
2113 2857 2208 2892 habes
2231 2859 2275 2900 {in
2299 2857 2439 2891 Addita-

1437 2906 1552 2936 mentis
1576 2902 1613 2936 ad
1638 2901 1719 2935 hanc
1743 2901 1921 2946 Se&ionem
1945 2902 2030 2942 (g);
2056 2900 2104 2934 sed
2130 2901 2212 2936 nihil
2237 2900 2294 2934 nifi
2308 2903 2439 2935 maculae

1437 2947 1500 2980 illae
1525 2948 1623 2990 nigrae
1638 2969 1648 2985 ‚
1670 2956 1745 2988 quas
1769 2944 1916 2977 Valsalva
1940 2954 2012 2976 cum
2036 2942 2221 2986 spectasset,
2245 2946 2376 2977 minime
2399 2945 2439 2978 ad

1438 2990 1541 3024 morbi
1565 2989 1687 3023 causam
1711 2989 1864 3027 attinere,
1887 2985 2028 3023 censuit,
2051 2989 2171 3031 quippe
2194 3000 2288 3030 quam
2302 2989 2375 3021 satis
2389 2990 2439 3021 in-

1438 3044 1485 3066 tra
1508 3036 1653 3067 cranium
1677 3032 1828 3074 agnovit.
1858 3029 1916 3075 Sed
1941 3029 2020 3062 hanc
2035 3053 2044 3068 ‚
2067 3031 2296 3068 convellend0‚
2322 3043 2357 3065 an
2391 3043 2439 3064 re-

1432 3077 1582 3112 solvendo
1606 3085 1729 3109 tantam
1751 3074 1839 3106 illam
1862 3074 2082 3116 respirationis
2106 3074 2330 3108 difficultatem
2354 3084 2439 3107 attu-

1432 3120 1521 3157 lisse,
1545 3121 1708 3155 dicemus?
1732 3118 1828 3160 Signa
1853 3128 1916 3150 non
1941 3117 2053 3151 desunt
2078 3118 2222 3162 aliquot,
2248 3130 2306 3152 cur
2342 3119 2440 3151 resol-

1432 3163 1535 3198 vendo
1561 3164 1660 3198 videri
1684 3171 1796 3205 queat.
1822 3163 1854 3194 Si
1878 3162 1961 3193 enim
1984 3161 2136 3195 resolutas
2169 3161 2276 3195 credas
2312 3162 2439 3204 pulmo-

1433 3220 1509 3241 num
1535 3207 1649 3245 fibras5
1675 3205 1768 3238 facile
1792 3205 1976 3247 intelliges,
2002 3204 2060 3238 hos
2083 3217 2182 3238 aerem
2206 3206 2361 3248 expellere
2374 3216 2438 3237 non

1437 3251 1597 3295 potuisse,
1619 3261 1718 3292 eoque
1741 3249 1956 3290 praeturgidos
1980 3246 2036 3281 esse
2048 3248 2084 3281 de
2112 3248 2279 3289 rehensos,
2300 3250 2440 3290 itemque

1438 3306 1494 3328 cur
1516 3297 1593 3337 opio
1617 3294 1716 3331 dato,
1739 3294 1866 3334 gravior
1890 3292 1972 3325 facia
1998 3290 2034 3323 fit
2049 3259 2202 3333 affectio,
2225 3295 2254 3324 &
2269 3302 2440 3324 morscon-

1440 3338 1569 3378 secuta,
1593 3337 1680 3372 fibris
1704 3335 1852 3368 videlicet
1877 3337 1991 3368 iisdem
2027 3336 2127 3376 magis
2160 3335 2320 3378 magisque
2353 3335 2441 3367 laxa-

1438 3382 1501 3414 tis:
1527 3393 1597 3423 quae
1629 3380 1651 3413 fi
1684 3379 1888 3412 convulsione
1919 3377 2047 3412 fuissent
2079 3376 2251 3417 distentae3
2284 3377 2357 3410 inde
2389 3388 2440 3409 ca-

1440 3434 1542 3466 pturae
1588 3422 1678 3457 fuisse
1722 3423 1869 3456 videntur
1913 3423 2089 3456 utilitatem
2136 3423 2247 3464 potius
2280 3445 2292 3462 ,
2335 3432 2433 3462 quam

1436 3479 1552 3501 noxam
1576 3495 1584 3502 .
1620 3469 1734 3510 Neque
1768 3476 1913 3500 externus
1947 3466 2001 3498 ille
2033 3463 2176 3498 thoracis
2202 3488 2211 3504 ‚
2259 3465 2440 3541 &dventris

2327 3519 2345 3539 o
2362 3518 2398 3539 or

495 3678 509 3707 )
526 3680 617 3703 canon.
635 3679 652 3701 1.
672 3687 692 3707 3.
710 3680 772 3709 Fen‚·
788 3684 836 3702 non
853 3684 875 3706 9.
892 3676 930 3703 sed
947 3684 982 3702 ιο.
999 3679 1032 3699 tt.
1053 3682 1072 3699 ι.
1088 3682 1110 3700 c.
1134 3677 1170 3704 38-

502 3709 515 3738 )
532 3707 590 3733 Obs.
607 3717 630 3738 4.
648 3708 670 3739 §.
687 3716 709 3733 ².

1233 3677 1247 3705 (
1263 3674 1279 3698 d
1294 3675 1307 3703 )
1324 3674 1386 3700 Se&-
1406 3677 1443 3699 16.
1459 3673 1518 3699 obs.
1536 3676 1558 3698 6.

1622 3676 1635 3703 (
1650 3678 1686 3701 e)
1705 3683 1728 3698 n.
1747 3678 1782 3699 16.
1845 3673 1887 3704 (f
1902 3674 1910 3704 l
1928 3674 1998 3704 Epist.
2016 3682 2039 3704 7.
2055 3681 2079 3697 n.
2098 3678 2137 3700 14-
