2498 4075
354 189 387 221 Is
412 189 514 231 igitur
533 208 545 225 ,
568 182 692 220 tametsi
715 182 917 226 postmodum
951 179 1066 214 certior
1088 177 1231 212 fortuito
1252 175 1352 210 fafflrs

354 229 457 265 fuerat
477 239 587 262 eorum
609 238 680 269 quae
700 237 760 268 ego
783 222 1003 269 respondissem
1018 247 1028 263 ,
1050 221 1084 254 in
1107 220 1354 264 propofitocon-

353 275 436 308 stans
460 273 514 306 suo
536 294 547 310 ,
570 269 689 304 ferrum
712 269 819 303 medio
840 267 960 303 tumori
982 264 1132 307 impressit
1152 288 1164 305 ‚
1193 263 1354 298 exfiliente

351 329 431 360 aqua
456 312 633 358 pellucida,
655 312 762 346 colore
785 310 932 345 nonnihil
956 312 1055 343 urinae
1067 305 1185 348 fimili,
1207 317 1356 349 nonpau·

352 372 411 400 ca,
435 368 466 392 at
489 356 649 400 postremo
671 356 766 391 instar
789 354 853 398 ejus
877 364 940 398 qua
962 364 1036 386 earo
1057 362 1160 385 recens
1191 351 1258 384 lota
1280 348 1322 382 est
1344 373 1353 382 .

352 405 446 446 Aqua
472 398 577 434 emissa
595 427 611 440 ⁴
644 399 815 434 turundam
845 397 1027 437 Chirurgus
1048 394 1177 428 crassam
1199 392 1320 427 indidit
1345 407 1355 424 .-

353 457 415 490 qua
447 443 561 478 educ‘ta
595 453 713 476 novam
748 429 895 485 quotidie
916 438 1082 472 emittebat
1115 449 1227 480 aquam
1248 434 1353 478 quoad

351 500 431 532 puer
453 488 557 521 vixit.
580 488 661 520 Non
684 483 768 518 vixit
792 494 896 518 autem
920 482 957 516 ad
969 491 1076 516 totum
1100 481 1232 515 tertium
1256 479 1293 512 ab
1304 480 1351 511 in-

350 532 419 565 ciso
442 541 568 565 tumore
590 529 675 563 diem
690 552 697 560 .
723 530 775 562 Ex
796 539 860 570 quo
883 527 968 559 enim
985 525 1037 558 hic
1059 523 1174 558 incisus
1185 522 1249 563 est,
1272 533 1351 555 nun·-

350 586 445 620 quam
470 575 563 612 flere,
587 575 619 607 &
641 573 777 606 clamare
800 569 920 604 destitit
943 570 1001 612 qui
1025 578 1115 601 antea
1138 566 1248 612 hilaris
1282 563 1354 598 esset

355 630 390 652 ac
413 616 623 652 ridibundus‚
649 618 681 649 &
705 625 877 647 mammam
913 611 979 645 fere
1002 610 1133 644 aversari
1164 621 1254 651 cujus
1279 608 1356 642 sem-

350 672 407 705 per
433 669 582 704 appetens
605 657 732 692 fuisset.
755 657 878 690 Interea
903 664 977 689 toto
998 662 1135 696 corpore
1158 653 1271 696 saepius,
1293 660 1357 685 tre-

349 716 431 739 mere
447 727 458 744 ,
481 702 576 736 facies
598 712 701 735 autem
725 702 812 743 prius
835 700 963 738 nitida,
986 700 1017 730 &
1041 698 1116 731 bene
1138 695 1357 771 colorataf'am

354 748 497 785 collabi,
521 755 614 789 atque
639 743 827 786 pallescere;
850 742 957 775 onmia
975 751 989 780 ,·
1020 751 1058 773 ne
1079 739 1214 779 multis;
1236 750 1286 772 ma
1302 749 1355 773 um

355 788 563 834 portendere.
590 789 684 821 Unus
708 795 812 819 tamen
834 785 887 818 ille
910 783 1091 826 Chirurgus
1113 782 1190 816 bene
1214 781 1355 825 sperabat

348 834 397 867 vel
423 833 530 875 paucis
553 840 719 872 antequam
753 838 838 862 mors
872 829 1032 870 ingrueret
1055 852 1065 867 ,
1098 824 1221 859 horulis
1244 837 1252 858 ε
1285 837 1355 868 quae

351 888 425 912 cum
449 876 510 908 levi
536 870 677 916 spirandi
701 872 891 906 difficultate
914 869 1022 904 senfim
1046 868 1175 903 advenit
1195 894 1203 901 .
1227 869 1357 902 Horum

348 920 495 953 omniurn
518 916 650 959 denique
674 914 857 948 admonitus
871 938 881 954 ,
905 924 985 955 :egre
1008 913 1092 953 tuli,
1115 922 1232 946 temere
1249 911 1357 946 homi-

349 974 424 997 nem
447 961 588 995 occisum
613 957 669 993 esse
688 982 700 998 ,
735 961 767 992 δε
789 957 877 1001 quod
900 958 1057 999 reliquum
1080 965 1147 990 erat
1172 979 1182 995 ‚
1217 957 1355 989 tumoris

308 1038 323 1042 a,
348 1006 504 1039 interiora
528 1002 678 1036 lustrandi
699 1002 856 1044 cupidus,
880 1001 1037 1034 continuo
1060 999 1194 1033 domum
1219 1000 1298 1041 petii
1320 999 1353 1031 in

347 1060 443 1093 quam
467 1057 607 1091 parentes
631 1046 726 1088 paulo
759 1054 829 1078 ante
855 1054 991 1078 mortem
1025 1054 1159 1086 puerum
1180 1043 1319 1077 tulerant
1343 1067 1353 1081 ,

348 1093 448 1125 vicini
469 1114 481 1131 ,
506 1093 538 1123 &
559 1090 669 1123 Amici
694 1090 755 1122 mei
773 1114 779 1120 .
806 1088 858 1122 Ibi
882 1098 955 1122 curn
977 1085 1180 1129 Chirurgum
1194 1085 1278 1119 forte
1300 1084 1355 1118 of-

347 1134 538 1174 fendiffem,
562 1132 646 1166 idem
666 1132 758 1176 quod
780 1144 862 1175 ego,
885 1131 1065 1174 cupientem
1085 1152 1099 1169 ,
1132 1130 1187 1163 etsi
1214 1128 1355 1162 hominis

348 1189 501 1220 nuperam
525 1175 751 1209 confidentiam
773 1184 919 1214 tantam,
947 1172 1173 1215 audaciamque
1197 1173 1358 1215 pernicio-

347 1222 411 1256 sam
437 1220 566 1263 paululo
591 1220 691 1252 acrius
722 1230 818 1262 quam
842 1229 910 1250 mea
943 1216 1022 1251 ferat
1047 1225 1160 1249 natura
1180 1239 1193 1257 ,
1226 1218 1258 1248 δε
1282 1226 1359 1248 con-

350 1264 485 1299 suetudo
501 1287 510 1302 ,
534 1263 587 1296 hic
612 1262 763 1295 omnibus
786 1261 862 1294 satis
884 1260 1036 1303 superque
1061 1259 1199 1301 {pestata
1219 1284 1229 1299 ,
1253 1270 1360 1302 repre-

348 1306 484 1342 hendere
508 1317 566 1349 pro
589 1317 627 1338 eo
649 1317 683 1339 ac
706 1304 860 1338 debebam
882 1327 893 1343 ,
924 1315 987 1336 non
1010 1301 1102 1336 omifi
1122 1313 1134 1341 3
1169 1312 1275 1336 tamen
1290 1327 1301 1343 ,
1322 1313 1359 1336 ut

347 1349 600 1389 consideratior,
623 1360 657 1381 ac
680 1350 805 1382 cautior
826 1345 899 1380 esset
923 1348 956 1379 in
971 1346 1128 1389 posterum
1147 1368 1158 1384 ,
1180 1345 1242 1388 jam
1264 1345 1360 1378 doci-

348 1395 399 1436 li,
424 1403 518 1436 atque
541 1392 576 1425 id
601 1393 721 1435 petenti
743 1415 755 1432 ‚
787 1391 953 1437 continuo,
969 1391 1064 1423 annui
1091 1413 1105 1431 ‚
1137 1401 1171 1423 ac
1194 1390 1359 1433 pollicitus

347 1438 439 1478 sum,
459 1448 509 1473 me
532 1445 693 1469 tumorem
715 1433 880 1468 dissecanti
904 1434 1081 1467 affuturum
1101 1457 1114 1473 ,
1136 1436 1169 1466 <Sc
1193 1445 1263 1476 quae
1285 1444 1362 1467 con-

347 1483 486 1519 tineret,
511 1480 765 1513 declaraturum.
900 1478 1125 1511 TUMORIS
1150 1478 1281 1517 parietes
1304 1476 1361 1509 etsi

348 1535 436 1559 erant
458 1522 615 1565 collapsi,
637 1525 669 1555 ἃ
693 1520 799 1564 rugosi
825 1545 838 1562 ,
862 1524 894 1554 &
917 1519 960 1552 ob
983 1519 1063 1553 hanc
1087 1519 1211 1553 causam
1237 1520 1361 1553 craslio-

346 1580 415 1608 re53
439 1569 480 1602 iis
504 1574 606 1600 tamen
632 1565 732 1606 preffis
757 1577 774 1598 e
797 1565 925 1598 vulnere
949 1574 1030 1606 aqua
1054 1563 1161 1596 exibat
1198 1575 1261 1596 non
1286 1575 1363 1605 pau-

348 1625 408 1653 ca,
429 1623 500 1655 quse
525 1608 673 1643 nonnihil
699 1608 926 1650 graveolebat,
951 1607 1051 1640 urinae
1076 1606 1203 1649 pallidae
1227 1606 1361 1640 fimilis:

350 1667 421 1699 quae
448 1652 626 1687 similitudo
650 1652 863 1694 superioribus
890 1652 987 1683 etiam
999 1648 1132 1690 diebus,
1155 1658 1190 1683 ut
1214 1649 1307 1691 dixi,
1330 1662 1362 1682 a-

350 1697 567 1736 nimadversa,
590 1700 618 1729 ἃ
645 1697 728 1728 inter
750 1694 935 1737 Chirurgos
958 1692 1108 1735 vulgata,
1131 1692 1284 1736 quosdam
1308 1692 1362 1726 hic

349 1753 477 1786 quoque
500 1743 514 1780 (
536 1751 556 1773 n
577 1743 591 1779 )
615 1747 812 1781 permoverat
833 1763 842 1777 ‚
876 1746 912 1771 ut
936 1737 1110 1770 urinariam
1134 1735 1264 1769 vesicam
1289 1748 1364 1769 cum

349 1795 477 1821 tumore
500 1784 754 1829 communicare,
779 1775 1013 1824 suspicarentur
1034 1805 1042 1813 .
1077 1780 1215 1813 Parietes
1241 1779 1363 1814 duabus

349 1831 443 1865 iineis
465 1831 499 1861 in
522 1826 682 1875 decussffrn
704 1825 811 1860 duetis
834 1823 924 1858 incisi
947 1847 956 1863 ,
982 1824 1060 1857 dum
1081 1831 1196 1863 caute,
1218 1833 1254 1857 ut
1277 1823 1365 1858 indi—

979 97 1135 154 Liber
1169 98 1209 150 Ι.
1241 97 1336 154 De
1362 90 1571 147 Morbis
1606 89 1815 158 Capitis

1402 169 1510 205 tabam
1524 193 1538 211 ,
1557 167 1783 203 diducerentur
1798 193 1808 208 ‚
1830 163 1997 200 manifesto
2006 161 2155 207 apparuit
2178 162 2315 205 Spinalis
2326 163 2401 198 Me-

1402 214 1491 248 dulla
1511 236 1524 253 ,
1555 213 1664 246 Tenui
1687 211 1834 253 meninge
1866 207 2037 243 convestita
2061 217 2116 249 per
2138 218 2233 249 quam
2258 206 2403 241 distentis

1401 255 1536 291 vasculis
1558 265 1663 289 totam
1683 255 1846 288 rubentem
1865 276 1877 293 ,
1915 250 2066 285 Medullae
2086 260 2201 292 corpus
2230 262 2303 285 cum
2326 264 2404 296 pro-

1404 299 1575 334 deuntibus
1604 297 1706 331 nervis
1728 296 1767 331 ad
1797 297 1936 331 medium
1959 293 2057 329 ferme
2090 292 2221 327 illorum
2245 297 2403 336 parietum

1405 341 1576 377 secundum
1598 340 1834 382 longitudinem
1865 339 1980 373 arctius
2004 336 2185 370 adhaerebat
2220 341 2230 377 (
2253 351 2270 371 o
2289 342 2304 379 )
2323 361 2333 378 ‚
2367 349 2403 374 ut

1406 388 1445 420 ab
1467 385 1518 420 his
1542 384 1607 428 ipse
1629 384 1790 418 debuerim
1813 384 1969 416 leviter&
1993 379 2134 422 suspensa
2157 392 2251 414 manu
2264 381 2406 426 sejunge-

1405 442 1457 467 re,
1481 427 1667 470 evidensque
1689 426 1782 467 esset,
1803 436 1928 460 caeteras
1939 424 2091 471 Medullae
2113 424 2236 463 tunicas
2259 424 2293 457 in
2306 437 2407 460 unum

1402 484 1478 507 cum
1498 471 1611 505 iisdem
1641 469 1813 512 parietibus
1843 468 1990 502 coaluisse
2011 493 2020 501 .
2053 467 2123 500 Nec
2158 466 2307 502 diffluens
2339 479 2407 505 erat

1403 515 1572 555 Medulla,
1595 513 1646 547 sed
1668 515 1765 547 etiam
1785 522 1856 547 tum
1887 511 1963 545 satis
1994 510 2085 544 firma
2100 534 2109 549 ‚
2131 511 2218 555 quod
2242 523 2303 554 ego
2322 512 2409 549 inter

1405 560 1530 602 digitos
1554 556 1725 601 premendo
1748 557 1896 600 percepi,
1921 557 1953 588 &
1975 566 2053 589 mox
2075 556 2109 588 in
2133 553 2303 588 transverse
2325 557 2408 590 inci-

1406 602 1461 643 sa,
1485 602 1654 636 substantia
1675 601 1882 635 circumcirca
1904 597 2039 632 candida
2062 621 2075 638 ‚
2107 598 2224 632 intima
2249 600 2372 633 cinerea
2394 624 2409 641 ‚

1408 645 1449 680 sic
1472 644 1545 678 satis
1568 644 1669 678 solida
1690 653 1846 686 utraque,
1870 639 2074 675 confirmavit
2096 666 2104 673 .
2131 642 2275 684 Ampius
2299 653 2405 677 autem

1409 698 1476 722 erat
1499 687 1735 733 quoquoversus
1758 686 1894 720 tumoris
1916 684 2021 725 finus,
2042 683 2132 719 osseis
2155 685 2349 721 lumbarium
2371 699 2409 720 o-

1409 735 1533 767 mnium
1557 730 1771 764 vertebrarum
1793 729 1937 772 partibus
1958 739 2028 770 quae
2051 740 2068 760 a
2090 737 2181 772 tergo
2204 727 2260 762 effe
2283 729 2411 771 solent,

1410 778 1444 810 in
1469 776 1564 809 latera
1586 773 1726 817 depreffis
1748 795 1759 811 ‚
1794 771 2004 814 absumptisve
2026 770 2065 804 ad
2087 783 2196 806 earum
2220 772 2314 815 usque
2336 781 2411 807 cor-

1412 831 1490 862 pora
1517 843 1526 859 ,
1558 829 1628 861 qua:
1651 817 1787 851 tumoris
1818 816 1970 859 parietem
1994 816 2183 849 anteriorem
2215 815 2374 851 faciebant
2399 841 2407 848 .

1407 864 1511 899 Nulla
1534 862 1664 904 usquam
1679 858 1814 903 putredo
1824 882 1836 900 ,
1860 859 2005 901 nigrities
2017 859 2101 892 nulla
2115 883 2122 890 .
2257 860 2327 894 Etsi
2339 871 2411 905 quae

1407 909 1471 942 tibi
1495 905 1639 943 narravi,
1661 905 1773 938 omnia
1795 912 1861 936 tam
1884 910 1968 935 certe
1991 903 2133 945 perspexi
2145 914 2239 946 quam
2263 915 2333 946 quae
2344 916 2414 938 cer-

1406 951 1542 988 tiffime3
1565 947 1716 981 Medullae
1740 957 1844 980 tamen
1869 944 1972 988 ipsum
1995 957 2110 988 corpus
2144 957 2208 979 non
2232 946 2270 980 ad
2294 949 2413 990 primas

1407 995 1590 1031 lumborum
1614 989 1772 1025 subfistens
1783 990 1939 1024 vertebras
1954 1011 1967 1029 ‚
1989 987 2041 1023 sed
2064 989 2101 1023 ad
2114 1001 2149 1022 os
2172 989 2267 1033 usque
2280 992 2410 1027 Sacrum

1406 1035 1638 1084 propemodum
1657 1060 1666 1075 ‚
1689 1044 1725 1069 ut
1748 1034 1851 1068 oculis
1879 1055 1888 1070 ,
1921 1032 2127 1076 manibusque
2151 1037 2274 1076 percepi
2295 1056 2306 1072 ‚
2340 1047 2416 1078 pro..

1406 1082 1539 1118 ductum
1562 1088 1628 1112 erat
1657 1100 1666 1116 ,
1701 1090 1737 1111 an
1760 1078 1803 1111 ob
1827 1076 2019 1121 peculiarem
2041 1075 2095 1109 hic
2118 1076 2306 1112 strueturam
2331 1077 2345 1111 ?
2377 1091 2416 1113 an

1406 1127 1480 1170 quia
1502 1124 1584 1156 arete
1607 1123 1691 1155 inter
1714 1122 1808 1154 initia
1831 1120 1995 1163 posteriori
2019 1122 2155 1154 tumoris
2180 1123 2294 1162 parieti
2319 1133 2417 1156 anne-

1408 1180 1508 1204 xum,
1530 1175 1566 1200 ut
1590 1165 1645 1199 hic
1669 1163 1779 1197 sensim
1802 1166 2001 1203 increverat,
2025 1163 2264 1207 extrorsumque
2290 1165 2318 1199 se
2344 1177 2415 1200 cur-

1411 1220 1557 1250 vaverat,
1581 1208 1693 1242 sensim
1714 1208 1820 1250 ipsum
1843 1218 1968 1251 quoque
1991 1206 2103 1249 sequi,
2127 1211 2278 1250 augerive
2292 1220 2408 1252 potue-

1412 1258 1455 1290 rit
1479 1254 1491 1288 ?
1528 1253 1566 1287 Id
1590 1253 1693 1296 igitur
1715 1251 1871 1294 cupidum
1894 1261 1944 1284 me
1975 1248 2091 1283 fecerat
2116 1250 2291 1292 superiores
2316 1263 2417 1296 porro

1408 1298 1586 1336 vertebras,
1609 1299 1642 1329 δε
1665 1305 1764 1337 caput
1776 1294 1937 1337 denique,
1959 1304 2110 1334 magnum
2143 1293 2221 1327 adeo
2235 1321 2245 1336 ,
2271 1298 2419 1339 aperien-

1411 1345 1445 1378 di
1458 1366 1470 1383 ,
1491 1340 1665 1385 praesertim
1686 1350 1763 1374 cum
1786 1338 1848 1372 hoc
1870 1335 2045 1379 compresso
2059 1360 2071 1376 ,
2091 1347 2275 1381 quanquam
2288 1341 2420 1375 minime

1410 1386 1517 1422 cedere
1540 1383 1645 1417 visum
1668 1382 1774 1417 suerat
1788 1405 1798 1420 ,
1821 1393 1907 1426 aquae
1932 1379 2056 1423 aliquid
2079 1392 2117 1414 ex
2138 1392 2289 1417 evacuato
2311 1392 2421 1418 tumo-

1399 1443 1465 1468 γε,
1489 1437 1658 1470 antequam
1682 1438 1697 1458 a
1721 1427 1814 1461 nobis
1837 1423 2074 1463 recluderetur,
2098 1424 2194 1467 casu,
2218 1436 2254 1460 ut
2277 1429 2421 1470 opinor,

1413 1471 1599 1509 excidisset3
1623 1481 1696 1503 nam
1719 1482 1757 1505 eo
1778 1468 1912 1503 differto
1933 1492 1946 1509 ,
1969 1470 2000 1500 &
2026 1477 2096 1501 turn
2119 1469 2237 1505 iterum
2259 1471 2424 1514 compres-

1415 1518 1473 1558 so,
1496 1515 1623 1558 capite,
1645 1513 1733 1547 nulla
1756 1513 1898 1547 excidit.
1924 1513 2049 1545 Verum
2071 1521 2171 1554 neque
2194 1523 2341 1557 tempus,
2366 1525 2421 1548 ne-

1412 1572 1474 1605 que
1499 1559 1586 1592 locus
1606 1582 1614 1597 ‚
1651 1568 1750 1632 neque
1773 1556 1969 1599 potissimum
2002 1554 2188 1589 reclamatio
2220 1568 2387 1601 parentum
2409 1582 2424 1600 ,

1412 1602 1605 1647 agrestium,
1629 1608 1665 1633 ut
1713 1602 1814 1635 retum
1837 1599 1879 1633 est
1898 1622 1911 1639 ,
1942 1598 2114 1633 hominum
2133 1622 2147 1640 ,
2180 1603 2213 1634 &
2247 1603 2303 1644 qui
2337 1602 2424 1636 mihi

1414 1649 1492 1686 vix,
1515 1655 1570 1678 nec
1591 1641 1654 1677 fine
1677 1643 1853 1685 lacrymis,
1877 1640 2086 1675 concesserant
2111 1665 2124 1682 ,
2156 1653 2193 1677 ut
2218 1653 2328 1679 tumor
2350 1657 2426 1690 per..

1416 1691 1569 1724 secaretur
1593 1709 1604 1725 ‚
1640 1686 1729 1727 plura
1754 1687 1919 1720 observare
1942 1685 2149 1728 permiserunt
2170 1713 2178 1722 .
2213 1689 2294 1722 Haec
2315 1713 2328 1730 ‚
2362 1691 2425 1724 tibi

1417 1741 1561 1776 pergrata
1601 1730 1712 1772 procul
1737 1729 1837 1764 dubio
1867 1729 1975 1763 futura
1995 1751 2008 1769 ,
2044 1727 2222 1771 adscribere
2241 1731 2303 1765 huc
2334 1735 2426 1767 volui

1416 1788 1453 1809 eo
1473 1775 1544 1819 ipso
1566 1784 1632 1817 quo
1654 1773 1780 1816 inspexi
1803 1773 1855 1806 die
1873 1796 1885 1814 ‚
1920 1773 1976 1815 qui
2001 1769 2066 1808 fuit
2091 1773 2200 1807 Pridie
2231 1776 2346 1810 Nonas
2370 1778 2428 1810 Se-

1416 1818 1570 1864 ptembris
1593 1819 1635 1850 A.
1664 1826 1757 1860 1745.
1783 1820 1906 1851 Iterum
1928 1816 2016 1850 vale.

351 2020 904 2092 EPISToLA
976 1999 2164 2082 ANATOMICO-MEDICA
2236 2016 2423 2085 XIII.

537 2160 711 2212 Verba
761 2158 897 2210 fiunt
950 2169 1118 2218 pauca
1170 2151 1233 2204 de
1284 2148 1545 2203 Catarrho
1576 2187 1592 2208 ,
1640 2147 1793 2215 plura
1843 2149 1909 2201 de
1962 2149 2258 2203 Oculorum

1245 2217 1575 2272 Affestibus.

461 2363 492 2395 X
514 2361 615 2394 cranii
640 2369 718 2391 cavo
741 2358 775 2389 in
799 2356 912 2390 tubum
934 2352 1064 2397 quidem
1094 2351 1313 2385 vertebrarum
1337 2363 1369 2383 a-

356 2363 453 2475 E
475 2416 572 2448 quam
594 2402 752 2440 defluere,
777 2412 791 2432 a
815 2410 865 2432 me
886 2407 1015 2440 quoque
1039 2395 1185 2437 proxima
1210 2393 1247 2426 ad
1270 2404 1301 2426 te
1313 2392 1370 2425 da-

477 2459 509 2482 ta
533 2445 678 2489 Epistola
702 2442 933 2477 confirmatum
956 2438 998 2472 est
1022 2463 1029 2470 .
1067 2436 1125 2470 Sed
1148 2439 1282 2470 Veteres
1305 2448 1368 2469 non

354 2500 390 2531 in
414 2504 485 2530 eum
511 2488 739 2525 tantummodo
762 2486 897 2524 tubum,
923 2482 973 2516 sed
995 2485 1025 2515 &
1039 2482 1072 2513 in
1094 2481 1206 2514 oculos
1220 2504 1232 2520 ,
1257 2491 1343 2514 aures
1358 2501 1367 2517 ,

356 2552 468 2574 nares,
493 2547 549 2570 ος,
576 2534 764 2570 thoracem,
788 2538 931 2562 ventrem
946 2550 959 2567 ,
982 2535 1070 2558 artus
1094 2523 1243 2558 humores
1267 2535 1281 2556 e
1303 2524 1369 2556 cal-

356 2586 440 2617 varia
465 2578 618 2617 demitti,
643 2586 705 2608 non
730 2572 941 2607 dubitabant.
967 2569 1075 2608 Qam
1100 2578 1282 2610 temporum
1305 2578 1368 2608 po.

356 2629 445 2667 tius,
467 2633 563 2665 quam
586 2619 756 2654 hominum
772 2640 782 2656 ,
806 2629 822 2649 a
844 2616 920 2648 vero
941 2612 1137 2646 aberrantem
1156 2634 1168 2651 ,
1188 2610 1370 2644 doctrinam

361 2666 537 2704 convellere
560 2688 572 2704 ,
607 2662 805 2706 praecipuum
838 2658 955 2692 Boneti
993 2655 1024 2688 in
1056 2655 1167 2688 XVII.
1192 2654 1336 2686 Sectione
1360 2676 1372 2693 ,

358 2725 428 2758 quae
452 2708 639 2745 inscribitur
661 2704 699 2738 de
721 2701 903 2740 Catarrho‚
927 2698 1067 2733 studium
1077 2696 1169 2731 fuisse
1193 2696 1373 2734 videretur,

361 2756 420 2791 nisi
444 2757 478 2788 in
504 2749 667 2795 proposito
690 2758 753 2781 non
777 2745 852 2779 satis
874 2743 1016 2777 constans
1037 2765 1050 2782 ,
1072 2740 1217 2784 quaedam
1243 2737 1374 2773 subinde

361 2794 564 2842 interjecisset
588 2805 658 2835 quae
680 2790 836 2824 doetrinae
860 2788 910 2821 illi
933 2786 1175 2830 patrocinentur
1197 2809 1205 2816 .
1230 2784 1277 2816 Ea
1300 2794 1374 2816 cum

366 2843 472 2882 alibi,
495 2849 564 2872 tum
586 2839 621 2870 in
643 2833 787 2878 quodam
804 2832 933 2875 prolixo
957 2827 1263 2866 Scholioinvenies‚
1286 2825 1374 2869 quod

364 2899 403 2920 ex
427 2880 571 2916 Willifio
594 2888 760 2917 acceptum
779 2899 792 2915 ,
827 2873 960 2917 subjecit
995 2875 1022 2912 ς.
1051 2872 1079 2904 8.
1105 2869 1305 2914 Appendicis
1338 2868 1376 2902 ad

364 2925 630 2963 Observationem
652 2922 746 2954 XVI.
772 2916 858 2962 quasi
882 2916 1018 2959 ejusdem
1041 2914 1165 2948 Scholii
1198 2923 1318 2956 partem
1343 2913 1376 2944 in

367 2973 513 3007 Sectione
536 2968 633 3000 etiam
655 2963 813 3005 superiore
837 2971 900 2994 non
924 2956 1114 2992 exhibuisset
1138 2956 1194 2991 sub
1217 2955 1378 2990 Observa-

367 3017 457 3049 tione
480 3013 542 3046 VI.
568 3013 600 3043 &
625 3008 695 3041 aliis
718 3003 847 3039 fortasse
871 3005 949 3036 locis
970 3024 979 3039 ‚
1009 3005 1082 3036 imo·
1101 3013 1138 3033 ex
1162 2999 1227 3043 ejus
1252 2998 1377 3033 Scholii

369 3068 456 3102 parte
478 3058 511 3089 in
537 3054 595 3087 hac
621 3050 687 3094 ipsa
712 3049 858 3082 Sectione
880 3048 993 3079 XVII.
1019 3057 1082 3078 non
1116 3042 1233 3077 fecisset
1255 3042 1378 3075 Obser-

368 3104 531 3135 vationem
554 3097 637 3130 VII.
662 3093 751 3127 Mihi
775 3102 870 3130 vero,
892 3091 944 3122 cui
972 3090 1077 3123 afihrm
1110 3098 1197 3129 agere
1220 3097 1283 3120 non
1309 3086 1379 3128 pla-

368 3156 439 3181 cet,
463 3143 535 3176 satis
559 3139 601 3173 est
625 3137 792 3171 admonere
809 3158 820 3175 ,
852 3136 886 3166 in
909 3143 1130 3175 quamcunque
1165 3131 1310 3172 corporis
1333 3129 1378 3162 se-

370 3188 443 3222 dem
464 3187 595 3219 Veteres
620 3179 802 3215 catarrhum
824 3176 977 3214 defluere,
1002 3175 1223 3209 existimabant
1242 3197 1255 3215 ,
1286 3184 1318 3205 ea
1344 3174 1379 3205 in

373 3231 441 3266 sede
466 3229 531 3262 suas
555 3238 619 3260 non
641 3222 737 3259 deesse
759 3220 941 3264 glandulas,
966 3233 980 3253 e
995 3221 1110 3263 quibus
1122 3219 1191 3262 plus
1214 3229 1306 3259 aequo
1317 3214 1378 3250 hu-

373 3285 479 3309 mores
503 3270 686 3315 profluant,
713 3277 767 3299 nec
790 3265 840 3298 sua
865 3262 932 3295 vasa
957 3276 972 3295 e
1004 3263 1120 3305 quibus
1143 3263 1226 3294 inter
1258 3259 1349 3293 fibras
1373 3282 1382 3297 ‚

377 3314 635 3355 membranasque
661 3309 861 3345 redundent3
883 3314 918 3339 ut
943 3307 1073 3339 minime
1097 3316 1178 3347 opus
1201 3303 1238 3337 fit
1261 3315 1276 3335 e
1299 3314 1383 3336 cere-

375 3363 433 3396 bro
456 3360 552 3402 usque
577 3352 743 3393 arcessere,
766 3356 797 3386 δε
821 3362 874 3393 per
897 3351 1048 3393 impervia
1072 3349 1220 3383 deducere
1243 3372 1250 3378 .
1276 3347 1384 3380 Mani-

378 3405 490 3439 festum
514 3402 546 3435 id
570 3400 622 3432 fiet
647 3397 717 3430 aliis
740 3397 845 3429 locis:
872 3394 924 3426 hic
949 3404 1053 3426 autem
1076 3394 1110 3425 in
1133 3401 1219 3435 parte
1241 3390 1383 3432 intelligi

380 3449 496 3490 poterit
521 3446 660 3487 primurn
684 3440 812 3482 quidem
837 3448 874 3470 ex
900 3439 1005 3479 paucis
1037 3448 1108 3480 quae
1130 3436 1167 3469 de
1190 3432 1349 3468 Catarrho
1371 3457 1383 3473 ,

379 3499 415 3523 ut
440 3497 553 3521 vocant
574 3510 583 3524 ,
618 3483 817 3518 Suffocativo
841 3481 1036 3523 attingemus
1063 3503 1076 3519 ,
1111 3488 1183 3513 tum
1207 3476 1322 3511 deinde
1345 3488 1383 3509 ex

1422 2348 1587 2389 aliquanto
1609 2346 1758 2389 pluribus
1779 2357 1849 2390 quae
1882 2346 1919 2379 de
1944 2345 2127 2383 Oculorum
2150 2346 2330 2387 Affeecibus
2348 2372 2361 2391 ‚
2394 2349 2433 2384 de

1421 2390 1539 2436 quibus
1560 2391 1712 2424 videlicet
1737 2388 1779 2424 est
1801 2390 1950 2434 proxima
1983 2389 2097 2424 Sefflo
2120 2392 2253 2426 XVIII.
2276 2395 2434 2427 continuo

1425 2433 1637 2476 adjicientur.

1466 2488 1496 2509 2.
1519 2477 1672 2511 eatan-hi
1695 2475 1886 2511 Suffocativi
1905 2499 1918 2516 ‚
1953 2485 2007 2509 aut
2032 2475 2237 2511 Praefocativi
2262 2490 2378 2513 nomen
2403 2479 2436 2513 in

1421 2522 1631 2554 monumentis
1657 2524 1829 2554 Graecorum
1851 2519 1935 2553 haud
1956 2520 2093 2554 inveniri
2111 2544 2121 2560 ,
2168 2520 2219 2554 sed
2244 2523 2328 2564 apud
2363 2523 2438 2557 Me-

1415 2565 1485 2605 ·suis
1509 2566 1718 2607 Interpretem
1741 2563 1877 2607 denique
1891 2587 1900 2602 ‚
1922 2562 2092 2596 Valescum
2113 2563 2152 2598 de
2175 2565 2320 2600 Taranta
2345 2591 2359 2609 ,
2382 2567 2440 2599 Sa-

1422 2608 1610 2641 vonarolam
1624 2634 1632 2646 ,
1655 2605 1798 2650 aliosque
1819 2607 1985 2651 juniores,
2009 2606 2047 2639 de
2060 2606 2256 2642 Schneidero
2279 2612 2292 2648 (
2314 2621 2333 2643 a
2360 2613 2441 2650 >co-

1424 2650 1553 2693 gnosces
1573 2675 1585 2691 ,
1618 2652 1674 2694 qui
1698 2653 1731 2684 ὃς
1755 2662 1851 2693 quam
1882 2650 1971 2683 varia
1996 2649 2079 2691 apud
2103 2652 2215 2685 varios
2238 2650 2398 2695 significet
2421 2677 2437 2694 ,

1425 2694 1575 2728 docebit:
1598 2696 1646 2727 vel
1671 2693 1694 2727 fi
1716 2703 1783 2726 tam
1806 2694 1935 2736 longam
1956 2691 2092 2735 refugis,
2121 2696 2369 2740 tortuosamque
2392 2697 2441 2730 le-

1426 2738 1590 2777 &ionem3
1613 2750 1652 2770 ex
1675 2747 1761 2779 parte
1784 2736 1970 2770 indicabunt
1982 2736 2235 2772 Observationes
2261 2739 2321 2774 XI.
2337 2741 2433 2774 XIV.

1427 2784 1459 2813 δε
1482 2792 1552 2823 quae
1575 2781 1645 2815 duae
1669 2781 1746 2815 huic
1783 2781 1939 2822 proximae
1963 2778 2179 2821 subjiciuntur
2212 2784 2246 2816 in
2271 2782 2437 2826 proposita

1428 2823 1629 2867 Sepulchreti
1650 2825 1796 2857 Sec'tione
1818 2825 1930 2856 XVII.
1955 2825 2197 2869 Corruptorum
2221 2826 2291 2859 aliae
2309 2828 2442 2870 pulmo-

1427 2878 1529 2908 num,
1553 2868 1624 2901 aliae
1646 2867 1767 2901 cerebri
1793 2864 1917 2900 flaccidi
1939 2890 1952 2906 ,
1977 2867 2046 2900 aliae
2071 2869 2266 2911 polyporum
2289 2870 2401 2905 cordis
2428 2894 2441 2911 ,

1428 2922 1482 2944 aut
1505 2912 1644 2948 cerebri,
1670 2908 1816 2944 effe-etum
1840 2909 2003 2952 designant
2026 2935 2033 2941 .
2060 2913 2204 2951 Qarum
2230 2925 2291 2955 ego
2311 2936 2324 2953 ‚
2362 2915 2442 2947 alia-

1428 2965 1562 3004 rumque
1583 2954 1744 3001 causarum
1767 2978 1779 2994 ,
1810 2963 2007 2996 quaecunque
2030 2954 2133 2997 reapse
2168 2957 2273 2989 valent
2298 2954 2442 2990 suffoca-

1429 3007 1579 3039 tionem,
1601 3008 1656 3032 aut
1680 2996 1774 3039 hujus
1786 2997 1964 3039 periculum
1989 3008 2117 3040 repente
2131 2997 2261 3038 afferre,
2284 2997 2440 3034 effeetum

1429 3053 1492 3074 non
1514 3041 1608 3075 credo
1631 3041 1769 3075 catarrhi
1790 3041 1921 3072 nomine
1954 3051 2040 3082 aeque
2062 3041 2198 3083 dignum
2236 3042 2340 3076 videri
2366 3044 2442 3086 pos·

1429 3085 1478 3126 se,
1499 3096 1534 3118 ac
1557 3085 1705 3118 effeflmm
1727 3082 1793 3126 ejus
1814 3082 2053 3117 constitutionis
2064 3085 2286 3126 glandularum
2310 3089 2441 3120 univer-

1430 3127 1469 3162 sae
1493 3128 1620 3171 Asperae
1645 3128 1789 3167 arteriae,
1812 3136 1848 3160 ut
1874 3127 2049 3169 plurimum
2069 3131 2187 3172 exiguo
2204 3138 2356 3172 *tempore
2378 3132 2441 3164 hu-

1430 3183 1551 3205 morem
1574 3169 1759 3210 effundant‚
1783 3170 1959 3212 praesertim
1981 3169 2004 3203 fi
2028 3172 2094 3213 jam
2118 3172 2271 3206 bronchia
2293 3173 2356 3207 sint
2384 3184 2440 3208 aut

1431 3213 1656 3257 ejusdemmodi
1680 3214 1815 3249 humore
1839 3214 2006 3255 semiplena
2022 3239 2035 3255 ,
2059 3225 2111 3250 aut
2134 3215 2296 3250 ob'aliam
2320 3229 2441 3261 quam-

1433 3260 1521 3301 piam
1543 3258 1666 3292 causam
1688 3268 1799 3299 magna
1822 3269 1861 3289 ex
1885 3267 1973 3299 parte
1995 3261 2199 3293 conniventia
2223 3283 2233 3299 ,
2258 3270 2352 3303 atque
2376 3263 2440 3295 im..

1436 3302 1543 3349 pedita
1556 3327 1564 3335 .
1589 3302 1694 3335 Multa
1708 3303 1793 3347 epim
1817 3312 1851 3333 ac
1864 3302 2028 3343 repentina
2041 3301 2105 3344 ejus
2130 3302 2276 3337 humoris
2286 3304 2439 3339 defluxio

1435 3348 1496 3378 live
1509 3358 1524 3378 a
1538 3346 1666 3394 lagitate·
1677 3346 1769 3393 ‚nsive
1782 3356 1805 3377 ar
1819 3344 2018 3390 plenitudine
2029 3345 2066 3378 sit
2085 3354 2192 3379 'earum
2213 3348 2440 3390 glandularum

1435 3400 1549 3427 magna
1560 3391 1719 3430 sangurms
1730 3388 1824 3430 copia
1837 3413 1844 3425 .
1857 3399 2043 3431 quacunque
2053 3389 2091 3422 de
2104 3391 2194 3424 causa
2209 3394 2414 3435 turgentium
2428 3417 2439 3433 ,

1435 3432 1641 3465 &influentis
1653 3429 1738 3479 quasi
1749 3443 1764 3463 a
1773 3432 1875 3473 capite
1886 3432 2024 3465 catarrhi
2038 3432 2158 3466 sensum
2170 3439 2292 3476 poterit
2305 3434 2417 3471 afferre

1436 3478 1469 3507 ἃ
1484 3486 1586 3508 revera
1601 3474 1753 3509 suffocare
1765 3498 1773 3504 -
1800 3474 1924 3518 Inspice
1936 3486 2021 3511 nunc
2034 3475 2201 3510 Scholium
2223 3479 2261 3512 ad
2275 3465 2440 3516 Observa:

2333 3523 2398 3557 ti0.'

391 3612 2442 3634 ffae—fflffl——Q———Q

449 3683 462 3710 (
477 3690 493 3706 η
507 3681 521 3709 D
539 3679 596 3704 Vid.
613 3679 694 3707 supra,
712 3685 734 3701 n.
754 3685 789 3702 11.
852 3677 866 3707 (
881 3685 894 3701 o
913 3672 922 3705 )
938 3673 994 3698 Vid.
1012 3673 1067 3699 ibid.

1130 3674 1144 3702 (
1161 3682 1175 3697 a
1192 3674 1253 3701 >De
1270 3670 1382 3695 Cararrh.
1402 3670 1417 3695 l.
1436 3678 1458 3699 ς.
1477 3670 1500 3694 S.
1517 3677 1539 3694 2.
1557 3676 1579 3693 c.
1596 3676 1619 3698 4.
