2498 4075
503 178 655 247 Epist.
694 182 857 234 Anat.
893 177 1105 232 Medica
1140 173 1353 230 XXXI.
1387 175 1505 226 Art.
1528 190 1574 238 7.
1609 177 1663 230 δι
1705 175 1752 227 8.

2044 189 2107 235 27

114 270 169 297 aut
191 261 214 295 fi
238 270 341 294 revera
365 258 531 305 sanguinea
555 259 620 293 fuit
642 282 654 299 ,
690 270 729 293 ex
750 258 883 293 vasculis
927 258 1121 302 quibusdam
1173 255 1318 295 summa,
1341 257 1439 290 &vix
1462 251 1646 304 explicanda
1671 253 1870 295 inaequalitas
1889 278 1899 292 ‚
1922 250 2100 292 frequentia
2125 261 2179 284 au-

114 305 248 340 stillavit
271 315 341 346 quae
365 304 530 338 deterrimi
555 302 703 337 humoris
738 304 842 335 acrior
873 302 1019 346 quaedam
1052 312 1122 344 pars

116 348 270 382 eroserat.
299 349 329 380 Is
353 357 458 382 autem
481 346 601 381 humor
621 356 726 379 recens
750 345 868 379 additis
901 344 963 378 sive
986 347 1020 378 in
1042 344 1123 387 cysti

117 391 235 431 fellea,
258 389 320 423 sive
342 391 375 424 in
398 402 481 424 cavo
504 389 730 423 intestinorum
754 388 854 423 succis
876 388 969 429 aliis,
990 388 1047 430 qui
1070 399 1127 420 cu-

116 433 165 478 jus
188 434 314 476 generis
337 433 395 468 esse
418 434 582 476 potuerint
598 456 610 473 ‚
632 430 757 466 Graafii
789 434 1066 476 experimentum,
1089 431 1124 462 in

118 476 330 519 Sepulchreto
352 488 480 520 quoque
504 476 560 516 (l)
582 475 802 518 descriptum,
850 475 1044 509 uadantenus
1075 474 1126 506 in-

117 519 241 554 dicabit
256 548 263 560 ,
288 522 495 564 nigerrimum
518 519 613 552 illum
634 520 780 561 colorem
803 531 819 552 a
845 518 962 559 scivit,
986 521 1018 551 δε
1042 516 1129 561 peffi-

122 574 208 597 mam
235 563 393 598 Veterum
414 563 511 596 bilem
534 573 635 596 atram
667 562 853 606 perniciosis
883 561 1047 595 effectibus
1079 571 1126 593 re-

117 606 342 650 praesentavit.
367 608 476 642 Quam
500 606 665 646 acerbam,
690 609 722 639 &
745 607 882 639 celerem
906 612 1042 638 mortem
1077 602 1128 635 illi

116 661 244 694 quoque
268 650 371 684 Fabro
393 649 530 682 ferrario
555 651 720 688 attulerit,
745 650 782 682 de
804 661 868 690 quo
891 650 1037 690 proxima
1049 647 1132 688 Epi-

117 695 197 727 stola
220 697 280 734 (m)
306 694 459 735 scriptum
480 693 545 730 est,
570 704 655 728 certe
678 692 872 726 meministi.
886 693 1132 734 Nonnunquam

117 746 225 771 tamen
242 762 251 777 ‚
274 736 325 770 sed
348 747 501 778 perraro,
525 740 557 770 &
582 737 776 771 difficillime
800 734 940 775 accidit,
963 744 999 768 ut
1011 733 1128 775 aliquis

120 781 277 815 servetur.
301 779 400 821 Qod
424 781 458 814 in
481 781 582 814 altero
617 781 723 815 Fabro
754 778 887 813 ferrario
918 789 993 811 cum
1023 776 1130 809 videre

120 823 203 858 mihi
227 823 402 865 contigerit
425 825 469 857 A.
514 834 608 866 17105
640 823 760 858 summa
800 820 868 864 ejus
899 820 1131 855 observationis

120 868 226 910 capita
249 865 311 899 huc
335 867 398 899 tibi
424 867 598 901 adscribere
622 878 685 900 non
709 865 884 908 gravabor.

167 922 197 952 7.
221 910 390 950 Gracilis,
415 911 466 944 sed
489 920 603 948 aetate‚
627 912 659 943 δε
680 909 803 942 viribus
828 907 952 942 validus
970 906 1105 952 Juvenis
1124 927 1138 945 ‚

119 963 177 987 nec
200 961 266 985 arte
291 955 398 988 minus
423 955 474 988 sua
490 977 499 991 ,
523 965 617 997 quam
641 961 853 996 temperatura
885 950 1011 985 adustus
1031 972 1040 987 ‚
1071 948 1139 983 hae-

122 995 320 1039 morrhagiis
344 1008 399 1039 per
424 1009 512 1031 nares
533 997 720 1037 obnoxius,
751 1007 826 1030 cum
857 995 981 1029 diutius
1013 995 1054 1027 iis
1086 1002 1140 1025 ca-

124 1038 254 1080 ruisset,
281 1041 390 1083 primo
412 1053 483 1075 vere
506 1040 588 1074 febri
621 1041 699 1074 mali
732 1040 832 1072 moris
864 1036 1032 1080 prehensus
1069 1034 1138 1069 fue-

122 1092 170 1115 rat
187 1107 194 1114 .
224 1083 375 1117 Primarii
400 1086 433 1118 in
458 1096 525 1118 mea
552 1085 658 1118 Patria
682 1083 759 1117 Viri
795 1083 851 1125 qui
889 1080 1017 1114 fabrum
1052 1079 1137 1113 liunc

121 1125 406 1168 ingeniosissimum
429 1127 630 1170 diligebant,
653 1137 730 1160 ame
753 1126 939 1169 petierunt,
965 1133 1002 1159 ut
1026 1124 1140 1157 vellem

121 1180 172 1203 me
195 1168 319 1204 socium
342 1171 454 1206 addere
477 1170 617 1212 seniori,
639 1170 673 1204 id
695 1180 761 1203 non
774 1169 923 1203 abnuenti
938 1190 946 1205 ‚
969 1168 1058 1202 illius
1068 1168 1140 1200 Me-

123 1210 215 1246 dico.
244 1214 376 1248 Petendi
399 1216 492 1249 causa
515 1214 580 1248 fuit
605 1226 652 1248 res
676 1214 709 1246 in
733 1213 900 1256 angustum
922 1211 1066 1245 redaeta.
1088 1208 1151 1244 Ad*

121 1265 234 1290 c-aetera
257 1257 345 1293 enim
367 1257 534 1293 accesserat
558 1269 597 1291 eo
621 1257 673 1292 die
696 1266 804 1290 tantus
827 1256 991 1299 sanguinis
1015 1267 1030 1288 e
1054 1255 1141 1287 nari-

120 1300 183 1334 bus
204 1301 341 1342 cursus,
363 1311 400 1336 ut
424 1314 500 1337 cum
523 1303 605 1335 intra
629 1300 724 1334 horas
746 1301 888 1344 quinque
912 1299 951 1334 ad
975 1299 1074 1332 libras
1098 1297 1142 1331 se-

126 1351 216 1386 ptem
238 1344 432 1384 effluxisset,
459 1356 560 1389 neque
581 1345 647 1378 ulla
671 1342 823 1378 haetenus
846 1351 911 1377 arte
934 1341 1053 1376 tardari
1069 1340 1143 1383 pos-

124 1386 195 1427 set‚·
226 1389 309 1422 vires
330 1387 397 1432 jam
422 1389 611 1426 hominem,
634 1387 758 1431 ipsique
780 1384 1013 1430 propemodum
1037 1383 1144 1428 pulsus

121 1430 317 1466 deficerent.
341 1435 428 1467 Data
449 1432 665 1466 communiter
675 1430 714 1465 ab
726 1439 864 1473 utroque
888 1429 1031 1463 nostrum
1052 1438 1149 1475 opera

123 1474 167 1509 est
179 1498 193 1516 ,
204 1484 239 1509 ut
254 1475 308 1509 his
320 1477 470 1511 omnibus
481 1483 703 1510 occurreretur
715 1499 722 1506 .
737 1473 794 1507 Sed
807 1475 863 1507 vix
873 1472 998 1515 sanguis
1009 1471 1150 1506 subsiste-

127 1520 347 1563 resinceperat
359 1543 371 1560 ,
394 1531 468 1553 cum
477 1519 511 1553 id
522 1517 638 1553 accidit
651 1516 738 1561 quod
752 1517 969 1551 metuebamus
982 1540 995 1557 ,
1018 1528 1055 1549 ne
1075 1526 1149 1548 exa·

126 1560 281 1602 cerbata,
303 1564 353 1596 uti
386 1563 444 1596 sub
476 1561 645 1597 meridiem
676 1561 745 1594 fieri
783 1559 987 1594 consueverat
1004 1583 1016 1599 ‚
1049 1558 1147 1592 febris

126 1605 289 1647 sanguinis
312 1606 438 1640 fluxum
461 1614 644 1639 renovaret.
669 1606 760 1638 Dum
795 1603 901 1638 rursus
943 1614 1039 1647 opem
1071 1601 1147 1635 feri-

126 1659 221 1688 mus,
244 1660 315 1682 ecce
337 1649 399 1682 tibi
414 1672 423 1687 ,
458 1650 557 1691 nigrae
578 1647 789 1691 ,dejeetiones
822 1647 985 1690 incipiunt
1008 1671 1015 1679 .
1053 1647 1144 1689 Qs

126 1702 203 1725 cum
225 1692 367 1735 proclive
389 1691 462 1725 esset
484 1691 610 1725 credere
634 1700 757 1733 partem
779 1688 838 1724 effe
862 1690 1024 1734 sanguinis
1040 1712 1050 1727 ,
1074 1701 1146 1732 quae

127 1746 184 1778 per
207 1734 383 1777 posteriora
407 1737 535 1769 narium
557 1735 718 1768 foramina
741 1737 776 1767 in
800 1734 905 1768 fauces
920 1759 932 1775 ,
964 1738 996 1768 &
1029 1734 1147 1768 stoma-

127 1777 227 1812 chum
249 1776 455 1818 defluxisset;
477 1779 614 1821 negabat
637 1789 720 1821 aeger
736 1803 746 1819 ‚
768 1778 947 1822 quidquam
971 1778 1148 1820 iibiperce-

127 1830 225 1865 ptum
247 1821 409 1864 sanguinis
433 1824 466 1855 in
488 1823 598 1865 gulam
632 1832 671 1855 ex
701 1820 850 1856 faucibus
893 1820 1112 1855 descendentis
1137 1833 1148 1854 :

129 1864 235 1912 idque.
252 1863 486 1899 confirmabant
509 1877 544 1898 ea
568 1876 639 1906 quae
663 1865 797 1898 interim
819 1875 874 1908 per
897 1866 1058 1899 vomitum
1081 1864 1151 1898 for-

130 1918 164 1943 te
189 1917 367 1949 rejecerat,
390 1910 425 1941 in
447 1908 564 1951 quibus
588 1908 776 1950 sanguinei,
799 1917 855 1942 aut
879 1910 942 1941 atri
966 1907 1051 1942 nihil
1076 1907 1147 1942 fue-

129 1961 202 1986 rat.
228 1953 327 1987 Tunc
349 1963 425 1985 vero
447 1950 598 1995 inspectis
621 1952 731 1985 linteis
755 1951 906 1985 omnibus
937 1952 1055 1999 quibus
1089 1951 1148 1985 de-

129 1995 215 2040 jesta
240 2002 450 2037 exceperant,
474 2006 548 2029 curn
573 2004 678 2029 atrum
700 1994 855 2038 quidem,
878 2003 910 2028 at
942 1997 1148 2038 sanguineum

130 2038 289 2083 nusquam
310 2039 456 2072 colorem
478 2049 658 2076 cernerem;
690 2049 755 2074 non
800 2039 902 2073 modo
947 2040 1149 2082 vulgatarum

132 2082 353 2125 Hippocratis
375 2081 629 2125 praediffionum
652 2083 740 2116 venit
764 2083 799 2115 in
824 2093 963 2116 mentem
986 2106 997 2122 ,
1032 2082 1084 2115 sed
1117 2085 1151 2115 δε

132 2126 268 2173 Juvenis
293 2125 383 2159 illius
407 2125 492 2168 apud
516 2124 703 2159 Ballonium
725 2128 740 2165 (
762 2137 782 2159 n
803 2129 842 2165 >‚
874 2128 933 2169 qui
965 2125 1063 2158 nostri
1097 2123 1152 2157 ad-

131 2169 271 2204 modum
292 2167 390 2202 simili
414 2167 488 2202 casu
511 2180 585 2203 cum
609 2168 677 2211 post
708 2170 844 2201 nimiam
878 2179 931 2210 per
964 2178 1053 2201 nares
1084 2166 1151 2200 hae-

133 2212 379 2255 morrhagiam,
402 2210 565 2253 dejecisset
588 2212 813 2253 nigricantia;
850 2210 977 2244 decimo
1014 2210 1153 2254 septimo

134 2257 262 2291 interiit
286 2254 384 2289 febris
408 2254 481 2292 die.
507 2256 622 2297 quue
656 2252 761 2296 major
792 2263 860 2288 erat
892 2263 996 2289 metus
1020 2278 1033 2295 ‚
1065 2253 1155 2297 quod

135 2311 212 2334 cum
236 2299 404 2332 Ballonius
429 2299 464 2334 in
487 2296 543 2331 suo
569 2297 783 2331 nihilominus
808 2298 1017 2339 suspicaretur
1038 2320 1051 2337 ,
1086 2297 1156 2331 san-

130 2346 267 2386 guinem
291 2343 326 2375 in
349 2341 565 2374 ventriculum
589 2353 604 2373 e
627 2340 774 2375 faucibus
806 2340 969 2376 defluxisse
992 2354 1001 2378 ;
1033 2342 1066 2373 in
1098 2352 1160 2374 no-

135 2387 202 2421 stro
224 2387 331 2420 minus
353 2384 387 2420 id
410 2384 550 2424 licebat,
573 2394 608 2418 ut
631 2383 797 2425 diximus,
820 2396 920 2427 eoque
939 2385 1065 2421 minus,
1089 2395 1156 2427 quo

136 2432 241 2472 magis
263 2429 374 2462 omnia
397 2427 684 2470 perpendebamus.
708 2429 796 2461 Cum
818 2431 905 2461 enim
929 2430 1060 2461 Veteres
1085 2429 1156 2461 Me-

138 2473 204 2508 dici
229 2471 419 2515 quibuscum
442 2470 521 2504 facit
546 2472 714 2504 Sennertus
736 2474 750 2510 (
772 2482 789 2504 o
812 2475 847 2512 )‚
869 2473 977 2514 nigras
999 2470 1157 2514 dejectio-

136 2528 192 2550 nes
214 2516 248 2549 in
271 2527 322 2548 eas
347 2513 495 2548 dividant
519 2525 591 2556 quae
614 2513 686 2547 sunt
711 2526 749 2547 ex
773 2515 944 2559 sanguine,
968 2518 1000 2548 ὃ(
1024 2525 1095 2557 quae
1116 2526 1157 2547 ex

138 2560 275 2595 humore
299 2557 539 2592 melancholico
571 2558 748 2598 naturali,
780 2562 812 2592 δε
849 2570 918 2602 quae
952 2557 1084 2592 demum
1116 2569 1156 2591 ex

139 2614 206 2638 atra
228 2603 314 2643 bile,
336 2600 474 2644 duasque
498 2602 616 2642 primas
640 2603 760 2635 minori
784 2613 858 2636 cum
881 2602 1026 2645 periculo
1059 2598 1117 2634 esse
1141 2624 1154 2641 ,

138 2648 299 2686 doceant,
322 2646 454 2680 ultimas
478 2655 551 2677 vero
575 2647 725 2679 omnium
747 2646 887 2689 pessimas
910 2657 980 2689 quae
1005 2645 1155 2680 videlicet

141 2692 240 2736 nigrae
263 2688 346 2726 sint,
364 2687 582 2731 splendentes,
608 2696 700 2732 atque
724 2701 836 2728 acres3
860 2690 1043 2732 nigerrimae
1067 2696 1156 2722 erant

138 2745 223 2769 certe
248 2744 328 2776 quas
351 2742 408 2765 nos
429 2730 637 2770 videbamus,
662 2731 846 2776 eaedemque
867 2731 1042 2777 splendidae
1063 2754 1076 2772 ‚
1109 2740 1157 2765 at-

139 2790 222 2821 que,
246 2785 285 2810 ut
308 2786 388 2816 aeger
410 2774 624 2818 querebatur,
647 2777 747 2810 etiam
771 2787 875 2811 acres.
899 2775 1042 2810 Insecuta
1064 2775 1157 2808 noete

139 2823 248 2855 eadem
275 2818 398 2860 egessit,
423 2817 482 2851 nisi
505 2819 593 2861 quod
618 2818 719 2853 fluida
753 2831 840 2854 erant
875 2820 973 2863 paulo
1016 2820 1123 2852 minus
1148 2842 1157 2851 .

142 2865 250 2899 Postea
273 2873 352 2895 vcro
376 2871 441 2895 non
465 2862 603 2904 amplius
626 2863 704 2896 talia
719 2876 729 2896 :
753 2863 805 2897 sed
829 2865 876 2897 lac
899 2862 987 2906 quod
1016 2862 1158 2905 clysteri-

142 2910 201 2943 bus
225 2904 456 2954 injiciebatur,
481 2907 622 2947 primum
646 2906 777 2949 quidem
810 2908 919 2941 colore
952 2905 1076 2940 tabacci
1109 2906 1159 2939 in—

145 2953 266 2987 fec‘tum
288 2948 454 2989 reddidit,
477 2951 636 2990 proximis
659 2958 767 2984 autem
789 2949 901 2984 diebus
921 2962 959 2983 ex
983 2949 1075 2983 fusco
1086 2948 1160 2983 sub-

146 2997 263 3030 flavum
278 3007 288 3027 .-
312 2991 398 3027 nihil
423 3000 527 3025 autem
549 2993 638 3035 qnod
662 3004 726 3027 non
748 2994 928 3038 gravissimo
952 2991 1025 3027 effet
1040 2993 1159 3026 odore.

145 3041 267 3073 Verum
291 3045 476 3080 quanquam
501 3035 567 3083 haejc
592 3038 637 3069 ita
662 3036 691 3070 se
714 3038 826 3071 omnia
848 3037 1008 3076 habuere3
1024 3037 1089 3071 Dei
1113 3044 1162 3069 ta-

145 3094 219 3117 men
242 3081 444 3125 benignitate
468 3081 561 3112 evasit
585 3091 670 3123 aeger
686 3102 695 3117 ‚
719 3081 851 3124 pristina
875 3083 1011 3114 omnino
1043 3079 1163 3113 sanita-

145 3136 177 3161 te
201 3125 367 3163 restituta;
391 3123 444 3159 sed
470 3133 535 3156 non
559 3133 629 3156 ante
644 3123 738 3158 diem
759 3123 947 3167 vigesimum
971 3132 1121 3167 quartum
1145 3134 1162 3156 a

147 3171 251 3212 nigris
274 3167 508 3212 dejeffionibus
522 3178 621 3211 ‚lquae
645 3167 733 3201 sexto
756 3169 887 3202 circiter
898 3170 1101 3209 contigerant
1116 3166 1162 3200 fe·-

148 3214 213 3248 bris
236 3212 310 3252 die,
332 3224 388 3245 nec
411 3211 475 3245 fine
501 3211 639 3251 multis,
662 3213 782 3252 variis,
805 3212 954 3254 gravibus
977 3211 1162 3244 incommo-

151 3257 227 3297 dis,
249 3256 366 3300 quibus
389 3256 459 3298 post
481 3255 554 3288 illas
576 3253 620 3287 est
642 3256 852 3290 conflietatus
873 3279 881 3287 .
923 3258 960 3289 In
994 3256 1036 3289 iis
1073 3253 1161 3288 fuere

149 3299 425 3338 ventrisdolores‚
449 3298 539 3339 fitis,
563 3297 671 3342 lingua
681 3298 808 3341 aspera,
830 3301 945 3342 nigra,
969 3301 1029 3339 δε,
1051 3310 1163 3341 quarn-

150 3347 199 3378 vis
222 3344 300 3386 saepe
322 3344 469 3383 biberet,
492 3341 604 3382 aridas
627 3341 707 3376 dum
739 3342 862 3377 biberet
897 3353 1004 3377 autem
1025 3368 1034 3383 ,
1069 3342 1162 3376 sonus

151 3387 236 3432 quasi
261 3388 428 3429 potionem
452 3387 487 3419 in
509 3385 708 3428 profundum
733 3386 904 3429 dejiceret,
936 3398 1003 3419 vox
1035 3397 1128 3419 rauca
1149 3409 1162 3426 ,

153 3436 186 3467 &
209 3431 367 3472 humilis,
388 3440 541 3464 manuum
564 3437 739 3469 tremores,
764 3434 797 3464 δε
823 3432 992 3465 tendinum
1004 3429 1162 3463 subsultus

153 3478 188 3509 in
210 3476 335 3517 carpis,
358 3474 508 3517 pulsuum
531 3474 743 3509 inconstantia
761 3497 771 3513 ,
804 3476 884 3518 {aepe
918 3484 1023 3508 autem
1057 3475 1164 3516 parvi-

152 3529 201 3553 tas
222 3542 232 3559 ‚
258 3521 290 3552 δε
311 3529 449 3561 magna,
471 3517 492 3559 fi
518 3527 671 3560 premeres
685 3540 693 3555 ‚
715 3519 912 3559 infirmitas,
933 3527 1166 3561 nonnunquam

195 3564 199 3569 '
241 3562 408 3606 Morgagni
417 3563 451 3597 cle
466 3562 534 3596 sed.
547 3561 589 3594 (Τ
601 3562 692 3604 Caus.
702 3563 806 3598 Morb.
824 3564 927 3597 Tom.
939 3564 988 3596 II.

1174 308 1242 332 tem
1266 299 1385 340 semper
1408 322 1419 338 ,
1451 308 1591 334 maitime
1614 307 1689 328 vero
1711 306 1784 329 cum
1808 294 1925 334 febris,
1951 294 1984 327 id
2006 294 2094 336 quod
2127 294 2182 326 sae—

1177 352 1351 385 pennrnero
1375 342 1492 376 accidit
1506 364 1518 380 ‚
1539 339 1756 373 vehementius
1769 341 1898 379 urgebat
1915 364 1924 378 ,
1949 336 2117 379 respiratio
2127 347 2182 368 va-

1176 387 1248 425 ria,
1270 394 1305 417 ut
1330 384 1504 427 aliquando
1528 384 1590 416 alta
1615 382 1714 416 fuerit
1734 404 1748 421 ‚
1779 381 1954 425 aliquando
1987 381 2083 413 etiam
2118 389 2182 412 non

1178 429 1240 462 sine
1263 427 1474 470 difficultate,
1508 427 1636 461 somnus
1672 426 1814 466 primum
1845 426 1986 458 laborem
2020 423 2140 456 faciens
2172 443 2181 458 ,

1178 470 1292 505 deinde
1313 472 1432 512 nimia,
1456 476 1488 506 ἅς
1511 481 1610 513 prope
1635 468 1747 502 affidua
1771 468 1990 508 dormitatio,
2022 467 2115 508 sopor
2138 473 2187 496 et-

1180 518 1246 549 iam
1291 514 1449 557 palpebris
1482 512 1759 553 concidentibus,
1792 514 1823 545 &
1858 512 1961 545 oculis
1995 521 2099 544 tamen
2123 519 2189 541 non

1178 558 1315 591 omnino
1337 560 1484 600 opertis,
1508 567 1735 598 nonnunquam
1768 565 1855 588 mens
1888 554 1971 588 haud
2003 554 2079 587 satis
2111 561 2190 584 con-

1181 605 1284 641 stans,
1307 601 1445 635 tarditas
1465 603 1498 635 in
1523 598 1741 642 respondendo
1756 623 1768 639 ‚
1792 601 1825 632 δε
1847 598 2018 632 difficultas
2043 599 2076 629 in
2110 606 2188 628 con-

1183 643 1361 679 formandis
1383 645 1537 684 vocibus,
1559 647 1590 676 a&
1615 642 1740 675 oblivio
1763 641 1937 682 monendi,
1960 653 2033 674 cum
2070 640 2155 671 alvus
2178 660 2191 678 ,

1182 699 1237 722 aut
1260 686 1358 721 vesica
1381 698 1469 721 erant
1491 686 1712 726 exoneranda,
1737 685 1864 719 auditus
1874 686 2013 727 gravitas
2030 705 2038 719 ‚
2062 682 2191 724 supinus

1182 732 1373 770 decubitum
1395 730 1482 774 quafi
1508 730 1628 765 sublata
1652 741 1689 762 eo
1711 738 1855 772 tempore
1879 728 1908 762 se
1931 729 1965 760 in
2004 727 2086 776 latus
2115 734 2194 757 con-

1182 774 1325 809 vertendi
1350 774 1521 815 facultate,
1543 772 1673 817 quando
1694 773 1772 806 alias
1797 772 2013 806 musculorum
2035 779 2139 808 Vires,
2162 769 2196 800 &

1185 818 1414 862 promptitudo
1437 818 1479 853 ad
1503 818 1652 852 alimenta
1675 815 1825 858 capienda
1850 815 1986 858 majores
2009 813 2197 856 plerumque

1186 865 1222 896 in
1245 872 1318 895 toto
1340 861 1403 895 hoc
1428 861 1544 896 morbo
1567 862 1678 900 fuere,
1702 871 1798 902 quam
1821 859 1886 902 ejus
1908 859 2051 901 gravitas
2066 880 2078 896 ‚
2102 858 2132 888 δι
2157 865 2194 887 ea

1188 918 1260 949 quae
1285 907 1556 944 memoravimus,
1580 903 1676 937 sinere
1700 902 1784 945 posse
1807 904 2018 937 videbantur.
2043 901 2199 940 Qorum

1188 960 1263 983 cum
1286 950 1399 992 plura,
1421 951 1454 984 &
1478 949 1601 992 peffima
1621 948 1768 982 omnium
1806 947 1979 991 praesertim
2001 968 2013 985 ‚
2056 953 2120 976 non
2156 940 2202 990 se-

1189 993 1274 1031 mel,
1296 1003 1352 1025 nec
1375 991 1467 1025 breve
1491 991 1530 1025 ad
1553 1001 1680 1033 tempus
1702 989 1795 1025 simul
1830 990 1859 1023 se
1881 989 2079 1024 ostenderent
2102 999 2112 1025 3
2142 985 2202 1035 diu

1190 1035 1360 1075 fecerunt,
1383 1044 1419 1068 ut
1444 1046 1501 1069 nos
1524 1034 1655 1078 quidem
1678 1035 1778 1068 metui
1801 1032 1952 1074 essemus,
1975 1042 2072 1075 quam
2106 1029 2170 1072 spei
2190 1050 2205 1068 ,

1190 1080 1383 1122 propiores,
1406 1079 1512 1113 caeteri
1537 1089 1634 1119 vero,
1659 1079 1843 1120 quicunque
1867 1085 2080 1119 aegrotantem
2112 1071 2205 1105 vide-

1189 1124 1291 1162 bant,
1313 1119 1378 1164 jam
1399 1121 1597 1163 desperatum
1621 1121 1890 1164 pronunciarent.
1915 1119 2015 1154 Nihil
2028 1128 2103 1150 vero
2118 1124 2207 1157 aeque

1192 1163 1364 1210 adjuvisse,
1388 1164 1482 1198 nobis
1507 1164 1611 1198 visum
1635 1163 1676 1196 est
1688 1187 1701 1203 ,
1725 1172 1819 1207 atque
1841 1164 1940 1197 urinae
1962 1186 1974 1203 ,
2007 1172 2077 1204 quae
2112 1159 2209 1192 uber-

1193 1212 1255 1243 tim
1279 1209 1522 1251 profluxerunt3
1548 1219 1620 1241 nam
1644 1206 1771 1241 sudores
1793 1207 1907 1249 pauci,
1935 1208 1967 1239 &
1991 1204 2054 1237 rari
2075 1225 2085 1240 ‚
2108 1212 2208 1244 neque

1193 1264 1334 1296 unquam
1356 1260 1429 1285 toto
1451 1263 1586 1295 corpore
1610 1259 1821 1294 apparuerunt
1843 1276 1853 1292 ,
1885 1250 1976 1283 alvus
2010 1256 2115 1281 autem
2151 1254 2211 1277 nec

1193 1298 1297 1331 multa
1315 1321 1324 1336 ,
1346 1307 1402 1329 nec
1425 1307 1495 1338 quae
1519 1294 1660 1338 prodesse
1684 1292 1829 1335 possent,
1854 1292 1917 1326 fere
1940 1292 2044 1336 egellit
2063 1315 2075 1330 ,
2107 1299 2210 1332 quan-

1195 1352 1292 1417 quaIrn
1315 1341 1349 1374 in
1371 1339 1422 1374 his
1445 1339 1560 1383 aliquis
1584 1336 1748 1374 interdum
1773 1337 1952 1381 lumbricus
1987 1336 2028 1369 est
2067 1330 2212 1367 animad-

1198 1395 1252 1418 ver
1268 1396 1303 1418 us
1320 1409 1328 1416 .

1246 1428 1276 1460 8.
1312 1426 1370 1461 Sed
1401 1427 1501 1470 nigrae
1533 1425 1714 1462 istiusmodi
1747 1424 1941 1469 dejestiones
1973 1422 2107 1466 peffima:
2140 1419 2216 1470 sunt

1199 1482 1265 1504 non
1289 1480 1355 1505 tam
1377 1472 1492 1514 copia,
1518 1483 1614 1514 quam
1639 1469 1805 1504 effeetibus
1828 1468 2069 1511 saepenumero,
2093 1460 2217 1513 fignifi-

1200 1517 1330 1548 catione
1353 1523 1459 1549 autem
1482 1516 1583 1548 causae
1605 1539 1617 1555 ,
1654 1513 1818 1548 deterrimi
1851 1512 2004 1546 videlicet
2037 1509 2183 1542 humoris
2203 1528 2217 1546 ,

1200 1558 1344 1601 semper.
1478 1558 1562 1591 Aliae
1588 1569 1663 1591 vero
1687 1556 1990 1600 pariterincruentae
2005 1575 2016 1592 ‚
2040 1561 2076 1586 ut
2102 1551 2189 1586 flavae
2205 1572 2219 1590 ,

1199 1603 1320 1636 virides
1337 1624 1347 1639 ‚
1373 1612 1501 1644 aqueae,
1525 1602 1633 1634 aliaeve
1657 1598 1844 1643 hujusmodi
1870 1598 2035 1631 interdum
2062 1606 2126 1629 non
2158 1592 2222 1627 do-

1197 1646 1324 1680 loribus
1347 1654 1500 1685 tanturn‚
1524 1643 1574 1678 sed
1599 1647 1632 1679 &
1655 1645 1749 1686 copia
1773 1643 1838 1686 ipsa
1861 1643 2009 1676 exitiales
2031 1640 2102 1674 sunt
2123 1665 2130 1671 .
2156 1638 2221 1670 Hae

1198 1698 1305 1725 autem
1327 1699 1437 1722 ornnes
1462 1689 1650 1732 plerumque
1683 1688 1845 1731 originem
1868 1686 1984 1721 debent
2017 1685 2222 1718 irritamento

1197 1735 1338 1777 cuipiam
1360 1731 1506 1765 intestina
1530 1733 1714 1770 vellicanti,
1740 1731 1947 1775 undecunque
1970 1731 2003 1763 in
2017 1726 2084 1771 ipsa
2097 1726 2224 1761 descen-

1201 1778 1310 1810 derit:
1334 1777 1468 1819 perinde
1492 1777 1577 1808 enim
1602 1786 1637 1808 ut
1676 1788 1690 1808 a
1725 1775 1965 1809 medicamentis
1999 1768 2221 1806 violentiffime

1203 1820 1415 1863 purgantibus
1442 1818 1654 1853 immodicam
1679 1819 1824 1853 humoris
1847 1821 1979 1862 copiam
2002 1815 2100 1860 dejici
2132 1811 2225 1863 vide·-

1201 1875 1296 1905 mus,
1321 1866 1368 1897 ita
1393 1862 1432 1896 ab
1456 1863 1625 1905 ingenito,
1663 1871 1717 1897 aut
1749 1861 1882 1897 demisso
1912 1864 1989 1897 illuc
2024 1872 2062 1895 ex
2096 1866 2229 1893 arteriis

1201 1908 1295 1942 succo
1321 1908 1432 1950 aliquo
1455 1906 1637 1940 stimulante
1660 1907 1746 1944 idem
1770 1908 1957 1950 contingere
1985 1929 1995 1945 ‚
2029 1901 2227 1939 credendum

1201 1951 1261 1985 est.
1287 1952 1379 1985 Nam
1401 1958 1515 1992 praeter
1539 1961 1704 1991 pancreas,
1730 1949 1841 1993 jecur,
1864 1953 1897 1984 δε
1920 1950 2016 1993 hujus
2029 1947 2227 1985 vesiculam,

1200 1996 1323 2037 exiguae
1346 1993 1500 2038 quidem,
1525 1992 1577 2027 sed
1602 2005 1733 2037 propter
1757 1993 1980 2038 amplissimam
1997 1991 2224 2026 intestinorum

1201 2037 1398 2079 superficiem
1422 2038 1594 2071 innumerae
1617 2038 1678 2071 viae
1704 2038 1775 2072 sunt
1801 2049 1855 2081 per
1878 2050 1957 2083 quas
1979 2039 2014 2071 in
2038 2036 2106 2070 haec
2129 2032 2226 2077 quid-

1202 2084 1290 2124 piam
1315 2081 1439 2114 insoliti
1464 2093 1502 2114 ex
1534 2081 1686 2124 sanguine
1720 2083 1830 2115 venire
1864 2082 1955 2125 possit
1976 2105 1985 2115 .
2025 2079 2226 2121 Eaedemque

1202 2125 1449 2159 innumerabiles
1471 2126 1552 2164 viae,
1574 2125 1630 2158 ubi
1653 2125 1731 2163 diu,
1758 2135 1851 2168 atque
1874 2128 1980 2160 acrius
2001 2123 2151 2158 intestina
2175 2124 2229 2154 in-

1203 2167 1381 2208 cessantur,
1404 2168 1464 2202 seri
1498 2168 1722 2202 incredibilem
1757 2171 1826 2203 vim
1855 2170 2041 2203 convehunt
2065 2193 2073 2201 .
2107 2167 2228 2208 Neque

1207 2211 1294 2244 enim
1317 2222 1393 2245 cum
1416 2213 1517 2254 vulgo
1540 2212 1719 2253 putandum
1744 2211 1810 2253 est,
1833 2212 1995 2256 quidquid
2027 2211 2104 2246 flavi
2124 2233 2137 2251 ,
2169 2217 2226 2243 aut

1205 2253 1321 2288 viridis
1345 2254 1492 2294 humoris
1516 2257 1682 2297 egeritur,
1706 2254 1739 2289 id
1764 2267 1860 2290 omne
1892 2256 1951 2290 esse
1982 2256 2080 2289 bilem
2103 2277 2113 2291 ‚
2146 2264 2228 2294 {³¹⁴ae-

1206 2297 1318 2331 sertim
1342 2299 1511 2342 postquam
1554 2310 1592 2332 ex
1636 2299 1924 2334 Diemerbroeckii
1970 2300 2192 2342 experimento
2213 2316 2229 2338 ⁵

1206 2342 1298 2384 quod
1322 2343 1356 2374 in
1380 2342 1590 2384 Sepulchreto
1613 2344 1713 2377 etiam
1736 2341 1830 2376 habes
1852 2346 1907 2386 (p
1929 2348 1966 2385 ),
1993 2344 2067 2377 satis
2100 2341 2227 2374 intelli-

1208 2386 1244 2427 gi
1270 2386 1363 2422 licet,
1387 2386 1547 2427 quantillo
1569 2387 1646 2419 bilis
1668 2395 1825 2429 quantum
1848 2399 1936 2431 aquce
1960 2388 2125 2430 tingatur·
2151 2385 2226 2418 Nec

1208 2429 1298 2471 quod
1322 2430 1464 2462 tormina
1488 2439 1564 2462 tunc
1589 2429 1761 2472 affligant,
1784 2431 1818 2463 id
1842 2433 1944 2473 copiae
1976 2432 2135 2474 imputare
2168 2427 2228 2462 ad-

1206 2472 1309 2505 mistae
1332 2472 1407 2504 bilis
1431 2472 1547 2505 necesse
1570 2471 1635 2511 est3
1660 2473 1789 2514 quando
1811 2472 1989 2508 diarrhoeas
2023 2472 2151 2517 aquosas
2185 2473 2227 2506 Θ

1200 2513 1273 2558 fere
1296 2514 1447 2561 limpidas
1472 2514 1633 2550 Willifius
1656 2517 1710 2559 (q
1733 2520 1743 2556 )
1767 2516 1932 2560 descripsit
1959 2543 1973 2560 ‚
2006 2528 2085 2561 quas
2116 2526 2223 2550 tamen

1207 2558 1251 2590 ob
1274 2558 1423 2600 adjuneta
1446 2559 1571 2592 ventris
1594 2560 1731 2593 tormina
1755 2558 1950 2601 dysenterias
1974 2561 2089 2595 maluit
2115 2561 2226 2603 appel-

1207 2601 1272 2634 lare
1288 2627 1295 2634 .
1320 2602 1366 2634 Et
1390 2601 1456 2635 illae
1480 2602 1610 2645 quidem
1640 2603 1781 2637 Londini
1809 2614 1966 2639 autumno
1992 2605 2169 2647 praesertim
2182 2605 2225 2637 A.

1211 2648 1306 2688 1670.
1333 2645 1439 2687 plures
1454 2669 1466 2685 ,
1489 2645 1592 2688 pridie
1616 2647 1729 2688 sanos,
1753 2650 1785 2680 δε
1808 2649 1899 2682 valde
1923 2649 2094 2690 robustos,
2128 2647 2225 2681 ador-

1207 2699 1249 2723 tae
1268 2711 1277 2726 ,
1299 2688 1386 2722 intra
1396 2690 1475 2722 XII.
1501 2688 1598 2724 horas
1624 2701 1664 2723 eo
1689 2690 1896 2733 redigebant,
1920 2701 1955 2726 ut
1978 2693 2042 2735 jam
2067 2692 2131 2735 jarn
2151 2703 2225 2724 mo-

1197 2732 1307 2767 >rituri
1329 2731 1539 2775 viderentur,
1562 2744 1626 2767 non
1658 2735 1702 2768 ob
1738 2737 1914 2770 maximam
1946 2735 2040 2778 egesti
2076 2735 2223 2770 humoris

1208 2777 1337 2819 copiam
1360 2788 1372 2815 3
1415 2786 1490 2826 narn
1536 2785 1627 2810 tanta
1649 2801 1658 2817 ,
1703 2779 1811 2828 inquit
1834 2803 1846 2820 ,
1892 2780 1972 2813 meri
1987 2779 2153 2822 sanguinis
2177 2776 2221 2821 ef-

1202 2818 1287 2865 fusio
1331 2830 1391 2852 non
1440 2820 1472 2852 td
1512 2830 1622 2862 parere
1668 2820 1818 2862 potuisset
1844 2847 1850 2854 .
1888 2824 2013 2856 Contra
2038 2832 2144 2856 autem
2168 2832 2226 2855 co-

1209 2865 1263 2907 pia
1309 2862 1374 2906 ipsa
1420 2863 1570 2896 immanis
1616 2862 1732 2906 dejeffi
1779 2865 1836 2897 seri
1891 2877 1964 2900 cum
2010 2867 2138 2899 mulieri
2184 2865 2222 2899 de

1210 2919 1274 2951 qua
1317 2914 1423 2939 narrat
1465 2906 1635 2940 Marcellus
1680 2909 1830 2943 Donatus
1876 2912 1889 2949 (
1911 2921 1926 2942 r
1947 2914 1961 2950 >
2007 2910 2113 2944 statim
2173 2919 2225 2942 at-

1213 2951 1290 2985 tulit
1347 2951 1446 2982 animi
1502 2949 1721 2984 defectionem
1753 2975 1766 2992 ‚
1818 2962 1890 2987 tum
1948 2953 2129 2988 Notarium
2184 2953 2224 2988 de

1213 2994 1454 3044 quo-Poterius
1499 2994 1582 3037 (s)
1606 3017 1620 3035 ,
1656 2994 1693 3028 ad
1719 3006 1856 3030 mortem
1888 2997 2121 3040 propemodum
2154 3009 2225 3041 per-

1212 3039 1309 3072 duxst
1333 3049 1344 3075 5
1388 3045 1499 3070 neuter
1542 3039 1627 3071 enirn
1673 3038 1800 3075 Auctor
1842 3040 1879 3074 de
1924 3041 2092 3076 doloribus
2126 3042 2223 3085 quid-

1213 3092 1309 3132 quam
1352 3090 1505 3130 memorat
1527 3092 1541 3120 ;
1585 3081 1636 3115 sed
1663 3083 1718 3115 ille
1741 3091 1867 3118 tantum
1891 3096 1975 3127 aquae
1998 3085 2087 3118 clara
2123 3096 2225 3127 quan-

1214 3132 1342 3173 titatem
1366 3146 1375 3161 ‚
1420 3132 1465 3157 ait
1485 3148 1498 3163 ,
1551 3126 1643 3158 unica
1667 3128 1842 3162 excretione
1865 3127 2024 3169 expulsam
2047 3151 2059 3168 ‚
2091 3136 2127 3161 ut
2143 3127 2224 3169 fiab-

1207 3168 1328 3211 jeHum
1350 3177 1408 3200 vas
1431 3168 1539 3202 multae
1561 3169 1749 3210 capacitatis
1772 3171 1965 3213 repleverit,
1993 3171 2045 3204 hic
2069 3183 2146 3204 vero
2164 3182 2221 3213 per

1212 3212 1369 3254 integrum
1391 3211 1473 3244 diem
1489 3211 1585 3254 supra
1609 3225 1663 3256 40.
1688 3213 1789 3247 libras
1834 3215 1969 3247 materiae
2012 3214 2118 3257 [erosae
2162 3214 2223 3257 eje-

1214 3255 1281 3289 Has
1296 3278 1304 3286 .
1330 3255 1448 3297 Neque
1470 3262 1576 3289 tamen
1598 3257 1723 3299 aliquid
1746 3258 1936 3290 irritamenti
1961 3258 1994 3289 in
2018 3257 2069 3291 his
2093 3258 2186 3292 fuisse
2211 3281 2224 3299 ,

1213 3299 1393 3341 negaverim
1408 3322 1416 3336 ,
1440 3309 1514 3332 cum
1538 3298 1593 3333 seri
1619 3302 1652 3334 in
1677 3301 1825 3343 sanguine
1849 3299 2057 3334 redundantia
2072 3325 2083 3341 ,
2107 3305 2139 3335 &
2164 3301 2224 3334 ali-

1214 3354 1276 3386 qua
1300 3340 1428 3389 fortasse
1452 3342 1678 3377 intestinorum
1701 3344 1836 3377 laxitate
1869 3343 2080 3386 conjunetum
2103 3371 2113 3381 0
2147 3347 2224 3379 Hoc

1215 3395 1342 3419 tantum
1363 3396 1416 3427 ajo
1438 3408 1450 3425 ,
1483 3396 1583 3428 neque
1606 3388 1735 3421 dolores
1757 3386 1858 3420 videri
1883 3386 1974 3421 fuiffe
1996 3399 2031 3421 ea
2056 3389 2226 3422 acerbitate

1215 3440 1286 3472 quae
1309 3430 1614 3464 commemoratione
1637 3431 1733 3473 digna
1758 3430 1854 3471 esset,
1877 3441 1978 3473 neque
2000 3431 2069 3474 post
2092 3430 2224 3466 effusam

1216 3481 1284 3507 tam
1306 3473 1374 3505 cito
1399 3472 1456 3506 seri
1477 3481 1602 3507 tantam
1624 3475 1754 3517 copiam
1765 3473 1941 3518 quidquam
1955 3484 2107 3515 praeterea
2119 3477 2226 3517 requi-

1214 3516 1269 3558 ri,
1291 3525 1328 3551 ut
1350 3526 1385 3550 ea
1407 3526 1477 3559 quae
1501 3518 1629 3562 utrique
1651 3516 1859 3558 acciderunt,
1881 3518 2229 3562 intelligantur.Tam

1828 3571 1846 3594 2
2120 3563 2190 3597 cito
2204 3587 2206 3590 -

278 3741 286 3772 )
304 3717 334 3766 εἶ
350 3740 408 3766 obt.
426 3748 462 3771 ις.
479 3743 540 3770 sest.
556 3752 591 3770 η.
654 3742 669 3773 ζ
686 3751 709 3766 m
728 3743 735 3772 )
754 3750 777 3767 n.
796 3745 832 3768 16.

285 3774 297 3801 )
313 3774 337 3797 in
354 3773 392 3797 fin.
410 3773 490 3798 Schol.
507 3777 537 3801 ad
552 3774 613 3804 ObL.
632 3782 656 3805 3.
675 3775 696 3805 §.
716 3784 735 3802 1.
754 3775 816 3800 SeC’t.
835 3783 857 3804 9.

894 3743 910 3774 (
924 3751 941 3767 ⁶
956 3742 971 3771 )

275 3806 291 3835 )
307 3805 407 3832 observ.
425 3808 498 3832 cent.
514 3815 536 3832 a.
553 3815 575 3834 e.
592 3810 632 3832 ει.
920 3777 929 3806 (
947 3783 962 3805 4

220 3743 262 3772 (1

222 3774 266 3834 εἴ

987 3741 1002 3765 l.
1022 3747 1041 3764 1.
1060 3739 1150 3766 Confil.
1169 3743 1204 3769 98·

979 3777 992 3802 >
1009 3774 1141 3799 Pharmac.
1158 3772 1257 3799 Ration.
1276 3773 1302 3797 S.
1320 3778 1343 3800 3-
1360 3777 1381 3793 e.
1402 3778 1424 3800 3.

1268 3741 1282 3770 (
1298 3748 1310 3763 o
1325 3738 1339 3767 )
1356 3736 1451 3762 Medi-e.
1469 3737 1547 3763 Ptast.
1566 3738 1583 3762 l.
1600 3745 1620 3767 3.
1640 3737 1669 3760 Ρ.
1686 3743 1708 3759 2.
1729 3738 1752 3762 S.
1768 3745 1790 3761 2.
1805 3747 1827 3764 e.
1846 3746 1882 3763 10.

1485 3771 1495 3795 <
1513 3777 1524 3792 ν
1542 3772 1550 3800 l
1565 3773 1601 3795 De
1616 3768 1687 3795 Med.
1705 3769 1764 3794 Hist.
1783 3772 1844 3797 Mir.
1861 3771 1881 3794 1.
1898 3778 1920 3800 4.
1938 3777 1960 3796 c.
1977 3776 2015 3794 ιο.
