2498 4075
425 101 492 157 94-

361 175 424 214 lis,
445 183 480 205 ut
503 169 580 204 novi
605 166 817 204 nihilominus
841 165 1073 212 progignantur
1097 175 1107 202 ς
1139 166 1220 199 utile
1243 165 1353 199 saltem

361 219 422 251 erit
444 215 519 248 dare
541 223 669 255 operam
684 236 691 250 ‚
715 222 751 246 ut
771 212 881 254 quoad
904 219 970 250 ejus
993 206 1063 240 fieri
1086 208 1176 248 poffit
1192 231 1200 245 ‚
1224 210 1356 248 molles,

360 264 393 295 δι
416 260 477 292 laxi
501 257 576 289 bilis
599 255 721 288 canales
742 254 987 289 conserventur,
1011 261 1049 283 fle
1081 252 1174 284 nOViS
1205 253 1356 286 transitu-

361 305 406 338 ris
429 300 558 337 calculis
581 299 670 331 valde
696 297 856 338 resistant,
882 295 931 329 sed
956 293 1083 328 facilius
1105 294 1321 336 obsequantur
1345 319 1357 335 ,

359 348 394 381 id
418 343 505 387 quod
529 352 583 384 per
605 339 754 373 affiduam
778 364 787 379 ,
814 340 1012 374 moderatam
1033 346 1138 370 tamen
1161 338 1356 373 diluentium

361 386 626 424 consuetudinem
649 386 712 416 erit
734 383 909 417 curandum
923 406 930 414 .

407 444 456 474 5²-
481 432 533 463 De
552 425 745 460 lithotomia
769 438 839 469 quce
864 427 898 458 in
923 423 1022 457 vesica
1044 435 1175 466 quoque
1200 425 1284 459 fellis
1297 437 1357 458 nu-

361 488 415 520 per
439 473 624 514 excogitata
647 469 691 503 est
716 493 729 510 ,
761 470 829 502 noli
854 468 964 501 mirari
988 467 1075 509 quod
1110 467 1200 509 supra
1224 480 1286 501 non
1310 469 1357 501 fe-

361 520 461 553 cerim
486 515 684 548 mentionem
700 536 707 542 .
733 512 819 544 Nam
846 514 985 554 primum
1009 510 1136 543 dolores
1158 512 1216 553 qui
1240 511 1279 544 ab
1308 513 1355 545 la-

360 562 448 605 pillis
480 562 603 592 exitum
634 555 843 588 molientibus
875 557 1059 589 excitantur
1083 576 1092 590 ‚
1138 565 1203 586 non
1247 555 1286 588 ab
1316 556 1355 588 iis

360 606 531 639 dumtaxat
565 608 751 633 moventur?
771 600 827 639 qui
862 610 877 631 a
900 598 979 642 cysii
1007 619 1016 633 ‚
1048 596 1099 629 sed
1132 597 1229 630 etiam
1255 599 1294 632 ab
1309 598 1356 631 'iis

361 649 419 692 qui
453 647 493 681 ab
528 644 688 685 Hepatico
725 642 921 683 proveniunt
955 641 1053 674 ductu
1076 665 1083 672 .
1132 640 1253 674 Deinde
1299 643 1357 681 qui

362 691 496 726 maximi
519 690 551 721 in
575 685 654 728 cysti
679 684 797 727 lapides
822 685 893 718 sunt
908 707 917 722 ‚
940 682 1263 726 quorum'praacipue
1284 696 1360 718 cau-

362 736 393 769 sa
417 732 605 768 lithotomia
638 729 704 761 haec
736 728 927 769 quibusdam
963 726 1088 760 videtur
1111 728 1251 769 optanda
1276 751 1284 766 ‚
1319 728 1360 760 il-

362 780 387 811 li
420 788 475 811 nec
497 777 621 809 exitum
645 772 828 804 moliuntur
851 793 860 808 ,
895 782 952 804 nec
987 780 1182 811 magnopere
1205 793 1216 809 ‚
1250 772 1360 812 saepius

360 822 471 855 saltem
493 842 505 858 ,
529 816 705 850 molestiam
727 824 835 846 creant
860 839 868 847 .
892 814 967 848 Huc
990 813 1071 847 illud
1094 813 1216 846 accedit
1239 839 1248 853 ‚
1271 814 1360 856 quod

360 863 419 899 nisi
455 861 621 895 vesiculam
656 857 748 890 causa
794 858 902 900 aliqua
946 857 1029 889 ιιι-ἃς
1075 867 1148 890 cum
1182 860 1361 897 peri'tonaeo

359 907 531 942 conne&at
552 926 564 943 ‚
587 902 652 944 ejus
674 901 718 933 est
744 900 840 934 festio
865 899 1063 942 perniciosa3
1090 912 1125 933 ea
1149 910 1257 935 autem
1280 912 1360 933 con.-

358 953 457 985 nexio
490 957 526 981 ut
565 947 598 979 vi
632 943 738 978 morbi
775 945 809 976 in
843 944 1005 976 nonnullis
1039 942 1171 982 fuerit,
1215 947 1249 978 in
1283 944 1357 986 qui-

359 996 420 1029 bus
451 992 538 1027 casus
563 1013 572 1028 ,
609 989 695 1022 velut
732 985 811 1029 saepe
846 988 908 1020 alia
935 1012 944 1026 ,
981 986 1021 1019 sic
1055 989 1085 1019 δε
1122 998 1240 1020 novam
1277 987 1358 1020 hanc

358 1037 583 1073 lithotomiam
619 1030 826 1073 excogitandi
859 1030 1060 1064 occafionem
1094 1030 1262 1070 praebuit;
1309 1040 1359 1062 ta-

358 1093 429 1116 rnen
465 1090 561 1122 quam
594 1087 666 1109 raro
699 1076 748 1107 vel
794 1076 828 1107 in
877 1073 1023 1107 morbida
1067 1071 1180 1106 harum
1216 1073 1358 1116 partium

354 1125 591 1160 constitutione
615 1127 764 1152 occurrat
789 1141 799 1155 ,
834 1126 951 1151 norunt
978 1117 1165 1149 Anatomici
1190 1129 1199 1152 ;
1234 1119 1265 1149 Sc
1286 1128 1358 1149 cum

355 1170 399 1202 est
424 1191 433 1206 ‚
476 1177 573 1208 quarn
607 1174 671 1195 non
705 1160 798 1195 facile
831 1159 870 1193 sit
906 1172 964 1203 pro
1001 1168 1091 1193 certo
1124 1159 1358 1195 internoscere,

356 1213 462 1245 sciunt
494 1207 686 1248 Chirurgi.
723 1203 905 1238 Novissime
939 1202 994 1237 etsi
1041 1204 1074 1234 in
1110 1201 1243 1235 secando
1277 1203 1360 1235 nihil

355 1255 431 1289 esset
465 1252 637 1294 periculi3
672 1259 747 1281 num
780 1249 812 1281 in
847 1245 1041 1289 persanaudo
1075 1245 1157 1279 nihil
1191 1246 1252 1278 erit
1274 1245 1360 1279 diffi-

354 1299 486 1333 cultatis
509 1295 524 1328 3
568 1296 647 1326 Sunt
693 1301 765 1323 ante
810 1292 921 1324 oculos
968 1289 1114 1329 exempla
1149 1289 1359 1325 foeminarum

355 1344 455 1377 trium
482 1363 491 1379 ,
537 1333 745 1372 Bononiensis
776 1339 789 1374 (
812 1346 830 1377 q
851 1337 865 1378 )
889 1357 898 1372 ,
935 1331 1206 1367 Francofurtenfis
1236 1336 1248 1371 (
1275 1344 1290 1364 r
1313 1335 1323 1370 )
1347 1356 1359 1372 ,

354 1378 582 1427 Gottingensis
613 1378 694 1421 (s)
719 1402 731 1418 ‚
775 1379 891 1421 quibus
937 1386 1064 1410 tumore
1104 1378 1137 1409 in
1183 1377 1356 1417 epigastrio

355 1429 476 1464 oborto
500 1446 509 1464 9
547 1435 648 1465 eoque
681 1433 747 1454 arte
773 1447 781 1460 ,
815 1430 870 1455 aut
902 1420 1014 1456 sponte
1046 1430 1180 1461 aperto,
1203 1419 1276 1452 illac
1299 1430 1356 1461 ςγ-

358 1474 430 1507 stici
465 1469 581 1506 calculi
617 1465 807 1508 prodierunt
833 1491 839 1497 .
878 1467 1017 1497 Primam
1043 1463 1239 1505 persanatam
1266 1464 1357 1498 lego:

355 1517 450 1552 alteri
487 1513 628 1551 fistulam
653 1508 795 1543 relitfiam
821 1532 830 1548 ‚
865 1519 919 1551 per
943 1517 1040 1550 quam
1074 1511 1202 1548 tenuis,
1226 1509 1257 1539 δεῖ
1280 1505 1362 1548 chy-

960 82 1116 139 Liber
1148 82 1237 136 111.
1271 83 1354 134 De
1389 80 1595 135 Morbis
1626 79 1837 134 Ventris

1408 164 1512 200 mosus
1547 161 1679 204 quidem
1704 186 1713 201 ‚
1749 162 1799 195 sed
1827 160 1933 203 flavus
1976 158 2095 194 humor·
2127 159 2298 195 destillat:
2343 164 2410 194 ter-⁴

1405 211 1460 244 tiae
1490 206 1579 240 ulcus
1604 229 1613 243 ,
1644 204 1732 248 quod
1764 216 1839 239 cum
1872 203 1956 236 sanie
2000 203 2135 236 calculos
2175 203 2302 245 subinde
2338 202 2408 248 fel-

1406 253 1467 286 leos
1499 249 1622 283 emittit
1646 272 1653 279 .
1688 248 1772 286 Qua:
1807 249 1923 282 ultima
1958 245 2092 279 historia
2126 245 2307 288 Chirurgos
2345 259 2408 290 po-

1407 294 1465 329 test
1496 294 1530 326 in
1566 291 1806 326 dubitationem
1840 290 1993 324 adducere
2015 312 2026 329 ‚
2070 288 2321 324 claudendumne
2353 302 2413 333 po-

1411 339 1471 372 stea
1502 337 1617 369 vulnus
1647 333 1685 366 sit
1708 357 1720 374 ‚
1754 345 1791 366 an
1828 343 1959 376 propter
1995 342 2155 365 novorum
2177 332 2322 375 lapidum
2345 345 2412 367 me-

1411 392 1482 414 tum
1516 389 1581 412 non
1613 378 1748 410 omuino
1779 377 1990 410 claudendum
2015 398 2023 407 .
2071 375 2150 408 Non
2197 387 2247 409 me
2278 376 2410 418 quidem

1411 424 1499 463 fugit
1522 446 1535 462 ‚
1569 431 1737 463 antequam
1770 424 1880 453 tumor
1902 430 2013 452 omnes
2049 418 2241 459 antepositos
2273 430 2412 463 occupet

1410 463 1569 501 mrisculos
1595 489 1604 503 ‚
1641 466 1671 497 δι
1706 463 1967 506 suppurationem
2001 462 2063 494 late
2097 471 2224 495 moveat
2249 484 2260 501 ‚
2289 464 2320 495 δε
2353 475 2412 498 cu-

1407 512 1533 546 niculos
1567 507 1625 540 sibi
1664 517 1721 546 pus
1754 506 1851 539 faciat
1875 531 1884 546 ,
1918 515 2006 538 tanta
2039 505 2208 546 diligentia
2240 504 2412 541 industria-

1408 568 1471 597 que
1493 578 1504 593 ‚
1540 560 1573 584 ut
1607 551 1641 582 in
1666 549 1922 583 Francofurtensi
1950 549 2081 582 muliere
2105 572 2114 587 ‚
2138 548 2322 587 curand053
2346 561 2410 584 non

1410 611 1459 631 me
1482 622 1495 639 ,
1527 598 1657 634 inquam
1682 617 1691 633 ,
1723 592 1810 634 fugit
1834 615 1845 631 ,
1882 604 1947 626 rem
1971 602 2046 626 tunc
2077 591 2188 624 cedere
2210 591 2336 624 felicius
2357 594 2413 627 de-

1410 643 1483 675 bere
1516 637 1688 671 vesiculam
1720 634 1807 668 ferro
1853 636 2066 678 aperientibus
2110 646 2181 677 quae
2225 633 2292 676 jam
2326 637 2412 671 arete

1411 697 1484 718 cum
1517 681 1692 724 peritonaeo
1736 682 1968 712 concreverit.-
2002 678 2162 721 hujusque
2194 679 2412 715 concretionis

1411 728 1497 767 signa
1533 725 1572 757 ab
1607 723 1715 757 solerti
1738 721 1906 763 Chirurgo
1929 720 2019 756 fuisse
2042 722 2183 755 indicata
2205 746 2214 755 .
2251 722 2412 756 Verunta-

1411 766 1483 805 rrien
1516 778 1552 803 ut
1583 767 1615 799 in
1650 778 1683 799 re
1718 777 1801 799 nova
1824 789 1834 803 ,
1869 766 1944 799 licet
1979 776 2127 807 magnam
2153 764 2315 798 interdurn
2339 767 2413 807 pos-

1412 816 1450 848 sit
1474 812 1652 848 utilitatem
1679 810 1815 848 habere,
1843 808 1923 842 mihi
1947 808 2177 851 expeecandum
2201 811 2310 851 potius
2333 810 2411 844 dum

1413 867 1539 898 tempus
1562 854 1707 896 pluribus
1732 853 1855 886 iteratis
1887 854 2038 894 exemplis
2070 853 2290 886 dubitationes
2314 873 2323 888 ‚
2357 864 2413 895 pe-

1412 902 1511 936 ricula
1536 926 1546 939 ‚
1577 897 1779 931 difficultates
1804 896 1947 929 tollendo
1974 921 1982 935 ‚
2012 896 2182 929 confirmet
2209 920 2219 936 ,
2241 907 2339 938 quarn
2362 895 2414 930 fe-

1410 943 1592 980 stinandum
1618 943 1649 974 in
1676 953 1708 974 ca
1732 938 1863 982 perinde
1899 951 1932 972 ac
1957 939 1978 973 si
2002 938 2067 980 jam
2098 939 2239 982 undique
2272 938 2411 980 perfecfia

1412 988 1504 1025 esset,
1531 985 1760 1028 proponenda,
1785 984 1984 1016 existimavi.

1457 1040 1507 1073 53.
1532 1028 1640 1063 Habes
1672 1028 1711 1060 de
1744 1027 1872 1060 bilariis
1895 1025 2026 1060 calculis
2060 1035 2122 1059 non
2147 1036 2216 1059 eam
2240 1026 2412 1059 manatio-

1409 1086 1482 1108 nem
1506 1084 1601 1115 quam
1623 1070 1777 1111 cupiebat
1803 1069 2015 1104 Vallisnerius
2039 1072 2049 1107 (
2072 1077 2088 1102 t
2109 1072 2123 1107 )
2145 1081 2158 1109 ;
2183 1068 2232 1101 sed
2254 1079 2414 1111 quantum

1411 1117 1494 1152 mihi
1518 1113 1632 1149 cursim
1657 1114 1752 1148 licuit
1786 1113 1823 1146 ad
1858 1114 1912 1146 illa
1948 1112 2061 1147 addere
2087 1111 2126 1145 de
2159 1111 2274 1155 quibus
2309 1115 2413 1147 minus

1413 1160 1480 1194 fuse
1503 1169 1593 1192 antea
1618 1158 1708 1191 semel
1735 1182 1742 1194 ,
1775 1159 1926 1194 iterum,
1959 1168 1993 1190 ac
2029 1157 2162 1189 tertium
2195 1154 2379 1198 scripseram
2404 1182 2413 1188 .

1413 1204 1513 1243 Quod
1537 1202 1558 1235 si
1584 1200 1767 1242 Sosigenes,
1791 1208 1825 1232 ut
1849 1200 1891 1233 est
1914 1199 1996 1241 apud
2023 1200 2162 1232 Plinium
2197 1202 2207 1238 (
2231 1209 2250 1231 u
2274 1202 2284 1237 )
2317 1200 2414 1232 trim‘s

1413 1242 1724 1280 commentationibus
1748 1266 1758 1281 ‚
1800 1254 1974 1285 quanquam
1995 1241 2184 1284 *diligentior
2215 1241 2286 1284 effer
2320 1250 2409 1276 carte-

1412 1291 1457 1323 ris
1482 1312 1490 1326 ‚
1527 1299 1584 1320 non
1608 1283 1734 1328 ceffavit
1757 1294 1863 1319 tamen
1887 1285 2067 1319 addubitare
2093 1312 2100 1325 ‚
2134 1284 2197 1327 ipse
2212 1286 2312 1328 semet
2330 1296 2415 1328 ,cor-

1411 1333 1553 1370 rigcndm
1580 1330 1646 1363 noli
1671 1330 1779 1363 mirari
1807 1356 1813 1367 ,
1850 1341 1899 1362 me
1924 1328 2092 1362 hominem
2116 1329 2248 1370 quidem
2272 1331 2336 1362 non
2362 1340 2416 1362 ne-

1408 1376 1584 1418 gligentem
1608 1396 1615 1409 ‚
1657 1372 1706 1406 sed
1730 1382 1837 1406 tamen
1863 1385 1935 1405 cum
1962 1374 2118 1414 plerisque
2142 1384 2253 1407 eorum
2278 1374 2334 1414 qui
2359 1372 2417 1407 ha-

1407 1421 1518 1453 &enus
1541 1418 1577 1451 de
1602 1417 1713 1450 iisdem
1736 1415 2103 1461 calculisffscripserunt,
2128 1417 2261 1450 minime
2285 1427 2418 1458 compa-

1411 1463 1546 1496 randum
1566 1483 1589 1500 .‚
1622 1462 1726 1507 tribus
1758 1459 1822 1493 illis
1856 1459 2020 1502 prioribus
2043 1469 2195 1503 quartam
2217 1461 2299 1495 hanc
2323 1471 2417 1495 com-

1416 1507 1651 1540 mentationem
1675 1502 1843 1546 adjecisse.
1872 1504 1976 1537 Vale.

354 1741 866 1831 EPIsTOLA
902 1736 2005 1818 ANATOMICO-MEDICA
2046 1738 2417 1805 XXXVIII.

492 1893 694 1962 Agitur
729 1892 790 1945 de
827 1888 1098 1960 Hydrope
1136 1887 1348 1953 Ascite‚
1380 1886 1746 1952 Tympanite,
1785 1882 2059 1937 Peritonaei
2080 1923 2095 1946 ,
2127 1888 2183 1941 δι,-
2215 1887 2282 1939 de

948 1955 1063 2007 aliis
1097 1967 1230 2018 quos
1265 1956 1504 2007 Saccatos
1539 1953 1772 2004 vocitant
1795 1987 1808 1999 .

464 2090 657 2136 Ongiffimis
680 2100 750 2132 quae
776 2090 814 2123 ad
841 2098 872 2123 te
896 2098 998 2129 nuper
1021 2098 1037 2120 a
1062 2098 1112 2120 me
1137 2084 1221 2119 datae
1258 2083 1328 2117 sunt
1351 2108 1364 2125 ,

478 2137 613 2170 Litteris
637 2143 750 2167 vereor
774 2145 812 2166 ne
836 2131 940 2166 multo
965 2131 1128 2171 longiores
1160 2126 1329 2161 succedant
1355 2150 1362 2166 ,

478 2193 550 2214 curn
575 2177 737 2219 prolixam
775 2177 852 2210 adeo
884 2176 917 2207 in
941 2173 1153 2214 Sepulchreto
1176 2169 1235 2204 esse
1270 2172 1363 2205 video

357 2227 537 2261 Secmonem
562 2223 658 2256 XXI.
681 2218 770 2260 cujus
795 2231 878 2253 nunc
894 2218 980 2258 sequi
995 2225 1224 2259 argumentum
1236 2212 1336 2248 debeo
1355 2240 1364 2253 ,

356 2270 391 2303 de
415 2268 538 2304 Ventris
561 2268 713 2299 Tamne,
739 2264 903 2305 Hydrope.
930 2260 1018 2293 Nam
1044 2263 1075 2293 in
1104 2260 1193 2293 XIX.
1226 2269 1295 2300 quae
1329 2258 1365 2292 de

358 2315 528 2347 Scorbutm
553 2319 607 2343 aut
633 2312 664 2341 in
689 2307 760 2339 XX.
786 2318 857 2347 quae
890 2306 924 2337 de
947 2303 1099 2337 Cachexia
1124 2329 1134 2343 ,
1163 2300 1330 2343 Anasarca
1354 2326 1364 2341 ‚

359 2360 458 2390 Leuco
482 2353 651 2396 hlegmatia
674 2350 825 2391 inscripta
850 2349 893 2382 est
917 2370 925 2383 ,
960 2359 1023 2380 non
1062 2347 1103 2380 est
1134 2356 1191 2378 cur
1224 2355 1330 2377 morer
1355 2359 1365 2382 3

360 2410 446 2442 quan
473 2411 494 2431 o
518 2399 557 2429 iis
581 2399 613 2428 in
639 2393 843 2427 Civitatibus
868 2392 923 2424 ubi
949 2393 1049 2423 vitam
1073 2389 1178 2427 duxi,
1203 2398 1333 2428 perraro
1355 2410 1367 2426 ,

359 2444 382 2476 si
407 2452 550 2485 unquam
575 2462 583 2474 ‚
622 2450 637 2470 a
664 2436 823 2469 Scorbuto
847 2435 961 2476 aliquis
993 2431 1158 2466 confeetus
1181 2433 1222 2463 est
1245 2452 1255 2466 ‚
1288 2430 1367 2462 alibi

361 2496 469 2520 autem
504 2481 728 2517 confectorum
764 2477 963 2512 disseffiones
996 2475 1103 2514 paffim
1136 2474 1271 2515 reperies
1296 2497 1307 2511 ,
1338 2475 1369 2505 ἃς

360 2530 534 2570 singulares
557 2524 707 2567 quasdam
731 2522 814 2569 apud
843 2520 1055 2559 Poupartium
1080 2523 1091 2557 (
1118 2517 1168 2560 a)
1193 2539 1202 2553 ‚
1226 2518 1255 2548 ἃ
1276 2516 1368 2560 Mea-

364 2567 456 2606 dium
490 2569 544 2612 (b
567 2573 615 2608 ),·
651 2576 715 2599 tres
747 2573 852 2598 autern
886 2562 935 2596 isti
976 2563 1032 2595 alii
1070 2561 1177 2595 morbi
1212 2559 1368 2601 ejusmodi

360 2616 433 2650 sunt
459 2639 468 2653 ,
507 2622 542 2648 ut
577 2614 673 2654 longe
698 2610 809 2642 melius
832 2631 845 2648 ‚
877 2618 929 2640 aut
962 2615 1048 2638 certe
1070 2602 1274 2638 commodius
1308 2603 1371 2635 alio

361 2659 573 2693 referantur..
610 2657 723 2696 ltaque
747 2652 803 2686 ista
826 2662 897 2695 quae
922 2650 995 2690 ipsis
1017 2648 1176 2697 tribuitur
1200 2668 1209 2683 ‚
1245 2646 1371 2694 sectio>

361 2704 417 2737 ubi
443 2701 572 2736 Scholia
595 2696 740 2731 detrahas
764 2719 772 2734 ‚
799 2697 829 2727 &
853 2693 1101 2727 Observauones
1123 2714 1132 2729 ,
1165 2701 1235 2732 quae
1267 2699 1301 2722 ut
1324 2688 1374 2721 dr-

362 2746 442 2780 serte
456 2745 665 2779 admonemur
680 2762 689 2776 ,
714 2740 750 2773 ad
767 2738 870 2772 febres
883 2759 892 2775 ‚
919 2735 1087 2779 phthisim,
1103 2735 1224 2768 ventris
1235 2731 1374 2772 dolores,

362 2788 561 2825 tumoresve‚
575 2784 823 2820 melancholiam
835 2804 844 2819 ,
868 2778 1042 2822 paralysim
1055 2802 1063 2817 ,
1077 2778 1280 2828 dyspnoetam,
1297 2774 1372 2817 syn-

363 2844 478 2875 copem
498 2855 511 2872 ,
546 2831 652 2863 aliove
677 2829 845 2864 attinent,
868 2826 898 2857 &
921 2834 1056 2865 quarum
1079 2823 1186 2870 aliqua
1210 2819 1371 2852 interdurn

361 2878 524 2918 repetitur
547 2876 562 2912 (
583 2885 598 2905 c
620 2877 654 2912 )·,
683 2870 720 2904 ad
745 2880 808 2903 non
833 2870 878 2901 ita
914 2866 1030 2899 multas
1065 2864 1231 2898 reducitur
1255 2884 1264 2900 ‚
1295 2873 1372 2902 qua-

364 2932 437 2954 tum
485 2917 591 2960 plures
638 2915 702 2947 alio
750 2914 869 2955 pariter
894 2935 902 2950 ‚
936 2912 966 2942 δέ
1004 2905 1271 2956 nominatim-ad
1297 2917 1371 2956 ven-

362 2965 467 2997 trium
515 2959 675 3001 hydropes
733 2957 872 2998 spectant
910 2977 917 2984 .
968 2952 1120 2990 Quorum
1167 2961 1225 2997 qui
1273 2950 1371 2998 ’nobis

367 3005 529 3040 tractandi
556 3003 648 3037 sunt,
673 3000 800 3033 Ascites
827 3025 835 3039 ‚
870 3000 900 3030 &
926 2998 1147 3040 ”I'yznpanites
1172 2994 1193 3026 11
1220 2992 1279 3025 soli
1305 3003 1371 3025 ma-

364 3060 445 3083 teria
471 3046 568 3082 essent
597 3043 690 3078 XXI.
716 3043 872 3076 Seffionis
896 3051 907 3079 ,-
930 3039 1059 3072 sortasse
1085 3050 1148 3071 non
1172 3037 1301 3084 longior
1326 3035 1373 3069 su-

366 3095 493 3136 periore
519 3090 587 3124 haec
612 3087 689 3121 effer
714 3085 882 3128 Epistola.
910 3083 1030 3116 Verum
1054 3094 1126 3115 cum
1152 3080 1374 3127 praeterallos,

371 3138 515 3178 plerique
539 3132 668 3173 insuper
691 3141 730 3162 ex
752 3128 885 3170 reliquis
910 3127 1093 3158 tumoribus
1120 3125 1240 3158 ventris
1273 3134 1307 3154 m
1341 3134 1377 3154 ea

368 3182 517 3213 Sectione
543 3183 767 3219 proponantur
792 3182 802 3209 3
833 3169 892 3204 hos
915 3169 1142 3202 constituimus
1177 3169 1210 3199 in
1237 3167 1375 3198 Litteras

370 3226 533 3265 proximas
566 3218 695 3261 rejicere
724 3228 735 3255 3
770 3214 825 3249 has
859 3222 965 3245 autem
998 3224 1061 3244 non
1099 3212 1137 3245 de
1172 3211 1241 3243 aliis
1277 3208 1377 3241 ferme

370 3278 466 3301 Quam
491 3266 528 3297 de
551 3272 693 3303 utroque
722 3260 778 3291 illo
794 3257 962 3299 hydrope,
987 3256 1228 3292 &Peritonaei,
1252 3255 1281 3284 δι
1305 3253 1377 3298 aliis

371 3302 451 3353 quos
475 3310 623 3341 SaccatOs
647 3305 794 3335 vocitant
814 3327 820 3340 ,
845 3310 970 3345 exarare
995 3323 1001 3329 .
1027 3300 1099 3332 Nec
1124 3295 1378 3345 tamenIO'bler-

371 3354 515 3385 vationes
541 3350 631 3387 illas,
656 3347 716 3379 huc
741 3355 870 3386 quoque
894 3350 1087 3379 attinentes,
1113 3353 1184 3382 quae
1209 3340 1288 3371 alibi
1313 3362 1324 3377 ,
1347 3340 1378 3369 &

373 3395 547 3439 praesertim
573 3403 646 3426 cum
670 3388 881 3423 deThoracis
905 3384 1051 3427 hydrope
1063 3385 1289 3423 scriberemus,
1314 3391 1380 3414 tra-

396 3526 1810 3554 Μ.

441 3630 455 3658 (
471 3638 484 3658 q
500 3629 513 3656 )
531 3627 584 3652 Vid.
600 3629 709 3652 Taccon.
729 3627 795 3655 supra
811 3624 840 3649 ad
855 3631 881 3657 n.
899 3626 936 3647 16.
953 3622 996 3646 tit.

433 3658 442 3687 <
461 3665 471 3681 r
488 3662 498 3684 )
518 3659 589 3686 Epist.
610 3657 678 3686 supra
695 3657 724 3681 ad
742 3665 764 3680 n.
784 3663 823 3685 ¹3·
840 3659 881 3678 cit.
898 3655 987 3685 Adnut.
1007 3659 1027 3674 2.

434 3690 449 3719 (
465 3688 478 3712 b
493 3689 506 3716 )
522 3688 610 3713 Monit.
628 3687 695 3712 Med.
712 3695 732 3711 c.
749 3690 783 3711 16.
845 3686 859 3713 ί
875 3692 885 3709 c
901 3684 915 3712 )
933 3683 987 3707 vid.
1006 3680 1065 3705 Obs.
1085 3681 1120 3705 il.
1139 3680 1164 3709 §.
1182 3683 1206 3703 6.
1225 3679 1248 3702 δι
1266 3686 1290 3706 9.

1058 3621 1064 3647 (
1084 3628 1095 3644 ν
1112 3621 1120 3651 )
1139 3620 1192 3643 ΑΒ.
1209 3620 1245 3642 N.
1264 3619 1291 3640 C.
1309 3619 1382 3641 Tom.
1400 3620 1422 3641 6.
1440 3616 1499 3641 Obs.
1517 3620 1558 3645 69.

1091 3649 1162 3678 (u)
1180 3651 1239 3673 Nat.
1257 3648 1407 3673 Hist.l.18.
1426 3655 1447 3671 c.
1463 3654 1501 3675 ις.

1415 2084 1491 2117 dirce
1517 2080 1688 2128 sunu-hic
1712 2082 1831 2116 iterum
1855 2080 2034 2123 expectabis
2058 2096 2067 2120 ;
2105 2082 2155 2116 sed
2179 2081 2254 2115 alias
2282 2080 2345 2115 sive
2379 2094 2419 2115 ex

1417 2126 1589 2164 Valsalva,
1614 2125 1674 2157 slve
1698 2136 1736 2157 ex
1757 2126 1872 2159 nobis.
1899 2124 1975 2168 Ejus
1999 2125 2071 2159 sunt
2095 2126 2197 2169 igitur
2220 2135 2291 2168 quae
2314 2126 2423 2159 conti-

1416 2182 1482 2204 nuo
1507 2171 1704 2210 sequuntur.
2009 2203 2015 2208 „

1461 2225 1490 2246 2.
1516 2213 1574 2245 VI
1590 2212 1621 2244 R
1645 2223 1802 2245 annorum
1828 2212 2010 2254 sexaginta,
2036 2210 2226 2250 herniosus,
2249 2211 2425 2246 difficulta-

1417 2268 1447 2290 te
1472 2255 1634 2297 spirandi,
1659 2253 1774 2296 sitique
1799 2257 1996 2296 corripitur.
2020 2257 2168 2294 Venter,
2193 2255 2348 2299 pedesque
2373 2256 2425 2288 in·-

1416 2299 1619 2333 tumescunt.
1643 2298 1705 2329 Siti
1728 2299 1858 2332 tandem
1873 2298 2019 2336 remilla,
2045 2301 2208 2333 moritur.>
2291 2337 2294 2338 ⁷
2342 2299 2427 2332 AB-

1418 2340 1684 2377 DOMINIS
1718 2341 1849 2384 adiposa
1876 2342 2061 2376 membrana
2085 2367 2095 2383 ,
2130 2346 2162 2377 &
2187 2342 2321 2377 musculi
2347 2353 2424 2375 cum

1420 2386 1598 2419 secarentur
1622 2406 1632 2420 ‚
1664 2383 1762 2433 setosa
1786 2388 1820 2418 in
1854 2385 2038 2419 interstitiis
2072 2388 2206 2421 materia
2240 2387 2389 2430 apparuit
2417 2398 2425 2418 :

1419 2440 1489 2476 quae
1516 2430 1549 2461 in
1574 2435 1695 2460 ventris
1718 2430 1818 2461 etiam
1839 2440 1920 2462 cavo
1941 2431 2106 2463 occurrit.
2130 2432 2218 2464 Cum
2241 2429 2337 2472 hujus
2361 2429 2427 2461 ima

1421 2471 1542 2505 {mistra
1566 2479 1655 2513 parte
1680 2470 1820 2505 sacculus
1844 2484 1881 2505 ex
1905 2473 2084 2513 peritonaeo
2108 2471 2210 2507 faetus
2232 2497 2244 2514 ‚
2277 2474 2428 2512 'commu-

1421 2516 1551 2548 nicabat
1566 2536 1575 2551 ,
1594 2512 1823 2548 intestinorum
1848 2516 2033 2557 portionem
2051 2519 2229 2550 continens
2245 2541 2253 2550 .
2384 2516 2425 2548 In

1423 2557 1576 2591 Thorace
1599 2557 1811 2598 pericardium
1836 2558 1904 2590 sero
1928 2557 2067 2592 scatebat
2091 2584 2099 2593 .
2136 2559 2268 2594 Fluidus
2291 2560 2325 2592 in
2350 2569 2429 2592 vcn-

1424 2602 1550 2647 trifulis
1573 2600 1679 2633 cordis
1706 2601 1833 2642 sanguis
1857 2601 1941 2633 fuit.
1980 2636 1991 2638 ,

1468 2657 1497 2687 3.
1522 2646 1732 2685 Quaecunque
1754 2643 1913 2687 hydropis
1934 2644 1967 2676 in
1992 2644 2056 2679 hoc
2080 2646 2151 2678 viro
2174 2645 2266 2680 causa
2290 2644 2392 2679 fuerit
2417 2656 2430 2683 3

1425 2699 1502 2722 narn
1519 2687 1580 2720 etsi
1605 2687 1802 2722 irruentibus
1824 2687 1857 2718 in
1881 2685 2026 2721 herniam
2061 2688 2223 2722 intestinis
2245 2712 2256 2729 ‚
2288 2689 2429 2731 aliquem

1426 2730 1590 2764 interdum
1614 2729 1775 2772 disrumpi
1808 2729 1840 2763 in
1874 2729 2027 2764 distrarfto
2061 2732 2253 2767 mesenterio
2285 2731 2431 2774 lymphae

1425 2775 1560 2809 dubium
1585 2772 1672 2815 posse
1695 2796 1704 2810 7
1740 2784 1805 2807 non
1829 2772 1870 2808 est
1893 2773 2074 2815 negandum
2097 2790 2106 2813 3
2143 2785 2249 2809 tamen
2275 2777 2307 2808 id
2330 2786 2431 2818 quarn

1425 2818 1578 2852 rariffime
1602 2816 1766 2855 accidere,
1791 2820 1846 2857 δε,
1866 2827 1939 2850 cum
1964 2819 2101 2857 accidit,
2127 2819 2220 2853 simus
2245 2830 2319 2854 cum
2343 2820 2432 2860 lyrn-

1423 2862 1487 2905 pha
1512 2861 1645 2907 chylum
1670 2859 1798 2906 effluere
1822 2883 1831 2898 ‚
1866 2871 1930 2893 non
1963 2864 2149 2903 ignoramus
2176 2878 2184 2900 ς
2218 2873 2433 2906 quaecumque

1424 2907 1528 2948 igitur
1551 2906 1644 2938 causa
1671 2905 1768 2937 suerit
1794 2917 1802 2940 3
1837 2903 1875 2936 ad
1900 2905 2029 2938 ascitem
2054 2907 2133 2939 duos
2159 2907 2237 2939 alios
2270 2907 2432 2949 hydropes

1425 2947 1573 2983 accessisse
1589 2972 1598 2986 ,
1625 2946 1733 2983 vides,
1757 2945 1935 2980 anasarcam
1950 2971 1959 2985 ,
1981 2952 2011 2981 &
2034 2949 2223 2991 pericardii.
2250 2950 2378 2983 Rarum
2401 2960 2433 2981 e-

1425 2995 1494 3026 nirn
1519 2992 1584 3028 est,
1611 3002 1647 3024 ut
1671 2991 1803 3032 simplex
1826 2989 1886 3024 fit:
1910 2992 1998 3032 quod
2024 2995 2055 3025 δε
2080 2993 2278 3035 insequentes
2304 2990 2368 3031 fere
2394 2988 2435 3025 0·-¹

1428 3046 1515 3068 mnes
1537 3034 1798 3076 comprobabunt
1822 3031 1980 3068 historiae.

1471 3092 1502 3120 4.
1524 3079 1664 3123 JULIA
1688 3078 1945 3124 Bonettihannos
1968 3087 2046 3118 nata*
2064 3081 2304 3124 quinquaginta
2336 3081 2435 3123 quin-

1428 3133 1491 3164 que
1513 3147 1521 3161 ,
1546 3122 1673 3163 gracilis
1691 3146 1698 3157 ,
1720 3124 1751 3153 &
1775 3127 1929 3161 utrmque
1954 3122 2080 3163 gibba,
2103 3126 2176 3157 cum
2201 3126 2319 3165 paucis
2340 3132 2433 3157 antea

1418 3165 1588 3203 >mensibus
1612 3165 1651 3197 de
1675 3165 1780 3196 minus
1802 3161 1891 3197 facili
1917 3165 2128 3206 respiratione
2151 3171 2242 3210 queri
2267 3165 2433 3210 coepissem

1429 3209 1568 3250 denique
1592 3209 1656 3240 111.
1683 3207 1757 3240 Kal·
1783 3207 1978 3241 Decembres
2002 3211 2044 3249 Ar
2074 3211 2164 3243 1688.
2188 3213 2221 3242 in
2250 3210 2434 3244 Bononien-

1431 3252 1460 3285 se
1484 3254 1511 3284 S.
1539 3251 1653 3284 Mariae
1676 3251 1714 3282 de
1740 3249 1852 3283 Morte
1878 3252 2120 3290 Nosocomium
2142 3259 2223 3291 aegra
2247 3254 2336 3287 illata
2359 3252 2401 3285 est
2423 3277 2432 3284 .

1430 3294 1603 3327 Laboriose
1629 3293 1826 3333 respirabat,
1852 3293 1950 3336 idque
1974 3298 2076 3338 magis
2101 3299 2133 3330 in
2160 3296 2317 3330 finist1·um
2353 3297 2434 3328 latus

1429 3340 1549 3371 cubans
1566 3360 1575 3375 ,
1598 3348 1693 3379 quam
1717 3337 1749 3369 in
1773 3336 1941 3370 dexterum
1965 3364 1971 3370 .
2006 3340 2106 3375 Quod
2130 3340 2153 3373 fi
2185 3343 2218 3373 in
2243 3341 2325 3372 lecto
2349 3338 2434 3371 sede-

1427 3393 1474 3414 ret
1499 3395 1508 3419 2
1533 3390 1603 3413 tum
1626 3390 1702 3413 vero
1728 3379 1870 3421 spirandi
1894 3381 2071 3417 difficultas
2094 3384 2171 3418 adeo
2196 3381 2436 3425 ingravescebat

2356 3434 2394 3458 ut

2343 3526 2428 3537 n—--—-=

1621 3616 1689 3646 (s)
1707 3617 1789 3640 Haller
1808 3616 1894 3645 Opusc.
1914 3616 2009 3640 Parnoi.
2030 3616 2089 3640 Obs.
2108 3624 2141 3645 ³3·
2159 3615 2212 3640 hist.
2230 3617 2252 3641 8.

1563 3648 1576 3676 (
1593 3655 1607 3670 a
1625 3648 1637 3675 )
1655 3648 1733 3671 Mem.
1749 3648 1777 3671 de
1795 3650 1815 3671 l'
1834 3647 1907 3671 Acad.
1925 3649 1955 3669 R.
1977 3648 2016 3671 des
2032 3649 2071 3671 Se.
2089 3649 2120 3670 A.
2139 3650 2207 3675 ¹699-
