2498 4075
396 185 551 251 Epist.
591 188 752 238 Anat.
789 188 1003 239 Medica
1039 183 1219 237 XLII.
1256 183 1419 249 Art-4
1453 223 1465 237 .
1502 186 1558 238 &
1593 201 1672 249 44.

62 267 251 310 Chirurgiae
277 279 338 311 ope
371 268 513 302 exclusos
546 268 780 309 proposuerunt
802 292 814 308 ‚
847 271 937 310 plura
960 269 1065 302 dicere

62 322 126 344 non
160 311 257 344 refert
281 334 293 351 ‚
327 310 456 354 quando
488 311 609 344 constat
633 334 642 348 ‚
689 312 729 344 iis
763 312 898 354 majores
931 314 1064 346 Senner-

64 362 135 387 tum
160 359 171 393 (
196 366 220 397 z
246 358 279 392 ).
304 358 335 387 &
359 355 517 395 Tulpiurn
542 358 552 392 (
576 364 594 385 a
617 358 632 393 >
654 354 767 388 vidisse
789 379 800 395 ,
835 362 945 396 nempe
968 355 1061 388 illum

54 394 125 438 fere
147 398 201 430 moi
222 397 387 440 gallinacei
409 396 642 439 magnitudine,
665 396 751 431 hunc
765 420 774 435 ‚
797 407 834 431 ut
847 401 924 432 Icon
939 399 1059 441 adjecta

61 439 216 475 ostendit,
238 441 434 477 craffiorem.
460 443 489 472 δε
514 438 744 481 ponderantem
772 451 835 475 tres
859 442 967 475 uncias
992 451 1061 474 cum

61 482 183 515 duabus
205 484 344 525 dragmis
369 509 377 517 .
409 484 516 521 Qem
539 484 716 517 maximum
740 487 824 518 inter
847 484 1062 528 omnes—fuis*

62 523 93 557 se
115 547 127 564 ‚
150 527 245 559 credo
270 549 279 563 ‚
312 526 351 560 de
374 528 491 569 quibus
516 527 649 559 memini
673 527 782 570 legisse
806 541 815 561 .-
846 530 930 561 inter
951 532 1062 561 omnes

62 568 137 601 dico
161 582 176 601 a
202 569 335 602 muliere
356 580 419 602 non
444 569 542 602 modo
565 579 728 609 excretos,
755 583 867 605 verum
890 569 988 604 etiam
1009 582 1063 612 ge-

62 613 160 644 statos
185 625 195 648 ς
227 624 302 646 cum
325 614 360 645 in
383 613 475 645 virili
499 611 597 646 vesica
622 613 659 646 ad
684 616 823 648 immane
846 615 971 655 pondus
993 626 1063 647 cre-

60 652 161 694 visse,
186 653 281 689 sciam
307 679 314 685 .
351 656 461 688 Mitto
482 657 570 688 enim
593 659 652 699 qui
673 656 825 698 pendebat
849 657 962 690 libram
985 662 1062 689 Arz-

57 695 233 738 glicanam‚
257 703 298 736 ῶν
321 697 408 730 binas
432 698 554 741 insuper
577 700 738 734 drachmas
752 725 761 739 ‚
786 702 838 734 cui
871 710 930 733 non
953 700 1061 733 memi-

59 748 150 773 nerat
174 742 385 775 Helmontius
401 740 438 782 se
457 751 565 783 parem
589 754 725 786 unquam
759 742 865 787 vidiffi'
890 757 899 780 3
933 742 1062 787 quando

59 783 92 814 in
116 783 224 817 eadem
249 783 449 826 Sepulchreti
473 786 618 820 Seftione
644 786 710 829 (la)
734 789 767 820 in
792 799 853 828 qua
877 787 943 819 haec
968 787 1062 819 verba

60 824 241 864 referuntur
256 848 265 862 ‚
287 828 403 860 calculi
427 828 567 862 XXXII.
590 834 604 870 (
627 841 643 863 c
663 833 700 869 )‚
724 830 925 863 &XXXIV.
951 831 1061 864 uncia-

60 880 132 902 rum
153 874 166 910 (
190 872 209 903 d
230 874 243 910 )
268 870 427 913 propositi
451 871 523 905 sunt
539 896 549 912 ,
573 876 605 905 ἃ
627 873 682 905 Cl.
709 874 908 915 Targionius
933 876 994 912 (e)
1018 882 1067 905 te-

62 912 162 946 statur
183 935 193 950 ,
216 912 275 947 effe
299 914 468 947 Florentiae
492 917 550 958 qui
574 917 684 949 uncias
707 927 809 959 aequet
834 918 989 949 XXXIX.
1017 915 1060 948 ob

59 955 94 989 id
117 968 245 999 quoque
269 956 478 1000 spectabilior
503 983 516 999 ‚
547 959 635 1001 quod
659 960 692 992 in
716 959 753 992 e'o
785 959 995 1001 deprehensus
1019 958 1061 991 est

57 1000 114 1040 qui
139 999 208 1041 post
232 1000 419 1043 prosperam
443 1004 474 1034 &
498 1012 644 1044 vegetam
668 1002 858 1036 sene&utem
871 1003 986 1035 morbo
1009 1014 1064 1035 ex·

55 1043 174 1077 tinctus
209 1042 314 1078 fuerat
348 1047 383 1078 in
407 1057 474 1088 quo
507 1046 590 1079 leves
615 1047 723 1087 potius
746 1044 881 1079 lithiafis
906 1045 1063 1088 suspicio-

56 1096 131 1126 nes,
155 1098 250 1129 quam
274 1087 422 1131 legitima
443 1088 563 1122 indicia
578 1112 589 1128 ,
613 1090 807 1122 extiterunt.
835 1089 957 1121 Eodem
982 1099 1062 1129 pon-

55 1127 127 1162 dere
151 1132 287 1165 alterum
310 1131 407 1165 video
430 1143 468 1165 ex
491 1132 658 1165 Verducio
684 1129 767 1174 (f)
789 1134 1037 1165 commemorari
1052 1156 1060 1169 ,

56 1183 96 1204 ex
119 1174 278 1216 Launayo
303 1180 313 1215 (
334 1186 357 1217 g
377 1179 393 1215 )
415 1176 552 1208 alterum
578 1176 745 1209 unciarum
759 1176 815 1208 LI.
842 1174 999 1217 denique,
1024 1185 1060 1208 ut

56 1217 200 1250 maxime
225 1219 352 1252 mireris
377 1242 385 1256 ‚
419 1230 515 1260 quem
540 1218 772 1261 Kesselringius
797 1223 807 1258 (
831 1218 851 1251 h
874 1222 888 1258 )
911 1219 1061 1260 spectasse

56 1259 110 1296 se,
135 1261 203 1297 ait,
230 1262 315 1304 apud
337 1262 392 1294 Cl.
418 1262 639 1298 Morandum,
660 1266 692 1293 6.
716 1260 815 1295 libras
837 1274 910 1295 cum
934 1272 964 1304 3.
989 1273 1058 1295 unc,

54 1312 224 1344 aeqttantem
249 1316 258 1338 ;
282 1305 371 1348 quod
395 1305 500 1347 'ipsum
524 1304 649 1348 pondus
670 1316 683 1345 5·
705 1316 742 1338 ne
767 1304 853 1339 forte
876 1317 926 1338 me
950 1307 984 1338 in
1006 1306 1061 1338 de-

56 1345 226 1393 scribendo
252 1347 365 1383 errasse
389 1347 582 1391 suspiceris,·
605 1351 639 1382 in
662 1349 842 1382 recensione
857 1360 987 1391 quoque
1009 1350 1060 1381 in-

55 1390 163 1423 venies
196 1389 290 1427 illius.
314 1390 558 1426 Differtationis
581 1392 667 1426 edita
692 1393 725 1426 in
750 1394 961 1425 Commercio
986 1393 1060 1425 Lit-

54 1434 180 1466 terario
200 1436 215 1473 (
239 1436 251 1467 i
272 1440 286 1476 )
311 1460 318 1467 .
347 1434 443 1469 Unde
469 1435 537 1468 fieri
563 1445 668 1470 autem
693 1445 784 1478 putas
799 1461 807 1474 ,
831 1444 867 1468 ut
890 1444 1059 1469 tantorum

55 1475 203 1518 lapidum
229 1479 359 1512 nullutn
395 1479 429 1511 in
463 1478 616 1513 foeminea
653 1478 754 1512 vesica
788 1487 951 1521 repertum
975 1476 1059 1519 esse,

54 1520 222 1562 legamus?
246 1522 398 1564 Nempe,
422 1531 476 1555 aut
500 1533 563 1565 ego
589 1522 711 1562 fallor,
734 1522 850 1554 refflus
874 1547 884 1562 ‚
917 1522 1061 1555 brevius-

54 1574 116 1604 que
130 1588 139 1602 ‚
161 1572 199 1597 ut
221 1563 312 1603 dixi,
336 1565 510 1608 praesertim
536 1577 614 1599 vero
634 1566 729 1600 latius
753 1566 853 1597 urinae
877 1566 938 1597 iter
959 1566 994 1597 in
1019 1566 1063 1602 se,-

54 1617 98 1640 xu
123 1607 268 1650 sequiore
291 1605 387 1642 facile
408 1609 551 1650 excipit,
586 1610 775 1650 emittitque
800 1616 922 1650 partem
958 1609 1063 1642 multo

54 1652 232 1687 maximam
255 1652 385 1685 viscidae
409 1651 497 1684 illius
524 1675 533 1690 ,
564 1654 596 1685 &
619 1660 764 1685 tartareae
790 1654 932 1685 materiae
955 1675 967 1691 ‚
989 1664 1062 1694 quae

52 1694 98 1726 ob
120 1696 301 1728 contrarias
323 1693 430 1728 causas
453 1695 486 1726 in
511 1697 651 1728 marium
674 1692 773 1728 vesica
800 1693 963 1728 subfistens
978 1718 985 1731 ,
1011 1696 1060 1729 us-

51 1748 115 1778 que
139 1760 149 1774 ‚
183 1740 214 1770 &
237 1737 336 1779 usque
361 1759 370 1775 ‚
404 1739 439 1770 in
463 1737 664 1780 quorundam
688 1737 886 1780 potiffimum
911 1741 1059 1780 corpori-

50 1779 135 1816 bus,
159 1780 310 1814 accrescit
334 1781 459 1815 calculo
487 1802 496 1817 ,
530 1780 660 1824 ejusque
683 1781 762 1814 adeo
785 1790 878 1823 auget
904 1782 1020 1815 molem
1046 1805 1053 1813 .

51 1822 131 1861 Quo
154 1827 255 1857 rarior
277 1824 397 1857 censeri
421 1824 514 1857 debet
538 1824 645 1861 casus,
669 1836 685 1857 a
711 1825 764 1856 Cl.
791 1823 946 1866 Adolpho
969 1829 979 1864 (
1003 1824 1021 1865 l<
1044 1827 1055 1862 )

49 1866 179 1904 editus,
204 1867 319 1900 calculi
339 1866 461 1909 oblongi
484 1868 516 1900 in
540 1868 669 1901 Vetulae
693 1866 819 1900 urethra
843 1869 931 1905 nati,
952 1866 1056 1911 firmi.

52 1917 162 1951 terque
184 1909 239 1952 ipfi
262 1910 378 1943 accreti
403 1934 411 1941 .
445 1910 524 1948 Quo
548 1911 636 1944 enim
660 1910 761 1956 modo
782 1912 948 1951 particula
973 1911 1054 1944 unde

49 1953 77 1985 is
99 1951 267 1986 constabat
292 1953 432 1987 calculus
456 1975 466 1990 ,
501 1955 643 1988 restitare
667 1954 701 1987 in
733 1953 893 1994 ejusmodi
917 1954 1017 1987 canali
1044 1979 1054 1993 ,

49 2007 154 2037 neque
177 1996 283 2038 abripi
308 1997 383 2029 lotii
406 1996 538 2030 incursu
562 2005 735 2039 potuerunt
762 1999 771 2026 ?
807 1998 962 2031 Attamen
998 2008 1052 2030 aut

50 2040 100 2072 vis
124 2038 187 2072 hoc
210 2039 400 2081 impellens,
423 2048 460 2072 ut
484 2041 517 2072 in
544 2041 676 2074 muliere
712 2040 765 2073 sex
787 2042 818 2072 ὃ(
851 2041 1056 2084 septuaginta

51 2093 150 2115 annos
174 2093 266 2118 nata,
291 2082 499 2125 languidior,
527 2093 580 2117 aut
593 2084 731 2117 urethrae
746 2084 931 2118 membrana
957 2086 1056 2118 alicu-

49 2126 86 2158 bi
109 2125 251 2159 ulcerosa
274 2147 288 2165 ,
319 2136 421 2168 eoque
444 2127 528 2160 inter
552 2128 741 2166 cuniculos,
765 2130 796 2159 &
820 2128 1055 2170 inaequalitates

51 2167 121 2202 suas
146 2169 285 2203 retinens
309 2179 358 2202 eas
370 2169 562 2209 particulas,
587 2179 640 2204 aut
656 2170 793 2210 denique
804 2171 965 2208 calculus,
990 2173 1057 2212 pri..

51 2219 144 2246 mum
169 2214 202 2245 in
225 2210 326 2245 vefica
351 2222 441 2244 natus
464 2235 477 2251 ‚
508 2215 538 2245 &
559 2213 723 2246 urethram
755 2212 807 2246 sua
840 2214 946 2256 aliqua
970 2224 1059 2254 parte

50 2254 228 2298 ingressus,
250 2255 362 2298 ibique
387 2254 577 2294 subsistens,
601 2257 694 2296 aliis,
717 2264 812 2298 atque
836 2257 907 2289 aliis
940 2256 1058 2291 additis

52 2310 93 2331 ex
116 2300 202 2331 lente
227 2298 326 2335 illac,
349 2299 380 2330 ὅ(
401 2297 488 2339 quasi
515 2311 568 2341 per
581 2298 803 2336 stillicidium.
827 2310 862 2333 ut
887 2310 963 2334 tunc
987 2299 1054 2333 fere

52 2341 136 2375 solet
160 2365 172 2382 ,
205 2340 505 2383 praeterlabentibus
529 2341 670 2384 ejusdem
695 2346 819 2384 generis
844 2344 1020 2385 ‚particulis
1045 2368 1053 2382 ‚

52 2384 148 2423 haec,
172 2385 328 2427 inquam,
354 2393 408 2418 aut
433 2385 560 2427 aliqua,
586 2396 640 2419 aut
665 2384 808 2419 universa
833 2387 865 2419 id
880 2387 968 2427 quod
992 2390 1055 2421 mi-

52 2440 188 2467 ramur,
209 2428 246 2461 &
266 2428 480 2461 nihilominus
503 2439 611 2462 rarum
636 2429 678 2462 est
704 2455 712 2468 ‚
749 2429 823 2462 satis
849 2429 972 2464 efficere
997 2443 1052 2473 po-

51 2481 184 2505 tuerunt
210 2497 218 2504 .
250 2473 373 2504 Pavent
397 2470 472 2505 huic
498 2473 707 2512 explicationi
730 2494 740 2509 ,
774 2483 887 2515 praeter
911 2475 1055 2508 mulieris

51 2525 181 2548 aetatem
206 2537 215 2552 ,
243 2512 409 2555 praegressa
432 2514 495 2555 jam
522 2515 653 2550 subinde
673 2525 729 2557 per
746 2516 855 2556 plures
877 2527 974 2549 annos
1005 2517 1056 2551 ol)-

43 2558 175 2598 ft'ruaei't'io
197 2559 292 2591 urina
318 2580 327 2596 ‚
362 2557 541 2599 praesertim
568 2571 642 2593 vero
666 2559 805 2593 calculus
826 2560 891 2602 ipse
923 2561 956 2593 in
978 2561 1051 2603 vesi-

49 2612 119 2635 cam
143 2600 235 2644 usque
257 2608 460 2634 recurvatus.
488 2603 573 2636 Vide
598 2603 682 2636 enim
708 2614 809 2636 meam
835 2604 974 2644 primam
996 2603 1053 2648 (l)

51 2645 168 2678 calculi
192 2646 250 2686 qui
273 2645 344 2678 acui
368 2645 457 2677 intra
479 2646 659 2686 virgineam
683 2646 818 2680 vesicam
842 2648 1018 2681 increverat
1041 2671 1054 2687 ‚

50 2688 346 2721 Observationem.
374 2689 406 2720 Is
428 2699 501 2721 cnm
528 2689 576 2723 sui
601 2699 722 2731 partem
746 2700 946 2724 recurvatam
958 2691 1054 2724 habe-

52 2741 103 2764 ret
127 2731 211 2764 intra
235 2732 412 2765 urinarium
435 2741 598 2770 meatum,
624 2743 711 2767 certe
734 2744 797 2766 non
822 2734 861 2767 ab
885 2735 939 2767 illa
963 2744 1053 2776 parte

50 2778 215 2816 inceperat
240 2796 254 2814 ,
286 2774 336 2808 sed
359 2774 398 2807 ab
422 2785 478 2808 acu
503 2787 574 2817 quae
597 2776 671 2809 inde
695 2777 800 2810 aberat
826 2790 836 2815 5
869 2777 923 2810 illa
947 2787 1051 2811 autern

52 2818 120 2861 ipsa
146 2828 219 2859 pars
237 2840 250 2854 ,,
275 2826 426 2866 tanquam
449 2819 563 2852 calculi
588 2819 746 2862 appendix
770 2843 778 2858 ‚
803 2823 833 2853 &
857 2821 1055 2854 additamen-

53 2872 145 2901 tum,
172 2862 258 2893 intra
283 2868 474 2903 contiguum
499 2870 639 2896 meatum
653 2864 811 2904 paulatim
830 2874 990 2902 creveram
1016 2873 1052 2897 ut

52 2903 221 2939 manifeste
234 2914 293 2943 pro
304 2902 377 2940 fine,
389 2914 451 2937 non
465 2917 522 2948 pro
535 2905 632 2938 initio
643 2906 756 2940 calculi
772 2905 842 2939 esset
857 2908 1056 2949 accipienda.

94 2960 147 2991 43.
173 2946 347 2984 Restaret,
372 2955 407 2979 ut
431 2948 468 2982 de
494 2950 636 2982 Diabete
659 2971 669 2986 ‚
703 2949 742 2982 de
766 2950 880 2983 Urinae
905 2952 1053 2984 Inconti-

51 2995 161 3027 nentia
188 3017 197 3032 ‚
223 2994 257 3025 δι
280 3000 334 3031 per
357 2989 465 3024 locum
488 2992 688 3026 indecentem
712 2994 906 3027 Excretione
928 3017 937 3031 ,
961 2997 991 3027 δι
1013 2995 1053 3027 de

51 3037 173 3070 Urinis
197 3046 262 3068 non
288 3032 487 3067 naturalibus
510 3035 678 3069 scriberem
703 3059 715 3075 ‚
747 3037 785 3069 de
808 3038 924 3079 quibus
946 3037 1053 3080 singu-

54 3081 94 3113 lis
117 3077 318 3122 argumentis
350 3074 481 3117 singule
514 3080 547 3110 in
572 3078 781 3122 Sepulchreto
816 3080 975 3114 adduntur
999 3081 1053 3114 Se-

55 3124 178 3156 &iones
203 3146 210 3154 .
247 3121 483 3154 Verumtamen
506 3122 582 3155 duas
605 3123 649 3156 ob
671 3122 775 3156 causas
808 3135 870 3156 non
905 3123 1021 3157 faciam
1043 3150 1051 3155 .

51 3166 164 3201 Prima
187 3165 252 3206 est,
276 3162 367 3206 quod
390 3175 444 3197 nec
458 3165 623 3202 Valsalva‚
648 3177 704 3199 nec
729 3177 789 3208 ego
812 3179 992 3208 quenquam
1017 3179 1055 3201 ex

54 3210 181 3244 diabete
204 3217 369 3242 mortuum
382 3207 602 3247 dissecuimus,
626 3210 713 3251 quod
738 3221 789 3251 per
814 3220 844 3242 te
868 3210 960 3244 facile
982 3220 1058 3243 con-

56 3252 165 3295 jeceris
187 3264 226 3285 ex
249 3253 288 3284 iis
311 3262 382 3293 quae
407 3249 446 3284 de
469 3262 508 3284 eo
532 3253 647 3285 morbo
671 3254 764 3294 attigi
789 3253 936 3295 Epistola,
967 3254 1058 3296 supe-

56 3299 141 3330 riore
163 3298 177 3334 (
198 3306 228 3328 m
250 3297 283 3334 ).
307 3295 447 3334 Altera,
471 3295 559 3336 quod
581 3295 638 3328 illa
662 3298 770 3329 omnia
792 3308 864 3336 quae
901 3300 932 3329 in
958 3297 1053 3330 dena-

56 3341 98 3374 tis
122 3338 193 3382 post
217 3347 345 3371 caeteras
370 3338 440 3371 istas
464 3349 536 3385 quaej
560 3339 658 3372 modo
678 3340 772 3372 dietae
797 3339 885 3380 sunt,
911 3339 1053 3373 affeetio-

59 3395 113 3416 nes
137 3406 149 3422 ,
186 3380 457 3423 deprehendimus
480 3405 490 3420 ‚
516 3393 581 3424 jam
605 3394 679 3416 curn
705 3383 775 3415 aliis
798 3394 814 3415 a
837 3385 957 3424 quibus
980 3383 1054 3425 ipsae

58 3425 238 3468 pendebant
262 3424 383 3457 morbis
398 3451 406 3463 ‚
431 3425 518 3466 quod
543 3427 576 3458 in
598 3424 648 3459 his
672 3435 800 3468 quoque
826 3428 959 3460 Litteris
985 3428 1053 3460 ani-

59 3470 257 3502 madvertere
281 3468 410 3509 potuisti
434 3491 445 3507 ,
482 3468 711 3510 proposuimus
734 3494 741 3501 .
777 3469 856 3502 Non
880 3471 921 3503 est
947 3480 1052 3503 aurem

58 3511 299 3545 consuetudinis
323 3510 435 3545 nostrae
459 3510 636 3553 quidquam
660 3513 777 3545 iterare
802 3537 808 3544 .
843 3513 943 3552 Quod
976 3512 998 3546 si
1022 3514 1056 3546 in

138 3554 310 3596 (Morgagni
320 3555 354 3586 de
366 3556 431 3588 sed.
444 3554 582 3595 &Caufi
596 3556 697 3588 Morb.
714 3556 812 3588 Tom.
826 3557 870 3588 II.

1941 202 2036 246 177

1117 264 1325 309 Sepulchreto
1350 277 1414 299 non
1439 265 1513 300 esset
1536 264 1679 303 faRum3
1704 265 1741 300 ad
1766 265 1913 308 pauciora
1945 263 2104 297 rediissent

1114 311 1179 344 istae
1202 321 1277 351 quas
1300 308 1440 343 diximus
1464 332 1475 348 ‚
1509 311 1671 343 §cetiones
1695 331 1703 345 ,
1735 319 1870 351 quarum
1895 306 2106 340 nihilominus

1113 354 1183 386 duae
1206 355 1318 395 primae
1344 353 1422 386 adeo
1445 351 1554 386 breves
1580 352 1673 390 sunt,
1696 362 1733 386 ut
1755 352 1847 386 simul
1872 361 1947 386 cum
1973 350 2108 382 Scholiis

1111 399 1167 429 vix
1190 396 1291 430 ambae
1315 397 1469 437 impleant
1494 396 1546 430 sex
1570 396 1720 437 paginas.
1747 395 1955 429 Praeterea.in
1979 393 2109 434 singulis

1113 440 1176 474 fere
1200 449 1269 481 quae
1295 439 1333 472 ad
1358 439 1464 472 urinas
1488 462 1500 479 ,
1530 449 1585 473 aut
1610 438 1649 473 ad
1674 437 1785 472 Partes
1820 437 1869 472 his
1901 437 2109 470 inservientes

1112 485 1275 519 attinent,
1299 482 1499 516 Semonibus
1524 493 1589 516 non
1613 480 1711 516 modo
1736 492 1805 523 quae
1828 482 1861 514 in
1886 480 1975 516 aliis,
2004 478 2060 527 sed,
2079 481 2109 510 &

1112 537 1182 568 quae
1206 528 1239 557 in
1265 537 1326 558 una
1350 525 1494 558 Seffione
1517 527 1622 568 posita
1646 527 1773 566 fuerant
1796 549 1805 565 ‚
1842 525 1874 557 in
1911 523 2019 557 eadem
2051 531 2111 553 ite-

1113 580 1245 604 rantur.
1271 570 1313 602 Et
1337 568 1454 602 novisti
1475 567 1540 610 jam
1565 580 1602 601 ex
1624 569 1724 602 initio
1747 567 1944 610 superiorum
1969 567 2110 598 Littera-

1114 623 1183 645 rum
1208 613 1261 655 (n
1284 615 1297 650 )
1319 636 1327 650 ‚
1363 620 1445 653 quot
1471 614 1617 645 Sefflone
1641 612 1769 644 XXIV.
1793 610 1914 644 fuerint
1940 610 2074 650 repetita
2099 632 2106 638 .

1114 657 1161 688 lia
1185 665 1290 688 autem
1312 665 1383 697 quae
1407 655 1496 688 illam
1521 654 1674 696 praecedit
1700 675 1709 690 ,
1734 653 1882 687 stitione
1908 653 2033 685 xxiii.
2062 652 2110 682 via

1115 698 1172 737 dc,
1197 695 1327 741 quaeso,
1351 708 1391 731 an
1415 698 1524 731 eadem
1548 710 1619 740 quae
1644 695 1884 731 Observatione
1908 696 2006 729 VIII.
2030 700 2047 729 §
2082 704 2110 726 1.

1112 743 1265 784 leguntur
1289 764 1300 780 ,
1324 741 1471 783 legantur
1495 743 1615 783 partim
1637 739 1875 774 Observatione
1901 740 1961 772 IX.
1989 740 2110 779 partim

1111 786 1151 818 iis
1175 796 1245 827 quae
1269 783 1345 818 huic
1371 783 1512 826 subjeeta
1537 785 1609 818 sunt
1635 810 1645 825 ,
1670 783 1809 817 Scholiis
1833 795 1842 814 :
1866 783 2010 816 Seffione
2034 791 2111 813 vero

1111 830 1143 861 in
1166 827 1257 868 cujus
1281 837 1470 870 argumento
1494 828 1648 862 haetenus
1673 826 1810 860 versatus
1834 826 1927 862 sum,
1949 825 2111 858 XXV.an

1112 873 1197 905 idem
1221 871 1309 913 quod
1334 870 1472 907 positum
1496 871 1600 904 fuerat
1624 877 1651 906 §.
1677 881 1703 902 2.
1740 873 1770 902 &
1794 870 1881 912 quod
1905 875 1935 904 §2
1965 879 2011 901 10.
2035 868 2112 900 Ob-

1113 915 1300 948 servationis
1324 915 1417 947 VIII.
1444 924 1605 955 ponantur
1629 916 1746 947 iterum
1770 917 1796 947 §.
1824 923 1870 952 19.
1897 915 1927 945 &
1950 917 1979 946 s.
2003 920 2052 952 ι7-
2078 915 2115 943 e-'

1114 957 1235 1000 jusdem
1257 957 1503 990 Observationis
1527 983 1533 989 .
1570 957 1628 991 Sed
1651 961 1683 990 &
1705 957 1739 990 in
1764 966 1825 989 una
1849 967 1886 989 ex
1911 952 2112 987 Seciionibus

1113 1000 1179 1035 istis
1202 1001 1391 1034 breviffimis
1416 1024 1424 1037 ‚
1447 1001 1479 1033 id
1504 1001 1546 1033 est
1571 1001 1713 1034 XXVII.
1741 1010 1819 1032 num
1842 999 1873 1032 id
1899 996 1987 1041 quod
2012 997 2113 1030 tradi-

1113 1056 1165 1079 tur
1189 1050 1218 1080 §.
1245 1055 1274 1086 3.
1301 1044 1551 1077 Observationis
1577 1044 1603 1076 Ι.
1637 1042 1721 1076 idem
1744 1043 1781 1076 fit
1804 1041 1892 1083 quod.
1926 1046 1954 1075 §.
1978 1046 2010 1081 9'.
2037 1040 2113 1072 Ob-

1113 1085 1358 1122 servationisII.
1383 1090 1412 1119 δε
1438 1088 1471 1119 in
1496 1086 1554 1120 hac
1577 1087 1642 1128 ipsa
1658 1088 1700 1118 II.
1728 1097 1805 1119 num
1829 1083 1917 1127 quod
1942 1085 2011 1126 §.4
2028 1084 2113 1132 idem

1114 1132 1152 1165 lit
1176 1131 1263 1174 quod
1288 1129 1463 1171 §.ejusdem
1492 1139 1538 1162 ιι.
1564 1129 1584 1162 fi
1610 1129 1696 1162 forte
1719 1129 1867 1165 dubitas;
1893 1126 2040 1160 historias
2062 1137 2116 1158 m-

1113 1175 1197 1215 spice
1222 1172 1321 1207 fufius
1344 1174 1456 1206 relatas
1481 1174 1627 1206 Seffione
1650 1172 1776 1204 XXIV.
1802 1170 1883 1203 Obs.
1910 1172 1948 1202 X.
1975 1175 2002 1205 ς,
2029 1171 2058 1201 8.
2083 1172 2114 1201 δε

1114 1218 1197 1252 Obs.
1223 1219 1268 1249 11.
1293 1225 1321 1254 §-
1348 1227 1380 1259 4.
1405 1217 1523 1259 quibus
1548 1215 1715 1258 perleffls,
1740 1225 1870 1248 omnem
1894 1214 1958 1258 tibi
1980 1211 2115 1245 dubita—

1112 1264 1237 1295 tionem
1262 1263 1404 1293 eximes.
1431 1260 1601 1300 Denique3
1627 1270 1664 1291 ne
1688 1258 1832 1299 pluribus
1855 1267 1885 1290 te
1911 1267 2014 1289 morer
2040 1254 2110 1305 5..ss

1112 1306 1295 1338 sectionem
1318 1303 1419 1337 verses
1443 1301 1614 1340 XXVIII3
1639 1312 1703 1336 non
1730 1300 1794 1334 fine
1826 1311 1939 1342 magna
1974 1300 2114 1346 admira-

1113 1352 1203 1382 tione
1227 1349 1275 1381 bis
1298 1348 1443 1380 invenies
1466 1358 1527 1380 una
1551 1346 1727 1387 eademque
1751 1345 1865 1386 pagina
1901 1346 1999 1384 repeti
2027 1340 2111 1374 infe-

1112 1394 1178 1425 rius
1200 1403 1271 1434 quae
1296 1392 1392 1432 paulo
1418 1391 1509 1432 supra
1534 1388 1636 1430 posita
1672 1388 1770 1427 sunt,
1794 1389 1936 1430 primum
1962 1385 2116 1420 videlicet.

1110 1436 1284 1468 maximam
1308 1434 1514 1468 Scholiorum
1539 1441 1659 1476 partem
1684 1432 1722 1465 ad
1747 1431 1884 1465 Observ-
1911 1429 2119 1466 VI.&VII;

1113 1478 1228 1511 deinde
1253 1489 1328 1511 vero
1353 1477 1592 1510 Observatione
1615 1475 1698 1509 XII.
1719 1474 1887 1508 historiam
1911 1471 2026 1512 Illustr.
2051 1475 2120 1504 Du-

1115 1522 1192 1566 tiſjsse
1214 1527 1242 1557 ς.
1271 1534 1300 1554 z.
1325 1524 1355 1554 &
1378 1527 1405 1556 5.
1431 1534 1461 1562 4.
1913 1561 1918 1567 Δ
2045 1559 2071 1566 .„

1156 1577 1210 1607 44.
1237 1566 1290 1598 Ne
1314 1575 1420 1598 tamen
1445 1563 1604 1605 asymboli
1636 1563 1676 1595 ab
1708 1561 1758 1595 his
1781 1560 1983 1594 sectionibus
2019 1559 2119 1609 disce-

1114 1608 1188 1642 dere
1213 1609 1382 1642 videamur
1404 1619 1417 1648 ,⁴
1450 1610 1487 1641 ad
1512 1607 1601 1640 istam
1626 1606 1776 1639 ultimam
1803 1627 1812 1642 ‚
1838 1616 1910 1644 quae
1935 1604 1972 1636 de
1997 1604 2120 1636 Urims

1114 1651 1158 1686 est
1180 1662 1243 1684 non
1269 1651 1489 1687 naturalibus,
1512 1662 1611 1692 pauca
1635 1649 1861 1682 adnotabimus
1886 1670 1895 1684 ‚
1933 1658 1989 1679 nec
2015 1648 2121 1696 multo

1113 1695 1204 1736 plura
1227 1695 1265 1728 ad
1290 1696 1500 1736 penultimam
1524 1716 1536 1734 ,
1553 1704 1668 1735 ‘quam
1690 1692 1748 1725 else
1771 1691 1916 1725 diximus
1939 1692 1978 1724 de
2003 1690 2122 1738 [irruat

1110 1740 1307 1772 Excretione
1332 1750 1385 1781 per
1409 1737 1753 1772 locuniindecentem.
1781 1736 1954 1776 Utraque,
1978 1734 2031 1766 ets-1
2042 1745 2121 1767 con-

1110 1781 1254 1823 J'unftam
1281 1791 1345 1815 non
1372 1781 1533 1814 habebunt
1558 1780 1720 1814 cadaveris
1753 1777 1985 1821 inspeetionem
2012 1790 2019 1813 ε
2055 1788 2119 1809 non

1109 1835 1217 1858 tamen
1241 1827 1330 1857 omni
1355 1825 1510 1858 carebunt
1544 1824 1685 1858 utilitate
1709 1848 1716 1854 .
1852 1821 2032 1854 incidimus
2063 1821 2124 1854 ali-

1109 1869 1236 1911 quando
1261 1871 1293 1901 in
1320 1869 1424 1902 urinas
1447 1880 1518 1910 quse
1541 1867 1694 1909 chylum,
1721 1868 1752 1898 δε
1777 1865 1948 1907 aliquando
1983 1866 2017 1897 in
2042 1865 2122 1898 alias

1108 1923 1179 1951 Quae
1205 1911 1389 1954 sanguinem
1413 1911 1581 1944 admistum
1604 1910 1720 1944 habere
1744 1909 1955 1953 viderentur3
1980 1917 2017 1942 ut
2042 1908 2120 1940 Nie-

1106 1955 1253 1987 dicorum
1278 1956 1333 1987 alii
1356 1965 1424 1987 rem
1449 1956 1495 1987 ita-
1518 1955 1668 1995 prorsus,
1693 1962 1727 1986 ut
1741 1953 1936 1996 apparebat,
1961 1954 2017 1985 alii
2044 1962 2121 1987 vero

1109 2000 1205 2040 longe
1229 1999 1322 2032 aliter
1348 1997 1566 2040 accipiendam
1589 1997 1669 2034 esse,
1695 1995 1949 2031 contenderent.
1975 1998 2124 2029 Contro„

1109 2041 1206 2075 versia
1232 2041 1287 2074 illa
1311 2045 1415 2083 prima
1438 2042 1458 2074 fi
1485 2053 1627 2085 unquam
1652 2040 1755 2079 alibi,
1780 2050 1858 2073 tunc
1893 2039 2039 2081 prosetsto
2064 2040 2125 2072 hiet

1111 2087 1250 2118 maxime
1275 2096 1346 2119 ante
1369 2085 1427 2119 hos
1449 2086 1662 2128 quadraginta
1687 2095 1783 2117 annos
1807 2085 1929 2125 agitata
1953 2083 2020 2122 est,
2043 2094 2125 2115 cum«

1111 2128 1245 2162 ultimus
1268 2140 1305 2161 ex
1329 2128 1491 2162 Generosa
1516 2129 1752 2163 Discalciorum
1777 2128 1885 2160 Gente
1908 2128 1941 2159 in
1964 2127 2065 2168 longo
2078 2127 2124 2158 il·-

1110 2172 1165 2209 lo,
1190 2183 1257 2214 quo
1280 2171 1445 2206 confectus
1469 2173 1605 2216 denique
1618 2173 1681 2211 est,
1703 2171 1819 2205 morbo
1842 2171 1961 2204 lotium
1973 2171 2029 2204 diu
2047 2170 2118 2203 red-

1110 2215 1186 2247 dere
1211 2216 1374 2256 perrexst,
1399 2215 1488 2257 cujus
1512 2228 1581 2258 pars
1606 2226 1720 2257 magna
1743 2215 1819 2247 laffl
1844 2216 1979 2247 omnino
2004 2214 2120 2247 similis

1110 2257 1311 2292 subsidebat.
1335 2258 1415 2301 Ejus
1441 2259 1645 2293 Medicorum
1670 2260 1771 2296 alter,
1797 2258 1859 2289 Vir
1881 2257 2081 2304 Clarissimus
2105 2279 2115 2294 ‚

1106 2304 1137 2334 δι
1162 2311 1285 2335 mecum
1310 2302 1485 2343 profitendi
1511 2304 1717 2342 munere,·&
1742 2300 1887 2334 amicitia
1911 2302 2115 2342 eomundus,

1105 2356 1181 2377 cum
1206 2344 1417 2379 sedimentum
1442 2345 1522 2379 illud
1549 2346 1648 2379 odore
1671 2347 1762 2377 omni
1779 2367 1787 2381 ‚
1813 2347 1843 2377 &
1868 2345 2114 2379 visciditateca-

1105 2397 1213 2428 reret,
1235 2389 1370 2430 chylum
1393 2387 1473 2427 esse,
1498 2388 1688 2423 asseverabat
1703 2412 1711 2420 .
1737 2388 1891 2429 Negabat
1918 2388 1997 2422 alter
2022 2411 2030 2425 ,
2053 2390 2112 2431 qui

1106 2443 1165 2472 pus
1187 2431 1245 2465 esse
1261 2457 1269 2468 ,
1292 2432 1526 2466 contendebat.
1555 2434 1601 2466 Ut
1625 2433 1812 2467 diuturnam
1837 2443 1905 2464 earn
1927 2433 2020 2465 litem
2042 2455 2054 2472 ,
2089 2431 2111 2466 fi

1108 2474 1178 2507 fieri
1203 2474 1325 2516 posset,
1351 2486 1586 2517 componerent
1613 2499 1620 2513 ‚
1659 2486 1773 2508 omnes
1797 2477 1854 2518 qui
1876 2485 1955 2510 tunc
1983 2477 2111 2510 Patavii

1108 2519 1142 2550 in
1169 2518 1325 2551 medendo
1349 2530 1465 2552 nomen
1490 2520 1628 2562 aliquod.
1646 2518 1801 2552 haberent
1826 2541 1834 2555 ,
1872 2520 1927 2552 alii
1960 2521 2026 2553 alio
2059 2521 2111 2554 die

1108 2560 1252 2594 accersiti
1276 2561 1370 2595 sunt.
1396 2563 1451 2596 Me
1475 2562 1556 2596 nihil
1583 2564 1684 2604 magis
1708 2561 1923 2604 refugientem
1947 2576 2044 2605 quam
2068 2565 2110 2596 li-

1108 2605 1197 2638 tibus
1223 2605 1408 2646 implicari,
1432 2605 1552 2650 diuque
1576 2618 1630 2647 per
1656 2606 1770 2639 multas
1796 2618 1830 2638 ac
1856 2609 1959 2640 varias
1984 2609 2109 2641 excuse.-

1108 2650 1213 2680 tiones
1236 2649 1497 2690 tergiversantem
1520 2674 1532 2690 ,
1566 2652 1711 2683 exoravit
1744 2650 1881 2691 deniq-ue
1914 2654 1991 2693 aegri
2026 2653 2108 2685 levir

1107 2691 1291 2724 Alexander
1313 2693 1501 2730 Guarinus,
1527 2696 1650 2736 inquo
1674 2694 1790 2735 pariter
1816 2694 1974 2728 vetustum
1999 2696 2109 2735 illud,

1107 2738 1136 2767 δε
1160 2736 1262 2767 nobili
1290 2737 1597 2771 Poetaillustratum
1622 2738 1734 2770 Genus
1756 2739 1882 2779 'aliquot
1917 2738 1985 2779 post
2018 2741 2104 2772 anuis

1107 2777 1203 2811 finem
1227 2778 1341 2812 habuit
1367 2806 1373 2813 .
1410 2782 1499 2813 Cum
1530 2781 1780 2822 discrepantium
1805 2784 1944 2814 rationes
1966 2782 2106 2815 audivis-

1107 2820 1193 2859 sem,
1218 2825 1324 2856 urinas
1348 2824 1592 2861 examinassem‚
1619 2835 1736 2865 agrum
1760 2823 1932 2864 diligenter
1964 2827 2105 2859 interro·

1104 2865 1222 2906 gaffem
1247 2880 1255 2903 ς
1279 2868 1324 2898 ita
1348 2867 1493 2908 respondi
1520 2893 1527 2907 ,
1553 2878 1587 2900 ut
1610 2880 1659 2899 me
1682 2878 1791 2899 omncs
1814 2868 2031 2910 intelligerent
2056 2870 2107 2903 di-

1106 2908 1308 2951 sputantium
1331 2911 1461 2952 quidem
1486 2921 1662 2952 utrumque
1686 2922 1744 2952 pro
1769 2911 1830 2944 suis
1852 2923 2020 2955 quemque
2037 2925 2104 2947 me-

1106 2953 1177 2985 ritis
1202 2964 1265 2984 non
1289 2955 1380 2995 parvi
1404 2953 1511 2987 facere·
1532 2967 1543 2990 ·‚-
1566 2954 1614 2987 sed
1640 2955 1709 2996 plus
1726 2963 1838 2987 «tamen
1865 2957 1929 2988 veri
1965 2957 2068 2990 studio
2092 2983 2103 2996 ,

1105 3005 1140 3031 ut
1161 2996 1315 3029 debebam
1337 3018 1349 3035 ,
1380 3008 1476 3038 quarn
1501 2997 1653 3030 amicitiae
1686 2998 1879 3031 tribuentem
1905 3022 1913 3036 ,
1937 3000 1969 3031 in
1995 3001 2107 3035 secun-

1104 3043 1179 3073 dam
1212 3040 1364 3072 inclinare
1408 3040 1596 3073 sententiam
1620 3067 1627 3074 .
1667 3041 1753 3074 Nam
1800 3042 1932 3083 cliylurn
1968 3046 2102 3085 quidem

1107 3093 1163 3127 per
1199 3094 1287 3115 renes
1310 3081 1439 3116 effluere
1465 3083 1549 3126 posse
1572 3109 1581 3124 ,
1618 3095 1667 3117 sne
1689 3084 1755 3117 dixi
1782 3097 1844 3118 non
1870 3088 2019 3127 ignorare
2042 3113 2050 3127 ‚
2077 3090 2100 3121 si

1108 3125 1207 3159 modo
1230 3126 1365 3159 laxiores
1389 3123 1449 3158 fint
1474 3139 1526 3169 per
1549 3127 1630 3170 ipsos
1654 3128 1836 3162 secretionis
1863 3132 1920 3162 viae
1943 3133 1956 3168 <
1979 3134 2009 3162 St
2036 3132 2104 3165 sane

1109 3170 1216 3210 aliqua
1241 3169 1281 3201 sic
1305 3170 1477 3209 explicabis
1500 3182 1611 3204 eorum
1637 3174 1854 3214 exemplorum
1881 3184 1949 3215 quae
1976 3175 2033 3206 vel
2049 3177 2101 3207 Se-

1110 3214 1217 3245 &ione
1241 3212 1299 3245 liac
1322 3213 1483 3245 XXVIII.
1507 3214 1590 3257 (o)
1626 3216 1823 3258 Sepulchreti
1858 3217 2100 3256 indicantur.·)

1110 3256 1273 3288 Verumin
1301 3255 1406 3289 nostro
1431 3268 1518 3299 aegro
1542 3268 1579 3290 ex
1604 3259 1774 3300 praegreffis
1797 3259 1873 3297 diu,
1897 3262 1926 3292 &
1951 3262 1997 3293 vel
2023 3271 2100 3295 tunc

1105 3299 1340 3331 comitantibus
1373 3310 1437 3332 non
1460 3301 1617 3337 ‚obscuris
1652 3301 1712 3333 laeli
1749 3303 1875 3335 alterius
1907 3306 1990 3337 renis
2014 3305 2100 3337 mdi-

1104 3343 1181 3377 ciis,
1207 3351 1241 3374 ut
1266 3341 1293 3374 se
1318 3352 1388 3381 pars
1411 3342 1499 3384 chyli
1539 3343 1726 3384 adjungeret
1751 3367 1759 3380 ,
1794 3358 1849 3385 pus
1872 3355 1978 3379 tamen
2013 3350 2101 3382 vide-

1104 3387 1130 3417 ri
1163 3396 1226 3417 nnn
1252 3384 1335 3426 posse
1360 3387 1484 3418 excludi
1510 3413 1515 3418 .
1551 3388 1622 3419 Nec
1647 3398 1695 3419 me
1726 3387 1837 3430 fugere
1861 3408 1870 3423 ³
1903 3402 1968 3430 quo
2000 3391 2100 3425 streto-

1104 3440 1136 3460 re
1173 3426 1333 3461 infectum
1365 3441 1421 3468 pus
1456 3429 1533 3472 saepe
1558 3442 1594 3462 ex
1627 3428 1705 3463 laefis
1741 3432 1868 3465 renibus
1900 3433 2065 3467 descendat
2091 3448 2099 3468 :

1108 3481 1215 3503 extare
1268 3481 1373 3503 tamen
1431 3474 1462 3506 &
1516 3472 1643 3504 inodori
1696 3476 1780 3513 puris
1836 3481 1980 3510 exempla
2034 3489 2095 3511 non

1109 3513 1207 3547 modo
1240 3513 1365 3547 aliunde
1400 3540 1408 3555 ‚
1453 3524 1488 3548 ut
1513 3527 1608 3559 'cum
1643 3516 1754 3548 Celsus
1799 3520 1861 3560 (p
1888 3519 1904 3560 )
1931 3512 2063 3555 'scripsit
2086 3544 2097 3560 ,

2000 3573 2064 3597 me-

66 3614 2101 3636 Q

212 3656 301 3681 Medic.
321 3656 397 3681 Prast.
415 3659 432 3681 l.
451 3665 470 3686 3.
489 3659 517 3682 P.
534 3659 558 3682 8.
577 3658 599 3682 S<
620 3665 641 3682 ι.
659 3666 679 3682 c.
696 3667 719 3682 2.
736 3659 794 3683 vers.
812 3659 854 3684 sin.

149 3657 195 3747 ἒξ
212 3687 272 3711 ibid.
291 3686 313 3716 §.
331 3695 352 3710 2.
415 3688 428 3716 (
445 3695 457 3710 e
474 3686 483 3716 )
498 3688 579 3712 Prima
598 3689 712 3713 Raeeolta
728 3690 753 3713 di
769 3690 858 3715 Offerv.
876 3692 947 3715 Med.

147 3724 194 3777 Ξ)

152 3784 168 3808 P
185 3780 196 3806 >

119 3658 138 3808 ΛΛἈΑΓΝ

210 3748 263 3771 Ast.
281 3750 313 3771 N·
331 3750 360 3772 C.
378 3749 453 3771 Toni.
471 3757 489 3772 ι.
507 3749 564 3774 Obs.
573 3756 628 3779 239.

325 3778 330 3781 .
689 3750 840 3780 (tJsupra
858 3759 881 3776 n.
901 3759 941 3781 iq.

213 3780 247 3803 De
263 3778 356 3803 Medic.
373 3778 389 3802 l.
406 3787 427 3807 5.
446 3786 466 3802 c.
485 3785 521 3803 2⁶.
539 3787 562 3803 n.
579 3786 617 3803 ια.

917 3662 931 3689 (
947 3669 964 3684 a
978 3661 992 3690 )
1009 3660 1067 3685 Obs.
1085 3663 1151 3686 Med.
1169 3665 1187 3687 l.
1206 3671 1226 3692 3.
1243 3670 1263 3685 c-
1278 3671 1300 3690 7.

1359 3663 1373 3692 (
1391 3663 1404 3686 b
1421 3663 1433 3691 )
1451 3672 1488 3692 23-
1506 3664 1563 3688 Obi'.
1582 3673 1601 3688 ι.
1622 3664 1634 3694 §
1666 3672 1687 3692 9.
1756 3668 1769 3695 (
1787 3673 1797 3688 c
1816 3666 1823 3695 J
1841 3667 1898 3690 Obs:
1914 3668 1966 3692 ead.
1985 3668 2008 3697 §.
2022 3677 2042 3694 r.

233 3718 236 3720 Β
459 3716 464 3720 ,
786 3720 791 3724 1
831 3721 835 3724 -
1011 3690 1073 3721 tf)
1092 3693 1144 3717 Vid.
1164 3693 1225 3722 apud
1244 3691 1367 3716 Boretiurn
1383 3694 1411 3717 de
1428 3695 1527 3722 operat.
1545 3695 1588 3718 alxi
1605 3695 1727 3722 Adparat.

209 3718 262 3742 Vid.
278 3717 339 3746 apud
358 3717 417 3741 Pall.
434 3718 529 3741 Differt.
546 3718 613 3746 supra
629 3719 659 3743 ad
675 3727 698 3743 n.
716 3728 754 3750 35.
770 3726 814 3745 cit.
830 3729 855 3745 in
871 3722 954 3746 adnot.
970 3722 999 3746 ad
1016 3723 1042 3751 §.
1063 3730 1099 3750 19·

999 3752 1231 3783 (m)n.14.13.

1162 3724 1175 3751 (
1192 3724 1208 3746 b
1224 3724 1236 3752 )
1253 3723 1337 3747 Differt
1366 3723 1424 3746 1bid.
1443 3723 1507 3753 supra
1525 3732 1566 3748 c1t.
1585 3733 1609 3751 η.
1631 3732 1667 3754 53.
1731 3728 1736 3753 ζ
1758 3728 1767 3749 i
1787 3727 1794 3753 )
1812 3728 1841 3749 A.
1863 3735 1927 3757 1739.
1949 3730 2026 3754 Hebd.
2042 3737 2067 3758 9.

1292 3752 1300 3781 (
1320 3761 1335 3775 n
1350 3754 1363 3782 )
1379 3754 1449 3783 Epist„
1467 3764 1504 3784 41.
1522 3764 1545 3779 n.
1565 3763 1585 3780 1·
1647 3754 1686 3785 (o
1700 3758 1714 3784 2
1732 3757 1813 3781 Schol.
1830 3766 1849 3783 2.
1868 3760 1895 3783 ad
1912 3759 1969 3784 Obs.
1989 3768 2026 3789 ¹4·
