2498 4075
433 231 584 298 Epist.
606 223 783 286 Anat.
820 230 1037 287 Medica
1071 230 1157 285 LI.
1193 229 1317 283 Art.
1336 247 1501 284 11.-12.
1521 232 1574 287 &
1592 246 1670 294 134

44 313 82 346 νί
102 309 263 354 aequabilis
284 308 506 356 compreffionis·
527 306 732 357 musculorum
753 313 926 348 abdominis
940 323 1043 348 omnes

46 356 134 390 illius
152 363 260 398 partes
283 363 444 399 contiguas
467 354 522 400 effe
543 368 553 393 ;
585 357 631 389 ita
655 356 751 391 hodie
775 359 860 392 inter
883 356 1043 399 quascun-

45 396 108 442 qtie
132 401 273 433 viventis
294 400 440 442 corporis
464 408 569 441 partes
604 399 730 433 nullum
775 401 873 443 usque
908 411 925 432 a
961 403 1044 434 Prae-

45 441 241 476 stantiffimis
265 453 329 476 non
353 446 461 486 paucis
486 444 577 475 Viris
600 443 807 477 intervallum
821 442 970 486 agnosci.
985 445 1046 477 At-

45 495 153 521 tamen
174 496 249 520 cum
270 486 475 520 immutabile
498 487 643 519 cranium
667 486 725 525 sit3
750 488 916 521 cerebrum
940 496 1046 521 autem

46 530 171 572 magis,
194 530 337 564 minusve
361 528 452 572 poffit
476 538 603 572 turgere
625 529 688 563 sive
713 530 752 564 ab
775 531 858 564 lunae
872 530 1048 572 phasibus,

45 581 84 609 ut
107 576 148 606 ab
170 573 362 607 Doctiffimo
387 571 517 606 Meadio
538 575 553 612 (
575 584 600 617 z
621 576 636 613 )
657 573 815 608 traditum
838 573 880 608 est
903 598 912 613 ,
945 573 1007 608 sive
1030 586 1048 608 a

11 631 13 633 ·
45 628 63 650 a
85 627 276 659 quacunque
296 616 388 650 causa
412 626 487 658 quae
509 615 695 659 sanguinem
718 626 855 659 augeat,
892 626 946 661 aput
992 630 1046 652 ex-

45 660 187 703 pandat3
211 671 275 692 non
300 660 374 693 satis
397 658 511 696 video,
536 659 698 694 curillnd
723 663 850 698 minus,
876 661 1045 703 magisvea

45 704 185 737 calvaria
210 703 324 737 distare
346 703 509 736 interdurn
535 701 620 745 posse
660 703 710 737 vel
743 705 776 737 in
824 705 1010 739 viventibus
1035 727 1045 743 ,

44 756 270 790 pernegemus·
295 746 435 780 Accedit
459 745 522 779 huc
555 744 738 780 substantiae
782 746 879 789 ipsius
924 749 1047 782 cerebri

43 789 231 824 contractio
253 801 287 823 ac
297 789 434 824 densitas
447 813 455 828 ,
474 801 546 831 quae
557 792 766 833 undecunque
780 792 927 825 adveniat
951 795 1049 831 <narn

43 834 93 867 vel
121 835 161 867 ab
185 832 344 866 senectute
365 831 433 874 ipsa
459 833 556 873 fieri,
579 833 749 873 censebant
774 835 910 867 Veteres
925 858 936 874 ,
958 839 988 869 δι
1015 837 1049 867 in

41 877 94 911 his
117 877 308 910 Liebaurius
330 879 344 916 (
366 887 383 908 a
407 877 454 919 ))
473 877 598 916 ,molem
623 878 796 911 imminuat
820 878 969 919 cerebri,
992 881 1024 911 δε
1042 904 1052 920 ,

43 920 134 962 quod
157 918 367 962 consequitur
382 944 392 960 ,
415 932 431 953 a
455 920 603 954 calvariae
626 919 751 954 fornice
772 921 915 954 retrahat
939 945 948 959 ‚
995 932 1051 954 ne-

42 961 122 999 cesse
144 964 209 997 est.
234 964 373 997 Littrius
396 965 407 1000 (
431 962 450 996 b
473 966 484 1002 )
506 966 646 998 certe&
668 964 795 1007 qualem
817 965 956 999 dicimus
979 965 1053 1000 sub-

42 1007 192 1043 stantiam
214 1007 358 1044 cerebri,
382 1008 413 1040 δε
438 1018 453 1039 a
476 1008 588 1041 cranio
620 1018 684 1040 non
719 1009 846 1041 modice
881 1008 1051 1043 distantem

43 1050 182 1085 offendit
205 1051 239 1083 in
264 1049 394 1084 robusto
417 1049 537 1092 juvene
560 1050 618 1093 qui
642 1051 920 1086 vehementissimo
954 1053 1048 1087 cursu

39 1104 139 1136 caput
162 1102 281 1136 quanta
308 1096 448 1127 maxima
472 1095 503 1126 vi
528 1096 661 1136 potuit,
693 1094 731 1129 ad
779 1096 931 1137 parietem
976 1096 1047 1129 alli-

39 1139 138 1176 dens,
162 1138 191 1171 se
217 1138 338 1179 puncto
361 1138 519 1178 temporis
541 1133 769 1172 interfecerat.
795 1139 955 1176 Quamvis
989 1152 1045 1173 au-

39 1191 109 1217 tem
131 1193 202 1214 eam
225 1182 351 1214 cerebri
373 1180 639 1215 constitutionem
663 1182 728 1225 ipse
754 1193 812 1224 pro
833 1182 1047 1217 concussionis

43 1224 159 1260 effectu
183 1224 299 1258 habeat
319 1235 332 1264 ,·
354 1233 448 1258 erunt
472 1222 603 1257 fortasse
627 1228 682 1267 qui
707 1236 781 1259 cum
817 1227 943 1259 Dureto
988 1237 1048 1269 pro

41 1269 133 1303 causa
157 1268 273 1310 babere
297 1267 412 1301 malint
437 1267 651 1301 concussionis
665 1269 938 1309 vehementioris,
963 1270 1049 1303 mul-

41 1323 78 1346 to
102 1321 209 1346 autem
235 1311 340 1354 plures
362 1311 536 1344 calvariam
560 1313 695 1345 minime
720 1313 854 1346 fractam
870 1335 879 1350 ‚
915 1312 1048 1356 ejusque

42 1357 81 1391 ad
104 1367 220 1399 corpus
244 1356 384 1394 durum,
410 1359 441 1389 &
474 1355 645 1388 immobile
690 1356 868 1390 allisionem
896 1381 902 1388 .
951 1356 1050 1390 Nosti

40 1401 127 1434 enim
150 1401 307 1441 quantum
334 1399 463 1441 utrique
486 1397 562 1432 huic
585 1397 686 1432 causat¹
709 1399 920 1434 concussionis
964 1411 1051 1433 cere-

40 1445 91 1478 bri
117 1456 133 1476 a
156 1441 334 1484 Chirurgis
359 1442 592 1480 recentioribus
616 1444 800 1481 tribuatur,
825 1444 968 1477 secunda.-
981 1444 1054 1486 qui-

41 1488 116 1521 dem
141 1496 310 1529 propterea
335 1485 423 1528 quod
445 1484 601 1520 cerebrum
623 1487 781 1528 agitatum
803 1486 912 1529 versus
944 1496 1054 1527 corpus

41 1532 171 1569 durum,
198 1532 240 1563 Θ
264 1537 348 1562 retro
367 1528 494 1571 pulfitm
511 1539 567 1571 per
591 1528 690 1570 illud,
707 1530 796 1573 subit
818 1540 878 1562 uno
902 1537 1053 1564 momento

41 1575 118 1608 duos
142 1581 246 1606 motus
270 1573 441 1606 contrarios
455 1584 467 1611 3
492 1573 604 1615 primae
629 1584 728 1609 vero,
751 1574 830 1615 quia
856 1572 884 1616 fi
907 1574 1050 1606 cranium

41 1628 100 1651 non
118 1614 285 1659 frangitur
303 1642 311 1656 ,
336 1623 423 1648 totus
446 1616 583 1657 impetus
602 1616 796 1660 percuffionis
818 1616 970 1658 dirigitur
1013 1616 1052 1648 ad

41 1661 222 1699 cerebrum,
245 1662 368 1701 quippe
392 1659 479 1692 nulla
503 1670 542 1692 ex
567 1668 657 1700 parte
679 1661 869 1703 interceptus
895 1671 910 1691 a
936 1670 1052 1702 magna

42 1703 203 1742 fraerura,
227 1711 282 1736 aut
306 1702 346 1734 ab
369 1698 427 1744 offe
449 1702 482 1735 in
501 1701 595 1744 plura
626 1700 728 1746 frusta
764 1701 907 1747 diffrac‘io
932 1729 939 1737 .
982 1705 1053 1736 Cur

41 1749 166 1791 igitur,
190 1747 320 1788 inquis,
345 1756 421 1779 cum
446 1746 480 1778 in
505 1746 583 1778 Sene
606 1757 705 1788 quem
730 1749 829 1781 modo
851 1758 890 1779 ex
927 1746 1053 1780 Valsal-

40 1803 78 1826 va
101 1788 313 1833 descripsisti,
337 1799 439 1830 neque
460 1789 560 1823 causae
583 1788 736 1823 deessent.
766 1790 816 1824 hae
840 1790 932 1827 duae3
956 1799 1054 1832 caput

38 1836 126 1869 enim
151 1833 189 1867 ad
213 1833 317 1866 solum
339 1831 499 1868 alliserat,
520 1835 733 1874 craniumque
749 1845 812 1866 non
825 1832 965 1867 habebat
984 1844 1056 1874 per-

37 1879 178 1913 fractum
195 1903 204 1917 ,
227 1879 258 1909 &
282 1884 332 1908 tot
356 1876 418 1909 alia
443 1873 501 1909 esse
526 1875 735 1916 viderentur,
757 1888 797 1910 ex
831 1877 951 1918 quibus
988 1888 1056 1909 ma-

36 1933 100 1964 gna
122 1920 246 1963 conjici
269 1918 372 1960 posset
394 1919 520 1953 cerebri
544 1918 730 1957 concuffio;
756 1920 811 1953 ille
844 1929 953 1953 tamen
989 1930 1053 1953 non

36 1975 109 2000 ante
132 1966 176 1998 tri
201 1962 336 1997 esimum
360 1962 447 1997 diem
472 1961 515 1996 est
539 1970 689 1996 mortuus
709 1986 718 2002 ,
739 1974 797 1997 nec
832 1965 940 2005 gravia
974 1962 1054 1997 adeo

36 2008 139 2053 passus
162 2020 178 2041 e
231 2006 336 2043 mala,
360 2017 461 2049 neque
486 2007 573 2039 intra
597 2007 749 2040 cranium
771 2007 952 2050 quidquam
982 2007 1052 2040 san-

37 2053 167 2095 guinis,
192 2058 248 2083 aut
272 2050 360 2091 puris
382 2049 548 2083 ostendit?
572 2049 681 2083 Credo
697 2073 706 2088 ,
733 2053 809 2093 quia
835 2062 873 2084 ex
897 2050 964 2084 alto
979 2052 1054 2094 qui-

38 2097 134 2136 dem,
157 2093 209 2127 sed
233 2091 363 2127 fortasse
386 2104 490 2136 neque
517 2105 556 2127 ex
580 2092 733 2128 altiffimo
757 2096 831 2127 loco
847 2119 857 2134 ‚
882 2106 984 2137 neque
1015 2096 1049 2127 in

39 2140 112 2174 saxa
134 2137 278 2176 cecidit,
301 2139 332 2170 &
356 2147 429 2179 pars
450 2138 591 2178 impetus
615 2137 823 2179 percuffionis
845 2137 885 2170 ab
909 2139 1051 2178 lamina,

37 2195 110 2226 quae
134 2182 337 2216 comminuta
360 2179 426 2218 est,
450 2181 553 2214 cranii
578 2183 737 2215 exteriore
762 2182 940 2224 intercepta
965 2181 1055 2215 fuitr

39 2228 163 2269 Stupor
187 2234 298 2262 autem
320 2224 423 2262 levis,
447 2223 643 2265 brevisque,
667 2226 699 2258 &
721 2223 850 2258 oblivio
872 2235 945 2268 quae
981 2235 1052 2259 tum

40 2264 253 2307 acciderunt,
276 2278 353 2302 cum
375 2265 439 2300 sine
461 2269 586 2301 caeteris
610 2269 702 2301 malis
725 2268 902 2302 acciderint
925 2280 997 2311 quae
1009 2270 1049 2302 ab

39 2314 246 2357 Hippocrate
270 2310 344 2345 sunt
368 2320 580 2351 enumerata,
628 2313 787 2345 minorem
831 2312 1049 2346 concuffionis

41 2357 232 2391 violentiam
257 2353 481 2398 significarunt
498 2379 505 2387 .
530 2354 651 2388 Noster
673 2357 760 2389 enim
775 2357 886 2389 Petrus
908 2355 947 2389 de
960 2356 1051 2390 Mar.

41 2400 184 2438 chettis,
206 2409 243 2434 ut
267 2401 302 2432 in
326 2397 539 2440 Sepulchreto
562 2409 692 2441 quoque
715 2400 785 2433 istic
809 2403 820 2438 (
845 2400 897 2441 c)
930 2398 1027 2434 habes
1042 2423 1052 2439 ‚

43 2444 167 2486 aliquos
189 2452 227 2477 ex
245 2441 393 2485 prolapsu
408 2464 418 2480 ,
441 2449 497 2474 aut
519 2441 584 2474 ic'lu
606 2440 672 2484 laeso
706 2443 809 2484 capite
833 2467 842 2481 ,
887 2451 1054 2484 apparente

37 2487 105 2532 solo
127 2487 183 2521 hoc
201 2486 414 2529 symptomare
437 2485 580 2524 (mentis
605 2485 754 2520 videlicet
778 2485 964 2519 alienatione
984 2498 1055 2524 cum

40 2531 222 2574 privatione
238 2528 371 2572 sensus,
394 2530 436 2563 (φ
458 2535 581 2569 motus,
605 2540 677 2572 quae
701 2529 773 2563 sane
806 2531 956 2571 graviora
981 2529 1055 2564 sunt

43 2586 143 2617 quam
153 2584 227 2617 quae
235 2574 335 2607 nostri
350 2573 438 2606 Senis
449 2571 558 2605 casum
572 2574 731 2606 continuo
742 2574 958 2616 exceperunt)
973 2575 1055 2608 vidit

39 2618 183 2662 sequenti
192 2616 241 2650 die
256 2615 378 2650 omnino
387 2614 637 2650 liberatos.Cum
650 2627 708 2659 pro
734 2626 781 2650 ter
794 2616 861 2649 haec
872 2619 976 2658 igitur
990 2620 1057 2651 sue·

45 2662 90 2695 rit
102 2660 264 2694 concusiio
275 2659 514 2705 levior,eoque
526 2659 628 2693 levior
642 2659 682 2699 ,si
710 2671 779 2693 orte
792 2659 856 2701 jam
880 2669 952 2693 tum
973 2673 1058 2695 cere-

44 2705 141 2738 brum
164 2704 264 2736 molle
288 2712 377 2742 erat,
402 2706 434 2736 &
456 2702 655 2739 flaccidum,
681 2714 735 2737 aut
760 2705 797 2737 ad
824 2703 906 2738 hanc
939 2704 1058 2738 consti-

45 2749 211 2782 tutionem
234 2746 402 2784 accedens,
430 2756 495 2779 non
520 2747 702 2781 mirandum
714 2747 779 2786 est,
804 2746 893 2790 quod
916 2747 1058 2781 craffius—

46 2790 117 2825 cula
137 2788 210 2823 vasa
232 2787 413 2832 sanguifera
438 2800 588 2832 perrupta
611 2801 675 2823 non
700 2790 782 2830 sint,
806 2790 856 2824 sed
881 2802 914 2823 ea
959 2791 1055 2824 dum-

47 2842 138 2869 taxat
161 2832 343 2867 tenuiffima
367 2831 450 2866 unde
472 2832 646 2867 lentiffimo
667 2833 804 2868 defluxu
827 2843 967 2877 quatuor
991 2835 1054 2868 illae

48 2878 109 2912 seri
130 2877 234 2910 unciae
247 2875 469 2913 destinarint,
493 2887 564 2918 quae
591 2876 704 2911 sensim
748 2876 827 2911 laesis
873 2877 1056 2911 aditionibus

48 2922 220 2957 hominem
241 2920 380 2962 denique
403 2930 584 2962 peremere.
608 2920 709 2959 Quod
732 2920 755 2954 si
779 2920 865 2954 forte
887 2919 1059 2955 humorem

50 2966 146 3000 illum
169 2976 209 2997 ex
233 2964 337 3007 ruptis
358 2963 571 3000 tenuiffimis‚
595 2975 661 2997 non
688 2963 872 3007 sanguinis,
895 2964 945 2998 sed
972 2966 1075 3008 lym:

50 3009 124 3052 pha?
147 3007 300 3045 vasculis,
323 3005 437 3040 sensim
450 3006 655 3049 provenisse,
676 3009 849 3048 malueris,
871 3009 1056 3046 arbitratus,

50 3052 94 3087 fic
116 3051 246 3086 facilius
277 3049 422 3092 intelligi
445 3060 516 3084 tum
548 3051 666 3086 horum
689 3051 948 3094 disruptionem,
984 3062 1055 3086 tum

52 3098 186 3138 longam
210 3092 297 3128 effusi
323 3092 413 3126 illius
435 3091 497 3127 sine
519 3094 663 3128 evidenti
686 3097 898 3138 corruptione
910 3107 1054 3134 moram3

51 3138 207 3178 habebis,
228 3137 348 3180 quibus
370 3137 553 3172 auctoribus
576 3138 609 3172 id
634 3139 770 3176 sentias,
796 3141 827 3171 &
848 3141 881 3172 in
907 3141 946 3172 iis
962 3140 1057 3173 Rou-

51 3183 215 3218 haultium
237 3180 291 3223 (d
307 3179 352 3222 ),>
372 3183 404 3212 &
428 3191 499 3214 ante
523 3181 607 3216 bunc
633 3182 825 3219 Bohnium,
840 3184 912 3226 -qui
959 3182 1056 3217 diffe-

51 3228 197 3265 ἃίοηες,
215 3225 320 3260 etiam
344 3222 433 3261 suaS,
456 3225 538 3258 unde
570 3225 630 3260 hoc
674 3226 891 3267 conjiceretur
936 3227 985 3269 (e
1008 3231 1021 3266 )
1045 3250 1055 3264 ,

51 3269 208 3314 produxit
225 3292 239 3310 ‚
261 3270 294 3302 &
316 3266 405 3311 quod
427 3268 462 3301 in
485 3269 591 3302 medio
615 3271 757 3311 primum
783 3271 956 3312 reliquerat
978 3295 987 3307 ,
1021 3272 1053 3304 in

54 3313 157 3347 altero
181 3313 311 3354 Scripto
333 3316 343 3351 (
360 3308 389 3353 f
405 3314 416 3350 )
439 3311 468 3344 se
490 3312 745 3355 lymphaeducstus
779 3315 862 3347 circa
892 3311 1054 3356 anfraft'us

58 3356 204 3399 inprimis
227 3353 343 3389 cerebri
364 3356 397 3387 in
423 3357 565 3397 quodam
591 3368 689 3398 puero
713 3355 933 3400 turgidiffimos
955 3357 1054 3390 vidis-

55 3400 109 3439 se,
130 3399 359 3433 confirmavit.
383 3399 548 3433 Caeterum
580 3402 613 3432 in
658 3402 780 3435 cerebri
825 3400 1025 3435 concuffione
1050 3423 1060 3439 ,

54 3442 204 3477 vasorum
227 3442 357 3485 aliquod
381 3443 512 3484 rumpi,
534 3452 573 3476 ex
592 3444 795 3478 creberrimis
817 3445 949 3486 quidem
985 3445 1057 3478 Ob-

58 3486 296 3521 servationibus
318 3489 470 3528 apparet,
492 3486 612 3528 quibus
634 3488 797 3522 accensere
821 3497 913 3529 potes
934 3488 1057 3522 editam

59 3542 76 3564 a
99 3529 289 3565 Christiano
310 3529 436 3563 Vatero
458 3533 514 3573 (g
533 3533 568 3571 );
591 3540 698 3565 tamen
722 3533 756 3565 in
779 3530 891 3565 lethali
923 3534 1059 3567 concus-

1924 227 2022 290 287

1093 314 1180 348 sione
1201 311 1235 346 id
1258 309 1318 346 esse
1340 319 1552 354 perpetuum,
1575 309 1662 354 quasi
1686 308 1777 346 effusi
1789 309 1941 345 humores
1954 308 2096 349 semper,

1094 356 1213 391 cerebri
1239 365 1344 390 autem
1366 353 1528 388 concuffio
1552 365 1716 396 nunquam
1740 366 1795 397 per
1820 353 1849 387 se
1873 353 2101 398 interimeret,

1096 402 1135 434 ab
1158 402 1198 433 iis
1222 399 1306 432 tradi
1330 398 1415 440 posse
1439 403 1504 431 nori
1529 397 1678 436 videtur,
1699 399 1819 440 quibus
1842 397 1970 432 laudata
1987 395 2100 427 Littru

1097 443 1249 482 historia,
1273 443 1418 484 itemque
1441 442 1541 475 altera
1563 440 1785 475 C1.Haeve1ii
1829 444 1843 481 (
1864 439 1918 483 h)
1962 438 2101 481 cognita

1097 488 1153 522 fit.
1177 487 1216 520 In
1240 495 1349 518 neutra
1372 483 1678 527 enimagraviffima
1701 485 1816 528 capitis
1841 484 1983 518 allisione
2004 482 2104 525 quid-

1097 541 1194 574 quam
1218 527 1304 563 effusi
1338 529 1507 561 inventum
1539 528 1584 562 est
1605 552 1613 560 .
1649 529 1720 563 Nec
1744 526 1843 572 siquis
1875 528 1963 562 dicat
1984 550 1998 568 ‚
2028 523 2104 558 ideo

1097 572 1282 608 effusionem
1307 582 1371 605 non
1395 570 1453 605 esse
1476 569 1594 605 saetam
1607 594 1619 611 ,
1641 572 1732 615 quod
1758 572 1907 614 protinus
1930 583 1946 604 a
1968 566 2104 619 concus-

1097 617 1182 650 sione
1205 614 1298 650 simul
1320 626 1395 649 cum
1419 616 1487 647 vita
1513 614 1687 650 humorum
1714 625 1822 649 motus
1833 613 1984 651 desierit3
2007 612 2105 657 quid-

1096 671 1192 704 quam
1217 658 1366 702 proficiet
1377 673 1388 690 :
1412 658 1502 691 Nam
1525 667 1740 701 praeterquam
1762 657 1851 701 quod
1885 668 1926 690 ex
1970 656 2104 691 secunda

1097 703 1232 738 historia
1254 704 1358 745 liquet
1374 728 1382 741 ,
1406 699 1572 737 hominem
1593 702 1765 735 duodecim
1790 702 1922 735 circiter
1946 700 2040 733 horas
2063 699 2105 733 ab

1101 745 1241 782 allisione
1266 744 1403 782 vixisse3
1427 754 1512 779 certe
1537 753 1687 778 neutrum
1734 743 1870 785 effusio,
1900 755 1971 785 quae
2015 743 2105 777 nulla

1100 792 1187 827 erat‘,
1211 789 1353 824 occidit.
1377 789 1448 823 Sola
1473 789 1577 832 igitur
1601 799 1655 831 per
1680 787 1709 821 se
1731 789 1855 821 cerebri
1879 785 2041 833 concuffio
2071 785 2107 820 id

1101 834 1199 867 fecit.
1224 833 1453 870 Quamobrem
1479 832 1527 865 vel
1550 831 1683 875 quando
1707 829 1816 865 effusio
1839 834 2015 872 conjuncta
2038 830 2103 875 sitj

1101 877 1250 911 dubitare
1275 876 1353 919 saepe
1377 877 1477 917 licet,
1499 874 1618 919 hujus,
1641 886 1679 908 an
1705 875 1794 908 illius
1818 876 1868 912 vis
1893 873 1998 914 major
2034 871 2110 906 fue-

1102 923 1146 953 rit
1170 921 1208 954 ad
1232 920 1432 954 necandum.
1565 919 1646 957 Qio
1668 926 1778 952 autern
1803 918 1902 951 modo
1935 915 2105 950 vehemen-

1103 965 1169 997 tius
1193 962 1322 1006 percuffi
1347 964 1448 996 cranii
1474 962 1637 1005 particulae
1661 962 1911 999 concutiantur,
1927 959 2109 994 concusiae-

1101 1019 1164 1050 que
1189 1007 1236 1040 vel
1263 1007 1419 1048 majorem
1443 1017 1539 1048 quam
1565 1005 1617 1039 sua
1641 1005 1685 1039 est
1708 1028 1720 1046 ‚
1752 1004 1991 1039 concuffionem
2023 1013 2112 1037 cere-

1101 1053 1161 1085 bro
1181 1049 1335 1086 afferant,
1359 1048 1455 1091 hujus
1478 1058 1586 1083 autern
1609 1047 1770 1084 concusiio
1794 1050 1961 1091 propriam
1984 1069 1994 1084 ,
2040 1057 2107 1079 non

1103 1096 1204 1136 magis
1229 1092 1428 1126 invisibilem
1445 1118 1454 1132 ‚
1480 1103 1578 1134 quam
1601 1101 1763 1129 teneram,
1790 1092 1941 1125 intimam
1974 1090 2110 1124 structu-

1099 1149 1190 1177 ram,
1213 1136 1308 1178 hujus
1333 1136 1427 1169 fibras
1438 1135 1683 1173 contendend0‚
1707 1135 1845 1168 laxando
1859 1158 1870 1174 ,
1891 1143 2112 1176 contorquen-

1079 1180 1161 1219 'do‚
1190 1179 1463 1222 comprimendo,
1500 1178 1727 1219 complicando
1750 1202 1762 1219 ,
1806 1178 1975 1211 lacerando
2000 1202 2009 1217 ‚
2056 1184 2112 1210 aut

1098 1228 1212 1268 quavis
1235 1224 1296 1256 alia
1321 1224 1450 1257 ratione
1475 1222 1624 1256 vitiando
1642 1247 1652 1261 ‚
1675 1223 1827 1255 inutilem
1853 1221 2028 1255 necessariis
2043 1231 2114 1253 mu-

1098 1269 1227 1302 neribus
1252 1266 1387 1305 reddat,
1412 1266 1614 1307 conjecturas
1638 1266 1743 1307 legere
1768 1264 1889 1298 Bohnii
1916 1268 1927 1304 (
1951 1263 1963 1298 i
1984 1268 1999 1304 )
2021 1271 2114 1305 pote-

1100 1314 1161 1345 ris.
1185 1311 1314 1349 Quibus
1340 1310 1511 1353 perleStis,
1534 1308 1767 1350 supervacuum
1793 1307 1923 1343 fortasse
1948 1305 2053 1342 credes
2064 1309 2115 1340 in-

1102 1356 1253 1398 quirere,
1277 1365 1315 1387 an
1341 1356 1459 1388 Vitium
1484 1353 1613 1395 aliquod
1637 1352 1868 1394 ejusdemmodi
1892 1355 1926 1386 in
1939 1360 2116 1386 nervorum

1103 1410 1235 1442 quoque
1257 1398 1426 1431 trunculos
1442 1418 1451 1434 ‚
1475 1397 1530 1430 ubi
1556 1407 1594 1428 ex
1617 1397 1804 1439 Oblongata
1837 1408 1904 1439 Jam
1938 1397 2116 1440 egrediun-

1105 1451 1182 1480 tur,
1205 1441 1345 1475 medulla
1361 1467 1368 1480 ,
1393 1453 1408 1473 a
1434 1451 1549 1482 magna
1573 1441 1694 1473 cerebri
1740 1439 1941 1474 concusfione
1980 1438 2116 1474 induca-

1105 1496 1180 1525 tur,
1204 1488 1234 1517 &
1259 1495 1361 1524 num,
1386 1486 1409 1518 fi
1435 1483 1602 1517 indu&um
1629 1484 1693 1522 sit,
1718 1482 1824 1526 ipsum
1847 1495 1903 1526 per
1937 1483 1966 1517 se
2012 1483 2117 1516 solum

1105 1528 1286 1571 gravissima
1310 1524 1364 1561 illa
1388 1528 1498 1560 omnia
1523 1526 1634 1560 afferre
1659 1526 1749 1568 poffit
1775 1527 1857 1560 mala
1880 1538 1951 1569 quae
1977 1537 2046 1561 tum
2071 1524 2119 1559 se-

1104 1583 1270 1614 quuntur.
1360 1570 1436 1616 Jarn
1460 1581 1556 1604 vero,
1581 1569 1632 1603 his
1655 1568 1933 1611 disquisitionibus
1956 1569 2121 1612 sepositis,

1104 1618 1140 1648 ad
1156 1619 1319 1657 graviores
1343 1626 1442 1657 quarn
1467 1617 1498 1646 in
1522 1612 1685 1655 descripto
1708 1613 1990 1658 Sene,vulnernm
2004 1614 2122 1654 capitis

1105 1656 1256 1696 effeetus,
1280 1659 1342 1692 sive
1365 1657 1536 1691 consecuta
1561 1657 1594 1688 in
1621 1658 1726 1694 viviS,
1753 1656 1814 1689 sive
1838 1659 1870 1688 in
1896 1658 2034 1690 mortuis
2069 1667 2121 1691 re-

1106 1713 1193 1745 perta
1220 1703 1417 1744 spe3emu5,
1442 1700 1669 1744 proponendos
1692 1711 1864 1743 pergarnus
1885 1725 1892 1732 .

1154 1755 1198 1778 11.
1226 1745 1419 1778 MULIER
1444 1743 1658 1787 quadraginta
1685 1746 1822 1786 amplius
1847 1755 1944 1777 annos
1966 1754 2040 1777 nata
2061 1766 2070 1781 ‚
2104 1755 2122 1776 e

1107 1788 1185 1823 scala
1212 1789 1274 1822 alta
1300 1788 1435 1822 cadens,
1459 1786 1618 1819 sinistram
1654 1788 1817 1829 sincipitis
1860 1797 1983 1829 partem
2029 1787 2121 1820 laedit

1107 1834 1205 1875 paulo
1229 1832 1319 1876 supra
1343 1843 1378 1864 os
1404 1833 1559 1872 temporis
1576 1855 1585 1863 .
1610 1831 1643 1864 A
1667 1830 1741 1864 casu
1765 1831 1853 1873 quasi
1879 1832 2034 1863 exanimis
2062 1829 2122 1872 ja-

1105 1887 1174 1909 cet.-
1199 1886 1303 1909 tamen
1329 1876 1424 1917 paulo
1450 1874 1518 1915 post
1541 1873 1635 1914 sana,
1660 1884 1696 1908 ut
1720 1883 1836 1911 antea,
1862 1872 1933 1907 essee·
1956 1874 2084 1910 videtur
2105 1897 2121 1914 2

1106 1930 1210 1962 neque
1234 1917 1319 1953 laesio
1342 1918 1399 1951 nisi
1425 1918 1532 1956 cutis,
1559 1927 1708 1960 apparet.
1733 1917 1816 1954 Quae
1862 1918 1985 1952 tametsi
2032 1919 2120 1952 circa

1105 1962 1266 1996 decimum
1291 1971 1444 2004 quartum
1467 1960 1521 1994 die
1544 1972 1736 2004 gangraena,
1770 1959 1855 1994 febri
1896 1964 2086 1996 comitante¹
2111 1987 2123 2003 ,

1104 2005 1345 2049 prehenditur,-
1372 2006 1455 2038 intra
1478 2004 1543 2038 dies
1567 2015 1675 2038 tamen
1701 2015 1822 2047 paucos
1843 2006 1902 2043 illa
1944 2008 2086 2048 primum
2110 2031 2122 2047 ,

1104 2060 1181 2084 mox
1204 2050 1272 2084 haec
1296 2049 1612 2092 wigstan-Verum
1639 2058 1710 2081 ante
1735 2048 1940 2089 trigesimum
1954 2049 2117 2083 diemite-

1102 2105 1175 2128 rum
1199 2092 1298 2127 febris
1321 2093 1472 2135 ingruit,
1497 2103 1573 2125 cum
1597 2093 1740 2134 frigore:
1765 2094 1857 2135 eique
1880 2095 1965 2127 circa
1990 2092 2119 2136 trigesi„

1103 2149 1193 2171 mum
1217 2147 1369 2180 quartum
1393 2135 1612 2178 apoplecticus
1637 2135 1769 2169 affectus
1790 2136 2120 2181 acceditcumapho-

1105 2183 1182 2221 nia,
1204 2182 1234 2213 δε
1258 2190 1366 2213 motus
1392 2183 1577 2221 privatione
1599 2182 1633 2213 in
1657 2189 1726 2212 tota
1752 2180 1882 2214 dextera
1921 2191 2011 2222 parte
2043 2192 2118 2216 cor-

1107 2226 1217 2266 poris,
1242 2221 1330 2258 sensu
1354 2223 1544 2264 superstite.
1570 2225 1822 2266 Attamen.quae
1844 2224 2060 2266 dicebantur,
2085 2224 2116 2258 se

1106 2269 1310 2311 intelligere,
1335 2267 1469 2301 nutibus
1496 2266 1721 2310 significabat:
1745 2279 1867 2308 partem
1895 2280 2000 2303 autem
2024 2270 2119 2302 illam

1101 2312 1247 2354 quaedam
1270 2310 1357 2355 quasi
1380 2312 1604 2345 convulsiones
1629 2311 1809 2355 epilepticae
1824 2335 1833 2351 ‚
1856 2313 2018 2348 interdum
2042 2322 2120 2347 toto·

1101 2366 1238 2398 corpore
1261 2355 1432 2395 excitatae‚
1458 2357 1655 2391 nonminus
1676 2368 1774 2399 quam
1798 2357 1976 2396 sinistram,
2005 2367 2120 2391 move-

1104 2399 1204 2435 bant.
1232 2400 1380 2434 Tandem
1405 2403 1490 2434 circa
1514 2400 1795 2444 quadragesimum
1826 2401 1915 2435 diem
1951 2400 1998 2436 est
2029 2411 2116 2434 mor-

1107 2451 1182 2477 tua.
1314 2444 1490 2477 CRANII
1515 2445 1659 2478 exterior
1683 2445 1803 2478 lamina
1827 2457 1888 2488 qua
1914 2454 2004 2488 parte
2015 2454 2116 2488 caput

1109 2486 1219 2521 laesum
1233 2485 1347 2527 fuerat,
1361 2489 1393 2520 in
1405 2487 1595 2522 semicirculi
1610 2487 1749 2521 formam
1762 2498 1870 2531 aperta
1884 2500 1952 2523 erat
1966 2502 1975 2528 ;
2001 2489 2050 2523 sed
2063 2487 2115 2523 os-

1109 2530 1148 2563 sis
1170 2531 1324 2564 interiora
1366 2541 1456 2565 erant
1481 2533 1626 2574 integra.
1651 2533 1714 2565 Piae
1736 2541 1842 2565 tamen
1869 2534 2030 2576 meningis
2045 2544 2115 2575 pars

1110 2573 1164 2607 illa
1188 2585 1260 2616 quae
1281 2576 1311 2608 ei
1334 2573 1409 2608 loco
1432 2574 1682 2617 subjiciebatur,
1709 2575 1830 2609 saniosa
1855 2587 1939 2614 erat,
1964 2579 1995 2611 &
2024 2589 2117 2611 -cere-

1108 2617 1203 2651 brum
1227 2617 1264 2651 ad
1288 2618 1422 2652 eundem
1446 2620 1554 2653 locum
1578 2617 1725 2653 subfusco
1750 2619 2003 2661 pallido'eolore
2036 2619 2119 2654 infe-

1109 2661 1198 2694 &um
1213 2685 1220 2694 .
1244 2662 1433 2697 Ventriculi
1459 2671 1566 2696 autem
1589 2662 1656 2704 eJ‘us
1680 2662 1768 2701 sani,
1793 2674 1828 2697 ut
1852 2666 1882 2698 δι
1926 2673 1995 2698 tota
2043 2662 2116 2707 pars

1108 2703 1238 2738 dextera
1253 2729 1260 2736 .
1419 2743 1422 2746 ἢ
1830 2728 1833 2729 ⁷

1158 2757 1204 2779 12.
1232 2748 1388 2782 VIRGO
1412 2761 1568 2784 annorum
1593 2751 1714 2793 viginti
1739 2752 1904 2794 quinque,
1929 2753 1962 2785 in
1996 2761 2117 2786 terram

1109 2791 1244 2828 cadens,
1272 2803 1425 2834 peracuto
1450 2794 1554 2836 lapide
1577 2795 1610 2826 in
1634 2794 1753 2828 sinistra
1778 2794 1897 2829 frontis
1920 2805 2014 2837 parte
2046 2796 2117 2830 {au-

1106 2835 1187 2868 ciata
1210 2836 1252 2868 est
1268 2859 1275 2865 .
1303 2837 1339 2868 In
1365 2836 1606 2871 Nosocomium
1629 2847 1782 2880 excepta,
1810 2839 1923 2872 assidua
1948 2837 2031 2872 febri
2047 2849 2116 2872 tor-

1110 2878 1290 2919 quebatur,
1315 2890 1386 2921 quae
1409 2880 1442 2912 in
1466 2881 1533 2914 dies
1557 2881 1767 2923 augescebat.
1815 2882 1944 2915 Vulnus
1989 2884 2111 2923 corripi

1110 2932 1279 2964 gangraena
1303 2924 1427 2963 coepit:
1451 2936 1521 2967 quae
1545 2924 1729 2966 tempestate
1753 2925 1811 2959 illa
1853 2929 1866 2964 (
1889 2926 2000 2959 mensis
2045 2936 2112 2960 erat

1104 2965 1223 3008 Junius
1248 2967 1288 2998 A.
1316 2967 1404 3005 1689-
1429 2970 1444 3006 >
1468 2968 1654 3001 vulneribus
1676 2970 1827 3002 omnibus
1852 2969 2114 3011 superveniebat.

1109 3009 1237 3051 Aliquo
1254 3009 1323 3051 post
1336 3016 1482 3051 tempore
1495 3011 1579 3053 quasi
1596 3011 1684 3045 fatua
1697 3022 1779 3054 aegra
1804 3012 1888 3046 faeta
1901 3039 1908 3051 ,
1934 3015 1989 3046 vix
2005 3014 2113 3046 audie-

1108 3051 1174 3091 bat,
1187 3063 1250 3084 non
1265 3053 1466 3094 loquebatur,
1479 3057 1511 3087 in
1524 3054 1676 3105 adstantes
1685 3057 1796 3089 oculos
1806 3056 1965 3098 defigebat
1980 3083 1985 3088 .
1999 3057 2116 3091 Acces-

1107 3094 1148 3128 fit
1171 3098 1307 3137 denique
1331 3099 1434 3131 totius
1457 3109 1602 3140 corporis
1624 3108 1770 3133 tremor:
1792 3111 1858 3142 quo
1869 3102 2005 3133 durante
2027 3112 2115 3134 mor-

1106 3138 1226 3186 tuaest
1250 3140 1350 3172 initio
1374 3142 1439 3174 diei
1463 3141 1754 3184 duodetrigesimi.
1891 3145 1950 3177 OS
1986 3144 2113 3177 vulneri

1110 3181 1288 3225 subjectum
1314 3194 1407 3223 parva
1432 3188 1570 3219 exterius
1594 3185 1707 3223 spirea,
1730 3188 1760 3219 δι
1783 3185 1870 3228 quasi
1883 3185 2043 3220 foramine
2056 3198 2113 3220 ex-

1109 3237 1257 3260 cavatum
1282 3236 1369 3266 erat,
1391 3229 1517 3262 circum
1541 3229 1628 3271 quod
1652 3239 1716 3262 tres
1738 3229 2020 3272 conspiciebantur
2065 3231 2113 3262 ri-

1109 3271 1267 3303 mae.'Sed
1293 3281 1395 3310 neque
1420 3271 1490 3312 hae,
1516 3283 1617 3315 neque
1642 3271 1784 3306 foramen
1812 3274 1848 3306 ad
1871 3275 2026 3307 interiora
2040 3285 2112 3315 per-

1105 3314 1296 3347 veniebant.
1322 3313 1493 3357 Meninges
1514 3324 1621 3349 tamen
1644 3327 1708 3358 qua
1731 3325 1821 3359 parte
1843 3317 1966 3351 vulneri
1980 3317 2113 3359 respon-

1103 3356 1244 3394 debant,
1268 3355 1366 3390 erosae
1392 3368 1480 3391 erant
1505 3360 1626 3397 ambae,
1648 3362 1678 3391 &
1701 3359 1778 3392 hinc
1822 3358 1921 3393 scrofa
1955 3361 2111 3394 colluvies

1111 3401 1280 3439 prodibat,
1303 3412 1374 3442 quae
1401 3404 1454 3443 per
1478 3403 1656 3435 universam
1681 3404 1806 3436 cerebri
1833 3403 2036 3437 substantiam
2049 3402 2112 3438 dif-

1109 3441 1178 3477 fusa
1192 3468 1200 3482 ,
1224 3445 1315 3487 gravi
1339 3443 1439 3486 ipsam
1463 3448 1587 3485 odore,
1610 3448 1642 3478 δε
1664 3447 1844 3489 nigricante
1865 3447 1974 3481 colore
1989 3446 2112 3481 infece-

1112 3497 1161 3520 rat
1175 3513 1183 3520 .

1159 3541 1208 3574 13.
1226 3532 1266 3565 *Si
1289 3531 1373 3566 forte
1396 3532 1505 3567 eadem
1527 3532 1635 3568 suisset
1658 3533 1824 3576 tempestas
1846 3546 1934 3578 qua,
1956 3532 2114 3611 utvliujus
2141 3557 2143 3560 ι

2027 3588 2078 3611 ir·-

63 3662 2114 3680 ————————-——-—-———————-——-—.————-——-———--————--

125 3733 141 3763 (
155 3740 173 3762 z
188 3733 202 3763 2
216 3735 253 3767 De
268 3733 350 3763 imper.
368 3735 417 3760 Sol.
433 3743 461 3760 ac
477 3737 542 3761 Lun.

121 3765 136 3792 (
156 3763 170 3788 b
188 3765 197 3795 )
213 3764 272 3788 Hist.
289 3764 318 3788 de
332 3762 428 3790 l'Acad.
445 3768 476 3791 R.
493 3767 535 3791 des
552 3767 588 3792 Se.
606 3769 635 3791 A.
654 3777 723 3798 ¹705·
743 3767 803 3792 ΟΜΖ
822 3770 897 3792 Anat.
917 3772 952 3790 12-

122 3795 131 3818 (
149 3803 160 3818 e
177 3794 186 3824 j
204 3797 238 3819 De
256 3797 368 3830 Renunc.
384 3798 457 3822 Vuln.
474 3798 533 3823 Se&¹
552 3805 575 3821 ².
593 3805 615 3822 c.
635 3807 657 3823 ι.
718 3801 732 3828 (
745 3800 763 3829 f
780 3799 788 3828 )
804 3801 839 3824 De
853 3801 960 3826 Trepan-
979 3794 1050 3822 dlffic-

122 3825 138 3854 ζ
152 3825 167 3848 b
182 3825 319 3852 Commcrc.
341 3829 428 3852 Litter.
447 3830 475 3853 A.
493 3836 559 3858 17⁴¹·
577 3829 653 3855 Hebd.
673 3838 708 3859 ¹4-
725 3830 751 3854 in
766 3830 807 3855 fin.
870 3830 884 3858 (
899 3829 908 3851 i
925 3827 938 3855 )
953 3833 973 3850 ⁶·
993 3827 1074 3856 neit.

25 3848 50 3871 fi

606 3737 620 3765 (
636 3745 651 3761 a
664 3736 679 3765 3
696 3736 776 3762 schol.
794 3737 823 3762 ad
839 3738 932 3762 Houer.
950 3736 1050 3759 comm.
1067 3733 1092 3758 in
1110 3734 1225 3764 Hippou.
1246 3738 1308 3767 Aph-
1327 3734 1364 3764 58.
1383 3735 1409 3758 ⁵·
1425 3741 1450 3763 7-

996 3767 1026 3798 .(
1042 3773 1054 3789 ε
1068 3766 1082 3794 )
1099 3767 1179 3791 schox.
1197 3770 1226 3794 ad
1242 3768 1296 3795 obs
1318 3772 1355 3792 1²-

1416 3763 1426 3793 (
1443 3764 1460 3788 d
1478 3764 1485 3793 )
1500 3767 1544 3790 Tr.
1559 3765 1602 3790 eit.
1620 3764 1687 3794 supra
1702 3764 1730 3788 ad
1747 3772 1770 3788 n.
1788 3771 1811 3792 ⁴.
1827 3773 1847 3792 c.
1868 3775 1907 3793 n.

1112 3797 1321 3862 (fk))Er¹.³.h'3.N''
1334 3797 1362 3821 C.
1376 3798 1433 3821 Dec.
1451 3805 1474 3825 3.
1491 3798 1521 3822 A.
1537 3804 1558 3826 9.
1575 3797 1598 3821 8c
1615 3803 1651 3822 io.
1668 3795 1728 3820 ΘΜ.
1749 3798 1802 3824 165-
