2498 4075
551 232 705 298 Epist.
739 232 901 286 Anat·
937 228 1157 285 Medica
1192 229 1326 283 LIV.
1363 229 1481 284 Art.
1520 243 1591 283 12.

81 310 178 346 v'deo
201 326 216 348 a
241 315 394 348 Platnero
418 318 430 354 (
452 326 469 349 c
489 317 525 354 >2
548 315 600 347 Sic
622 315 718 348 etiam
742 314 884 347 anterius
918 313 1001 347 inter
1037 312 1076 346 fi-

76 344 149 388 bras
174 369 188 388 a
213 359 367 401 xiphoide
398 359 585 400 cartilagine
618 359 777 391 venientes
799 381 808 395 ‚
843 358 874 389 &
909 357 1076 399 proximas

76 398 156 435 solet
181 403 385 435 intervallum
409 401 489 437 esse,
514 412 567 444 per
590 401 675 441 quod
701 400 801 434 simile
813 398 980 442 quidpiam
1004 398 1076 442 pos-

76 441 108 475 se
130 446 342 487 contingere,
365 446 432 478 imo
455 443 626 486 contigisse
660 445 691 476 in
731 443 887 486 Agricola
903 466 915 482 ,
939 443 1077 484 suspica-

75 485 153 526 bar,
178 489 211 521 in
234 501 300 530 quo
328 488 443 521 Romae
477 487 587 521 vidisse
628 489 820 528 Leprottum
846 509 858 525 ,
893 486 1076 520 audiveram

75 539 131 571 per
155 532 291 565 mediam
316 534 504 565 anteriorem
528 529 779 572 diaphragmatis
803 539 924 570 partem
949 529 986 561 de
1007 531 1076 561 Co-

78 573 113 606 lo
136 575 285 608 intestino
309 584 435 608 tantum
459 576 492 607 in
505 573 669 607 thoracem
681 573 872 612 admissum,
896 583 1073 613 quantum,

76 614 99 648 si
123 618 369 658 extenderetur,
394 617 581 659 spithamam
606 626 763 658 aequaret.
789 615 848 649 Sed
872 626 944 648 cum
970 615 1075 657 postea

75 660 117 693 ab
140 662 179 693 iis
202 663 259 702 qui
284 660 470 697 secuerant,
495 660 699 702 accepissem,
725 671 825 700 neque
848 659 928 692 illud
952 660 1078 692 intesti-

76 715 176 742 num,
200 715 301 747 neque
326 703 470 737 foramen
497 730 506 743 ,
537 703 627 745 cujus
651 712 717 736 erat
750 704 905 735 diameter
937 701 1078 735 duorum

76 747 232 789 pollicum
256 746 530 785 transversorum,
556 757 609 789 per
642 746 729 788 quod
762 746 889 779 subibat
921 745 1023 784 illud,
1047 747 1079 777 δε

75 789 183 823 exibat
208 815 218 830 ,
253 791 413 824 indicium
447 790 550 823 ullum
585 790 756 832 praegressae
792 789 955 822 violentiae
977 811 990 828 ,
1024 797 1078 821 aut

75 834 182 866 morbi
205 831 398 873 ostendisse,
420 835 450 865 δε
469 833 636 866 hominem
659 832 822 873 decrepita
846 841 940 864 aetate
963 843 1000 864 ex
1012 842 1076 864 ma-

75 876 186 910 nifesta
210 877 297 909 intra
320 877 490 910 calvariam
515 876 643 909 laesione
666 885 850 911 mortuum;
871 874 997 908 credere
1012 886 1078 907 ma-

75 920 143 958 lui,
166 914 207 952 sic
231 932 246 953 a
270 919 458 962 primordiis
484 930 549 952 rem
574 919 603 952 se
638 917 799 957 habuisse-4
823 929 886 951 non
922 917 1008 951 secus
1041 929 1076 951 ac

75 963 264 996 Chauvetus
285 965 299 1001 (
320 963 339 995 d
360 966 373 1002 >
396 962 532 996 credidit
557 963 589 994 in
615 962 763 995 militaris
795 962 940 995 Tribuni
975 962 1075 1002 Lega-

76 1014 137 1045 to,
161 1007 195 1038 in
218 1005 309 1048 cujus
333 1005 458 1039 sinistro
491 1006 629 1039 thoracis
653 1017 731 1038 cavo
764 1014 877 1047 praeter
910 1005 1076 1038 ventricu-

77 1049 167 1086 lum,
195 1050 226 1082 &
251 1049 345 1082 lienis
366 1048 564 1089 dimidium,
589 1059 658 1092 pars
680 1061 811 1092 quoque
834 1048 1005 1082 memorati
1028 1049 1080 1080 in-

77 1092 183 1126 testini
204 1093 307 1126 inerat
322 1116 330 1131 ‚
353 1104 418 1125 non
443 1104 497 1135 per
520 1092 606 1126 idem
631 1101 757 1130 tamen,
781 1092 924 1126 foramen
949 1091 1079 1124 redeun-

74 1137 118 1169 tis
142 1147 195 1177 per
219 1136 307 1177 quod
332 1135 457 1169 subibat
473 1159 484 1176 ,
509 1136 558 1170 sed
583 1148 636 1179 per
660 1136 817 1173 alterum,
842 1145 980 1177 quorum
992 1134 1078 1167 fora-

74 1181 202 1212 minum
225 1190 291 1212 orae
314 1180 535 1220 cartilaginea»
567 1180 653 1212 arfie
676 1179 714 1212 ad
738 1178 930 1212 transeuntia
963 1189 1015 1219 per
1049 1178 1077 1211 se

76 1223 197 1255 viscera
221 1221 443 1255 adhaerebant.
466 1223 582 1264 Neque
607 1222 699 1254 aliam
725 1224 757 1255 in
772 1223 841 1255 aliis
863 1221 989 1254 duobus
1012 1219 1080 1253 sen-

76 1267 214 1299 tentiam
246 1264 369 1305 fuisse,
404 1266 529 1299 videbis
550 1291 558 1306 ‚
596 1265 724 1298 Riverii
755 1265 862 1307 (e),
896 1264 1079 1297 Bartholini

76 1306 186 1352 (f),
210 1311 239 1340 &
262 1308 419 1343 Clauderi
442 1311 551 1351 (g),
576 1307 597 1341 si
624 1318 733 1341 totum
758 1308 889 1350 quidem
914 1306 1079 1339 Bartholi-

77 1364 111 1386 ni
135 1351 245 1386 locum
269 1353 308 1386 ab
332 1353 433 1385 initio
454 1352 552 1393 usque
576 1353 714 1394 legeris,
736 1351 823 1394 quod
836 1352 968 1385 initium
982 1351 1013 1381 in
1026 1352 1079 1383 Se-

76 1395 249 1438 pulchreto
272 1397 472 1439 praeteritum
497 1394 561 1428 est.
588 1397 638 1428 De
662 1407 726 1428 uno
750 1392 1022 1436 eodemqueipse,
1046 1395 1078 1426 &

76 1439 257 1473 Clauderus
280 1441 377 1473 verba
402 1439 549 1477 faciunt3
575 1438 624 1471 sed
649 1439 739 1481 plura
763 1438 815 1471 hic
838 1438 877 1471 de
914 1438 1042 1469 vivente
1066 1459 1079 1476 ‚

76 1483 133 1515 ille
155 1482 194 1515 de
218 1492 348 1517 mortuo
360 1490 594 1516 commemorat
609 1506 616 1513 .
631 1483 757 1515 Summa
768 1481 810 1514 est
826 1503 835 1518 ‚
851 1480 1078 1517 ventriculum,

76 1536 245 1560 omentum
277 1549 286 1564 ,
320 1537 431 1569 parum
457 1526 631 1565 pancreatis
665 1548 678 1564 ‚
711 1523 864 1566 majorem
896 1523 973 1556 Coli
997 1523 1082 1559 inte-

78 1568 153 1603 stini
179 1579 304 1612 partem
328 1571 360 1602 in
385 1567 507 1602 sinistra
531 1568 671 1601 thoracis
693 1579 784 1601 cavea
809 1565 987 1605 delituisse,
1010 1577 1082 1609 quae

76 1614 156 1647 Coli
180 1625 270 1656 pars,
299 1624 360 1645 una
382 1623 457 1645 cum
480 1610 642 1645 Duodeno
667 1633 678 1650 ,
711 1622 765 1653 per
788 1611 872 1644 idem
898 1609 1004 1643 exibat
1028 1619 1082 1651 per

74 1657 165 1699 quod
187 1655 447 1698 ingrediebatur,
472 1655 636 1695 amplum,
663 1662 843 1695 nerveoque
866 1653 987 1686 circulo
1019 1653 1081 1685 cir-

74 1699 330 1742 cumscriptum,
353 1698 497 1741 foramen
521 1699 554 1729 in
579 1696 741 1737 subjecto,
766 1696 855 1740 quod
878 1705 985 1729 totum
1007 1704 1076 1727 erat

73 1743 242 1777 carnosum
257 1764 266 1779 ‚
289 1740 532 1784 diaphragmate
556 1741 760 1782 peculiariter
791 1748 954 1783 apertum.
976 1739 1076 1783 Juve-

72 1788 123 1819 nis
147 1796 224 1819 vero
257 1786 353 1822 alter,
381 1784 420 1817 ab
452 1785 591 1817 Riverio
623 1784 797 1825 descriptus
820 1808 829 1822 ‚
860 1783 1077 1816 ventriculum

73 1830 243 1864 dumtaxat
266 1830 300 1862 in
325 1828 454 1862 thorace
477 1827 614 1867 habuit,
638 1826 691 1860 sed
714 1827 880 1865 adextris,
906 1837 976 1868 quae
1002 1824 1077 1857 tho-

72 1875 157 1908 racis
179 1884 247 1915 pars
262 1895 271 1909 ‚
294 1884 366 1905 curn
392 1871 543 1914 pulmone
567 1879 686 1903 careret
702 1892 711 1907 ‚
728 1868 768 1903 sic
785 1869 823 1902 ab
835 1878 909 1902 ortu
922 1880 988 1901 rem
1001 1867 1078 1901 fuis-

73 1917 128 1955 se,
153 1915 372 1958 significabat.
398 1915 472 1955 Qa
498 1923 604 1947 autem
629 1915 678 1946 via
690 1924 744 1955 per
768 1912 891 1951 septum
903 1912 1079 1944 Transver-

73 1961 144 1995 sum
166 1960 312 2002 ‘prodiret
337 1958 535 1992 Duodenum
558 1957 742 1990 intestinum
760 1980 768 1996 ‚
789 1955 945 1989 Riverius
970 1955 1076 1988 siluit.

72 2005 136 2038 Illa
160 2013 225 2036 non
250 2002 338 2036 siluit
363 2026 372 2042 ,
404 2001 559 2047 Juvenem
583 2010 659 2033 toto
684 2002 758 2033 vitae
782 1998 914 2033 decursu
938 1997 1077 2041 spirandi

71 2046 262 2082 difficultate
287 2056 350 2079 non
375 2043 464 2078 fuisse
495 2043 586 2076 valde
608 2042 789 2088 oppressum
814 2057 822 2080 3
859 2042 900 2075 sic
932 2042 1018 2074 enirn
1043 2044 1076 2074 in

72 2089 281 2129 Sepulchreto
305 2100 434 2132 quoque
459 2087 661 2120 scribendum
686 2085 786 2120 fuerat
812 2098 821 2124 5
854 2088 884 2118 δέ
908 2085 1076 2118 vehemen-

69 2135 197 2169 tiffimis
231 2147 247 2166 a
272 2134 399 2173 sumpto
423 2131 604 2165 antimonio
626 2130 779 2163 vomendi
810 2138 947 2163 conatus
970 2130 1074 2160 omni.

69 2189 115 2212 no
138 2178 248 2209 irritos
282 2175 373 2209 fuisse
390 2201 397 2214 ,
421 2174 579 2216 impedito
603 2198 611 2212 ,
644 2182 680 2206 ut
717 2174 870 2205 Riverius
903 2173 1038 2213 putabat
1063 2193 1073 2207 ‚

71 2221 254 2255 ventriculo
278 2232 295 2252 a
319 2216 478 2253 costarum
504 2217 629 2251 ambitu
644 2242 651 2249 .
672 2216 807 2258 Juvenis
830 2225 937 2249 autem
959 2214 1073 2257 dequo

71 2266 273 2300 Claudems,
299 2265 329 2295 δέ
354 2262 563 2296 Bartholinus
587 2283 597 2299 ,
630 2260 728 2292 libera
755 2260 875 2301 semper
897 2282 908 2299 ‚
941 2257 961 2290 si
987 2259 1073 2291 subi-

71 2304 224 2344 taneum,
248 2309 278 2340 &
302 2307 369 2339 cito
392 2305 575 2339 evanescens
598 2304 716 2337 asthma
728 2304 886 2344 excipias,
910 2301 980 2335 usus
1004 2301 1073 2335 fue-

69 2361 121 2386 rat
144 2350 353 2393 respiratione
380 2362 389 2381 :
421 2352 450 2383 δέ
473 2349 556 2380 inter
587 2348 730 2381 vomitus
763 2344 997 2387 propemodum
1022 2346 1072 2377 in-

71 2396 186 2429 finitos
210 2392 250 2427 cst
283 2402 430 2426 mortuus
453 2415 465 2431 ,
501 2389 625 2424 tametsi
669 2390 866 2424 ventriculus
899 2387 1072 2423 fortiffiinis

71 2440 200 2482 aliquot
221 2438 361 2471 vinculis
385 2435 422 2469 ad
444 2434 678 2477 diaphragma,
702 2444 835 2475 eamque
860 2432 1011 2466 viciniam
1026 2432 1074 2465 al-

69 2484 192 2524 ligatus
215 2493 278 2523 qua
302 2479 571 2514 committebatur
595 2489 670 2511 cum
693 2476 767 2519 gula
791 2498 801 2513 ‚
838 2485 926 2519 parte
948 2476 1072 2518 reliqua

68 2525 196 2560 :sursum
220 2523 371 2558 conversa
394 2521 493 2556 ferme
516 2522 553 2554 ad
577 2521 748 2555 claviculas
771 2520 995 2563 perveniebat,
1017 2528 1072 2552 to-

67 2579 142 2603 tum
165 2567 252 2612 quasi
276 2578 458 2609 occupans,
483 2566 535 2599 cui
558 2574 627 2598 erat
658 2563 820 2603 inclusus,
845 2563 985 2597 thoracis
1018 2574 1070 2596 ca-

67 2624 169 2646 vum.
303 2611 387 2648 Quae
421 2610 637 2652 symptomata
661 2606 820 2641 infantem
843 2616 994 2640 vexarent
1018 2606 1069 2639 bi-

69 2656 218 2697 mestrem
233 2679 244 2695 ‚
266 2653 305 2687 ab
327 2653 397 2695 ipso
420 2663 493 2685 ortu
508 2651 586 2684 male
601 2650 628 2684 se
639 2650 834 2691 habentem,
857 2653 890 2683 in
915 2662 980 2691 quo
1001 2649 1066 2682 Ca-

66 2701 156 2734 :rolus
178 2698 314 2731 Hultius
338 2696 486 2730 intestina
512 2693 612 2728 ferme
636 2696 745 2728 omnia
768 2706 842 2727 cum
875 2692 1066 2726 mesenterio

67 2744 154 2782 iutra
179 2741 344 2776 thoracem
367 2741 492 2773 invenit
513 2738 658 2772 tradufia
683 2750 739 2780 per
762 2737 906 2771 foramen
933 2748 949 2769 a
973 2745 1067 2770 natu-

67 2798 104 2821 ra
129 2784 306 2818 formatum
330 2784 363 2821 in
386 2782 628 2823 diaphragmate
653 2794 668 2814 a
694 2782 790 2814 latere
823 2779 947 2814 sinistro
981 2777 1069 2812 sora-

68 2827 169 2862 minis
192 2828 295 2869 gulae,
320 2837 358 2859 ex
381 2825 470 2867 Lips.
496 2825 585 2857 Attis
601 2824 813 2860 Eruditorum
838 2828 849 2863 (
873 2823 892 2855 h
913 2827 927 2863 )
947 2834 1068 2865 cogno-

66 2874 134 2908 sces
157 2895 165 2906 .
200 2871 230 2903 A
254 2878 365 2902 natura
389 2879 520 2911 quoque
542 2866 609 2909 ipsa
642 2867 781 2901 fissuram
816 2865 1069 2908 diaphragmatis

65 2916 188 2952 fa6tam
211 2910 290 2951 esse,
313 2911 525 2950 crediderim,
547 2921 602 2953 per
622 2921 718 2953 quam
744 2912 776 2943 in
800 2911 882 2944 foetu
908 2911 1068 2942 ventricu-

24 2958 26 2961 ’
68 2961 161 2995 lum,
186 2957 324 2993 lienem,
348 2964 533 2998 partemque
557 2953 705 2995 hepatis,
733 2955 881 2987 Duodeni
906 2951 1069 2991 intestini,

68 3008 101 3038 &
123 3001 248 3035 omenti
272 2999 446 3032 traductam
459 2997 542 3031 vidit
560 2996 806 3032 Cl-Stehelinus
828 3000 842 3036 (
865 2998 877 3030 i
900 3000 910 3035 )
935 2997 967 3028 in
991 2995 1068 3028 tho-

66 3047 150 3081 :racis
161 3054 289 3077 caveam
301 3040 478 3078 sinistram3
503 3041 732 3083 sic‚inquam‚
758 3039 969 3077 crediderim,
995 3051 1068 3073 cum

67 3088 193 3124 :sinister
218 3087 329 3129 pulmo
354 3096 418 3118 uno
441 3085 608 3118 dumtaxat
620 3095 657 3116 ex
681 3084 758 3117 lobo
781 3084 965 3123 constaret,
990 3082 1066 3116 dex-

67 3143 207 3173 teroque
232 3129 305 3163 esset
328 3128 428 3169 triplo
450 3130 576 3163 minor.
602 3128 707 3161 Sciens
738 3137 891 3169 praetereo
914 3137 984 3168 quae
1018 3128 1068 3158 vi-

67 3176 155 3210 :scera
180 3174 299 3206 ventris
326 3169 500 3205 inthorace
511 3172 646 3204 aliorum
661 3171 823 3206 mettium,
846 3171 966 3212 quippe
978 3181 1070 3211 pror-

67 3219 122 3253 sus
146 3214 419 3252 monstrosorum,
445 3215 529 3247 suilli
553 3215 668 3254 unius,
690 3213 905 3247 humanorum
930 3212 1069 3246 duorum

68 3256 295 3303 clbnspexerint
330 3259 523 3299 Anonymus
556 3257 687 3300 quidam
723 3257 809 3297 (k)
834 3282 843 3297 ‚
889 3257 1068 3297 Lemeryus

67 3311 83 3345 (
106 3305 117 3338 l
140 3308 172 3343 )‚
196 3305 370 3343 Vernoyus
393 3303 406 3339 (
429 3312 458 3334 m
482 3304 514 3339 )‚
538 3301 786 3342 &diaphragma
804 3300 866 3333 fere
877 3310 985 3333 omnes
999 3311 1068 3341 per-

68 3348 233 3383 foratum.
260 3345 426 3386 Susceptus
460 3345 545 3377 enim
578 3344 694 3377 sermo⁰
711 3344 847 3385 postulat
872 3366 880 3381 ,
916 3352 951 3375 ut
976 3342 1011 3376 ad
1034 3355 1069 3375 ea

69 3401 204 3433 corpora
227 3389 347 3432 quibus
369 3399 430 3419 non
455 3389 555 3429 prima
591 3386 812 3421 conformatio
836 3410 847 3427 ,
878 3385 929 3419 sed
965 3386 1069 3418 morbi

69 3438 138 3470 vis,
163 3436 193 3466 &
217 3433 347 3465 vulnera
373 3430 571 3472 praesertim,
596 3433 813 3464 ventriculum
837 3453 848 3469 ‚
881 3438 935 3462 aut
960 3428 1064 3462 viscus

68 3477 158 3514 aliud
181 3474 313 3517 aliquod
338 3474 538 3506 traduxerint
562 3475 595 3506 in
629 3473 816 3510 thoracem,
843 3481 1039 3507 revertamur
1056 3497 1063 3503 .

118 3531 163 3554 12.
179 3519 289 3551 Littrii
316 3521 326 3556 (
348 3528 366 3549 n
389 3521 402 3556 )
424 3516 789 3550 Observatiodifficilem
801 3517 1065 3558 respirationem,

68 3569 101 3599 δι
124 3564 272 3601 crebros,
296 3561 347 3593 sed
368 3562 500 3597 irritos,
518 3561 668 3592 vomendi
683 3571 816 3593 conatus
839 3562 871 3592 in
885 3557 1064 3593 canefuisse

151 3604 313 3646 Morgagni
336 3605 370 3636 de
394 3604 517 3636 Sed&
539 3603 624 3644 Cazrs.
651 3603 921 3636 Morb.Tom.II.

158 3677 168 3692 c
183 3669 196 3696 )
214 3667 278 3696 Disp.
295 3666 324 3690 de
341 3665 473 3694 Hydrocel.
491 3671 540 3689 not.
560 3671 578 3694 φ
595 3666 623 3689 ad
643 3666 663 3695 §.
680 3673 704 3688 2.

156 3707 167 3722 e
187 3698 194 3726 )
211 3697 334 3726 Sepulchr'.
353 3696 409 3720 Obs.
430 3703 467 3722 27.
483 3696 525 3719 cit.
543 3696 566 3727 §.
584 3704 605 3719 2.
622 3704 678 3720 cum
695 3696 775 3719 schol.
837 3698 850 3725 ζ
863 3696 878 3724 f
893 3697 905 3725 )
924 3696 983 3719 ibid.
1002 3696 1024 3726 §.
1042 3705 1062 3725 3.

159 3729 173 3752 h
189 3729 202 3757 )
220 3731 248 3752 Α.
267 3734 333 3756 1702.
352 3728 390 3750 M.
406 3727 531 3750 Decembr.
593 3727 601 3755 (
619 3727 629 3748 ἑ
645 3726 652 3756 )
669 3728 784 3751 Tentam.
802 3727 893 3750 Medic.
914 3727 946 3750 th.
965 3734 986 3755 3.

155 3761 165 3783 l
181 3760 193 3787 )
211 3760 288 3782 Meni.
305 3757 334 3780 de
351 3757 447 3781 1’Acad.
468 3759 497 3780 R.
513 3757 553 3781 des
571 3758 608 3781 Sc.
626 3758 656 3780 A.
675 3765 741 3785 1724.

153 3798 171 3813 n

159 3793 204 3850 .’>

213 3788 271 3814 Hist.
288 3788 316 3812 de
333 3787 431 3811 l’Acad.
450 3789 478 3814 K.
497 3787 538 3813 des
554 3788 591 3811 Sc.
608 3788 637 3811 A.
658 3791 723 3816 1706.
741 3786 798 3811 Obs.
817 3790 889 3811 Anat.
908 3795 945 3811 10.

221 3821 274 3849 sep.
300 3817 360 3842 Obs.
377 3817 421 3844 cit.
440 3817 464 3847 §.
482 3825 507 3847 3.
789 3818 857 3849 (s)
873 3817 931 3843 obs.
947 3817 990 3854 cit.
1007 3816 1028 3848 §.
1045 3825 1067 3846 4.

125 3669 144 3849 ΑΠᾹΑΗΑ

565 3818 727 3849 (r)n.u.

1127 310 1251 346 indicat
1267 335 1275 350 ‚
1298 310 1390 352 cujus
1414 310 1609 344 ventriculus
1631 306 1794 341 thoracem
1811 306 1959 349 peridem
1983 309 2130 341 foramen?

1127 355 1265 389 subierat
1290 366 1346 396 per
1369 355 1456 397 quod
1478 354 1553 395 gula
1576 351 1762 393 egreditur.
1788 352 1905 392 Neque
1929 352 2014 383 enim
2048 351 2087 384 fic
2111 363 2128 383 a

1126 407 1238 432 natura
1263 396 1374 434 fuisse,
1398 398 1557 430 docebant
1582 397 1669 430 duo,
1693 397 1831 428 alterum
1843 395 1926 436 gulae
1949 392 2045 436 ipsius
2059 394 2132 426 lon-

1127 441 1243 483 gitudo
1266 442 1340 482 (ab
1363 441 1432 473 aliis
1456 451 1521 472 non
1547 438 1736 480 adnotata)
1765 439 1918 470 nimirum
1957 445 2069 472 tanta,
2094 445 2131 468 ut

1129 496 1204 518 mox
1230 486 1443 517 ventriculum
1468 485 1501 515 in
1527 481 1702 515 naturalem
1715 482 1817 514 sedem
1842 481 2010 514 reducenti
2036 479 2129 512 mini-

1129 539 1178 561 me
1202 524 1360 563 obstarem
1384 528 1517 559 alterum
1541 536 1654 567 magna
1691 525 1795 557 fissura
1828 525 1860 555 in
1894 535 1992 565 quarn
2025 520 2133 555 fuerat

1128 570 1162 604 id
1184 570 1324 604 foramen
1337 570 1589 612 diaphragmatis
1610 567 1843 610 amplificatum
1859 589 1870 605 ‚
1893 578 1947 608 per
1969 565 2055 607 quod
2069 576 2131 607 gu-

1129 615 1158 647 la
1182 614 1292 647 eadem
1315 613 1445 646 transire
1463 612 1561 648 solet,
1583 623 1659 645 tunc
1683 620 1790 643 autem
1813 610 2008 643 Duodenuin
2041 610 2133 641 inte-

1131 658 1249 691 stinum
1273 656 1428 689 transibat
1444 682 1453 696 ‚
1477 667 1548 698 quae
1571 654 1676 688 fissura
1701 655 1884 686 cicatricem
1910 666 1925 685 a
1950 654 2070 694 longo,
2093 659 2133 683 ut

1129 701 1321 739 videbatur,
1344 709 1488 741 tempore
1512 698 1575 739 jam
1599 697 1732 730 duxerat
1757 716 1774 728 ,ν
1805 697 1857 728 Sic
1894 706 2001 729 autem
2025 694 2131 728 fissum

1128 743 1338 786 diaphragma
1363 743 1504 774 Littrius
1528 739 1641 780 fuisse,
1665 739 1833 774 credebat,
1855 750 1871 771 a
1906 737 2132 771 violentiffima

1128 788 1233 830 aliqua
1258 787 1319 819 sive
1343 787 1423 828 gulae
1447 783 1677 822 convulsione,
1701 783 1915 816 ventriculum
1928 780 2050 814 sursum
2063 789 2133 811 tra-2

1127 830 1243 867 hente,
1267 829 1329 862 five
1353 829 1573 861 coutraetione
1584 826 1840 868 diaphragmatis
1863 824 1977 864 simul,
2001 826 2031 857 Sc
2056 833 2133 855 mu-

1130 875 1293 907 sculorum
1316 871 1515 906 Abdominis
1530 895 1538 910 ‚
1561 882 1658 912 quarn
1683 868 1876 902 ventriculus
1900 891 1912 908 ‚
1945 878 2022 901 tunc
2038 864 2133 915 ⁴forte

1128 916 1339 951 solidioribus
1352 938 1361 954 ‚
1386 923 1421 948 ut
1434 916 1466 946 in
1479 925 1556 947 cane
1571 939 1580 953 ,
1605 914 1765 946 alimentis
1777 914 1887 955 plenus
1902 934 1915 950 ,
1939 909 2105 952 adjuvisset
2119 928 2133 942 .-

1126 963 1200 1003 Ego
1220 968 1326 993 autem
1348 971 1422 992 cum
1446 969 1483 990 ex
1504 956 1720 998 superioribus
1743 957 1854 998 plura,
1879 965 1948 987 turn
1973 954 2039 987 haec
2053 963 2134 994 prae-

1131 1004 1241 1038 sertim
1265 1015 1303 1037 ex
1326 1003 1455 1036 Littrio
1475 1000 1580 1034 censui
1604 1014 1619 1033 a
1645 1011 1694 1032 me
1718 1000 1778 1032 tibi
1804 997 2134 1033 essecommemoran«

1131 1049 1189 1084 da,
1212 1056 1249 1080 ut
1277 1054 1487 1087 comparans,
1509 1043 1689 1085 intelligere
1712 1042 1833 1076 facilius
1867 1041 1980 1084 poffis‚
2009 1039 2135 1087 refiiene

1132 1093 1188 1125 alii
1212 1090 1272 1123 alia
1296 1090 1439 1120 vomitus
1462 1087 1672 1120 instrumenta
1695 1085 2138 1128 proponereconsuevermty'

1130 1145 1200 1167 turn
1224 1133 1279 1166 ubi
1304 1131 1498 1163 ventriculus
1522 1131 1555 1162 in
1578 1130 1711 1163 thorace
1725 1127 1784 1169 sit,
1809 1140 1824 1160 a
1848 1127 2037 1170 primordiis
2050 1124 2135 1167 posi-

1129 1188 1201 1216 ως,
1226 1188 1263 1209 an
1288 1175 1320 1208 vi
1342 1174 1447 1207 morbi
1471 1173 1652 1214 compulsus
1677 1172 1795 1211 fuerit,
1819 1181 1889 1205 tum
1912 1171 2071 1212 de-nique·‚
2097 1177 2134 1200 ut:

1131 1222 1191 1254 alia
1215 1218 1284 1261 post
1308 1217 1492 1259 attingenda
1516 1216 1569 1249 hic
1593 1218 1745 1249 omittam
1770 1227 1781 1254 ,·
1812 1215 1928 1257 quibus
1962 1212 2132 1256 agentibus

1129 1263 1226 1298 causis
1248 1273 1287 1295 eo
1309 1261 1542 1296 compellatur.
1568 1260 1655 1293 Nam
1681 1257 1768 1301 quod
1794 1258 1897 1291 visum
1933 1255 1974 1290 esi
2007 1256 2134 1289 summo

1130 1317 1224 1342 aetate
1246 1305 1306 1338 hac
1331 1303 1438 1337 nostra
1462 1305 1548 1336 Viro
1575 1329 1582 1343 ,
1616 1312 1736 1345 quanta
1763 1303 1810 1334 vis
1834 1301 1871 1334 sit
1903 1312 1966 1344 qua
1991 1298 2133 1332 musculi

1130 1349 1329 1384 Abdominis
1352 1350 1385 1380 in
1408 1345 1626 1390 exspiratione
1651 1347 1769 1379 sursum
1793 1354 1929 1387 urgeant
1941 1345 2062 1382 ventris
2085 1344 2136 1373 vi·-

1131 1393 1233 1430 scera,
1259 1391 1334 1426 hinc
1360 1389 1445 1432 posse
1469 1390 1617 1423 aestimari
1642 1389 1729 1431 quod
1742 1390 1895 1430 exiguum
1909 1386 1998 1429 septo
2012 1387 2137 1419 Trans—

1131 1436 1221 1470 verso
1244 1435 1407 1468 inflifflum
1434 1435 1546 1467 vulnus
1569 1433 1705 1466 dilatent
1730 1432 1831 1471 adeo,
1855 1440 1890 1465 ut
1913 1432 1986 1464 illac
2011 1430 2135 1462 ventri-

1132 1481 1222 1514 culus
1244 1480 1278 1511 in
1302 1477 1469 1510 thoracem
1494 1477 1652 1516 transeat;
1675 1487 1788 1517 nempe
1813 1476 1968 1516 intelligis
1991 1497 2000 1511 ,
2033 1472 2136 1514 expli-

1133 1523 1271 1558 cationis
1295 1521 1409 1553 Littrii
1433 1517 1562 1553 fortasse
1589 1521 1751 1558 oblitum,
1773 1531 1867 1561 quem
1883 1518 2037 1551 effectum
2061 1526 2136 1555 par-

1134 1569 1195 1601 tim
1219 1567 1258 1598 iis
1282 1563 1454 1600 musculis,
1478 1564 1596 1604 partim
1619 1563 1648 1594 ei
1673 1561 1764 1602 septo
1789 1573 1901 1604 magna
1928 1562 1959 1592 vi
1983 1558 2132 1592 deorsum

1134 1609 1324 1644 contraftm
1350 1605 1525 1648 praesertim
1548 1606 1625 1639 dum
1662 1604 1869 1638 convulsione
1894 1627 1902 1640 ,
1938 1613 1991 1635 aut
2015 1611 2135 1635 conatu

1136 1655 1245 1695 aliquo
1268 1654 1302 1684 in
1326 1650 1505 1684 cohibenda
1533 1649 1744 1689 respiratione
1766 1659 1840 1681 cum
1865 1648 1926 1680 illis
1942 1644 2032 1679 simul
2057 1656 2136 1678 con—

1135 1698 1270 1733 nititur,
1295 1694 1460 1730 tribuere,
1486 1694 1518 1726 ni
1551 1693 1665 1728 fallor,
1690 1692 1820 1725 decebat
1843 1714 1852 1728 ‚
1887 1691 1981 1723 illum
2004 1700 2134 1722 omnem

1130 1742 1170 1774 iis
1193 1740 1266 1774 solis
1277 1737 1427 1772 musculis
1449 1734 1619 1770 tribuis-se.
1643 1737 1806 1768 Caeterum
1831 1735 1852 1767 si
1877 1734 1991 1766 vulnus
2014 1745 2050 1765 eo
2063 1731 2134 1765 for-

1129 1795 1160 1818 te
1184 1782 1328 1818 incidat,
1351 1790 1386 1814 ut
1410 1780 1553 1814 foramen
1578 1778 1751 1821 amplificet
1765 1790 1818 1819 per
1841 1777 1929 1820 quod
1942 1776 2133 1818 oesophagus

1130 1826 1313 1869 trajicitur,
1337 1823 1464 1857 evidens
1486 1824 1551 1865 est,
1577 1822 1615 1856 ad
1638 1823 1773 1855 eundern
1797 1821 1946 1855 effefium
1979 1818 2133 1853 inducen-

1130 1871 1207 1904 dum
1229 1870 1303 1903 satis
1325 1866 1384 1902 esse
1406 1867 1544 1901 minores
1568 1868 1669 1901 vires.
1695 1866 1860 1900 anutem
1886 1865 1999 1898 vulnus
2025 1864 2056 1895 in
2072 1864 2134 1895 mi-

1131 1915 1189 1947 lite
1213 1913 1373 1946 inciderat
1395 1913 1428 1945 in
1451 1925 1517 1955 quo
1549 1910 1774 1954 Glandorpins
1797 1913 1811 1948 (
1832 1920 1848 1941 ο
1872 1910 1882 1945 )
1908 1920 1963 1951 per
1997 1906 2129 1940 eandem

1130 1957 1299 1999 oesophagi
1322 1956 1409 1989 viam
1434 1955 1605 1990 ascendisse
1622 1956 1748 1989 invenit
1774 1951 1929 1987 sinistram
1956 1951 2131 2001 ventriculi

1130 2009 1256 2044 partem
1281 2010 1354 2033 cum
1377 2001 1530 2042 portione
1553 1999 1704 2033 Duodeni
1719 2021 1728 2035 ‚
1752 2001 1782 2032 δε
1805 1997 1884 2031 Coli
1915 1996 2081 2031 intestini:
2103 1996 2129 2027 is

1128 2056 1204 2078 vero
1227 2054 1265 2077 ex
1287 2042 1398 2076 dolore
1419 2066 1430 2082 ,
1453 2046 1484 2076 &
1507 2042 1744 2086 haemorrhagia
1771 2067 1780 2080 ,
1817 2041 1955 2085 syncope
1988 2040 2130 2074 maxima

1127 2099 1201 2121 cum
1225 2086 1715 2129 respirationisinterceptione,
1740 2084 1922 2128 &singultu
1943 2085 2130 2127 absumptus

1126 2130 1250 2165 fuerat.
1276 2129 1435 2164 Accidere
1460 2132 1556 2164 etiam
1582 2129 1707 2172 potest,
1731 2138 1767 2162 ut
1793 2130 1910 2163 minori
1926 2130 1958 2161 vi
1981 2141 2062 2172 opus
2088 2127 2129 2162 sit

1124 2184 1379 2216 nonnunquam,
1403 2185 1516 2216 nempe
1539 2176 1572 2207 in
1598 2173 1728 2206 homine
1761 2173 1813 2205 cui
1846 2184 1899 2215 per
1934 2172 1962 2206 se
1986 2175 2036 2206 via
2071 2172 2128 2206 illa

1124 2218 1292 2259 oesophagi
1316 2218 1411 2251 latior
1435 2219 1499 2256 fit,
1523 2216 1795 2259 quemadmodum
1809 2215 1929 2250 fuissea
1954 2229 2001 2250 me
2026 2216 2127 2250 visam

1124 2263 1159 2295 in
1183 2262 1300 2295 Sutore
1322 2261 1483 2302 quodam,
1508 2262 1546 2294 ad
1569 2270 1600 2293 te
1638 2258 1746 2302 scripsi
1769 2263 1826 2301 (p
1847 2263 1876 2299 ).
1904 2260 1958 2293 Est
1981 2270 2091 2293 contra
2120 2286 2128 2299 ,

1124 2316 1200 2339 cum
1223 2306 1270 2337 vis
1295 2306 1470 2345 requiritur
1493 2314 1547 2338 aut
1571 2304 1694 2338 diutius
1719 2305 1881 2345 repetita,
1906 2314 1960 2337 aur
1994 2305 2125 2337 validis-

1125 2348 1202 2381 sima
1221 2371 1230 2387 ,
1251 2346 1313 2381 sive
1336 2347 1390 2380 illa
1416 2347 1524 2381 eadem
1549 2349 1599 2381 via
1614 2373 1621 2385 ‚
1643 2349 1704 2381 sive
1729 2347 1788 2379 alia
1816 2346 1984 2388 superanda
2010 2348 2125 2381 sitnon

1124 2391 1197 2425 satis
1221 2402 1276 2432 per
1300 2391 1415 2424 vulnus
1436 2401 1565 2432 aperta.
1590 2392 1743 2434 Repetira
1769 2389 1809 2428 est
1833 2391 1899 2424 dies
1921 2392 1996 2423 ofto
2026 2394 2058 2424 in
2085 2403 2124 2424 eo

1124 2436 1178 2469 cui
1200 2435 1362 2468 Henricus
1385 2434 1423 2467 ab
1436 2435 1525 2469 Heer
1549 2440 1559 2474 (
1584 2445 1601 2477 q
1625 2439 1635 2473 )
1661 2432 2124 2477 perstricf'izffimumdiaphrag-

1128 2481 1226 2511 matis
1248 2478 1362 2511 vulnus
1387 2478 1540 2520 irrepsisse
1565 2479 1596 2511 in
1621 2478 1786 2511 thoracem
1811 2477 1894 2511 vidit
1918 2479 2045 2512 Tenuia
2071 2478 2122 2511 in-

1123 2522 1235 2555 testina
1251 2543 1259 2559 ‚
1285 2531 1322 2555 ut
1344 2523 1401 2563 qui
1425 2533 1488 2555 non
1513 2523 1569 2555 nisi
1584 2533 1673 2555 nono
1698 2521 1826 2555 tandem
1849 2522 1900 2555 die
1925 2520 2123 2565 symptoma-

1122 2574 1154 2598 ta
1178 2565 1220 2598 est
1243 2564 1363 2607 passus,
1387 2564 1420 2598 id
1443 2564 1639 2599 ostendentia
1663 2589 1674 2605 ,
1710 2566 1861 2608 intraque
1886 2564 1979 2599 horas
2003 2568 2123 2607 viginti

1119 2618 1259 2651 quatuor
1283 2610 1448 2641 necantia.
1476 2607 1613 2642 Fortasse
1638 2618 1744 2642 autem
1769 2610 1905 2651 repetita
1931 2609 1972 2643 est
2006 2610 2124 2643 menses

1120 2654 1322 2698 quinque-in
1345 2651 1495 2685 studioso
1519 2653 1577 2686 illo
1598 2652 1637 2686 de
1660 2664 1726 2695 quo
1749 2652 1840 2695 supr-a
1867 2654 1883 2696 (
1902 2663 1917 2683 r
1938 2657 1950 2692 )
1973 2664 2013 2687 ex
2046 2654 2126 2686 Sen-

1120 2704 1213 2728 nerto
1232 2696 1402 2736 injecimus
1425 2698 1646 2732 mentionem3
1672 2697 1734 2729 illis
1758 2700 1842 2729 enim
1865 2698 1983 2729 exactis
2008 2697 2124 2729 mensi-

1120 2739 1198 2776 bus,
1225 2740 1304 2772 male
1328 2738 1444 2772 habere
1466 2739 1593 2772 demum
1618 2740 1740 2781 coepit,
1767 2740 1922 2781 proximis
1939 2751 2044 2772 aurem
2055 2739 2123 2772 die-

1120 2781 1179 2815 bus
1204 2782 1273 2824 post
1299 2782 1377 2824 saepe
1400 2784 1533 2815 iteratos
1556 2783 1714 2817 vomitus,
1742 2783 1909 2824 &peffinia
1936 2782 2021 2824 signa
2035 2795 2121 2816 mor-

1104 2827 1195 2858 'tuus
1219 2824 1287 2864 est,·
1310 2836 1345 2858 ut
1358 2824 1710 2867 quanquamindicium
1725 2824 1784 2864 fit,
1810 2836 1872 2858 non
1897 2837 2025 2867 parvam
2041 2838 2120 2858 ven-

1120 2868 1231 2902 triculi
1256 2878 1376 2911 partem
1402 2868 1517 2906 septem
1542 2879 1615 2901 ante
1638 2867 1793 2901 mensibus
1825 2880 1899 2902 cum
1933 2872 2047 2902 vulnus
2071 2871 2123 2901 in-

1121 2910 1252 2945 fliecum
1278 2910 1344 2951 est,
1369 2911 1525 2945 finistrum
1548 2911 1689 2945 thoracis
1703 2923 1818 2944 cavum
1845 2910 1988 2952 subiisse,
2012 2916 2041 2946 &
2065 2924 2121 2946 cor

1121 2958 1156 2989 in
1179 2955 1346 2987 dexterum
1371 2954 1452 2987 latus
1467 2981 1475 2994 ‚
1500 2956 1732 2989 ubiinventum
1747 2955 1811 2991 est,
1836 2956 2048 2995 compulisse;
2069 2957 2118 2989 ibi

1120 3001 1208 3032 enim
1232 2998 1298 3040 ipse
1317 2997 1381 3039 posi}
1403 3006 1561 3040 acceptum
1582 2998 1697 3031 vulnus
1716 2997 1847 3040 jubebat
1869 2998 2027 3040 observare
2046 3000 2121 3041 pul-

1113 3041 1184 3084 sum
1206 3042 1328 3079 cordis,·
1352 3050 1456 3074 tamen
1481 3040 1689 3075 ventriculum
1713 3048 1832 3077 totum,
1856 3053 2086 3085 omentumque
2110 3068 2120 3083 ‚

1119 3088 1151 3118 &
1175 3096 1322 3126 pancreas
1346 3092 1446 3117 totum
1470 3095 1534 3117 non
1560 3085 1616 3117 nisi
1632 3084 1791 3126 postremo
1813 3084 1872 3117 illo
1886 3087 2117 3128 temporeilluc

1120 3127 1307 3165 ascendisse,
1333 3128 1374 3160 est
1398 3129 1514 3170 aliquis
1536 3128 1685 3161 credendi
1709 3128 1798 3161 locus
1823 3153 1829 3160 .
1867 3129 1987 3170 Estque
2020 3132 2117 3163 etiam

1121 3173 1223 3214 magis
1246 3174 1278 3204 in
1302 3182 1338 3203 eo
1362 3172 1502 3204 militurn
1524 3171 1694 3211 Ductore,
1717 3173 1750 3203 in
1775 3183 1862 3213 quo,
1887 3171 1908 3203 si
1933 3173 2122 3213 Sepulchre.

1120 3225 1191 3248 tum
1215 3217 1227 3252 (
1247 3214 1303 3257 s)
1327 3214 1498 3255 inspicias,
1523 3214 1619 3257 paulo
1641 3224 1713 3248 ante
1737 3215 1902 3248 laudatum
1935 3215 2116 3250 Henricum

1120 3258 1248 3294 credas3
1272 3257 1294 3290 si
1321 3268 1397 3290 vero
1422 3259 1553 3290 Par-eum
1578 3260 1592 3295 (
1614 3266 1628 3289 t
1649 3261 1663 3296 )
1687 3257 1768 3290 unde
1800 3258 1864 3293 est,
1888 3258 1993 3300 legas,
2017 3260 2117 3293 Guil-

1121 3302 1269 3335 lemaeum
1293 3300 1369 3333 scias
1392 3299 1627 3342 deprehendisse
1639 3311 1786 3341 magnam
1799 3302 1874 3333 Coli
1888 3301 2030 3335 intestini
2045 3314 2117 3343 par-

1121 3356 1186 3379 tem
1209 3346 1241 3376 in
1265 3343 1429 3377 thoracem
1452 3344 1648 3385 compulsam
1673 3355 1726 3384 per
1750 3344 1883 3380 vulnus,
1910 3347 1965 3377 vix
1989 3347 2116 3380 minimi

1121 3389 1220 3426 digiti
1236 3399 1353 3428 capax,
1376 3387 1759 3429 carnemdiaphragmatis
1771 3387 2002 3422 transfodiens.
2028 3390 2117 3424 Nam

1116 3431 1171 3464 ersi
1184 3431 1408 3464 intestinorum
1421 3431 1514 3463 dolor
1528 3430 1583 3463 sub
1596 3431 1753 3471 vesperam
1765 3431 1909 3471 ingruere
1920 3431 2057 3469 solebat3
2070 3432 2120 3466 ta.

1117 3486 1188 3507 men
1201 3474 1315 3506 octavo
1330 3473 1430 3507 solum
1444 3472 1546 3507 mense
1559 3485 1597 3506 ex
1609 3484 1674 3516 quo
1688 3472 1802 3506 vulnus
1815 3483 1980 3515 acceptum
1996 3475 2113 3514 suerat,

1117 3517 1155 3550 ad
1168 3528 1233 3549 eam
1248 3517 1455 3550 acerbitatem
1469 3519 1621 3555 increvit,
1632 3525 1667 3550 ut
1680 3516 1770 3548 nullo
1781 3516 1970 3558 proficiente
1982 3520 2115 3559 auxilio,

1116 3561 1314 3594 interimeret
1325 3584 1332 3590 .
1346 3561 1445 3600 Qod
1458 3560 1477 3592 si
1491 3558 1576 3593 forte
1589 3570 1653 3635 noSn
1661 3559 1761 3633 sidem
1785 3560 1872 3592 casus
1883 3560 1924 3593 est
1934 3584 1945 3600 ,
1967 3573 2061 3603 quem
2075 3575 2113 3597 ex

1628 3611 1631 3612 ’
1719 3614 1736 3634 z
1999 3605 2071 3637 Bal-

766 3665 775 3694 (
793 3667 811 3689 d
824 3667 837 3694 )
855 3666 914 3689 Hist.
932 3666 964 3689 de
981 3667 996 3689 1'
1006 3667 1080 3690 Acad.
1099 3668 1127 3690 R.
1145 3666 1185 3691 des
1201 3650 1288 3690 Sc-iA.
1307 3674 1372 3694 1729.
1391 3666 1449 3689 Obs.
1468 3669 1539 3690 Anat.
1557 3675 1577 3690 2.

1125 3697 1169 3726 (g
1187 3697 1200 3725 )
1216 3695 1273 3721 Obs.
1292 3703 1331 3720 12.
1344 3696 1372 3719 in
1390 3696 1473 3720 Addit.
1490 3698 1519 3721 ad
1536 3697 1604 3721 eand.
1624 3697 1685 3721 Sest-

1048 3729 1061 3755 (
1077 3726 1093 3750 le
1110 3727 1124 3755 )
1142 3727 1238 3750 Zodiac‚
1257 3726 1347 3750 Medic.
1364 3726 1431 3750 Gall.
1449 3728 1477 3750 A.
1494 3735 1519 3756 4.
1537 3729 1575 3751 Μ.
1592 3727 1660 3752 Febr.
1677 3726 1736 3751 obs.
1753 3734 1792 3756 14.

801 3758 815 3787 ζ
832 3766 855 3780 m
873 3758 886 3785 )
903 3760 1041 3781 comment.
1060 3757 1133 3781 Acad.
1151 3759 1188 3782 Sc.
1207 3759 1268 3785 Imp.
1289 3757 1411 3785 Petropol.
1429 3758 1503 3781 Tom.
1522 3765 1543 3787 3.

1004 3786 1013 3810 ί
1030 3796 1042 3810 o
1066 3788 1210 3817 18epulchr.
1231 3789 1256 3811 S.
1275 3787 1316 3811 hac
1333 3795 1354 3816 3.
1371 3786 1429 3812 Obs.
1446 3795 1483 3813 21.
1501 3787 1522 3818 §.
1542 3796 1564 3818 9.

1628 3786 1667 3819 (a
1684 3788 1698 3818 )
1715 3787 1790 3819 Epist.
1806 3796 1844 3819 37·
1861 3796 1886 3814 n.
1903 3795 1941 3820 30.

1130 3820 1140 3844 <
1155 3824 1166 3842 t
1182 3819 1197 3848 )
1214 3820 1287 3848 oper.
1306 3818 1322 3843 1.
1341 3825 1361 3848 9.
1377 3824 1398 3843 c.
1414 3825 1452 3849 30.
