2498 4075
312 287 351 313 ut
378 290 414 313 ea
439 278 574 313 meninx
596 287 662 311 non
686 275 780 311 facile
806 275 990 320 sequeretur
1012 273 1169 309 trahentis
1190 276 1332 320 digitos.

313 321 442 357 Deinde
490 333 568 355 vero
601 320 759 362 singulare
784 343 793 359 ,
840 329 898 353 nec
929 319 1000 352 leve
1024 341 1036 358 ,
1077 317 1201 352 offendi
1235 318 1334 362 ipsius

313 364 502 400 substantiae
524 364 647 398 cerebri
671 363 792 396 vitium
815 384 826 399 ,
861 361 960 404 idque
991 361 1076 395 circa
1106 363 1260 398 verticem
1293 361 1332 396 ad

313 411 416 443 trium
440 433 449 449 ,
483 416 538 442 aut
559 415 704 450 quatuor
726 404 910 447 digitorum
932 404 1069 447 spatium
1093 404 1264 440 secundum
1277 417 1331 439 ca-

313 453 395 495 pitis
417 450 661 493 longitudinem
684 471 695 487 ‚
731 450 763 481 &
786 446 826 482 ad
850 446 989 482 totidem
1011 447 1183 482 secundum
1215 449 1329 484 latitu-

311 496 423 530 dinem
463 494 521 528 ubi
551 492 686 537 quidem
718 490 839 524 vitium
873 501 944 525 erat
985 491 1170 525 latissimum
1203 503 1213 530 3
1254 503 1328 526 narn

313 547 383 572 erat
417 537 538 571 alicubi
571 536 679 570 multo
715 533 878 576 angustius
903 558 911 566 .
947 535 1130 577 Incipiebat
1169 544 1277 570 autem
1311 548 1328 570 a

313 580 538 623 suprema.illa
561 577 779 621 hemisphaerii
802 588 858 611 ora
883 589 944 620 qua
969 577 1096 612 sinistro
1119 580 1253 621 propius
1275 579 1329 621 est,

312 624 455 667 indeque
479 625 513 656 in
537 621 747 659 latitudinem
779 620 808 655 se
842 620 1035 655 extendebat
1058 646 1067 655 .
1097 622 1129 655 A
1159 620 1328 664 superficie

310 668 436 702 cerebri
459 678 557 710 quam
590 665 720 700 tenebat
747 690 757 704 ,
790 664 972 699 introrsum
1007 664 1081 706 plus
1112 665 1224 706 digito
1262 676 1328 699 non

312 709 524 745 descendebat
547 733 556 742 .
590 711 683 745 Tota
707 709 810 752 igitur
841 718 912 749 quae
945 706 1109 748 designata
1140 707 1186 742 est
1210 733 1219 748 ,
1261 709 1330 743 sede

312 755 447 797 utraque
470 753 594 788 cerebri
616 751 794 787 substantia
816 751 928 785 colore
960 760 1030 784 erat
1064 749 1243 794 sanguineo
1275 753 1328 787 fu-

312 797 368 832 sco
391 796 542 831 obsoleto
564 818 575 834 ,
610 796 751 830 mollitie
775 804 884 828 autem
906 804 972 828 non
997 795 1119 828 minori
1141 820 1150 835 ‚
1183 807 1281 838 quam
1304 796 1328 829 si

310 842 393 883 diu,
416 841 621 882 multumque
643 839 763 873 crebris
785 838 892 880 gravis
914 837 1014 872 cultri
1048 838 1167 872 iniibus
1199 839 1328 874 concisa

310 883 442 922 fuisset,
466 894 501 917 ac
525 883 674 922 subacta,
698 891 735 916 ut
759 880 999 924 propemodum
1022 880 1211 919 difflueret,
1234 882 1329 916 Neu-

312 929 439 969 tiquam
465 936 574 961 tamen
596 924 736 960 foetebat
761 949 769 956 .
803 924 987 966 Reliquum
1011 934 1119 962 autem
1140 926 1330 966 cerebrum;

310 970 371 1004 nisi
395 970 484 1013 quod
508 969 532 1003 si
565 981 640 1003 cum
678 967 872 1009 cerebello,
902 969 934 1000 δε
968 968 1157 1011 Oblongata
1189 969 1329 1003 medulla

309 1011 471 1049 conferres
492 1037 505 1054 ‚
538 1014 642 1047 laxius
677 1021 782 1051 erat3
818 1010 904 1045 nihil
937 1011 1128 1054 diligentius
1168 1014 1331 1055 quaerenti

310 1058 436 1093 obtulit
459 1057 548 1101 quod
573 1055 747 1090 secundum
782 1063 932 1089 naturam
965 1066 1032 1088 non
1068 1054 1179 1093 esset3
1214 1065 1250 1090 ut
1290 1068 1329 1090 ne

309 1103 344 1135 in
369 1101 557 1136 ventriculis
580 1098 712 1143 quidem
735 1096 869 1132 effusum
893 1099 997 1132 serum
1029 1098 1292 1141 deprehenderim
1315 1122 1329 1139 ‚

310 1144 367 1179 etsi
403 1144 615 1178 Pituitariarn
651 1142 838 1186 glandularn
870 1140 963 1176 valde
1006 1143 1206 1176 contractam
1231 1164 1240 1180 ‚
1294 1146 1327 1176 δε

308 1187 527 1223 subsidentem
551 1186 792 1221 animadverti.
923 1187 963 1218 In
975 1185 1074 1219 Genu
1087 1186 1226 1228 denique
1248 1184 1327 1219 sini.

307 1231 395 1270 stro,
421 1231 461 1266 ad
483 1231 641 1266 interiora
666 1229 814 1266 vincula,
841 1228 1071 1270 cartilagines,
1104 1231 1137 1262 δε
1159 1228 1327 1271 glandulas

307 1273 574 1318 frequentissimis
599 1300 610 1314 ,
642 1274 701 1316 qui
734 1275 766 1305 δι
799 1271 964 1314 superiora
1009 1272 1121 1306 omnia
1154 1271 1330 1313 viderant,

309 1317 554 1360 Spec'tatoribus
575 1314 821 1353 demonstranda
845 1337 855 1352 ‚
888 1313 991 1349 inciso
1013 1327 1089 1350 cum
1122 1316 1330 1359 mucilaginis

306 1361 393 1396 nihil
438 1361 618 1404 quidquam
663 1358 881 1400 conspicerem
908 1370 918 1397 3
962 1360 1119 1393 attentius
1150 1360 1328 1401 inspectare

307 1406 396 1447 coepi
422 1405 532 1440 omnia
558 1427 570 1444 ,
604 1415 678 1448 quae
714 1412 824 1436 tamen
859 1400 900 1435 fic
936 1400 1010 1436 satis
1043 1411 1133 1436 erant
1167 1403 1292 1438 lubrica
1317 1427 1328 1443 ‚

306 1449 442 1490 vidique
465 1448 715 1489 cartilagineam
738 1446 854 1481 rotulae
865 1445 1006 1480 crustam
1017 1457 1078 1489 qua
1093 1455 1182 1489 parte
1193 1457 1328 1481 externo

306 1491 444 1528 femoris
475 1491 634 1534 condylo·
656 1488 870 1533 respondebat
892 1512 902 1528 ,
937 1489 1028 1532 quasi
1068 1490 1217 1525 attritam
1241 1516 1250 1531 ,
1295 1493 1328 1524 &

306 1536 432 1570 levibus
456 1535 616 1577 parallelis
638 1533 770 1569 sulculis
792 1530 881 1569 haud
904 1532 997 1567 aliter
1011 1544 1175 1568 exaratam
1198 1558 1208 1575 ,
1229 1545 1328 1577 quam

307 1579 332 1613 fi
354 1580 427 1623 quis
450 1578 566 1622 scalpri
590 1579 693 1612 aciem
717 1600 728 1616 ,
760 1576 801 1611 ab
836 1576 963 1610 summo
995 1578 1033 1611 ad
1068 1578 1174 1612 imum
1216 1577 1329 1621 saepius

305 1622 454 1659 ducendo
476 1647 488 1663 ‚
521 1619 714 1664 appoeffiss‘et
739 1632 747 1654 ;
780 1620 919 1654 crustam
943 1629 1051 1655 autem
1074 1621 1211 1663 condyli
1232 1633 1328 1664 quem

308 1666 412 1702 modo
434 1664 584 1700 dicebam
610 1689 620 1705 ‚
647 1675 712 1708 qua
736 1664 841 1698 eidem
864 1663 982 1697 rotulae
1014 1667 1101 1708 parti
1133 1665 1327 1700 obverteba-

312 1719 389 1749 tur,
423 1709 504 1743 adeo
536 1716 745 1742 extenuatam
769 1728 781 1745 ‚
814 1714 851 1740 ut
885 1706 1025 1741 lividula
1049 1733 1059 1747 ‚
1093 1708 1138 1745 ob
1181 1708 1329 1750 transpe-

306 1754 396 1788 &um
419 1763 475 1795 per
497 1751 598 1794 ipsam
621 1761 658 1785 os
680 1771 695 1791 ‚
731 1757 900 1794 appareret
923 1773 932 1782 .
957 1751 1025 1784 Prae
1048 1750 1099 1785 his
1113 1760 1222 1786 autem
1245 1754 1330 1786 mul-

307 1806 345 1831 to
367 1795 592 1830 observatione
616 1794 784 1838 digniores
807 1793 937 1837 globuli
951 1792 1088 1837 plurimi
1100 1796 1327 1834 occurrebant,

307 1851 449 1884 quorum
482 1838 618 1873 maximi
651 1838 800 1880 quinque
835 1847 924 1879 pares
957 1847 1051 1872 erant
1081 1837 1183 1873 ferme
1214 1850 1327 1874 omnes

307 1882 528 1919 mediocribus
550 1893 687 1916 uvarum
712 1881 813 1922 acinis
834 1902 846 1919 ,
878 1881 997 1924 reliqui
1021 1906 1032 1922 ,
1064 1882 1170 1925 plures
1193 1882 1328 1926 viginti,

309 1928 367 1962 alii
391 1928 560 1971 aliquanto
584 1948 594 1963 ,
634 1925 694 1959 alii
718 1923 826 1959 multo
849 1922 916 1958 illis
940 1925 1080 1959 minores
1102 1949 1112 1959 .
1137 1925 1218 1959 Albi
1236 1935 1327 1960 erant

309 1982 421 2006 omnes
443 1993 453 2010 ,
488 1972 519 2004 δι
543 1970 616 2004 laevi
640 1968 810 2011 superficie
832 1991 843 2008 ,
885 1968 1062 2011 omnesque
1096 1970 1180 2003 inter
1212 1968 1245 2003 se
1266 1969 1331 2003 dis·

310 2015 443 2057 juncti,
476 2014 563 2048 intra
595 2011 729 2048 articuli
761 2021 878 2047 cavum
912 2012 1144 2053 prominebant
1165 2037 1177 2054 ,
1214 2014 1330 2056 exigua

307 2058 358 2093 sui
392 2066 481 2102 parte
515 2055 713 2092 adhaerentes
733 2077 743 2093 ,
779 2055 850 2088 imo
894 2056 1082 2095 continuati
1114 2078 1125 2094 ,
1183 2058 1326 2090 minores

307 2101 441 2146 quidem
463 2099 633 2143 Capsulari
657 2100 839 2142 ligamento
860 2098 947 2132 circa
980 2097 1079 2141 hujus
1111 2100 1211 2134 latera
1242 2099 1328 2135 infe-

311 2149 399 2181 riora
423 2145 465 2179 sic
488 2153 527 2179 ut
551 2143 658 2188 aliqua
690 2143 723 2177 in
757 2141 935 2184 oblongam
966 2141 1082 2177 seriem
1114 2142 1328 2185 disponeren-

308 2200 361 2223 tur
385 2212 394 2227 ‚
418 2187 556 2230 majores
579 2196 686 2221 autem
709 2185 927 2232 cartilagineae
949 2184 1060 2220 crustae
1083 2209 1096 2226 ,
1129 2186 1182 2220 seu
1217 2188 1328 2228 potius

309 2233 448 2269 fimbriae
481 2229 642 2274 glandulae
674 2229 814 2270 alicujus
846 2228 1091 2271 mucilaginosae
1123 2254 1131 2270 ,
1162 2231 1328 2273 cartilagi.

315 2287 408 2311 neam
431 2274 569 2309 crustam
603 2273 690 2308 «ιι-ἂι»,
723 2272 902 2316 operientis
934 2273 968 2306 in
993 2271 1160 2308 receffibus
1192 2273 1329 2317 quibus-

311 2321 387 2355 dam
409 2319 525 2353 offium
564 2316 603 2352 ad
635 2328 752 2351 cavum
788 2316 920 2350 articuli
951 2317 1189 2358 pertinentium
1213 2341 1221 2349 .
1255 2317 1328 2351 Alii

310 2365 419 2407 autem
443 2364 581 2398 omnino
604 2369 696 2395 erant
719 2358 798 2395 ossei
821 2384 832 2400 ,
864 2359 921 2393 alii
943 2359 1003 2394 sub
1025 2360 1325 2404 cartilagineocor-

309 2409 374 2444 tice
407 2406 530 2442 osseum
561 2407 711 2439 nucleum
741 2403 954 2437 continebant
977 2427 986 2437 .
1023 2405 1111 2437 Cum
1149 2406 1183 2437 in
1227 2405 1328 2439 altero

309 2462 442 2495 quoque
464 2461 549 2493 genu
571 2448 687 2482 vellem
711 2457 875 2489 quaerere,
899 2447 922 2481 fi
946 2446 1034 2481 sorte
1058 2445 1191 2482 inessent
1213 2468 1223 2485 ,
1259 2458 1326 2481 me-

310 2495 439 2538 liusque
461 2494 624 2536 originem
647 2490 851 2526 ostenderent
873 2490 963 2526 suam
987 2502 998 2528 3
1031 2501 1116 2534 aegre
1140 2491 1205 2525 tuli
1226 2512 1237 2530 ‚
1261 2489 1328 2533 jam

310 2550 387 2574 cum
410 2536 571 2581 plerisque
595 2535 667 2570 aliis
689 2533 836 2577 partibus
858 2533 951 2568 fuisse
975 2533 1148 2568 humatum
1171 2558 1181 2567 .

358 2587 409 2625 15.
430 2583 595 2615 Caeterum
617 2578 703 2626 unde
717 2577 801 2612 unde
813 2578 1015 2616 extiterint;
1037 2576 1119 2611 illud
1131 2586 1256 2612 certum
1268 2575 1327 2617 est,

310 2626 377 2663 five
400 2636 439 2659 ex
461 2622 706 2665 mucilaginohs
741 2630 950 2655 excreverant
983 2620 1144 2663 glandulis
1178 2644 1189 2660 ,
1225 2621 1325 2655 secre-

312 2671 439 2704 tionem
473 2666 682 2710 mucilaginis
711 2665 939 2699 imminuendo
961 2686 976 2704 ,
1019 2675 1136 2699 nocere
1182 2664 1324 2698 articulo

311 2710 473 2757 potuisse·‚
495 2709 560 2744 five
582 2707 711 2744 aliunde
734 2716 850 2749 erant,
883 2707 905 2741 si
939 2705 1092 2742 ha&enus
1126 2706 1210 2741 haud
1243 2708 1326 2742 mul.

312 2766 384 2791 tum
405 2762 584 2790 nocuerant
604 2756 620 2793 (
641 2763 745 2795 neque
763 2752 848 2786 enim
873 2752 907 2786 id
931 2750 1009 2785 scire
1030 2762 1091 2795 pro
1103 2761 1193 2786 certo
1209 2752 1327 2792 licuit>

313 2800 492 2844 plurimum
515 2822 526 2839 ‚
566 2795 767 2840 augescendo
790 2819 801 2834 ,
844 2794 940 2830 fuisse
980 2795 1150 2830 nocituros
1172 2818 1183 2829 .
1234 2795 1330 2837 Qin

312 2843 411 2887 liquis
434 2841 520 2877 forte
542 2840 664 2876 diceret
686 2862 701 2881 ,
733 2851 772 2873 ex
793 2840 834 2873 iis
865 2838 957 2873 osseis
988 2838 1132 2880 globulis
1156 2839 1330 2874 minimum

314 2886 504 2930 quempiam
527 2907 539 2925 ,
570 2895 663 2929 genu
676 2881 707 2918 ie
730 2884 876 2927 agitante
902 2906 911 2922 ‚
946 2894 962 2916 e
986 2882 1041 2916 sua
1065 2881 1215 2917 avulsum
1237 2881 1331 2919 sede,

315 2939 415 2973 atque
437 2929 525 2963 inter
546 2928 725 2971 condylum
750 2949 761 2965 ,
794 2928 827 2960 δι
848 2925 991 2961 rotulam
1013 2926 1223 2969 interjecium
1246 2949 1255 2965 ‚
1280 2937 1333 2959 ve-

315 2972 446 3016 riusque
469 2971 656 3015 cartilagini
680 2981 715 3005 ea
738 2971 821 3004 vitia
843 2969 984 3004 attulisse
1003 2981 1075 3012 quae
1089 2969 1232 3009 indicata
1247 2969 1334 3008 sunt,-

315 3028 383 3051 non
407 3017 433 3050 is
455 3016 644 3059 loqueretur
666 3026 682 3049 a
705 3015 773 3048 veri
796 3012 1007 3048 similitudine
1043 3015 1180 3047 omnino
1214 3011 1334 3047 abhor-

316 3061 455 3095 rentia:
490 3069 675 3102 quanquam
709 3058 879 3098 memini,
911 3068 986 3091 cum
1019 3056 1199 3099 insequenti
1243 3066 1328 3091 anno

315 3103 441 3138 ibidem
463 3102 573 3137 nescio
594 3100 689 3143 cujus
713 3100 854 3135 hominis
877 3112 959 3143 genu
983 3101 1229 3144 perlustrarem,
1253 3110 1328 3135 cru-

316 3148 396 3183 stam
419 3145 560 3190 ejusdem
584 3144 718 3188 condyli
742 3145 985 3186 cartilagineam
1007 3144 1115 3178 eadem
1139 3144 1196 3178 illa
1237 3151 1326 3188 parte

316 3203 382 3235 qua
404 3190 549 3226 rotulam
572 3190 681 3232 tangit
705 3211 718 3229 ‚
741 3187 891 3222 nonnihil
913 3188 1005 3231 quasi
1040 3187 1206 3222 corrosam
1237 3190 1329 3221 inve-

317 3234 398 3269 nisse
422 3244 488 3267 non
519 3233 639 3276 majori
683 3230 790 3275 spatio
823 3242 922 3275 quam
953 3229 1045 3274 quod
1078 3233 1195 3274 unguis
1228 3231 1329 3276 digiti

317 3278 450 3312 minimi
473 3279 599 3318 operire
623 3272 780 3319 potuisset
804 3296 815 3312 ‚
848 3275 1131 3318 exiguisquealiis
1154 3277 1189 3309 in
1212 3287 1246 3310 ea
1279 3274 1330 3308 vi-

316 3322 401 3355 cinia
424 3319 571 3363 spatiolis
593 3333 603 3358 3
642 3317 771 3353 tametsi
793 3329 850 3353 nec
873 3319 908 3352 in
931 3318 1042 3352 rotula
1064 3318 1247 3362 quidquam
1280 3319 1330 3351 vi-

314 3365 392 3403 tii,
423 3371 525 3407 neque
547 3364 628 3398 alibi
651 3364 687 3396 in
711 3371 786 3395 toto
808 3362 948 3396 articulo
970 3371 1135 3405 appareret
1156 3374 1168 3401 3
1212 3361 1331 3396 nedum

318 3408 446 3450 globuli
483 3416 632 3442 extarent
675 3405 757 3440 nulli
785 3428 793 3439 .
825 3406 980 3449 Quorum
1011 3405 1261 3447 descriptionem
1291 3416 1330 3438 eo

317 3451 427 3487 minus
447 3450 555 3486 censui
589 3449 900 3495 praetermittendam
922 3471 933 3488 ‚
966 3448 1057 3492 quod
1085 3447 1269 3485 istiusmodi
1297 3449 1332 3482 in

326 3628 531 3647 ...q—

387 3738 402 3762 ι
417 3736 458 3797 e?
472 3736 530 3772 vid.
545 3737 618 3767 Epist.
633 3739 674 3767 69.
690 3745 714 3763 n.
730 3743 770 3767 x>

408 3765 425 3796 f
464 3767 540 3796 Epist,
558 3769 632 3792 Anat.
650 3776 687 3797 ¹3·
702 3776 730 3792 n.
747 3775 789 3797 η.
852 3768 866 3796 (
880 3774 899 3798 g
918 3767 925 3797 )

942 3767 1015 3797 Epist.
1034 3775 1057 3796 9.
1074 3776 1100 3792 n.
1120 3775 1156 3797 ¹9·

394 3797 436 3826 (j
449 3789 464 3829 5
479 3797 542 3824 Dirc.
557 3807 580 3828 q.
597 3796 638 3824 uhi
654 3799 686 3823 de
700 3797 899 3824 Rfieumnismo.

960 3797 1113 3828 (lmobs.
1132 3806 1155 3828 7.
1176 3797 1199 3828 ᾗ.
1218 3798 1334 3826 n.&7.

1358 2518 1361 2520 .
1380 2491 1462 2525 lores
1485 2490 1694 2522 Externarum
1716 2487 1884 2521 Paruum.
1909 2485 1982 2519 Nec
2006 2487 2111 2521 miror
2144 2497 2254 2523 tamen

832 3736 847 3767 (
862 3736 880 3761 d
896 3735 905 3767 )
921 3736 1005 3767 Progr.
1021 3736 1051 3762 de
1066 3737 1173 3763 indunt.
1189 3743 1254 3765 corp.
1273 3735 1341 3760 hum.
1358 3733 1463 3769 partib..
1485 3751 1491 3757 .
1507 3741 1531 3762 ς.
1730 3762 1735 3765 -
2029 3762 2035 3765 -
2082 3762 2088 3766 ¹
2114 3762 2118 3766 .
2172 3760 2176 3763 ⁸

1218 3766 1227 3795 (
1244 3767 1259 3790 b
1275 3766 1288 3793 )
1305 3765 1361 3791 vid.
1378 3773 1431 3795 eius
1447 3765 1465 3790 li
1485 3770 1540 3790 rum
1555 3762 1584 3789 de
1600 3761 1805 3792 Rheumansmo.
1821 3763 1843 3786 ἃ
1860 3761 1949 3792 Quaest.
1966 3762 2062 3787 Med-e.
2081 3762 2121 3787 1111
2137 3759 2274 3789 adiectam.

644 158 914 250 Libet-lv.
932 192 1018 247 De
1043 194 1248 248 Morbis
1263 190 1623 260 chirurgicis,
1658 190 1715 243 δι
1740 187 2142 245 Universaubus
2162 176 2165 182 '

1386 283 1469 316 genu
1492 274 1602 308 morbi
1623 273 1682 317 qui
1716 273 1916 305 mentionem
1960 269 2075 305 fecerit
2097 292 2110 311 ,
2140 276 2304 309 neminem
2339 273 2389 308 vi-

1383 317 1463 350 deor
1485 316 1595 359 legisse
1618 320 1697 357 (c).
1722 317 1761 348 In
1775 315 1841 348 alio
1854 323 1963 348 tamen
1990 314 2131 349 articulo
2155 317 2197 352 sic
2221 319 2294 352 satis
2307 316 2395 351 simi-

1382 360 1442 398 lis,
1465 369 1539 393 cum
1564 360 1633 395 haec
1655 358 1850 394 recenserem
1874 380 1886 397 ‚
1917 357 2042 399 prodiit
2076 358 2276 396 Observatio
2313 362 2398 395 Illu-

1380 404 1451 438 stris
1473 403 1597 437 Halleri
1620 404 1676 445 (d
1696 405 1730 441 ).
1754 402 1884 435 Scilicet
1906 402 1940 434 in
1963 401 2127 444 decrepita
2151 406 2285 438 muliere
2301 428 2311 444 ‚
2340 416 2399 438 cu-

1380 446 1431 489 jus
1453 448 1580 482 arteriae
1603 448 1709 490 plures
1734 469 1743 484 ‚
1776 446 1808 477 δε
1842 446 1958 487 aliquae
1990 445 2099 479 cordis
2133 448 2270 482 valvulae
2308 446 2400 480 osseis

1380 490 1539 533 squamis,
1564 500 1620 525 aut
1642 490 1760 524 harum
1784 486 2021 521 inchoamentis
2044 499 2107 522 non
2132 492 2284 525 carebant
2299 490 2401 527 ,dum

1380 532 1550 567 inferioris
1573 533 1714 568 maxillae
1736 541 1813 565 curn
1835 531 1951 564 offibus
1973 541 2157 572 temporum
2185 534 2339 568 articulos
2352 535 2402 567 in-

1379 574 1569 616 trospiceret
1593 600 1603 616 ‚
1640 577 1758 611 horum
1802 575 1937 608 alterum
1971 574 2199 610 animadvertit
2245 577 2400 611 nudatum

1378 619 1476 659 crufta
1497 619 1728 664 cartilaginea,
1750 617 1793 651 Θ·
1824 617 1990 660 meniscum
2014 628 2091 659 pene
2122 620 2289 654 dimidium
2328 632 2401 654 con-

1373 661 1519 705 sumtum
1540 664 1583 696 &⁵
1604 660 1799 706 perforatum
1821 685 1830 694 .
1876 660 2016 699 Crustam
2049 671 2144 702 quam
2174 664 2274 697 tritus
2311 663 2398 698 dele-

1379 713 1472 738 verat
1496 727 1509 744 ,
1541 706 1623 742 idem
1645 706 1746 739 tritus
1767 705 1801 738 in
1819 702 1963 747 globulos
1977 702 2049 746 fere
2061 706 2096 739 vi
2116 705 2179 740 inti
2202 714 2399 746 mutaverat,

1376 747 1550 790 semioffeos
1572 772 1585 789 ,
1616 749 1659 783 &¹
1703 749 1736 781 in
1781 745 1911 789 capsulae
1953 758 2054 781 caveae
2107 747 2187 782 ibere
2217 750 2365 784 colleffos
2388 776 2396 784 .

1380 792 1420 824 In
1446 792 1550 826 altero
1572 791 1710 826 articulo
1732 791 1848 825 mirum
1869 788 1933 823 hoc
1951 789 2164 832 spec't'aculum
2198 803 2263 826 non
2296 803 2364 827 erat
2389 817 2399 830 .

1381 834 1433 869 sed
1457 837 1566 869 omnia
1589 834 1764 870 secundum
1787 843 1935 868 naturam
1958 855 1966 863 ·
2001 834 2118 874 Plura,
2151 834 2174 867 fi
2209 836 2306 879 plura
2344 837 2403 870 ad-

1378 876 1508 912 didisset
1531 902 1544 919 ‚
1566 878 1778 913 describerem
1802 877 1867 911 tibi
1890 898 1901 916 ‚
1935 885 1971 909 ut
1994 878 2105 910 omnia
2129 888 2203 912 cum
2220 879 2296 913 *mea
2330 880 2403 923 pos.

1379 920 1424 955 ses
1447 922 1691 957 Observatione
1716 919 1865 954 conferre
1889 944 1898 953 .
1934 919 2059 954 Verum
2083 931 2140 955 nec
2164 922 2224 964 ipsi
2249 935 2309 967 pro
2332 935 2403 958 cer-

1380 974 1418 998 to
1442 965 1607 1002 resciscere
1630 966 1726 999 licuit
1740 987 1750 1001 ‚
1774 972 1812 1005 ut
1835 962 1987 1005 videtur,
2009 964 2089 1007 quid
2112 964 2188 999 inde
2202 987 2210 1002 ‚
2224 975 2402 1008 quantum-

1380 1020 1420 1042 ve
1440 1009 1646 1044 incommodi
1669 1006 1799 1050 cepisset
1825 1007 1985 1041 foemina.
2119 1007 2180 1042 Sed
2215 1020 2317 1053 neque
2352 1014 2402 1045 ita

1380 1051 1502 1086 multos
1524 1053 1588 1096 legi
1611 1052 1669 1095 qui
1692 1051 1725 1085 id
1757 1061 1856 1093 genus
1890 1052 2139 1084 memoraverim
2175 1054 2400 1095 corruptionis

1380 1095 1564 1130 substantiae
1586 1096 1735 1134 cerebri,
1758 1093 1847 1137 quod
1871 1102 1907 1127 ut
1931 1092 2032 1128 ferme
2055 1096 2089 1128 in
2114 1097 2223 1138 paucis
2246 1098 2319 1131 aliis
2332 1098 2375 1141 (e)
2390 1123 2402 1138 ,

1379 1139 1425 1174 fic
1447 1141 1480 1173 in
1504 1138 1667 1182 proposita
1689 1139 1765 1171 Anu
1786 1136 2004 1179 deprehendi.
2136 1140 2239 1172 Porro
2262 1152 2319 1175 nec
2353 1143 2403 1176 ita

1378 1181 1527 1229 frequens
1550 1182 1593 1217 est
1614 1182 1770 1216 resolutio
1791 1182 1826 1213 in
1850 1192 1888 1213 eo
1911 1181 2058 1224 corporis
2082 1180 2180 1216 latere
2210 1184 2303 1225 quod
2326 1184 2403 1219 sub.

1378 1227 1503 1267 ,ectum
1525 1237 1538 1266 ,·
1569 1235 1636 1260 non
1661 1225 1853 1264 adversum
1873 1222 1912 1256 sit
1936 1224 2057 1257 cerebri
2093 1224 2214 1259 laesioni
2236 1252 2246 1261 .
2282 1230 2400 1271 Itaque

1379 1271 1462 1305 hanc
1494 1270 1534 1304 ad
1566 1280 1682 1313 paucas
1712 1268 1782 1302 illas
1827 1266 1940 1301 addere
1985 1268 2117 1309 poteris‘
2137 1269 2396 1306 Observationes

1360 1324 1459 1356 ‚quas
1480 1313 1560 1347 alibi
1583 1311 1646 1356 (f)
1667 1313 1752 1346 inter
1775 1310 1938 1353 oppositas
1960 1311 2055 1353 longe
2078 1310 2235 1352 plurimas
2256 1335 2270 1354 ,
2315 1326 2398 1356 qua-

1379 1359 1401 1392 fi
1426 1358 1658 1400 exceptionum
1681 1355 1885 1399 quarundam
1908 1354 1984 1387 loco
2007 1368 2026 1394 ,⁴
2051 1354 2216 1390 indicavi:
2241 1356 2300 1391 nisi
2313 1357 2402 1392 forte

1379 1400 1541 1436 laefionem
1565 1399 1620 1435 hic
1642 1399 1732 1435 dicas
1757 1407 1811 1432 aut
1835 1408 1901 1431 non
1941 1399 2144 1439 repentinam
2166 1422 2180 1440 ‚
2213 1410 2268 1434 aut
2300 1403 2400 1436 nimis

1380 1445 1420 1479 ab
1443 1445 1483 1478 iis
1504 1444 1633 1480 cerebri
1656 1441 1804 1487 partibus
1827 1440 1918 1476 fuisse
1940 1450 2102 1475 remotam
2127 1467 2137 1482 ,
2168 1455 2284 1487 nempe
2316 1456 2396 1481 ven-

1378 1489 1504 1523 triculis
1528 1513 1538 1528 ‚
1572 1490 1698 1531 &aquae
1721 1487 1755 1519 in
1779 1485 1830 1520 his
1854 1485 1926 1518 sunt
1950 1506 1962 1524 ‚
1996 1486 2254 1528 protuberantiis
2277 1513 2288 1528 ‚
2317 1490 2400 1532 qui-

1378 1533 1439 1567 bus
1472 1530 1671 1575 potiffimum
1705 1529 1849 1571 partibus
1886 1538 2015 1569 repente
2048 1528 2126 1565 laefis
2147 1553 2159 1568 ,
2202 1530 2399 1575 hemiplexia

1380 1576 1462 1611 solet
1483 1579 1518 1609 in
1542 1574 1673 1615 adverso
1694 1573 1796 1607 latere
1818 1572 1999 1607 observari.
2023 1571 2113 1616 Quae
2134 1583 2241 1608 tamen
2270 1587 2309 1609 an
2334 1576 2404 1612 dici

1381 1619 1501 1662 possint
1524 1617 1563 1652 de
1587 1616 1829 1651 Observatione
1852 1615 1909 1650 illa
1933 1626 2031 1657 quam
2055 1629 2071 1650 a
2097 1617 2234 1652 Medico
2266 1619 2402 1663 Neapo-

1380 1664 1486 1697 litano
1509 1661 1632 1696 Curtio
1655 1659 1857 1703 propositam
1881 1660 1957 1692 alias
1981 1659 2048 1701 (g)
2072 1659 2292 1696 indicavimus
2305 1663 2400 1702 ‚for-

1379 1706 1457 1740 tasse
1478 1716 1544 1739 non
1566 1704 1614 1736 ita
1637 1702 1732 1737 facile
1754 1703 1798 1736 est
1821 1703 2034 1737 constituere.
2060 1704 2210 1738 Dextero
2232 1706 2318 1740 enim
2352 1708 2403 1741 la-

1378 1750 1442 1783 teri
1477 1748 1522 1781 ob
1552 1746 1759 1789 apoplexiam
1792 1745 1937 1779 resoluto
1962 1770 1971 1785 ,
2006 1746 2093 1779 haud
2124 1748 2175 1781 ¹ita
2210 1748 2398 1791 dissimilem

1379 1793 1447 1835 ejus
1468 1791 1507 1826 de
1529 1800 1593 1833 qua
1628 1789 1728 1824 modo
1763 1788 2007 1831 loquebamur,
2048 1788 2232 1824 substantiae
2276 1794 2402 1829 cerebri

1378 1836 1626 1877 corruptionem
1649 1854 1660 1870 ,
1700 1843 1767 1867 non
1799 1835 1834 1865 in
1868 1831 1990 1865 sinistra
2026 1831 2108 1866 vidit
2156 1834 2351 1877 respondere
2383 1860 2396 1876 ,

1379 1879 1433 1914 sed
1463 1880 1497 1912 in
1528 1877 1662 1911 dextero
1695 1875 1928 1919 hemisphaerio
1951 1901 1960 1915 ,
1995 1887 2097 1918 eoque
2130 1884 2205 1911 toto
2226 1902 2237 1917 ,
2272 1888 2308 1912 ut
2346 1881 2397 1915 vel

1383 1923 1547 1964 meninges
1569 1921 1604 1953 in
1628 1919 1794 1954 mucosam
1818 1918 1917 1953 essent
1949 1917 2159 1954 substantiam
2191 1922 2356 1958 convetsae
2388 1937 2397 1959 :

1381 1975 1581 2009 quamquam
1602 1974 1678 1998 cum
1700 1963 1739 1997 de
1762 1962 1964 2004 Oblongatae
1987 1961 2145 1996 medullae>
2161 1966 2312 2000 cruribus
2325 1979 2401 2010 quae

1380 2012 1416 2044 in
1440 2009 1703 2053 protuberantias
1725 2005 1797 2040 illas
1820 2004 2029 2044 excrescunt,
2054 2005 2140 2040 nihil
2166 2006 2232 2050 ajat
2256 2022 2268 2048 ς
2301 2010 2402 2046 dubi-

1379 2053 1472 2089 tandi
1488 2053 1583 2086 locus
1607 2051 1726 2093 aliquis
1747 2048 1903 2092 superesse
1925 2049 2030 2082 videri
2053 2049 2168 2092 possit.

1425 2098 1475 2131 16.
1496 2095 1699 2129 Arthritidis
1721 2093 1760 2128 de
1782 2104 1846 2136 qua
1879 2093 2037 2134 praecipue
2070 2093 2121 2126 his
2153 2095 2290 2138 Litteris
2322 2097 2403 2132 scri-

1378 2151 1476 2186 ptum
1497 2138 1540 2173 est
1560 2160 1574 2178 ‚
1603 2140 1637 2172 δε
1660 2135 1902 2172 Rheumatismi
1925 2145 2016 2170 tanta
2049 2137 2083 2170 in
2119 2138 2232 2173 multis
2267 2141 2401 2182 quidem

1380 2186 1423 2221 est
1447 2181 1628 2218 similitudo
1651 2202 1662 2219 ,
1694 2190 1731 2215 ut
1754 2180 1878 2214 Medici
1903 2178 1987 2213 hunc
2012 2181 2052 2215 ab
2094 2180 2150 2214 illa
2181 2182 2252 2217 sero
2284 2184 2402 2221 distin..

1379 2229 1510 2266 xerint3
1533 2235 1719 2269 quanquam
1743 2234 1809 2258 non
1834 2224 1912 2258 adeo
1937 2222 2007 2257 sero
2031 2248 2041 2264 ‚
2073 2233 2110 2258 ut
2132 2226 2222 2260 circa
2257 2228 2402 2265 medium

1377 2271 1554 2314 superioris
1587 2268 1693 2303 saeculi
1725 2267 1759 2302 id
1791 2267 1934 2312 primum
1967 2266 2136 2306 fecerint,
2174 2269 2264 2313 quod
2307 2272 2403 2315 ajunt

1382 2317 1485 2358 aliqui
1518 2312 1664 2347 Ballonii
1697 2310 1787 2355 (h)
1819 2311 1919 2345 obliti
1945 2335 1952 2343 .
2000 2309 2246 2348 Rheumatismi
2290 2326 2402 2353 autem

1379 2360 1469 2394 nulla
1493 2357 1662 2401 peculiaris
1683 2356 1719 2388 in
1737 2354 1957 2405 ,Sepulchreto'
1977 2355 2104 2389 mentio
2127 2355 2188 2399 fit,
2210 2368 2251 2392 ne
2262 2370 2301 2392 eo
2324 2362 2401 2403 qui..

1380 2404 1455 2438 dem
1477 2402 1553 2435 loco
1577 2399 1634 2434 ubi
1660 2409 1800 2433 maxime
1821 2397 2042 2438 convenisset,
2070 2410 2185 2444 nempe
2217 2402 2276 2436 sub
2300 2401 2398 2438 finem

1381 2447 1443 2482 ΧΙ.
1468 2444 1627 2478 Seffionis
1650 2443 1727 2476 libri
1751 2441 1846 2484 hujus
1869 2443 1934 2476 IV.
1957 2452 2022 2485 qua
2047 2454 2082 2477 ea
2104 2447 2246 2487 pertinet
2272 2445 2309 2481 ad
2328 2449 2401 2481 Do-

2321 2502 2399 2525 cum

1379 2534 1438 2566 vix
1461 2531 1669 2566 meminerim
1693 2530 1726 2563 in
1751 2529 1846 2565 aliam
1869 2528 2065 2564 rheumatici
2089 2514 2311 2566 disseffionein
2345 2535 2398 2567 in-

1377 2574 1490 2611 cidisse
1510 2586 1610 2617 quam
1634 2573 1668 2606 in
1693 2573 1783 2607 illam
1815 2584 1855 2607 ex
1880 2573 2119 2615 Drelincurtio
2152 2576 2297 2610 auditam
2321 2598 2333 2616 >
2368 2580 2400 2611 &

1376 2622 1411 2654 in
1434 2618 1629 2660 Osteologia
1653 2617 1707 2650 sua
1731 2620 1742 2657 (
1765 2617 1811 2655 ι’)
1834 2616 1874 2650 ab
1897 2615 2059 2650 Haverfio
2082 2628 2398 2664 memoratam2qua

1378 2661 1568 2697 diffeffione
1591 2661 1833 2695 Drelincurtius
1864 2660 1993 2693 invenit
2022 2659 2196 2702 gelatinam
2224 2672 2399 2698 concretam

1379 2709 1413 2742 in
1428 2703 1596 2749 superficie
1619 2703 1830 2747 musculorum
1851 2724 1865 2743 ‚
1895 2702 1971 2735 duos
1995 2711 2052 2736 aut
2074 2711 2140 2738 tres
2161 2709 2303 2740 Ducatot
2325 2708 2401 2741 den-

1372 2751 1469 2794 fitate
1491 2750 1701 2790 adaequantem
1724 2771 1733 2779 .
1768 2746 1852 2788 Qae
1875 2745 2070 2780 Observatio
2094 2748 2134 2783 ad
2157 2760 2226 2784 eam
2239 2750 2316 2784 addi
2340 2762 2402 2794 po-

1380 2802 1462 2828 terat
1486 2791 1646 2826 Seffionis
1670 2800 1769 2833 quam
1792 2789 1864 2824 dixi
1888 2811 1898 2827 ‚
1933 2789 2136 2833 Sepulchreti
2168 2794 2362 2838 particulam
2386 2817 2399 2835 ‚

1381 2848 1454 2880 quae
1476 2837 1510 2869 &
1554 2834 1696 2869 erbrevis
1719 2832 1785 2872 est,
1809 2835 1842 2867 &
1864 2833 1898 2866 in
1923 2843 2014 2875 parte
2035 2836 2162 2870 constat
2174 2848 2213 2870 ex
2226 2838 2396 2880 productis

1382 2880 1463 2914 alibi
1485 2878 1521 2912 hi
1550 2879 1629 2913 oriis
1650 2899 1663 2917 ,
1695 2877 1767 2911 imo
1788 2879 1821 2924 {Ec
1843 2877 1878 2910 in
1899 2876 2062 2919 quandam
2084 2879 2204 2914 definit
2227 2905 2239 2920 ,
2270 2892 2334 2916 una
2355 2881 2396 2914 il.

1383 2925 1413 2958 la
1437 2922 1611 2965 eademque
1642 2921 1759 2963 pagina
1789 2920 2087 2969 ,ampropofitam
2111 2923 2198 2964 (le).
2222 2924 2299 2967 Ego
2333 2927 2394 2968 qui

1381 2967 1559 3011 spectantia
1582 2964 1621 3000 ad
1644 2974 1775 2998 caeteras
1805 2963 1965 2999 sectionis
1997 2964 2141 3007 ejusdem
2176 2977 2281 3009 partes
2315 2968 2398 3002 alibi

1383 3011 1521 3046 trafiavi
1534 3032 1544 3048 ‚
1569 3020 1607 3042 ne
1626 3007 1710 3042 hanc
1733 3008 1885 3042 ultimam
1911 3007 2039 3054 prorsus
2050 3008 2185 3044 omisisse
2201 3012 2398 3054 particulam

1380 3055 1490 3091 videar
1512 3076 1522 3092 ‚
1548 3051 1804 3087 Observationes
1827 3050 1892 3085 huc
1925 3051 2076 3092 adiiciam
2110 3054 2189 3087 duas
2222 3054 2400 3090 Mediaviae

1380 3099 1507 3138 nostri,
1529 3106 1669 3139 quarum
1692 3096 1799 3137 prima
1820 3094 1860 3128 ad
1883 3095 2106 3132 Externarum
2143 3097 2294 3132 Partiutn
2323 3100 2399 3133 Do-

1379 3145 1462 3178 lores
1485 3142 1627 3177 attinet;
1650 3139 1769 3176 altera,
1793 3136 1852 3172 nisi
1874 3137 2021 3174 dissectio
2036 3152 2149 3177 verum
2162 3140 2342 3182 detexiss'et‚
2356 3143 2397 3179 ad

1379 3186 1503 3223 easdem
1528 3181 1696 3218 attinuisse
1720 3182 1904 3217 videretur.

1427 3241 1479 3271 17.
1499 3226 1711 3273 JUVENIS
1732 3225 1874 3275 aurificis
1910 3225 2060 3262 lumbum
2102 3227 2271 3263 dexterum
2315 3240 2394 3264 cru-

1379 3276 1523 3310 ciaverat
1545 3269 1644 3304 dolor
1665 3269 1748 3303 nulli
1771 3270 1917 3303 remedio
1938 3270 2053 3306 cedens
2076 3295 2085 3304 .
2127 3274 2231 3306 Anno
2256 3271 2299 3308 fic
2322 3282 2398 3307 exa-

1379 3320 1434 3352 ἂο
1459 3342 1469 3357 ,
1501 3314 1666 3349 sinistrum
1686 3323 1817 3355 quoque
1841 3314 1991 3347 lumbum
2019 3314 2086 3356 jam
2119 3325 2265 3360 coeperat
2297 3316 2393 3352 dolor

1378 3359 1528 3395 invadere
1549 3381 1559 3398 ,
1603 3367 1661 3391 nec
1692 3355 1823 3406 dol-ores
1853 3357 1890 3391 in
1921 3359 2101 3393 cervicibus
2136 3359 2269 3395 deerant
2290 3382 2305 3401 ‚
2339 3358 2399 3402 qui

1381 3404 1572 3439 videbantur
1594 3401 1787 3435 rheumatici
1811 3415 1821 3439 ς
1857 3410 1931 3434 curn
1965 3401 2089 3436 acceffit
2119 3413 2211 3437 crura
2244 3401 2397 3437 movendi

1380 3446 1599 3492 impotentia,
1628 3443 1773 3486 hydrops
1804 3445 2004 3487 tympanites
2024 3468 2039 3486 ‚
2072 3448 2106 3480 δι
2135 3457 2226 3482 mors
2255 3446 2392 3497 denique

2265 3499 2352 3525 circa

764 3618 2397 3639 ww

1592 3733 1605 3758 <
1619 3739 1632 3755 ο
1653 3731 1660 3760 )
1677 3731 1755 3760 Epist.
1773 3739 1796 3761 ς.
1813 3738 1840 3754 n.
1856 3733 1879 3755 6.
1895 3733 1918 3755 8(
1934 3731 2007 3761 Epist.
2025 3739 2050 3760 9.
2069 3739 2092 3756 n.
2110 3733 2147 3756 16.
2165 3731 2202 3755 18.
