2498 4075
436 92 573 145 και

362 167 364 170 ’
382 157 513 193 VInum
535 164 658 192 novum
679 153 721 187 iis
741 153 920 196 praesertim
944 152 1133 196 fugiendum
1170 152 1287 195 quibus
1317 161 1392 186 cor-

472 203 543 242 dis,
571 207 625 232 aut
654 197 806 231 vasorum
830 196 893 231 fint
916 198 1018 231 vitia.
1047 197 1182 227 XXVII.
1209 206 1240 240 3.

383 245 515 289 Vipefae
537 244 571 275 in
594 241 748 283 sanguine
772 241 893 275 habent
916 250 1018 274 aereas
1041 239 1162 273 bullas.
1189 241 1227 271 V.
1252 249 1305 271 22.

511 286 657 331 ipsarum
677 288 856 319 recentium
882 285 1005 319 utilitas
1017 281 1165 316 adversus
1181 281 1369 323 atrophiam
1382 305 1392 321 ,

555 329 685 365 ulcera,
710 327 871 367 scabiem,
893 326 1183 361 Observationibus
1209 325 1391 359 vindicata.

560 372 632 408 LV.
660 382 709 414 14.
734 374 764 404 ἃ
791 371 852 413 seq.

513 427 558 452 eae
579 427 636 449 nee
659 415 745 449 sitim
769 413 915 452 faciunt,
939 423 998 447 nec
1021 411 1132 446 seniles
1156 412 1286 455 spiritus
1308 409 1394 445 diffi-

560 469 658 502 pant.
683 457 768 491 Ibid.
796 468 845 500 15.
1357 497 1364 504 .

514 506 588 547 quis
612 514 653 535 ex
673 501 814 544 antiquis
838 500 986 534 adversus
1009 498 1197 533 insanabilia
1218 498 1323 532 ulcera
1353 498 1394 531 iis

560 546 686 581 utiliter
710 545 782 578 usus
806 543 865 577 sit.
890 543 1037 577 Ibidem.

383 592 581 635 Viperarum
607 598 764 623 venenum
779 613 788 628 ,
812 589 862 620 De
884 585 979 630 hujus
1004 586 1116 630 sapore
1147 584 1249 619 mirus
1281 594 1393 626 exper-

475 644 584 671 torum
607 630 779 666 diffensus.
805 631 893 663 LIX.
905 641 958 674 30.

515 685 709 752 perbvcelms'
733 685 771 708 an
796 674 907 717 potius
930 684 986 717 per
1010 684 1124 708 nervos
1147 670 1396 707 introducatur.

558 722 571 753 l
600 720 607 751 i
636 743 643 751 .
711 741 720 748 .

514 762 638 797 morsus
660 728 739 800 c3u3r,
763 760 786 795 si
810 759 870 794 sint
894 759 1012 803 jejunae
1028 784 1038 801 ,
1062 757 1397 803 periculofior.1bid.

513 816 658 883 emption
680 847 831 898 omnibus
852 857 945 890 aeque
965 847 1098 881 noxius.
1124 846 1209 897 Ibid.
1234 848 1265 880 δε
1288 845 1352 895 seq.

513 903 591 926 num
616 890 736 968 flavgrg
762 892 899 925 isterum
919 889 1067 934 semper,
1089 893 1120 924 &
1144 888 1395 925 cmffimemdu-

559 944 632 970 cat.
658 936 672 967 l
700 937 712 969 i
739 959 744 965 .
791 937 822 969 6.

515 990 573 1017 eur
597 979 700 1019 alios,
722 946 788 1012 aut3
801 978 895 1012 aliter
917 977 953 1011 in
976 977 1048 1011 aliis
1070 975 1200 1011 effeetus
1216 976 1393 1019 producat.

560 1021 645 1056 Ibid.
671 1033 723 1064 34.
749 1023 781 1054 δι
805 1021 892 1064 seqq.

515 1069 676 1109 praecipua
702 1065 857 1099 hadienus
879 1063 1027 1107 opposita
1058 1062 1197 1098 remedia
1243 1063 1394 1106 pleraque

559 1109 823 1144 considerantur.
849 1107 935 1141 Ibid.
960 1118 1010 1149 29.
1035 1110 1065 1141 δι
1089 1107 1152 1150 seq.
1387 1115 1389 1117 ’

516 1152 664 1188 exsufflo
684 1163 782 1195 quam
807 1152 938 1193 antiqua
954 1176 961 1183 .
987 1151 1070 1184 Ibid.
1095 1162 1146 1192 29.

609 1197 643 1229 in
669 1207 705 1229 ea
731 1196 809 1237 quid
833 1194 1033 1229 cavendum.
1060 1194 1146 1228 Ibid.
1169 1201 1223 1237 30.

383 1241 556 1276 Viscerum
579 1237 666 1281 quasi
690 1238 936 1273 concidentium
961 1236 1067 1271 sensus
1090 1238 1173 1272 unde
1197 1237 1258 1271 fit.
1275 1237 1392 1269 XXVI.

471 1295 489 1318 2
515 1309 523 1316 .
548 1283 640 1316 LIV.
688 1284 718 1316 8.
933 1286 936 1289 ’

493 1295 548 1362 Sin
573 1293 685 1359 vena}
708 1336 772 1358 non
798 1332 999 1366 repertorum
1024 1324 1279 1358 Observationes
1300 1333 1390 1365 quae-

557 1369 630 1404 dam
642 1369 810 1412 quomodo
822 1367 938 1410 poffint
949 1367 1103 1408 explicari
1118 1392 1125 1399 .
1142 1371 1197 1399 XX
1205 1367 1388 1409 xv111.47.

509 1414 652 1449 morbosi
664 1413 802 1447 coalitus
814 1414 897 1445 inter
908 1410 937 1444 se
949 1410 1051 1445 causae
1061 1412 1169 1445 variae.
1186 1411 1390 1454 XXXIX.3O.

514 1456 693 1499 superficiei
720 1457 831 1489 innata
856 1466 953 1495 parva
976 1454 1064 1497 quasi
1088 1456 1218 1498 granula
1244 1452 1327 1488 unde
1347 1465 1396 1487 re-

560 1500 717 1547 petenda.
745 1499 935 1530 XXXVIII.
959 1509 1012 1541 35.
1037 1501 1067 1530 δε
1094 1499 1157 1541 seq.

512 1547 544 1579 δε
568 1545 734 1580 cicatrices
758 1543 932 1586 quadam,
955 1553 1027 1575 cum
1053 1543 1206 1580 vulnera,
1230 1550 1286 1576 aut
1309 1540 1415 1580 ulce-v

553 1600 629 1667 {313
661 1585 749 1630 signa
782 1597 847 1620 non
881 1584 1102 1628 praecesserunt
1129 1611 1140 1627 ‚
1174 1585 1257 1619 unde
1300 1583 1362 1619 fint
1387 1609 1396 1617 .

598 1645 606 1664 1
634 1656 642 1667 ,
691 1642 718 1662 2.

388 1675 540 1712 visionis
562 1677 641 1709 vitia
655 1642 766 1708 -4Vid.
789 1671 977 1705 Amaurofis
992 1695 1000 1704 .
1023 1672 1163 1705 Caecitas
1181 1696 1188 1703 .
1224 1671 1362 1714 Myopia
1386 1697 1394 1704 .

469 1718 693 1761 Nystalopia.
718 1716 904 1751 Oculorum
928 1715 1062 1757 Pupillae
1086 1715 1271 1749 Dilatatio.

512 1774 584 1797 rara
605 1760 752 1807 quaedam
776 1759 965 1800 depravatio
987 1759 1147 1801 explicata
1161 1784 1169 1791 .
1198 1760 1291 1791 XIII.
1318 1769 1369 1792 zo.

385 1809 507 1843 Ulcera
532 1816 666 1840 externa
690 1804 847 1839 diuturna
872 1813 935 1835 non
960 1811 1080 1836 temere
1113 1801 1253 1837 sananda
1283 1800 1356 1837 sunt
1380 1826 1390 1838 .

473 1846 611 1883 XXVII.
637 1862 667 1890 9.
693 1849 769 1882 LV.
799 1858 848 1890 ¹3-

509 1896 541 1929 &
566 1894 623 1927 ubi
647 1892 754 1926 sanata
776 1888 858 1927 sint,
883 1888 964 1932 quid
989 1887 1169 1932 agendum.
1197 1887 1283 1923 Ibid.

378 1936 596 1974 Umbilicalis
621 1946 700 1970 vena
723 1933 892 1978 quomodo
916 1934 1061 1971 potuerit
1085 1935 1119 1966 in
1142 1931 1334 1977 quibusdam
1345 1944 1394 1967 re-

465 1980 552 2016 clusa
577 1990 742 2023 apparere.
769 1976 955 2009 XXXVIII.
980 1988 1032 2021 33.

511 2023 695 2060 funiculus.
722 2021 802 2065 Ejus
827 2020 908 2054 vitia
931 2023 1098 2062 quaedam.
1123 2018 1293 2055 XLVIII.
1318 2027 1372 2062 25.

378 2070 512 2112 Unguis
536 2068 645 2102 oculi.
669 2067 751 2100 Vid.
774 2065 901 2098 Oculi.
929 2063 1007 2097 Vid.
1033 2063 1168 2097 Celsus.

379 2114 508 2147 Vocem
533 2125 548 2147 a
575 2109 716 2156 glottide
737 2109 854 2151 gigni,
878 2106 1088 2141 defenditur.
1111 2108 1197 2138 XIV.
1221 2116 1273 2150 33.

378 2151 481 2191 Vocis
505 2153 674 2200 quomodo
696 2151 820 2187 amiffio
842 2151 1034 2193 contingat.
1060 2150 1145 2184 Ibid.
1174 2160 1224 2194 13.

508 2211 564 2244 per
589 2197 760 2232 intervalla
783 2196 996 2237 interceptae‚
1018 2196 1050 2228 &
1076 2194 1229 2228 restitutae
1263 2194 1391 2230 Obser-

552 2244 718 2276 vationes.
743 2239 832 2270 XIV.
855 2248 910 2280 37.
935 2238 1062 2272 LXIII.
1092 2247 1141 2279 15.

507 2286 663 2321 diuturna
687 2282 831 2324 privatio
854 2281 926 2314 casu
950 2293 1081 2316 curata.
1106 2280 1233 2314 LXIII.
1264 2291 1312 2324 15.

602 2339 641 2362 an
665 2325 807 2361 Medicis
829 2325 954 2358 imitari
979 2325 1011 2359 id
1035 2326 1149 2359 liceat.
1175 2324 1301 2358 Ibidem
1318 2350 1326 2357 .
1383 2326 1393 2332 ’

382 2375 563 2418 Vogelius‚
588 2371 678 2405 Paul.
701 2369 806 2403 Henr.
831 2366 918 2402 Prof.
944 2370 979 2400 P.
1006 2367 1187 2403 Erfurtens.
1212 2368 1360 2403 laudatus
1381 2393 1390 2403 .

470 2416 624 2449 XXXVI.
648 2418 681 2447 6.

378 2462 543 2497 Volvulus
558 2483 566 2492 .
596 2460 685 2492 Inter
709 2455 778 2499 ejus
799 2453 907 2490 causas
928 2463 1086 2498 quatenus
1108 2454 1274 2489 contorfio
1308 2458 1395 2490 inte-

469 2504 626 2540 stinorum
651 2500 744 2546 poffit
768 2499 925 2533 admitti.
951 2499 1100 2530 XXXIV.
1123 2509 1178 2541 3²·

506 2556 665 2591 quatenus
686 2545 791 2583 item,
814 2545 845 2576 &
867 2542 1059 2584 quomodo,
1082 2544 1113 2575 &
1156 2553 1220 2585 qua
1267 2542 1391 2577 ratione

552 2599 648 2630 orta,
669 2585 895 2622 intestinorum
920 2586 1010 2620 intus
1035 2584 1213 2629 susceptio.
1241 2585 1325 2620 Ibid.
1361 2589 1392 2621 δε

509 2644 683 2729 Ιικῗεῆῐξερς
705 2673 750 2725 esi
774 2685 791 2707 a
813 2672 984 2749 Ιιῑηὼὲἰείε
999 2685 1009 2705 .·
1031 2671 1128 2716 idque
1145 2684 1170 2723 ‘a
1183 2672 1334 2707 Prafficis
1348 2671 1392 2707 est

380 2765 546 2801 Volvul'us
556 2715 1075 2839 ng’urgogggzg‘tigmcssquggnffi
1081 2715 1202 2794 tlbsidrie
1211 2727 1359 2794 32dolore
1383 2783 1391 2793 .

469 2811 557 2839 XXX
617 2832 624 2841 .
650 2817 700 2841 12.

513 2852 553 2885 In
577 2862 616 2884 eo
639 2860 717 2884 num
738 2860 815 2884 vera
839 2847 978 2883 stercora
1005 2847 1113 2881 evomi
1137 2845 1277 2882 soleant.
1303 2846 1389 2881 Ibid.

559 2894 610 2927 28.

600 2947 679 2973 num
702 2936 809 2970 evomi
833 2935 980 2978 clysteres
1003 2934 1206 2977 frequenter.
1230 2932 1313 2969 Ibid.
1340 2944 1393 2976 29.

687 2981 747 3025 qui
769 2980 850 3013 olim
865 3003 874 3018 ,
895 2981 927 3012 δι
952 2990 1075 3020 nuper,
1098 2978 1148 3012 vel
1174 2977 1240 3011 fine
1264 2976 1392 3012 Volvu-

730 3024 784 3061 lo‚
807 3022 870 3057 hoc
893 3022 1115 3057 observarint.
1140 3021 1226 3056 Ibid.

513 3079 590 3104 num
613 3071 701 3107 hoc,
724 3071 756 3103 δι
779 3067 948 3101 Volvulus
971 3066 1035 3100 fine
1058 3065 1186 3099 inverso
1220 3064 1393 3098 intestino-

558 3124 633 3147 rum
655 3123 748 3147 motu
764 3136 774 3150 ,
797 3122 880 3144 nova
903 3110 1043 3152 quadam
1081 3109 1206 3142 ratione
1238 3108 1392 3152 explicari

559 3156 696 3200 poffint.
722 3153 809 3188 Ibid.
834 3165 886 3197 30.
909 3156 941 3186 ἃ
965 3155 1052 3196 seqq.

517 3210 595 3235 num
619 3200 695 3234 satis
722 3198 761 3233 ad
784 3197 817 3231 id
839 3198 878 3232 s1t
904 3197 1046 3232 Bauhini
1081 3194 1247 3230 valvulam
1280 3195 1398 3238 suppo·

561 3254 636 3279 nere
659 3243 894 3287 paralyticam.
923 3240 1006 3275 Ibid.

513 3287 643 3330 quando
666 3289 700 3321 in
725 3285 873 3320 Volvulo
896 3284 1064 3327 plumbeos
1109 3282 1261 3325 globulos
1285 3306 1295 3321 ,

561 3332 756 3364 mercurium
780 3328 855 3362 dare
877 3328 1094 3372 periculosum
1119 3325 1158 3360 sit
1173 3352 1181 3359 .
1209 3325 1295 3359 Ibid.
1322 3335 1372 3369 13.

389 3373 569 3408 Vomitus.
593 3373 646 3407 Ad
670 3373 766 3416 hujus
789 3372 1000 3407 instrumenta
1016 3397 1023 3409 ,
1049 3373 1110 3405 alia
1135 3372 1175 3403 ab
1186 3370 1256 3402 aliis
1269 3368 1371 3412 posita
1386 3391 1396 3407 ,

475 3414 706 3460 dijudicanda,
732 3416 885 3450 nonnulla
910 3415 1120 3449 attendenda.
1146 3412 1237 3446 LIV.
1261 3424 1303 3447 n.
1345 3422 1394 3448 12.

520 3462 663 3494 maxime
687 3459 863 3500 diuturni,
884 3460 916 3493 δι
938 3458 1139 3494 haereditarii
1160 3455 1361 3491 Observatio
1382 3481 1391 3490 .

521 3515 789 3581 contumacsffimi
813 3546 911 3579 variae
934 3553 1163 3580 enumerantur
1184 3543 1284 3577 causae
1309 3567 1318 3582 ,
1349 3551 1398 3576 et-

478 3588 544 3623 iam
565 3589 860 3624 observationibus
883 3587 1103 3623 confirmatae.
1131 3588 1279 3618 XXXIX.
1304 3595 1356 3629 23.

610 3633 646 3666 in
678 3632 822 3677 quodam
856 3631 1017 3676 ejusmodi
1062 3631 1234 3666 insanabili
1269 3630 1399 3664 vomitu

1339 3290 1393 3316 aut

997 71 1366 127 INDEX
1432 71 2021 127 NOMINUM

1700 149 1779 193 quid
1802 148 1928 184 consilii
1953 148 2069 182 datum
2089 147 2129 183 fit
2143 172 2155 181 .
2176 147 2262 183 Ibid.

1572 200 1742 236 quomodo
1765 194 1867 236 repeti
1891 192 1984 234 poffit
2008 203 2026 225 a
2047 191 2447 227 craffitudinetunicarum

1615 235 1712 278 cystis
1734 235 1854 270 felleae.
1880 238 1980 268 XXX.
2005 235 2034 268 8.

1573 279 1740 322 quomodo
1765 291 1781 312 a
1804 280 1983 322 panti-eatis
2005 278 2115 312 vitiis.
2140 278 2226 313 Ibid.
2250 280 2281 312 &
2306 277 2395 321 seqq.

1572 322 1741 365 quomodo
1762 334 1779 357 a
1802 322 1910 366 pylori
1932 320 2097 366 angustia,
2119 332 2175 357 aut
2193 323 2334 358 duritie.
2358 321 2447 356 Ibid.

1621 375 1670 408 13.

1576 407 1743 450 quomodo
1766 420 1783 442 a
1806 410 1896 442 vitiis
1916 407 2067 442 Duodeni
2090 406 2255 442 intestini.
2279 407 2404 445 Ibidem
2418 434 2427 443 .

1444 450 1606 499 Vomitus
1626 451 1786 492 historia,
1808 451 1980 486 essentialis
2003 451 2142 492 crediti,
2165 462 2239 484 cum
2263 452 2337 487 esset
2357 453 2449 486 ami-

1532 504 1618 529 mme
1642 495 1877 530 animadverso.
1893 506 2005 529 renum
2032 497 2141 535 vitio,
2166 495 2263 529 XXX.
2287 506 2339 528 22.

1443 536 1587 572 vomitu
1608 537 1786 581 ejeetorum
1810 539 1891 573 varii
1915 539 2038 573 colores
2061 538 2144 574 unde
2167 539 2230 571 fint
2255 561 2263 571 .
2298 538 2385 574 Ibidv.
2421 549 2453 582 5.

1530 588 1583 623 ις.

1599 666 1606 672 ι
1665 626 1861 668 nigerrimus
1884 625 2079 668 praesertim.
2101 625 2188 661 Ibid.
2217 634 2269 667 17.

1575 668 1670 714 ‘1035
1693 668 1863 711 aeruginosi
1886 669 2032 703 humoris
2055 680 2208 703 examen.
2234 668 2320 701 XVI.
2345 668 2375 702 8.

1574 711 1670 753 ejecti
1694 713 1808 746 calculi
1829 713 1992 754 antiquae‚
2015 715 2047 746 δε
2069 724 2160 747 novae
2173 712 2451 747 Observationes.

1621 756 1787 788 XXXVII.
1811 766 1864 799 41·

1575 796 1682 840 ejeffitae
1704 798 1835 832 creditae
1856 809 1962 839 ranae,
1985 798 2179 842 lacertaeque
2200 800 2279 843 quid
2306 798 2366 836 effe
2379 800 2455 842 pos-

1598 842 1708 888 ·sent.
1737 843 1835 873 XXX.
1862 851 1912 874 21.

1576 884 1681 927 eJeEtae
1705 884 1845 919 herbulae
1871 885 1911 919 ab
1935 896 1972 918 ea
1992 895 2064 927 qua·
2083 884 2193 921 herbis
2216 897 2280 921 non
2312 887 2455 923 vesceree

1621 937 1697 967 tur,
1719 927 1852 963 historia
1866 953 1874 963 .
1899 927 1986 962 Ibid.

1660 972 1740 1015 quid
1763 984 1798 1005 ea
1820 971 1953 1006 herbula
1977 971 2035 1005 effe
2059 971 2163 1016 posset
2180 998 2187 1007 .
2212 974 2361 1009 Ibidem.

1445 1013 1602 1048 Vomitus
1625 1014 1786 1056 sanguinis
1810 1028 1825 1048 a
1848 1016 1941 1049 lienis
1963 1025 2093 1049 tumore
2117 1028 2195 1051 num
2209 1029 2247 1052 ex
2263 1028 2373 1060 aperto
2385 1018 2452 1059 ple-

1531 1061 1762 1135 ἓιέῐῐῐέἓὲᾗτνῗΐε
1788 1059 1985 1134 Βὲῗέῃῖἧῑίε
2009 1059 2108 1094 fuerit
2156 1061 2197 1095 ab
2242 1062 2453 1096 Anatomicis

1697 1113 1711 1134 a
1731 1113 1784 1136 us.
1956 1127 1964 1135 .
1991 1113 2038 1136 12.

1575 1143 1742 1185 quomodo
1766 1147 1995 1188 explicandus.
2022 1148 2170 1182 Ibidem.

1445 1187 1598 1221 Ureteres
1619 1186 1685 1222 duo
1707 1199 1747 1222 ex
1770 1200 1834 1223 uno
1857 1201 1931 1224 rene
1945 1214 1954 1223 .
1980 1191 2058 1226 vn,
2086 1202 2136 1235 17.
2151 1192 2246 1226 LIV.
2257 1202 2308 1235 33.
2322 1192 2451 1230 LXIV.

1529 1241 1558 1262 2.

1445 1275 1620 1309 Ureterum
1644 1274 1783 1309 valvulae
1807 1286 2010 1319 apparentes.
2034 1278 2090 1310 IV.
2118 1288 2168 1320 19.

1576 1319 1821 1395 rarxurmssvitium
1844 1331 1882 1353 ex
1904 1319 2117 1362 hydatidIbus
2161 1323 2251 1355 intus
2297 1322 2420 1357 innatis
2442 1348 2451 1357 .

1717 1387 1724 1394 .
1753 1373 1801 1396 12.

1443 1404 1590 1441 Urethra
1615 1404 1725 1439 subter
1747 1406 1896 1448 glandem
1920 1407 2065 1448 pertusa,
2093 1418 2173 1443 num
2209 1407 2364 1442 sterilitas
2397 1420 2453 1444 ne-

1535 1446 1667 1483 cessario
1691 1447 1865 1491 sequatur.
1890 1451 2015 1484 XLVI.
2044 1451 2075 1484 8.

1449 1491 1626 1529 urethrae,
1648 1492 1800 1527 inferiore
1824 1494 1947 1536 pariete
1971 1496 2109 1529 carentis
2124 1518 2134 1535 ‚
2158 1497 2193 1530 in
2216 1495 2344 1530 duobus
2376 1496 2452 1531 viris

1533 1535 1787 1570 Observationes
1800 1560 1808 1567 .
1833 1538 1918 1572 Ibid.
1944 1540 2018 1579 δερ.

1577 1579 1752 1613 canaliculi
1775 1579 1915 1622 majores
1937 1590 2089 1622 tantum,
2113 1583 2147 1616 in
2173 1583 2361 1617 viventibus
2394 1582 2453 1616 ob—

1621 1622 1763 1656 servati.
1786 1623 1872 1657 Ibid.
1898 1635 1930 1666 9.
2223 1646 2225 1649 ψ

1446 1664 1601 1701 Urethrae
1625 1677 1681 1708 per
1702 1664 1833 1701 dorsum
1857 1668 1947 1709 penis
1969 1666 2097 1707 du&ae‚
2122 1670 2153 1702 &
2176 1669 2335 1712 superiore
2349 1669 2455 1713 parie-

1534 1720 1565 1744 te
1583 1733 1592 1747 ‚
1625 1720 1691 1743 non
1722 1710 1908 1745 canaliculis
1942 1712 1984 1744 iis
2013 1714 2153 1746 carentis
2175 1735 2186 1752 ‚
2221 1713 2421 1748 Observatio
2444 1738 2454 1747 .

1531 1754 1673 1788 LXVII.
1698 1756 1730 1786 6.

1444 1796 1597 1831 Urethrae
1620 1797 1766 1838 quaedam
1790 1798 1876 1831 intus
1898 1798 2053 1832 exstantes
2075 1798 2165 1841 quasi
2189 1798 2279 1833 fibrae
2301 1800 2387 1835 unde
2400 1812 2455 1835 or-

1530 1850 1571 1875 tae
1595 1841 1654 1875 esse
1679 1841 1823 1882 possent.
1846 1841 2044 1884 conjicitur.
2070 1842 2179 1877 XLII.
2205 1853 2257 1886 41.

1575 1895 1811 1927 nonuunquam
1835 1885 1994 1919 catheteri
2018 1885 2146 1919 obstant
2164 1911 2171 1917 .
2198 1889 2236 1917 X.
2266 1896 2314 1930 13.

1574 1929 1705 1962 alterius
1727 1929 1852 1971 generis
1876 1940 1963 1963 rarus
1986 1928 2089 1962 obex.
2118 1930 2266 1961 XXXIV.-
2291 1941 2322 1973 7.
2350 1929 2458 1972 &seq-⁴

1444 1968 1601 2005 Urethrae
1624 1973 1826 2007 carunculae.
1852 1974 1891 2005 In
1924 1972 1984 2006 hac
2018 1973 2239 2006 controversia
2274 1976 2356 2016 quid
2388 1975 2457 2007 ani-

1532 2015 1735 2090 }nadversum
1759 2014 1823 2055 fit,
1856 2015 2129 2060 observatumque
2150 2041 2159 2050 .
2190 2017 2300 2051 XLII.
2338 2018 2390 2062 38.
2423 2019 2456 2050 &

1547 2070 1561 2091 e
1611 2083 1618 2090 .

1444 2069 1808 2136 Ureth.r(iunliebris.
1835 2102 2016 2139 Quomodo
2039 2104 2073 2136 in
2096 2113 2130 2137 ea
2142 2113 2377 2157 nonnunquam
2393 2114 2451 2137 ua-

1525 2144 1568 2179 sci
1591 2145 1709 2187 poffint
1734 2146 1848 2195 calguli
1864 2170 1871 2178 .
1897 2146 1984 2181 Ibid.
2008 2158 2062 2189 42.

1568 2189 1738 2229 osculum,
1761 2201 1821 2232 pro
1844 2190 1969 2232 vaginae
1992 2188 2122 2224 orificio
2145 2190 2326 2231 angustiore
2348 2203 2364 2224 a
2379 2190 2455 2224 Me-

1614 2232 1690 2266 dico
1715 2244 1779 2266 non
1804 2234 1944 2275 ignobili
1970 2243 2158 2276 acceptum.
2183 2235 2308 2267 XLVI.
2338 2245 2390 2267 12.

1573 2276 1775 2322 procidentis
1801 2287 1839 2308 ex
1861 2288 1900 2309 eo
1922 2277 2032 2310 osculo
2057 2277 2250 2311 membranae
2273 2277 2365 2311 causa
2378 2288 2459 2311 con-

1616 2320 1750 2360 jicitur.
1775 2319 1883 2353 XLII.
1906 2329 1960 2361 42.

1441 2360 1673 2396 Urinariarum
1700 2364 1845 2397 Partium
1869 2362 1974 2396 morbi
1996 2361 2179 2405 diagnosim
2203 2363 2323 2398 habent
2361 2362 2456 2397 falla-

1529 2417 1618 2440 cem.
1644 2407 1753 2440 XLII.
1778 2415 1809 2448 3.
1839 2408 1887 2438 16.

1574 2450 1630 2483 Eae
1653 2449 1771 2483 habere
1795 2448 1886 2484 ulcus
1908 2447 2073 2487 interdum
2109 2447 2237 2491 possunt
2261 2474 2269 2489 ‚
2308 2449 2383 2484 licet
2419 2453 2455 2486 in

1616 2494 1718 2527 urinis
1741 2493 1868 2535 sanguis
1891 2503 1954 2524 non
1979 2493 2160 2534 apparuerit
2176 2518 2183 2526 .
2212 2492 2299 2527 Ibid.
2326 2497 2376 2527 16.

1444 2536 1662 2613 Uriniaevnlum
1685 2537 1753 2571 aliae
1780 2535 1841 2569 sint
1865 2537 1924 2570 viae
1947 2545 2065 2578 praeter
2088 2545 2251 2570 ureteres.
2290 2537 2381 2572 XLI.
2417 2547 2453 2572 2.

1618 2582 1662 2614 11.
1692 2582 1740 2612 16.

1444 2623 1585 2657 urinae.
1614 2623 1693 2657 Vid.
1719 2624 1910 2659 Diuretica.

1444 2667 1582 2704 Urinae‚
1609 2667 1802 2702 tenuissimas
1827 2667 1916 2711 quasi
1941 2665 2085 2699 arenulas
2109 2665 2142 2698 in
2167 2666 2366 2700 matularum
2400 2668 2449 2702 la.

1530 2711 1653 2744 teribus
1676 2711 1897 2754 deponentes,
1921 2708 2051 2742 felicem
2085 2709 2274 2744 morborum
2308 2711 2446 2746 solutio-

1528 2765 1600 2788 nem
1623 2753 1786 2788 indicant.
1813 2754 1914 2787 vm.
1941 2762 1988 2785 10.
2013 2753 2132 2786 XLIX.
2159 2762 2209 2787 21.

1571 2799 1606 2832 in
1630 2797 1815 2834 calculoso,
1839 2808 1879 2831 ex
1903 2798 2010 2838 aqueis
2037 2794 2276 2838 mucilaginosae
2293 2796 2383 2831 faetae
2394 2810 2452 2833 cur

1617 2841 1769 2918 gabalen)
1791 2839 2036 2875 convulsionem
2060 2842 2236 2883 praecedere
2260 2842 2450 2883 potuerint.

1575 2930 1725 2972 quaedam
1749 2938 1812 2966 an,
1839 2935 1876 2961 ut
1899 2925 2115 2965 videbantur,
2153 2937 2263 2960 revera
2305 2938 2446 2964 cruentae

1621 2972 1743 3013 essent,
1767 2969 1982 3006 controversia
2005 2970 2174 3015 quomodo
2194 2970 2353 3013 dirempta
2375 2970 2413 3006 fit
2437 2997 2448 3007 .

1571 3060 1718 3104 quaedam
1740 3059 1846 3093 laeteae
1871 3069 1887 3092 a
1909 3056 2009 3099 chylo
2023 3082 2032 3098 ‚
2055 3068 2094 3091 an
2118 3067 2224 3099 apure
2237 3056 2359 3098 effent‚
2383 3069 2452 3092 ma-

1621 3114 1681 3146 gna
1711 3103 1836 3136 Patavii
1862 3101 2102 3135 controversia.
2128 3100 2214 3134 Ibid.
2236 3112 2291 3144 44.

1578 3146 1612 3179 in
1635 3144 1826 3189 quibusdam
1837 3145 2020 3179 innatantes
2030 3145 2117 3187 quasi
2131 3142 2377 3183 membranum,
2392 3154 2448 3179 aut

1620 3189 1792 3232 hydatides
1815 3188 2026 3227 semilacerae,
2048 3197 2136 3223 erant
2168 3187 2331 3230 polyposae
2366 3200 2445 3223 con-

1624 3235 1804 3269 cretiones.
1827 3233 1917 3265 XLI.
1940 3243 1989 3275 ¹3·

1577 3287 1652 3311 cum
1674 3274 1863 3320 quibusdam
1886 3273 2059 3317 quomodo
2078 3284 2147 3309 uvae
2169 3275 2255 3309 acini
2277 3298 2291 3316 ‚
2323 3275 2449 3319 aliaque

1532 3322 1657 3355 excerni
1681 3321 1867 3364 potuerint.
1893 3320 2002 3353 XLII.
2024 3329 2078 3362 45.

1445 3363 1563 3398 Urinae
1587 3375 1761 3442 perIabnctiim
1780 3362 1892 3438 gjeaefilae
1914 3375 1932 3398 a
1955 3374 2021 3406 quo
2037 3362 2182 3406 primum
2191 3361 2365 3397 observatae
2377 3361 2447 3396 fue·

1532 3418 1619 3442 rint.
1689 3419 1699 3440 1
1725 3432 1733 3441 .
1774 3431 1810 3438 ,.
2231 3422 2235 3424 -

1575 3451 1673 3486 variae
1696 3417 1859 3484 variqarum
1883 3448 2041 3492 eiusmodi
2074 3447 2350 3483 Observationum
2372 3473 2380 3487 ‚
2416 3450 2448 3482 &

1619 3493 1783 3527 interdum
1808 3492 2008 3528 difficillimae
2030 3493 2277 3534 explicationes.
2303 3490 2449 3526 Ibidem.

1577 3535 1616 3571 de
1639 3537 1802 3571 vermibus
1823 3538 1880 3580 qui
1903 3548 1977 3571 cum
2011 3537 2103 3569 urina
2134 3533 2229 3576 ejeffi
2261 3536 2414 3570 dicuntur
2437 3557 2450 3575 ‚

1629 3580 1711 3623 quid
1733 3580 1950 3614 sentiendum.
1975 3579 2059 3612 Ibid.
2083 3582 2113 3610 6.
2140 3590 2170 3620 7.
2196 3589 2245 3618 29.

1449 3626 1563 3660 Urinae
1585 3625 1781 3660 continuum
1803 3624 2005 3659 stillicidium
2028 3620 2086 3657 effe
2118 3620 2224 3664 potest
2247 3644 2258 3661 ‚
2290 3621 2448 3699 fimugque

2325 3676 2360 3699 vc
2378 3677 2407 3699 ι-
