2498 4075
364 239 515 306 Epist·
552 240 717 295 Anat.
752 239 966 294 Medica
1000 238 1198 294 XLIII.
1232 237 1351 291 Art.
1371 240 1445 305 36.
1470 239 1619 303 37.&
1641 237 1718 306 38.

24 327 97 351 raro
118 316 304 355 diuturnam
321 344 334 362 ‚
366 330 404 355 ut
426 329 547 354 caeterae
566 344 576 353 .
598 318 687 351 Nam
711 330 786 353 cum
810 319 934 362 sanguis
960 319 1024 353 five

24 372 63 393 ex
88 361 216 411 {ulnere
238 364 388 405 ἰῃΗίἃο,
408 364 471 397 sive
493 374 531 396 ex
552 363 720 396 curatione
744 364 778 396 in
802 361 944 397 scrotum
968 363 1024 396 de-

27 403 124 438 fluxit
142 427 156 445 ‚
187 407 255 441 cito
279 408 441 449 Chirurgi
468 407 623 440 rationem
650 404 772 448 ipsam,
795 407 912 440 nedum
935 404 1022 439 Celfi

22 448 38 484 (
59 457 78 488 q
97 451 112 486 )
134 459 330 492 praeceptum
355 451 452 484 secuti
474 473 483 488 ‚
507 451 558 483 via
581 447 663 482 fad-ta
684 448 858 483 detrahunt
880 474 889 483 .
925 448 1021 483 Non-

23 500 89 523 nun
117 503 189 525 uam
222 502 329 529 tamen
353 506 392 528 ex
423 494 564 526 erosione
587 493 846 526 membranarum
877 491 1020 527 testiculi

23 540 96 566 nota
117 534 173 568 ilis
196 539 284 579 copia
306 537 429 573 cruenti
449 536 565 569 icboris
586 537 779 577 Vaginalem
802 537 947 570 tunicam
970 536 1021 569 di-

23 574 160 616 stendit,
186 588 243 617 ut,
266 582 325 616 hac
338 578 457 616 incisa,
480 589 548 612 cum
558 579 675 621 impetu
689 587 884 620 erumperet,
907 591 1021 621 quern-

23 619 199 656 admodum
232 624 363 659 invenio
408 622 491 666 apud
509 622 636 665 Justum
661 621 872 656 Schraderum
903 625 917 662 (
940 633 956 655 r
977 626 988 661 )
1012 647 1020 655 .

155 666 431 701 Pneumatocelem
464 674 571 699 autem
595 665 615 698 si
651 666 697 699 ita
731 666 925 708 accipiamus
945 688 957 705 ‚
988 674 1024 699 ut

23 705 64 756 ab
97 718 164 741 aere
198 709 255 743 fiat
277 713 362 744 intra
396 707 528 751 aliquod
551 710 738 743 intestinum
771 709 895 742 incluo
928 709 1019 751 quod

22 760 72 799 in·
91 750 233 787 scrotum
267 753 460 788 descenderit
483 777 492 792 ‚
526 751 710 794 cujusmodi
742 752 840 786 adnot
862 752 961 785 ndum
982 753 1017 785 in

22 795 138 835 primis
160 798 338 839 exemplum
362 795 498 840 protulit
520 796 736 830 C1.Hanerus
761 795 814 837 (s
829 799 863 833 >5
888 806 926 829 ex
948 807 1018 837 par-

23 846 55 869 te
79 838 185 880 aliqua
209 839 339 874 fortasse
362 839 453 873 vidi:
479 839 524 873 fin
549 850 624 873 vero
649 848 684 872 ut
707 839 747 872 ab
770 849 863 878 aere,
884 849 1023 881 quomo-

20 880 63 914 do
85 881 229 930 plerique
253 884 441 927 accipiunt,
464 882 561 916 scroti
572 882 702 916 cellulas
714 881 933 918 distendentes
958 893 1023 915 non

22 925 156 957 memini
179 925 286 969 legisse
320 928 378 970 qui
422 926 486 959 fine
521 935 708 960 caeterarum
752 926 899 959 omnium
922 945 932 961 ‚
968 933 1023 958 aut

22 967 236 1009 plurimarum
258 993 269 1011 ,
301 981 356 1005 aut
389 980 476 1003 certe
499 991 512 1009 ,
544 978 580 1002 ut
614 969 697 1012 apud
721 969 892 1002 Palfinium
916 967 1021 1010 (t),

22 1012 244 1060 proximarum
277 1013 384 1048 scroto
408 1012 547 1056 partium
581 1012 818 1056 emphysemate
848 1011 1024 1052 conspexe-

21 1063 86 1088 rit.
112 1056 200 1090 Mihi
223 1059 255 1090 in
279 1056 343 1098 jam
367 1066 498 1091 mortuo
523 1064 558 1089 ut
581 1057 616 1088 in
641 1055 710 1090 solo
733 1056 915 1099 apparuerit
937 1054 1023 1087 scro-

23 1106 84 1137 to,
106 1099 251 1141 Epistola
275 1101 371 1135 habes
396 1101 433 1133 V.
458 1104 471 1139 (
495 1110 515 1132 u
536 1101 550 1137 )
970 1098 972 1103 ’

70 1146 119 1183 36-
145 1142 342 1178 Cirsocelem
363 1143 536 1179 Cornelius
559 1142 669 1175 Celsus
695 1154 789 1176 unam
813 1154 852 1175 ex
873 1141 1025 1175 omnibus

22 1181 143 1218 herniis
178 1189 308 1222 ramicis
331 1210 340 1225 ‚
374 1196 429 1220 aut
461 1187 618 1219 ramicum
651 1188 781 1219 nomine
812 1184 990 1227 designavit
1014 1211 1024 1226 ‚

21 1226 86 1277 sive
108 1228 247 1264 scrotum
269 1239 405 1273 occupet
427 1255 436 1270 ,
468 1230 565 1272 idque
589 1239 642 1263 aut
666 1231 804 1263 exterius
825 1254 834 1268 ,
867 1238 920 1262 aut
943 1231 1028 1261 inte-

20 1282 88 1305 r1us
109 1294 120 1311 ‚
152 1275 218 1308 five
240 1276 360 1317 inguen
392 1282 521 1307 tantum
545 1273 676 1314 impleat
702 1285 711 1304 .·
744 1284 840 1316 quern
877 1272 1026 1306 ordinem

22 1324 58 1348 ut
82 1319 238 1359 proponit
261 1319 369 1360 capite
395 1339 405 1354 ‚
438 1328 503 1350 non
530 1326 579 1354 17³
605 1316 657 1350 sed
692 1316 739 1348 18.
764 1318 840 1349 libri
866 1327 896 1357 7.
920 1317 965 1349 ita
989 1316 1023 1348 in

21 1360 189 1395 curatione
211 1362 353 1404 sequitur
378 1372 448 1402 cap.
476 1371 527 1392 22.
553 1363 583 1392 ὃ(
607 1370 656 1402 24.
683 1359 767 1402 Qae
791 1359 942 1393 adnotare
966 1370 1025 1392 vo-

21 1401 68 1435 lui
83 1427 92 1442 ,
115 1415 154 1437 ne
175 1427 187 1445 ,
223 1415 258 1439 ut
281 1403 547 1446 ingeniosissimus
580 1402 723 1444 alioquin
751 1404 815 1436 Vir
839 1425 849 1440 ‚
873 1401 1022 1435 nonnihil

19 1444 137 1480 haereas
160 1449 196 1481 in
224 1450 354 1482 ramicis
377 1447 508 1481 nomine
544 1446 627 1488 apud
650 1445 782 1480 Celsum
801 1469 811 1484 ‚
833 1445 1023 1480 obscurum-

21 1500 84 1530 que
116 1491 179 1524 tibi
203 1492 266 1526 hoc
299 1491 368 1534 ejus
391 1491 545 1525 ultimum
578 1500 672 1531 caput
697 1491 841 1523 videatur
860 1512 873 1529 ‚
896 1490 930 1522 in
952 1501 1020 1531 quo

19 1532 236 1569 bubonoceles
258 1536 389 1579 quidem
412 1556 420 1571 ,
446 1541 482 1567 ut
506 1531 578 1566 finis
601 1533 696 1567 docet
718 1534 831 1576 capitis
856 1533 906 1571 185
930 1544 1023 1565 cura-

20 1577 147 1612 tionem
171 1580 294 1620 tradit,
315 1578 366 1612 sed
389 1576 605 1612 bubonoceles
626 1587 698 1618 quae
723 1588 788 1610 non
813 1575 870 1609 nifi
896 1589 912 1609 a
937 1576 1023 1608 vari-

18 1618 99 1654 cofis
137 1624 224 1655 venis
257 1622 337 1656 fiat.
473 1620 639 1653 Obscurus
675 1619 718 1652 est
736 1620 845 1662 Justus
868 1618 1024 1653 Schrade-

19 1675 94 1701 rus‚
117 1677 215 1707 quem
240 1678 278 1698 eo
301 1665 365 1698 tibi
388 1663 543 1696 libentius
567 1674 733 1699 memoro,
757 1663 846 1705 quod
869 1662 938 1705 ejus
951 1662 1025 1696 Ob-

18 1707 213 1742 servationes
236 1710 269 1741 in
284 1706 493 1750 Sepulchreto
515 1705 644 1739 οτι-1111115
667 1706 783 1739 video.
810 1707 848 1739 In
870 1707 925 1739 illa
938 1707 1025 1739 enim

18 1749 87 1793 ipsa
110 1763 181 1794 quae
205 1752 302 1793 paulo
325 1750 417 1793 supra
440 1754 451 1790 (
476 1759 498 1783 x
519 1753 532 1790 )
552 1750 696 1791 indicata
721 1750 763 1783 est
783 1773 795 1790 ,
818 1760 880 1791 qua
907 1750 1025 1783 haema-

19 1794 147 1827 rocelen
170 1795 332 1839 quandam
356 1794 511 1837 proponit
533 1817 544 1833 ,
568 1793 743 1826 innumeros
767 1804 896 1835 quoque
942 1803 1023 1825 erre-

15 1838 180 1879 ptantium
202 1837 347 1880 vasorum
364 1835 471 1879 flexus
486 1835 584 1878 supra
607 1837 730 1869 modum
742 1836 883 1877 turgidos
924 1833 1022 1872 uisse,

17 1881 157 1919 scribit3
181 1882 213 1915 in
230 1878 392 1925 superficie
415 1891 492 1913 vero
515 1879 683 1919 testiculi,
714 1890 752 1912 an
777 1880 948 1921 Vaginalis
971 1888 1023 1911 tu-

17 1925 100 1958 nicae
122 1923 232 1964 dicat,
254 1926 418 1957 incertum
438 1937 447 1956 :
482 1923 641 1956 utrolibet
662 1924 751 1956 euim
774 1923 849 1955 loco
872 1920 929 1955 effe
953 1921 1023 1966 pos-

17 1967 70 2006 se,
93 1967 233 2002 laudatis
255 1967 419 2009 capitibus
446 1966 536 2000 18.&
560 1965 731 1999 22.Celsus
755 1965 889 2000 docuit.

18 2012 121 2044 Porro
146 2021 181 2045 ut
203 2012 237 2044 in
263 2009 430 2044 Schraderi
454 2008 692 2043 Observatione
708 2034 716 2048 ,
747 2008 787 2043 fic
812 2011 845 2042 in
871 2009 941 2045 aliis
966 2021 1024 2050 pa-

18 2054 98 2088 riter
122 2053 207 2089 haud
230 2066 304 2089 raro
327 2051 496 2093 accidisse,
519 2053 766 2093 animadverto,
791 2062 826 2086 ut
850 2064 924 2086 cum
947 2054 1025 2086 Cir-

19 2097 122 2131 socele
156 2099 226 2132 aliae
249 2096 344 2131 e‘sient
377 2096 497 2130 herniae
520 2095 702 2138 conjun&ae
727 2119 734 2127 .
770 2096 901 2130 Videfis
934 2096 1025 2129 Hor-

17 2141 113 2174 stium
135 2153 233 2184 quern
257 2142 310 2174 hic
334 2139 429 2174 habes
452 2140 487 2172 in
512 2139 726 2180 Sepulchreto
749 2142 802 2180 (y
825 2142 839 2178 )
861 2163 870 2173 .
903 2139 1024 2180 Relege

16 2186 115 2218 etiam
139 2184 357 2228 Epistolarum
392 2193 537 2216 mearum
560 2182 649 2215 locos
679 2182 797 2225 quibus
820 2182 887 2216 haec
911 2182 1023 2215 hernia

17 2228 175 2271 descripta
199 2228 241 2262 est
263 2249 274 2265 ‚
309 2237 345 2261 ut
368 2226 434 2259 fuit
458 2238 474 2259 a
498 2225 670 2265 Valsalva‚
694 2235 749 2259 aut
774 2237 790 2258 a
817 2237 866 2259 me
889 2224 1023 2267 conspe-

17 2272 70 2305 eta
92 2297 101 2305 .
135 2272 196 2306 Ille
219 2271 237 2313 (
258 2282 282 2314 z
303 2273 317 2309 )
339 2281 412 2304 curn
448 2268 541 2310 J'uxta
565 2271 707 2310 primum
730 2267 815 2302 Celsi
839 2270 892 2312 (a
915 2271 926 2307 )
951 2279 1021 2301 mo-

13 2313 92 2348 dum
109 2314 205 2357 super
238 2313 339 2356 ipsum
357 2312 499 2355 scrotum
536 2311 697 2345 varicosas
734 2323 830 2345 venas
853 2312 900 2344 ita
935 2311 1021 2345 vidit

15 2358 99 2391 inter
113 2358 148 2400 se
171 2357 351 2399 implicatas
365 2380 375 2396 ,
396 2365 433 2389 ut
456 2365 601 2389 catenam
614 2354 791 2392 referrent;
813 2354 1022 2397 hydrocelen]

13 2400 108 2434 simul
133 2401 261 2436 invenit
282 2424 289 2431 .
323 2400 399 2442 Ego
421 2410 497 2433 cum
521 2398 694 2432 secundum
726 2399 883 2432 ultimum
906 2399 1020 2440 primae

8 2444 180 2477 divisionis
214 2442 299 2476 Celsi
324 2442 413 2482 (b)
436 2441 571 2476 modum
604 2441 801 2475 Cirsocelem
831 2441 1019 2476 inchoatam

9 2489 43 2520 in
70 2489 176 2521 Lanio
200 2489 216 2530 (
235 2497 252 2518 c
271 2486 290 2528 )
311 2508 323 2525 ‚
356 2493 413 2518 aut
436 2484 619 2518 absolutam
655 2486 689 2518 in
712 2486 829 2528 Figulo
851 2489 865 2526 (
887 2486 905 2518 d
926 2489 939 2524 )
962 2485 1019 2520 de-

10 2529 162 2574 prehendi
184 2546 195 2568 ·,
227 2528 322 2562 simul
346 2530 379 2561 in
413 2527 476 2562 hoc
501 2529 605 2571 reperi
629 2528 818 2571 hydroceles
850 2531 984 2562 initium
1007 2553 1020 2569 ‚

11 2576 46 2608 in
69 2575 129 2608 illo
161 2583 268 2608 autern
291 2570 501 2614 hydrocelem
526 2596 533 2603 .
569 2572 649 2605 Erat
672 2582 822 2615 praeterea
845 2574 879 2606 in
904 2574 1020 2614 Figulo

14 2617 192 2652 substantia
217 2616 306 2650 testis
330 2615 376 2649 ita
399 2615 566 2658 compacta
592 2640 601 2655 ‚
634 2624 671 2649 ut
695 2614 879 2660 alimentum
901 2615 1020 2657 amifis-

8 2660 43 2705 se
63 2684 74 2700 ‚
110 2659 206 2695 ficuti
237 2661 272 2693 in
304 2670 344 2692 eo
378 2658 478 2693 modo
511 2657 624 2692 Celsus
647 2661 661 2698 (
683 2669 698 2692 e
720 2662 734 2698 )
756 2660 902 2702 loquitur
924 2682 937 2699 ,
970 2661 1019 2693 vi-

16 2705 146 2739 deretur
167 2726 180 2744 ,
222 2701 464 2745 subjeetumque
504 2700 640 2735 habebat
682 2703 908 2744 corpusculum
951 2704 1018 2735 exi-

18 2759 124 2792 guum
159 2746 313 2780 osseum:
348 2746 437 2788 quod
483 2745 518 2777 in
565 2747 755 2780 memoriam
800 2747 920 2789 redigit
951 2757 1021 2779 cer-

19 2801 89 2825 tam
120 2789 282 2833 quandam
315 2789 413 2822 aliam
445 2787 605 2822 Valsalvae
625 2813 634 2828 ,
665 2791 772 2823 nescio
804 2791 927 2833 quoin
960 2789 1022 2822 ho—

20 2838 108 2869 mine
143 2832 290 2867 habitam
312 2857 321 2872 ,
355 2831 626 2865 Observationem
651 2857 659 2863 .
694 2833 732 2866 In
767 2833 901 2867 dextero
933 2834 1021 2866 enim

20 2878 173 2913 vasorum
217 2877 489 2918 Spermatico'rum
541 2874 694 2909 fasciculo
748 2877 833 2911 intra
878 2877 1022 2918 peculia-

20 2933 69 2956 res
123 2919 357 2954 membranulas
407 2917 633 2961 corpusculum
681 2917 818 2954 offendit
861 2918 981 2953 osseum
1006 2933 1016 2953 .-

46 2964 109 3000 uod
132 2975 208 2998 cum
231 2964 314 2995 inter
336 2962 457 3004 digitos
480 2961 585 2996 valide
609 2972 765 3004 premeret
787 2987 800 3004 ,
832 2975 872 2997 ex
894 2962 1017 2998 duobus

20 2978 144 3043 {laetum
167 3005 247 3044 esse,
274 3004 356 3039 vidit
378 3029 386 3037 .
421 3006 563 3040 Globuli
585 3003 691 3039 forma
716 3015 891 3049 utrumque
915 3016 981 3041 erat
1007 3018 1017 3045 ς

20 3052 72 3086 sed
105 3052 240 3085 alterum
264 3049 356 3091 grani
381 3049 495 3088 milii,
528 3051 663 3083 alterurn
687 3050 778 3082 viciae
817 3050 1018 3091 magnitudi-

20 3107 58 3129 ne
84 3120 95 3137 ,
128 3094 192 3128 hoc
215 3094 249 3125 in
274 3101 361 3135 parte
384 3091 585 3133 subasperum
606 3117 615 3132 ,
648 3092 730 3127 illud
756 3104 832 3127 vero
855 3093 1017 3136 eleganter

20 3138 58 3173 ad
83 3138 264 3179 margaritae
289 3134 533 3170 similitudinem
566 3136 751 3178 laevigatum
769 3161 777 3170 .
910 3139 1017 3170 Caete-

19 3194 93 3216 rum
114 3180 153 3215 de
175 3178 337 3213 Cirsocele
361 3176 426 3212 haec
451 3178 617 3213 adnotavit
643 3181 796 3213 Arantius
819 3178 922 3223 (f),
949 3193 1014 3213 ma-

19 3228 166 3264 ximam,
188 3223 325 3264 opinor,
348 3220 548 3255 describens.-
572 3221 672 3255 ratini
693 3224 851 3266 turgentia
872 3223 947 3266 vasa
970 3225 1017 3258 di-

16 3269 81 3311 ,ξὶιὶ
104 3265 294 3311 craffitudine
330 3273 344 3297 e
361 3264 395 3306 se
417 3262 572 3308 offerunt,
595 3265 805 3306 intestinorum
816 3268 848 3300 in
872 3268 1017 3308 modurn,

18 3310 167 3352 orbibus,
187 3311 230 3344 Θ·
252 3318 289 3340 an
309 3307 445 3342 rac'iibus
466 3307 610 3341 obvoluta
625 3332 634 3347 ,
658 3320 722 3351 quae
744 3309 1016 3350 decumbentibus,

18 3365 130 3397 magna
153 3364 191 3388 ex
208 3359 299 3395 parte
322 3350 527 3393 delitescunt,
549 3351 742 3394 hyemalique
766 3361 920 3395 tempore,
945 3366 1017 3387 con-

19 3398 118 3431 trano
135 3397 237 3446 scroto
259 3418 270 3435 ,
302 3395 485 3429 minuuntur
506 3416 518 3434 ,
540 3405 575 3428 ac
597 3396 700 3429 minus
723 3394 890 3440 infestant,
913 3397 1013 3437 aestate

18 3451 90 3474 vero
112 3449 267 3475 maxime.

1917 253 2003 301 191

1117 328 1170 362 37.
1196 317 1373 351 Steatocele
1396 316 1499 351 eidem
1523 316 1661 350 Au&ori
1683 314 1724 348 est
1746 317 1800 358 (g
1821 317 1835 354 )
1858 337 1870 354 ,
1893 313 1949 348 ubi
1969 316 2078 357 adipo-

1066 361 1124 404 sus
1146 362 1271 404 quidam
1287 392 1289 394 ,
1308 360 1416 393 humor
1439 361 1470 394 in
1486 360 1589 402 scroto
1609 384 1617 398 ,
1651 359 1693 392 eff
1714 359 1795 392 circa
1828 356 1931 397 testem
1954 369 2078 391 concre-

1064 404 1151 449 scit.
1177 404 1310 438 Secutus
1333 402 1378 436 est
1401 413 1507 437 autem
1530 403 1701 445 antiquum
1726 402 1811 435 illius
1836 400 2079 434 Introdublionis

1072 449 1271 490 Scriptorem
1285 470 1294 484 ,
1317 458 1388 490 quae
1410 448 1495 480 inter
1516 446 1636 479 Galeni
1658 446 1760 479 libros
1785 443 1904 478 servata
1928 445 1969 478 est
1983 467 1992 482 ‚
2018 444 2079 486 qui

1071 493 1216 534 Scriptor
1238 502 1314 524 cum
1346 491 1430 523 inter
1452 500 1582 523 caeteras
1606 487 1742 523 chernias
1769 498 1817 530 17.
1842 490 1873 520 δε
1900 488 1949 521 18.
1974 487 2074 530 capit.

1071 535 1270 569 steatocelem
1302 534 1518 567 nominaverit
1542 556 1555 572 ,
1589 533 1622 565 in
1646 532 1708 566 hoc
1744 532 1844 565 altero
1875 533 2079 564 curationem

1071 579 1238 618 indicans,
1260 579 1381 620 adipem
1395 602 1404 617 ‚
1427 578 1491 615 ait,
1518 575 1579 610 esse
1603 573 1804 619 auferendum
1825 600 1833 608 .
1867 574 1994 609 Verum
2016 573 2080 607 sive

1075 621 1185 656 sebum
1205 644 1217 660 ,
1250 621 1313 654 five
1338 620 1463 663 adipem
1497 630 1611 653 vocare
1636 621 1785 652 malimus
1819 617 1983 661 quidquid
2018 627 2079 651 un-

1074 664 1174 699 &uosi
1199 666 1286 697 intra
1310 664 1451 698 scrotum
1474 662 1648 705 aliquando
1669 660 1846 695 concrescit
1872 686 1881 700 ‚
1906 663 2079 704 ipsumque

1074 707 1250 748 distendit,
1276 707 1308 741 id
1331 717 1418 741 certe
1443 717 1496 740 aut
1524 706 1581 739 sub
1604 715 1677 738 cute
1700 705 1767 747 ipsa
1790 706 2000 746 congeritur,
2025 711 2080 736 aut

1069 753 1104 785 in
1126 752 1249 786 cellulis
1270 751 1482 784 interioribus
1506 774 1514 782 .
1549 750 1642 782 Prius
1667 748 1703 782 ad
1729 760 1827 789 genus
1851 749 1969 781 attinet
1992 745 2082 789 quod

1073 795 1167 838 supra
1200 794 1290 836 (h)
1324 795 1423 835 dixi,
1458 793 1515 827 sub
1541 794 1647 825 scroto
1678 793 1810 834 proprie
1843 790 1885 824 fic
1916 791 2081 833 appellato

1074 839 1145 881 plus
1169 836 1376 880 pinguedinis
1399 860 1408 875 ,
1442 839 1476 870 in
1499 838 1569 869 imo
1591 835 1690 868 etiam
1712 860 1720 875 ,
1748 847 1796 868 me
1820 833 1957 874 vidisse,
1980 844 2081 876 quam

1073 883 1108 915 in
1141 880 1273 914 homine
1298 879 1474 924 praesertim
1506 890 1570 913 non
1597 879 1735 912 multum
1777 879 1893 921 pingui
1918 874 2083 919 expectas-

1075 926 1139 959 sem
1161 935 1175 964 ‚·
1209 924 1291 957 nihil
1315 925 1403 958 enim
1428 925 1475 957 ibi
1501 923 1706 965 pinguedinis
1730 944 1740 959 ‚
1775 931 1829 954 aut
1855 931 1941 955 certe
1966 922 2023 954 vix
2047 932 2082 953 a-

1073 967 1178 1011 liquid
1202 967 1322 1007 subest,
1344 968 1442 1010 idque
1466 966 1650 999 interdum.
1676 965 1831 1000 Sediilud
1857 975 1924 1000 erat
1946 964 2083 998 inchoa-a

1076 1020 1222 1045 mentum
1246 1011 1416 1044 dumtaxat
1450 1009 1615 1053 quoddam
1640 1011 1715 1042 vitii
1748 1007 1843 1049 hujus
1868 1021 1876 1040 τ
1911 1007 2001 1050 quod
2027 1019 2083 1040 ex-

1075 1057 1199 1098 pletum
1234 1054 1322 1086 vides
1357 1055 1392 1086 in
1436 1055 1583 1086 Seftione
1627 1052 1687 1086 hac
1719 1051 1922 1093 Sepulchreti
1958 1050 2083 1084 XXIX.

1075 1104 1087 1139 (
1111 1100 1122 1132 i
1147 1101 1157 1136 )
1182 1109 1221 1131 ex
1243 1096 1378 1130 Graafio
1404 1110 1411 1128 :
1446 1096 1625 1138 eodemque
1649 1095 1781 1128 fortasse
1808 1093 2010 1128 referendum
2037 1095 2083 1127 est.

1075 1141 1164 1185 quod
1188 1143 1221 1175 in
1247 1149 1425 1173 memorata
1447 1138 1824 1172 HorstiiObservatione
1845 1138 1968 1171 ibidem
1993 1140 2004 1176 (
2029 1135 2048 1176 lz
2068 1138 2083 1175 )

1077 1186 1197 1227 legitur
1219 1197 1230 1218 .·
1263 1184 1296 1217 in
1319 1183 1427 1217 dextra
1446 1182 1549 1225 scroti
1566 1190 1661 1224 parte
1684 1192 1755 1214 caro
1778 1181 1902 1224 adiposa
1919 1204 1926 1211 .
1954 1182 2005 1213 Ad
2030 1181 2084 1211 in-

1076 1231 1210 1263 teriores
1233 1237 1340 1262 autern
1371 1227 1502 1260 cellulas
1526 1224 1646 1267 speffat
1680 1223 1768 1267 quod
1794 1225 1826 1256 in
1851 1224 2004 1259 cadavere
2028 1221 2085 1256 ad-

1076 1271 1211 1306 modum
1244 1271 1359 1314 pingui
1384 1270 1553 1303 adnotavit
1573 1291 1583 1307 ,
1616 1278 1653 1302 ut
1677 1268 1769 1310 supra
1804 1270 1818 1306 (
1840 1267 1852 1300 l
1873 1272 1884 1307 )
1920 1268 2017 1301 aliam
2041 1266 2086 1300 ob

1076 1315 1202 1350 causam
1234 1315 1359 1349 dietum
1382 1313 1424 1347 est
1445 1335 1457 1353 ‚
1493 1313 1548 1345 Cl.
1573 1312 1740 1346 Petschius
1765 1312 1831 1353 (m
1851 1314 1866 1351 )
1886 1334 1897 1350 ,
1930 1322 2006 1345 cum
2029 1320 2087 1343 en-

1075 1359 1212 1393 terocele
1235 1381 1245 1395 ,
1282 1366 1337 1391 aut
1362 1356 1538 1400 epiplocele
1571 1357 1604 1389 in
1629 1357 1729 1390 altero
1763 1355 1861 1388 scroti
1897 1356 1994 1388 latere
2026 1353 2087 1387 effe

1076 1403 1264 1439 videretur,
1289 1401 1337 1434 nil
1360 1399 1418 1433 nisi
1442 1400 1658 1442 pinguedinem
1682 1397 1774 1433 fuisse
1797 1398 1830 1431 in
1848 1396 2020 1441 substantia
2029 1407 2087 1439 pe—

1075 1447 1195 1479 ritonaei
1216 1443 1360 1486 cellulofa
1382 1442 1542 1477 collettam
1555 1465 1567 1481 ,
1591 1442 1634 1475 Εὖ*
1652 1453 1709 1484 per
1731 1440 1860 1475 annulos
1883 1442 1923 1474 ad
1940 1441 2086 1483 scrotum

1067 1489 1331 1532 progredientem.
1356 1488 1407 1520 Sic
1432 1486 1516 1528 apud
1528 1485 1769 1519 Boerhaavium
1793 1487 1805 1523 (
1827 1484 1880 1526 n)
1906 1486 2019 1527 legeris
2032 1485 2086 1517 vi-

1073 1533 1142 1566 sum
1167 1533 1207 1565 ab
1230 1530 1301 1573 ipso
1323 1531 1358 1564 in
1384 1530 1492 1564 scroto
1514 1538 1677 1562 tumorem
1703 1528 1905 1566 maximum3
1928 1529 1961 1560 in
1986 1526 2085 1560 obeso

1074 1577 1159 1609 enim
1183 1576 1316 1609 homine
1332 1597 1341 1612 ,
1366 1573 1517 1608 testiculo
1541 1572 1641 1612 sano,
1664 1575 1696 1605 &
1723 1571 1849 1609 libero,
1870 1571 2026 1614 pinguedo
2037 1569 2088 1603 lu-

1073 1619 1205 1653 xurians
1227 1640 1236 1655 ‚
1270 1617 1505 1651 exorbitaverat
1524 1624 1581 1656 per
1612 1614 1762 1648 annulum
1784 1615 1817 1647 in
1847 1613 1989 1656 scrotum
2013 1624 2089 1646 cum

1076 1660 1157 1704 vasis
1173 1661 1392 1704 spermaticis.
1418 1659 1587 1692 Schulzius
1610 1662 1620 1698 (
1644 1670 1660 1691 o
1684 1662 1695 1696 )
1720 1667 1830 1691 autem
1845 1669 1910 1690 non
1934 1656 2088 1690 infrain-

1077 1707 1175 1748 guina
1199 1705 1327 1737 videtur
1349 1702 1513 1737 offendisse
1545 1702 1754 1744 quantitatem
1778 1711 1922 1742 magnam
1951 1701 2087 1742 pingue-

1077 1748 1161 1781 ainis
1184 1760 1200 1781 a
1222 1747 1344 1781 dextris
1368 1771 1377 1787 ,
1407 1748 1503 1789 longe
1526 1746 1712 1788 pauciorem
1737 1756 1754 1777 a
1777 1743 1910 1777 sinistris
1930 1768 1940 1783 ,
1971 1742 2087 1777 iisdem

1079 1789 1158 1825 vasis
1181 1791 1263 1824 ανὲἶε
1285 1792 1512 1829 intertextam,
1535 1797 1571 1821 ut
1595 1800 1611 1821 a
1637 1788 1746 1830 primo
1769 1787 1959 1821 intestinum
1984 1810 1994 1827 ‚
2031 1797 2090 1821 aut

1074 1844 1243 1869 omentum
1268 1845 1306 1867 eo
1339 1833 1526 1875 prolapsum
1550 1832 1743 1865 mentiretur
1761 1854 1774 1871 ,
1806 1832 1904 1874 idque
1928 1833 1961 1864 in
1997 1831 2089 1864 cada-

1073 1890 1150 1912 vere
1174 1880 1283 1921 potius
1307 1876 1442 1919 strigoso
1466 1899 1478 1915 ,
1503 1874 1584 1908 ficut
1607 1884 1699 1908 antea
1722 1875 1810 1917 (p)
1830 1898 1839 1914 ‚
1877 1882 1914 1907 ut
1938 1875 2025 1909 aliud
2048 1887 2088 1907 o-

1075 1922 1249 1955 stenderem
1271 1943 1280 1958 ‚
1316 1932 1332 1952 a
1356 1931 1406 1953 me
1440 1920 1579 1953 relatum
1612 1918 1671 1952 esse
1693 1940 1702 1956 ,
1740 1918 1923 1952 memineris
1951 1945 1958 1953 .
1995 1917 2086 1952 Mihi

1074 1977 1178 2002 vero,
1203 1965 1261 2006 qui
1284 1964 1447 1998 interdum
1471 1962 1522 1997 vel
1545 1963 1579 1996 in
1603 1962 1776 1996 macilento
1787 1973 1924 2003 corpore
1947 1963 2089 2005 pingue-

1073 2008 1185 2042 dinem
1220 2009 1262 2040 iis
1285 2005 1365 2040 vasis
1399 2006 1507 2050 paffim
1531 2005 1756 2048 interpositam
1790 2018 1807 2040 a
1832 2005 1954 2040 summa
1981 2006 2089 2049 Vagi-

1074 2052 1141 2086 nali
1175 2052 1286 2085 tunica
1312 2049 1350 2084 ad
1385 2051 1537 2084 annulum
1563 2048 1690 2092 usque;
1723 2061 1799 2084 eurn
1822 2051 1909 2083 enim
1943 2050 2087 2084 tracium

1075 2096 1286 2138 peculiariter
1310 2103 1388 2128 tunc
1412 2093 1644 2131 observabam3
1668 2093 1780 2127 vidisse
1804 2105 1855 2127 me
1874 2115 1883 2131 ‚
1910 2093 2026 2132 sciam,
2050 2095 2085 2126 in

1074 2140 1209 2173 homine
1232 2147 1340 2172 autem
1364 2138 1502 2171 maxime
1526 2137 1663 2175 toroso,
1686 2137 1821 2171 minime
1847 2138 1984 2179 pingui,
2009 2148 2085 2170 cum

1074 2182 1251 2216 saniffimus
1275 2180 1374 2219 esset,
1398 2181 1528 2217 occiso,
1552 2192 1617 2214 non
1631 2180 1735 2215 solum
1761 2183 1795 2214 in
1819 2182 1884 2214 ima
1909 2180 2085 2214 eorundem

1075 2226 1223 2259 vasorum
1247 2222 1316 2257 sede
1349 2224 1578 2268 pinguedinem
1599 2247 1609 2262 ‚
1648 2223 1698 2258 sed
1723 2227 1752 2257 δι
1775 2226 1860 2258 inter
1885 2224 2086 2267 epididymi-

1073 2269 1146 2304 dem
1166 2291 1175 2307 ‚
1206 2268 1385 2310 testemque
1406 2267 1572 2301 offendisse
1594 2290 1603 2305 ,
1631 2269 1770 2311 denique
1803 2270 1836 2301 in
1861 2268 2004 2302 bubulco
2028 2280 2085 2310 pa-

1073 2315 1153 2347 riter
1176 2324 1241 2346 non
1266 2313 1401 2354 pingui,
1428 2311 1477 2345 his
1501 2311 1637 2345 Litteris
1661 2311 1750 2354 (q)
1774 2311 1938 2354 descripto
1962 2335 1971 2349 ‚
2006 2324 2082 2346 cum

1073 2355 1245 2391 fasciculus
1269 2356 1402 2389 illorum
1426 2353 1556 2389 craffior
1580 2380 1589 2394 ,
1613 2357 1671 2396 qui
1695 2355 1733 2388 ad
1757 2356 1892 2389 alterum
1909 2352 2085 2398 'spectabat

1073 2400 1207 2438 testem,
1233 2412 1248 2432 e
1273 2398 1468 2441 pinguedine
1494 2398 1582 2431 fieret
1607 2398 1723 2440 majori
1736 2407 1774 2431 ex
1798 2410 1917 2441 parte,
1939 2401 2023 2433 inter
2038 2400 2084 2432 al-

1071 2453 1179 2477 terum
1203 2442 1385 2477 testiculum
1401 2465 1410 2480 ‚
1436 2441 1566 2484 ejusque
1590 2441 1849 2484 epididymidem
1874 2454 1937 2476 non
1961 2442 2082 2478 defuis-

1073 2487 1104 2521 se
1129 2486 1382 2528 pinguedinem:
1406 2497 1478 2528 quae
1502 2495 1549 2517 res
1571 2484 1699 2518 tametsi
1724 2486 1764 2518 ab
1789 2488 1993 2520 Anatomicis
2016 2498 2082 2521 non

1073 2531 1135 2568 est,
1160 2531 1248 2571 quod
1273 2529 1444 2569 recorder,
1469 2538 1646 2562 memorata
1668 2553 1677 2568 ‚
1712 2526 1841 2563 fortasse
1866 2529 1950 2564 haud
1983 2529 2085 2565 infre-

1073 2584 1173 2616 quens
1197 2572 1264 2613 est;
1287 2573 1392 2610 mihi,
1415 2574 1550 2614 inquam
1567 2598 1575 2612 ‚
1601 2583 1666 2606 non
1690 2583 1755 2607 tam
1781 2574 1901 2606 mirum
1925 2574 2055 2608 videtur
2071 2601 2082 2616 ,

1069 2620 1104 2651 in
1136 2628 1249 2650 eorum
1275 2616 1422 2650 vasorum
1455 2614 1609 2649 fasciculo
1635 2625 1751 2657 praeter
1787 2616 1919 2651 modum
1955 2619 2080 2652 auctam

1071 2661 1298 2705 pinguedinem
1323 2658 1416 2693 fuisse
1439 2670 1504 2692 non
1529 2659 1620 2692 semel
1634 2659 1881 2701 deprehensam,
1906 2673 2005 2703 quarn
2029 2663 2080 2695 in-

1071 2715 1121 2738 ter
1144 2703 1427 2746 epididymidem‚
1451 2702 1678 2736 &testiculum
1702 2714 1867 2744 nunquam
1880 2703 1995 2745 fuiffe;
2017 2705 2077 2738 nisi

1071 2747 1160 2781 forte
1183 2747 1358 2790 aliquando
1391 2749 1427 2781 in
1463 2746 1624 2780 Sarcocele
1657 2745 1795 2788 quadarn
1828 2748 1992 2789 pinguedo
2016 2760 2076 2790 pro

1071 2802 1165 2825 carne
1189 2800 1316 2833 accepta
1339 2791 1406 2825 est.

1117 2835 1171 2875 38.
1195 2833 1367 2867 Sarcocelis
1401 2834 1488 2867 enim
1520 2843 1647 2865 carnem
1680 2843 1746 2866 non
1783 2833 1910 2868 rubram
1944 2836 2044 2869 modo
2065 2842 2080 2875 ‚'

1075 2877 1126 2911 sed
1148 2880 1179 2910 ἃ
1212 2877 1398 2910 albicantem
1430 2884 1666 2910 commemorat
1701 2877 1799 2918 paulo
1823 2886 1896 2910 ante
1928 2878 2077 2914 laudatus

1069 2920 1313 2954 Introdut'iionis
1337 2920 1465 2953 Auctor
1489 2924 1499 2959 (
1524 2930 1539 2951 r
1561 2922 1593 2958 ),
1619 2921 1650 2951 &
1674 2918 1740 2961 ipse
1764 2943 1773 2958 ,
1809 2931 1843 2954 ut
1879 2921 1958 2954 alibi
1991 2922 2075 2965 (s)

1068 2965 1248 2998 indicatum
1272 2962 1314 2996 est
1337 2985 1345 3000 ‚
1378 2962 1583 3005 pinguedinis
1606 2960 1745 2996 sacculos
1769 2965 1837 2997 vidi
1862 2987 1870 3002 ‚
1896 2966 1976 3005 qui,
1998 2977 2076 3000 curn

1069 3007 1136 3043 haec
1171 3005 1352 3040 subfisteute
1378 3027 1387 3042 ,
1420 3005 1666 3048 intermistoque
1699 3005 1852 3049 sanguine
1887 3007 1962 3041 esset
1995 3009 2074 3043 infe.

1069 3053 1144 3091 t‘ta,
1168 3060 1295 3084 carnem
1319 3052 1556 3083 mentirentur.
1694 3050 1798 3083 Porro
1821 3051 1859 3085 de
1883 3050 1978 3094 hujus
2002 3053 2074 3087 her.

1067 3096 1129 3129 niae
1154 3104 1265 3127 natura
1280 3115 1288 3128 ,
1312 3096 1344 3126 δε
1367 3092 1438 3127 sede
1460 3094 1515 3126 alii
1538 3094 1571 3125 in
1594 3092 1671 3126 alias
1693 3117 1700 3131 ‚
1722 3093 1832 3136 easque
1857 3097 1941 3127 inter
1965 3095 1994 3129 se
2018 3098 2074 3131 ad-

1069 3138 1227 3172 versantes
1261 3134 1433 3170 sententias
1468 3136 1589 3170 Medici
1612 3136 1718 3169 abiere
1743 3163 1750 3170 .
1787 3138 1933 3171 Vesalius
1957 3141 2068 3179 enirn,

1066 3182 1155 3224 quod
1190 3193 1228 3214 ex
1261 3180 1467 3220 Sepulchreto
1500 3184 1509 3219 (
1535 3179 1582 3220 t)
1613 3179 1786 3221 cognosces
1811 3206 1819 3220 ‚
1851 3180 1910 3213 fibi
1945 3181 2072 3223 persua-

1066 3226 1146 3259 serat
1171 3250 1179 3265 ,
1211 3235 1249 3257 ex
1280 3233 1415 3257 omento
1447 3223 1516 3256 fieri
1553 3225 1587 3255 in
1619 3222 1762 3257 scrotum
1797 3222 1964 3264 prolapso.
1997 3226 2070 3260 Alii

1069 3269 1108 3302 ab
1149 3267 1220 3311 ipso
1255 3265 1405 3300 testiculo
1446 3266 1681 3301 extumescente
1714 3288 1723 3303 ‚
1771 3269 1802 3299 ὃς
1846 3267 2068 3304 inclarescente

1070 3323 1135 3344 non
1169 3309 1299 3345 differre
1322 3332 1334 3350 ‚
1368 3310 1592 3344 existimarunt
1617 3335 1624 3342 .
1660 3309 1796 3351 Reliqui
1829 3320 1938 3343 autern
1971 3311 2080 3346 sicuti‘

1068 3367 1133 3389 non
1169 3363 1285 3396 negant
1308 3375 1320 3393 ‚
1354 3365 1370 3386 a
1405 3355 1511 3396 primo
1543 3364 1656 3386 eorum
1692 3353 1852 3385 vitiorum
1899 3354 2065 3390 interdum

1067 3399 1154 3442 posle
1199 3401 1303 3431 minus
1353 3398 1455 3437 causis
1498 3395 1775 3430 observatoribus
1821 3397 1947 3438 imponi
1978 3422 1995 3438 η,
2028 3411 2066 3433 ut

1065 3453 1124 3484 pro
1161 3441 1315 3475 sarcocele
1356 3441 1517 3483 accipiant
1552 3463 1562 3479 ‚
1604 3439 1651 3472 ita
1683 3438 1747 3472 hoc
1780 3440 1913 3473 nomine
1957 3451 2066 3478 revera

1913 3493 2021 3519 excre-

158 3666 193 3689 De
208 3662 301 3688 Medic.
318 3664 335 3687 1.
352 3671 376 3692 7.
392 3670 412 3687 e.
433 3670 470 3691 ¹9·
531 3663 545 3692 (
559 3671 570 3686 v
585 3663 600 3692 )
615 3666 672 3688 Dec.
690 3671 714 3688 2.
732 3663 789 3688 Obs.
807 3665 880 3689 Anat.
898 3664 965 3689 Med.
983 3672 1005 3690 1.

1065 3666 1078 3695 ζ
1092 3665 1135 3695 s)
1149 3664 1178 3689 ad
1195 3663 1298 3689 Praeleelt.
1316 3662 1402 3687 Boerh.
1422 3661 1444 3692 §.
1463 3666 1516 3693 64¹-
1533 3667 1585 3687 not.
1600 3670 1629 3686 u.

1094 3704 1116 3719 n.

155 3696 228 3728 Anat.
245 3695 277 3718 du
293 3701 362 3723 corps
378 3694 443 3718 hum.
460 3695 487 3717 Ρ.
506 3697 526 3716 1.
542 3699 571 3718 tr.
589 3703 610 3718 2.
629 3694 665 3719 ch¹
686 3696 721 3718 18.
783 3696 796 3725 (
812 3704 827 3720 u
845 3696 852 3724 )
869 3703 893 3719 n.
912 3704 948 3723 19-
1011 3693 1021 3725 (
1037 3703 1052 3719 x
1069 3697 1079 3727 J
1135 3703 1171 3724 35.
1234 3696 1276 3725 (y
1292 3695 1305 3722 )
1322 3695 1339 3718 1.
1356 3702 1376 3723 3.
1393 3694 1449 3718 Set}
1471 3702 1506 3721 29.
1524 3694 1579 3717 obs.
1602 3701 1637 3722 ¹7·

161 3725 232 3753 Epist⁴
251 3732 287 3748 20.
305 3732 328 3748 n.
345 3732 384 3753 ²4.
446 3725 461 3753 (
475 3731 490 3746 a
505 3724 518 3752 )
534 3726 551 3748 1.
568 3733 592 3753 7.
609 3732 629 3749 c.
650 3726 684 3749 18.
701 3725 723 3748 &
740 3732 776 3749 2².
839 3727 853 3755 (
869 3725 882 3749 b
902 3727 907 3753 )
928 3725 990 3750 lbid.
1053 3726 1066 3755 (
1082 3733 1093 3750 c
1110 3726 1119 3756 )
1136 3726 1208 3755 Epist.
1227 3733 1263 3750 21.
1282 3733 1306 3749 n.
1327 3731 1364 3751 19.
1427 3725 1441 3753 (
1457 3724 1473 3748 d
1489 3725 1502 3753 )
1519 3724 1590 3753 Epist.
1605 3732 1628 3752 7.
1645 3731 1671 3748 n.
1690 3730 1726 3749 11.

216 3762 236 3780 c.
254 3756 290 3778 18.
354 3753 417 3784 (f)
433 3761 455 3778 e.
473 3754 540 3783 supra
556 3755 584 3779 ad
601 3764 622 3780 n.
641 3764 679 3786 34.
697 3755 737 3779 cit.
800 3757 814 3786 (
827 3766 845 3787 g
860 3756 873 3784 )
891 3756 951 3780 ibid*
1014 3757 1029 3785 (
1045 3757 1059 3780 b
1075 3755 1088 3789 2
1103 3764 1125 3781 n.
1143 3765 1181 3786 29.
1243 3757 1256 3784 (
1272 3756 1281 3778 i
1298 3755 1312 3785 )
1328 3754 1386 3779 Obs.
1406 3763 1440 3784 14.
1461 3755 1474 3784 §
1504 3762 1526 3777 2.

161 3785 219 3809 Obs.
238 3793 276 3814 17.
337 3785 350 3814 (
367 3785 376 3809 Ι
391 3784 405 3814 )
420 3793 445 3808 n.
463 3793 501 3810 10-
563 3785 572 3813 (
590 3794 614 3810 m
633 3786 642 3817 )
658 3787 752 3816 Syllog.
770 3788 845 3812 Anat.
863 3787 921 3811 ΟΜ.
943 3787 964 3816 §.
982 3788 1021 3816 89.
1084 3788 1093 3817 (
1109 3795 1126 3810 a
1143 3787 1158 3816 )
1175 3787 1280 3811 Praelest.
1298 3786 1328 3810 ad
1345 3785 1422 3811 Instit.
1440 3784 1462 3815 §.
1479 3792 1531 3815 712.

157 3815 209 3839 Αᾶ.
225 3817 260 3840 Ν.
277 3817 305 3840 C.
322 3817 395 3840 Torn.
413 3823 435 3839 1.
453 3815 510 3839 Obs.
528 3823 579 3845 ²25-

157 3845 219 3873 See‘t.
234 3846 277 3872 hac
292 3853 330 3877 ²9·
348 3845 406 3872 Obs.
423 3854 458 3877 15.
478 3846 499 3876 §.
515 3854 537 3876 3.

71 3662 143 3694 (9)

70 3696 145 3752 52³)

70 3755 198 3811 ((ἑὲείῑ.

71 3814 143 3874 {1¹²3
641 3816 808 3848 (mmo.

869 3817 1038 3847 (q3n.22.

1098 3819 1105 3847 (
1123 3825 1135 3843 r
1154 3822 1164 3849 2
1180 3824 1203 3843 c.
1219 3819 1257 3843 18.
1317 3817 1332 3847 (
1342 3815 1364 3846 s
1376 3816 1385 3848 )
1401 3815 1498 3843 Advets.
1515 3817 1592 3841 Anat.
1607 3821 1632 3847 a,
1649 3814 1763 3842 Animad.
1778 3820 1804 3843 6.
