2498 4075
464 198 634 287 Epist.
672 211 833 273 Anat.
869 221 1084 274 Medica.
1117 218 1213 271 XL
1246 219 1362 271 Art.
1403 235 1476 286 14.
1505 223 1561 275 δι
1591 237 1663 283 ις.

55 299 210 338 dextero,
231 309 289 333 nec
310 300 396 334 ratio
418 298 503 333 deest
536 298 576 331 ab
609 297 714 332 dostis
746 299 839 332 Viris
870 299 1053 342 excogitata

52 343 75 385 (
90 352 109 383 q
127 342 167 383 J,
188 343 277 386 quod
301 343 427 386 sanguis
451 342 601 376 videlicet
625 342 732 375 multo
755 341 883 376 facilius
905 341 949 375 ob
983 344 1055 376 bre-

51 386 198 424 viorem,
221 397 256 420 ac
279 386 465 421 liberiorem
496 386 724 427 Emulgentem
747 394 861 419 venam
886 384 1054 420 revehatur

52 439 94 461 ex
117 439 191 463 rene
213 429 368 464 dextero.
390 431 519 463 Etcum
541 428 616 462 alias
629 428 686 461 alii
710 430 850 463 rationes
862 430 1053 467 attulerint3

51 472 87 509 in
108 483 141 505 re
164 480 272 506 tamen
294 474 360 516 ipsa
385 473 611 511 conveniunt,
635 481 670 505 ut
690 472 810 506 Frider.
834 470 1054 507 Hoffmannus

51 515 64 554 ί
89 526 105 547 r
127 517 162 553 >a
185 516 347 559 magisque
369 518 395 550 is
417 527 514 557 quem
535 515 664 553 laudat,
689 517 827 549 Carolus
854 516 929 549 Piso
955 514 1055 558 (s),

51 556 168 592 diserte
194 559 333 593 scribens
354 582 364 598 ,
396 569 435 594 ex
465 566 588 592 centum
623 556 797 600 nephritide
826 562 841 598 (
862 558 1018 593 calculosa
1041 563 1052 598 )

51 600 265 637 laborantibus
287 602 441 645 oft'oginta
460 601 503 634 (φ
525 599 659 642 amplius
683 612 784 635 renem
810 602 967 643 finzstrum
1000 603 1053 636 do-

50 644 134 685 lere,
158 646 348 688 experientia
370 645 458 685 teste,
484 642 547 677 five
571 644 604 677 in
627 642 771 678 omnibus
794 644 977 686 nephricz'cis
1001 644 1054 690 fe-

51 698 106 726 re,
131 713 156 721 ..
172 712 201 722 ..
226 700 289 731 quae
301 688 361 729 est,
385 688 523 730 inquit(
547 694 561 720 t
584 689 618 725 )‚
643 685 817 729 observatio
828 688 990 724 Dodonaei,
1013 693 1054 727 Θ

51 730 150 770 nostra
172 741 309 775 quoque.
334 732 444 774 Igitur
466 730 522 764 etsi
548 729 676 764 versans
699 742 737 764 ex
760 731 914 765 Caesareae
930 733 1055 766 Acade—

51 775 125 808 miae
150 774 383 813 Voluminibus
406 774 462 807 illa
485 785 500 806 e
522 773 641 816 quibus
665 774 865 817 potiffimum
900 774 988 808 soleo
1020 777 1054 810 in

49 817 101 851 his
125 818 278 860 Epistolis
301 817 448 858 exempla
474 826 582 859 petere
599 840 608 855 ‚
632 818 667 850 in
692 817 946 851 Observationes
972 828 1056 852 non-

49 860 153 894 nullas
179 860 300 895 incides
315 883 325 899 ,
348 872 420 901 quae
444 870 499 895 aut
522 863 536 900 ί
557 872 577 894 u
600 865 614 901 )
636 872 723 895 renes
746 861 858 894 ambos
898 863 1016 903 pariter
1040 875 1056 896 a

51 905 180 938 calculis
203 905 290 938 intus
314 904 522 947 absumptos,
546 913 599 938 aut
623 908 636 943 (
659 907 715 944 x)
749 905 915 939 dexterum
950 905 1055 938 solum

51 949 92 980 iis
114 956 306 988 gravatum,
330 958 384 981 aut
408 948 468 990 (z
488 950 502 986 )
525 947 547 980 si
572 957 747 989 utrumque
771 974 780 988 ‚
812 949 918 981 multo
952 950 1054 991 magis

50 990 242 1030 dexterum3
266 999 318 1026 tot
342 991 413 1024 illas
437 1001 541 1024 tamen
564 990 697 1024 habebis
720 1003 797 1033 quas
832 991 916 1024 bisce
949 1003 1054 1034 oppo-

49 1044 127 1071 nas,
149 1035 230 1076 quin
252 1045 290 1068 ex
314 1033 427 1071 iisdem
452 1034 689 1068 voluminibus
713 1036 791 1069 alias
825 1035 952 1076 insuper
974 1047 1052 1077 quas

47 1077 113 1111 illis
136 1076 313 1121 adjungas,
337 1087 374 1111 ut
398 1078 453 1112 ubi
478 1082 489 1118 (
515 1089 540 1119 z
563 1082 572 1116 )
598 1078 738 1113 calculos
762 1076 935 1111 infinistro
957 1078 1053 1111 dum-

48 1129 141 1154 taxat
165 1132 239 1155 rene
261 1120 446 1155 describunt
463 1147 472 1161 ,
496 1121 547 1154 vel
571 1121 594 1153 fi
617 1122 651 1154 in
675 1130 814 1165 utroque
830 1144 839 1159 ‚
877 1130 930 1155 aut
965 1122 1017 1164 (a
1038 1126 1052 1161 >

47 1165 156 1207 plures
180 1174 234 1199 aut
254 1165 270 1206 (
295 1164 349 1208 h)
373 1164 532 1206 majores,
555 1166 805 1208 gravioremque
836 1164 942 1198 labem
977 1164 1053 1198 sini-

48 1209 114 1242 stro
140 1208 329 1247 afferentes,
351 1219 449 1251 quam
471 1208 603 1241 dextero
618 1233 629 1248 ,
651 1209 685 1241 in
719 1219 854 1252 quarum
889 1208 1053 1243 Observa-

47 1251 179 1286 tionum
202 1253 301 1285 altera
314 1250 395 1285 illud
406 1251 512 1285 obiter
524 1251 719 1292 adnotabis,
743 1250 838 1286 fuiffe
865 1264 974 1286 eorum
987 1253 1053 1285 cal-

8 1302 12 1306 ’
46 1293 196 1329 culorum
221 1304 327 1336 partes
349 1294 500 1337 quasdam
525 1294 706 1336 crystallina:
728 1296 858 1330 duritiei
880 1299 922 1329 Θ
948 1295 1054 1339 splen-

49 1338 136 1370 doris
159 1338 277 1375 nitidi,
300 1337 362 1371 sive
382 1337 556 1380 pellucidas
573 1363 580 1370 .
604 1338 754 1372 Habebis
776 1339 919 1374 indidem
945 1351 1051 1373 exem-

47 1380 101 1423 pla
124 1385 138 1421 (
159 1380 209 1423 c)
234 1382 344 1421 aucti,
366 1382 516 1424 quamvis
538 1382 627 1415 intus
657 1382 761 1420 exesi,
787 1382 836 1416 vel
869 1383 934 1417 alio
968 1384 1053 1417 vitio

50 1417 156 1465 affecti
182 1433 236 1457 aut
260 1423 380 1464 finistri
405 1434 552 1462 tantum,
579 1434 633 1458 aut
656 1425 763 1460 multo
786 1428 889 1469 magis
914 1425 1053 1468 finistri,

47 1479 145 1509 quarn
168 1467 316 1502 dexteri.-
341 1469 472 1512 haecque
494 1470 565 1501 duae
590 1470 837 1510 purulentorum
852 1481 965 1503 renum
978 1470 1053 1503 Ob-

47 1510 251 1551 servationess
269 1523 286 1545 a
311 1512 365 1547 cl.
391 1511 648 1553 Coschwitzio(
669 1512 688 1545 d
709 1515 723 1552 )
747 1513 921 1556 propositae
950 1514 1052 1548 ambae

45 1558 166 1597 pariter
190 1554 450 1596 confirmabunt.
476 1555 601 1592 Verum
624 1555 689 1598 jam
712 1555 787 1590 satis
808 1557 1052 1597 exemplorum.-

44 1599 159 1642 itaque
182 1598 281 1633 sciens
305 1600 405 1634 mitto
426 1607 560 1636 caetera,
584 1600 618 1632 in
643 1599 762 1642 quibus
783 1603 814 1634 δι
836 1600 917 1634 illud
941 1600 983 1634 est
1013 1611 1053 1634 ex

45 1642 102 1675 Cl.
116 1643 264 1681 Fautono
275 1641 368 1684 supra
391 1646 402 1682 (
426 1652 441 1676 e
462 1645 477 1682 )
498 1642 702 1684 indicatum,
725 1654 790 1676 uno
803 1652 939 1686 excepto
961 1643 1052 1687 quod

43 1695 84 1723 ex
95 1686 228 1719 Verneii
243 1684 580 1723 Observationeidem
605 1687 619 1724 <
634 1683 690 1728 f)
714 1689 906 1722 memoravit
920 1710 930 1725 ‚
953 1690 1052 1730 quip-

42 1739 82 1771 pe
105 1739 169 1762 non
193 1729 437 1772 praetereundo,
462 1736 498 1762 ut
523 1740 594 1762 rara
617 1728 709 1763 causa
723 1731 926 1773 intelligatur
950 1742 1050 1774 puru-

41 1772 137 1811 lentae
160 1771 374 1815 dejeetionis.
397 1772 528 1807 Scilicet
553 1783 610 1814 pus
633 1784 649 1806 e
672 1773 761 1806 Colo
784 1772 939 1808 intestino
973 1786 1049 1816 pro-

39 1815 189 1853 veniebat
212 1815 301 1859 quod
323 1822 414 1849 certo
438 1816 514 1849 loco
536 1815 626 1850 ulcus
650 1817 770 1850 vicinae
804 1818 912 1852 Partis
944 1818 1049 1851 erose-

43 1866 115 1892 rat.
140 1860 189 1892 -Ea
212 1868 320 1893 autem
347 1860 423 1892 Pars
446 1870 502 1894 ren
535 1868 603 1894 erat
637 1857 781 1894 sinister.
914 1861 966 1894 Ex
999 1861 1050 1895 his

67 1911 116 1936 uae
140 1902 230 1940 dieta
252 1901 349 1943 sunt,
373 1901 499 1943 aliquid
533 1902 688 1937 utilitatis
712 1903 844 1939 existere
867 1902 977 1947 posse,
1000 1906 1053 1937 vi-

62 1955 94 1979 es
108 1967 118 1983 ‚
139 1956 215 1981 cum
238 1946 354 1981 renalis
378 1943 564 1981 affectionis
583 1945 703 1987 dubia,
726 1955 763 1979 ut
788 1946 888 1990 saepe,
910 1946 998 1990 signa
1021 1947 1053 1981 se

67 1988 208 2023 rodunt.
232 1990 266 2022 Si
289 1990 376 2023 enim
399 1988 438 2022 ad
462 1988 520 2022 illa
540 1988 605 2023 hoc
628 1988 775 2029 accedit,
799 2001 836 2025 ut
861 1991 923 2024 fint
947 1990 1052 2024 asini-

39 1999 132 2072 liris‚
157 2032 254 2076 paulo
277 2032 385 2067 minus
408 2031 508 2067 dubia
530 2032 633 2073 fient,
655 2044 754 2077 quam
776 2033 799 2067 fi
824 2032 924 2068 essent
948 2033 1052 2068 adex-

42 2077 104 2110 tris
117 2100 125 2108 .

85 2130 135 2162 14.
158 2116 259 2154 Porro
281 2118 550 2164 Eustachius-(g
570 2122 584 2159 )
606 2126 686 2154 cum‘
704 2120 738 2152 in
762 2119 936 2154 Bonifacio
960 2121 1049 2154 Cor-

39 2173 102 2197 neo
126 2173 235 2196 renem
273 2163 412 2198 alterurn
444 2162 624 2197 ostendisset
653 2164 880 2205 magnitudine
917 2174 1051 2204 parvam

39 2206 215 2245 castaneam
248 2206 306 2239 vix
336 2214 542 2249 aequantem,
565 2206 702 2241 alterurn
733 2215 839 2240 autem
872 2217 1049 2248 magnunu

38 2249 94 2285 sed
117 2248 213 2283 illum
226 2247 358 2289 sanum,
381 2248 468 2284 hunc
481 2257 628 2292 putrem,
651 2247 865 2291 calculisque,
891 2261 926 2282 ac
942 2250 1051 2283 sanio-

40 2294 73 2327 sa
95 2293 229 2327 materia
253 2291 448 2334 turgidum3
469 2291 594 2326 censuit
608 2314 619 2330 ‚
641 2293 731 2326 illius
762 2294 954 2335 parvitatem
977 2292 1050 2327 san-

40 2336 150 2379 guinis
174 2335 316 2378 penuriae
339 2335 472 2373 deberi,
495 2336 617 2378 quippe
641 2336 736 2377 copia
760 2335 827 2377 ejus
851 2337 990 2369 maxima
1014 2338 1049 2370 in

39 2380 180 2414 alterum
203 2376 390 2413 confluente
411 2389 479 2422 quo
502 2379 550 2411 vis
585 2380 696 2413 morbi
719 2389 754 2412 ac
790 2378 935 2413 stimulus
966 2390 1048 2413 con-

39 2422 185 2462 citabat.
210 2422 243 2455 Si
265 2432 376 2455 revera
399 2432 515 2464 parvus
538 2420 629 2455 sanus
649 2430 738 2458 erat,
761 2433 864 2464 neque
888 2422 954 2464 ejus
976 2424 1046 2456 exi-

39 2467 149 2509 guitas
171 2474 319 2499 veterum
342 2464 508 2499 iaesionum
532 2465 663 2507 vestigia
690 2465 883 2505 occulebat;
906 2477 970 2499 non
1004 2465 1047 2501 est

39 2509 247 2546 mirandum,
268 2509 357 2549 quod
382 2508 447 2541 Vir
471 2507 613 2541 summus
637 2507 676 2541 ad
699 2520 769 2542 eam
793 2509 969 2551 confugere
992 2521 1047 2542 ex-

38 2553 253 2596 plicationem
275 2552 405 2586 coafius
427 2549 492 2586 fit.
522 2551 612 2588 Aliis
645 2562 722 2585 vero
754 2552 810 2585 ubi
842 2563 898 2585 ren
935 2555 1046 2586 minor

38 2594 207 2630 morbidus
230 2594 293 2633 est,
315 2595 481 2628 contraria
504 2595 607 2637 placet
620 2596 818 2639 explicatio,
841 2596 931 2629 uti&
953 2596 1047 2631 nobis

35 2643 70 2675 in
104 2637 271 2682 propofita
293 2639 448 2672 muliere.
470 2638 561 2672 Rene
580 2639 750 2673 contrado
771 2661 781 2678 .
817 2638 884 2679 ejus
914 2650 1046 2681 quoque

36 2682 136 2723 vasa,
158 2691 195 2717 ut
218 2681 359 2716 vidimus
382 2683 417 2715 in
441 2680 519 2728 illa,
541 2681 780 2716 contrahuntur
803 2707 813 2718 .
846 2682 947 2721 Qod
982 2683 1046 2724 igi-

36 2736 96 2761 tur
118 2725 282 2766 sanguinis
304 2726 339 2758 in
362 2735 436 2759 eum
458 2736 523 2767 Jam
546 2724 625 2759 ferri
648 2736 713 2760 non
738 2724 862 2768 potest,
893 2727 928 2759 in
964 2727 1044 2760 alte-

36 2781 112 2806 rurn
133 2779 189 2810 per
212 2766 394 2810 oppositam
427 2769 578 2803 arteriam
600 2768 736 2802 divertit
750 2793 759 2809 ,
791 2768 958 2811 ipsumque
992 2769 1043 2803 di-

38 2812 160 2848 stendit
178 2836 186 2844 .
210 2810 321 2845 Credo
344 2819 453 2846 autem
475 2837 485 2853 ,
518 2815 550 2844 δι
585 2812 842 2847 contractionem
877 2812 1007 2845 alterius
1031 2834 1042 2849 ‚

42 2855 174 2899 ejusque
205 2854 358 2888 vasorum
380 2876 394 2895 ,
425 2855 558 2890 alterius
590 2867 667 2889 vero
688 2854 915 2890 distentionem
938 2856 1043 2889 inter-

38 2900 117 2934 dum
141 2896 228 2940 posse
261 2896 340 2931 adeo
362 2899 500 2941 augeri,
523 2909 558 2934 ut
581 2898 635 2934 hic
658 2900 834 2932 immanem
856 2901 891 2932 in
924 2899 1044 2932 molem

40 2941 224 2979 excrescat,
248 2941 304 2974 ille
337 2951 414 2974 vero
446 2953 611 2985 nunquam
643 2941 737 2976 fuisse
769 2942 872 2976 videri
916 2943 1010 2985 poffit
1034 2967 1043 2976 .

38 2987 170 3021 Scilicet
182 2983 294 3023 sanus,
318 2983 341 3017 fi
365 2983 476 3019 firmus
498 2987 559 3026 sit,
582 2996 648 3019 non
674 2985 775 3027 magis
801 2994 936 3027 augetur
946 2997 1044 3027 quam

41 3029 192 3065 influxus
215 3026 380 3070 sanguinis
401 3030 558 3071 requirit,
585 3040 651 3062 uno
674 3030 707 3062 in
731 3040 806 3063 rene
827 3030 862 3063 id
885 3029 973 3073 quod
987 3040 1043 3063 an-

39 3084 91 3108 tea
114 3073 148 3105 in
170 3070 297 3106 duobus
315 3096 325 3111 ‚
345 3069 541 3114 deposituri.
564 3074 611 3105 At
635 3071 657 3105 fi
690 3072 793 3105 laxior
825 3083 940 3106 natura
970 3071 1010 3106 fit
1034 3097 1044 3112 ‚

40 3117 80 3152 ad
104 3125 237 3157 eamque
261 3115 427 3149 laxitatem
439 3116 569 3150 morbus
585 3113 712 3149 accedat
733 3126 748 3157 ,⁴
780 3115 866 3150 credi
889 3117 945 3150 vix
968 3124 1044 3158 pot-

45 3160 89 3194 est
113 3167 272 3202 quantum
295 3159 490 3192 incrementi
511 3169 744 3201 nonnunquam
770 3160 896 3201 capiat.
922 3159 1044 3192 Osten-

40 3204 92 3238 dit
116 3212 171 3237 ren
192 3201 248 3234 ille
268 3212 365 3244 quem
386 3202 439 3235 Cl.
464 3201 706 3243 Valcarenghus
727 3204 741 3241 (
763 3201 783 3235 h
804 3206 817 3242 )
839 3203 967 3235 invenit
990 3203 1045 3236 de-

33 3246 143 3289 ‘cuplo
166 3244 341 3287 majorem,
367 3245 528 3287 magisque
551 3247 578 3278 is
599 3248 655 3287 qui
678 3247 711 3278 in
744 3246 859 3288 Regiae
891 3246 1045 3279 Scientia-

43 3301 116 3329 rum
141 3288 327 3323 Academiae
351 3287 529 3322 Parifiensis
551 3289 699 3322 Historia
733 3292 744 3327 (
768 3290 781 3321 z·
801 3292 816 3329 >
849 3299 1044 3322 memoratur

40 3335 199 3374 librarum
221 3331 331 3375 pondo
353 3332 490 3373 triginta
513 3333 675 3375 quinque3
699 3340 735 3367 ut
759 3332 843 3366 nihil
864 3333 917 3366 hic
941 3332 1046 3367 dicam

98 3550 116 3580 (
129 3549 169 3608 q3
186 3548 243 3576 Vid.
259 3549 352 3575 uallet.
369 3554 422 3584 not.
435 3557 454 3580 ε
469 3551 498 3576 ad
512 3553 584 3578 eund,
602 3553 698 3579 locum.
759 3554 769 3586 (
787 3564 798 3580 ν
813 3557 827 3585 )
844 3557 932 3583 Medic.
951 3561 1007 3583 Rat.
1023 3560 1057 3583 Τ.

99 3580 144 3609 (s
185 3579 242 3603 obs.
259 3580 287 3604 de
303 3580 400 3605 Morbis
415 3589 429 3605 a
445 3582 496 3606 Set.
512 3583 603 3608 colluv.
621 3586 646 3608 S.
664 3593 687 3614 4.
704 3593 725 3610 c,
741 3593 764 3610 ι.
780 3588 830 3615 post
845 3588 903 3612 Obs.
920 3596 976 3614 100.

101 3610 112 3641 (
127 3618 141 3634 a·
158 3611 167 3639 )
183 3610 235 3634 Ast.
253 3611 285 3636 T.
303 3618 325 3635 ι.
341 3611 401 3636 ΟΜ.
419 3619 457 3636 20.
472 3614 495 3637 8:
510 3620 564 3643 ²47·
627 3617 670 3646 (y
685 3616 788 3650 )·Cent.
806 3625 825 3643 r.
842 3619 903 3642 ΟΜ.
920 3626 960 3649 ²7·
976 3620 999 3644 ἃ
1015 3618 1088 3644 Cent.
1105 3627 1127 3649 3.
1146 3621 1205 3645 ΟΜ.
1221 3630 1259 3651 45.

100 3642 117 3671 (
131 3648 146 3664 a
163 3640 177 3669 )
192 3642 248 3666 Dec.
268 3649 290 3670 3.
308 3644 337 3665 Α.
354 3649 375 3671 3.
391 3641 454 3666 obs.
469 3650 518 3667 122.
582 3644 591 3675 (
607 3644 622 3669 b
639 3646 653 3675 )
670 3646 731 3670 Ibid.
747 3649 777 3671 Δ.
793 3656 817 3677 7.
833 3650 856 3673 δε
872 3650 894 3673 8.
910 3650 970 3675 ΟΜ.
987 3657 1037 3675 1²2.
1054 3657 1110 3674 cum
1127 3651 1239 3681 Figuris.

41 3671 118 3699 Tom.
134 3678 157 3700 ⁷·
174 3671 282 3704 append.
300 3679 326 3696 n.
345 3679 380 3696 ιο.
396 3675 419 3697 8:
434 3674 530 3698 eorund.
548 3676 622 3700 Torn.
640 3679 662 3700 8.
679 3676 735 3701 ΟΜ.
754 3679 792 3707 89e

102 3703 110 3730 ί
127 3701 167 3736 q)
185 3702 236 3726 Vrd.
253 3702 337 3731 supra,
355 3710 378 3726 n.
396 3711 417 3732 ς.
479 3704 543 3734 (s)
558 3708 632 3730 Anat.
649 3714 714 3736 com.
732 3708 797 3733 hum.
817 3709 847 3733 Di
869 3728 873 3733 .
889 3718 914 3740 4.
977 3713 1022 3740 (ε
1040 3709 1046 3739 )
1063 3711 1125 3736 Sest.
1144 3714 1186 3736 hac
1203 3719 1239 3737 ²2.
1256 3712 1316 3737 ΟΜ.
1336 3717 1372 3738 16.

17 3749 19 3751 .
100 3732 118 3760 (
132 3739 142 3754 ι
159 3736 171 3759 >
187 3733 208 3759 A
238 3739 305 3764 373²·
323 3731 382 3756 ΟΜ.
400 3735 474 3758 ῥηεῑ-
490 3743 513 3764 7.
574 3735 584 3764 (
600 3736 617 3761 k
635 3736 694 3768 )De
710 3737 767 3762 Obs.
786 3739 854 3764 Med.
871 3742 893 3765 ἃ
910 3743 980 3765 Anat.
998 3740 1070 3768 Epist.
1088 3743 1108 3766 8.
1128 3741 1152 3766 in
1168 3743 1210 3767 fin.

101 3763 118 3791 (
134 3762 145 3785 l
159 3762 174 3791 )
190 3761 251 3797 Ξεᾷ.
267 3768 310 3787 cit.
327 3762 387 3787 obs.
408 3771 442 3793 23,
465 3764 485 3795 ᾗ.
502 3773 524 3794 4.
542 3766 602 3790 Sest.
620 3775 657 3793 27-
677 3767 735 3792 ΟΜ.
754 3777 775 3794 1.
793 3770 850 3794 Sefi.
869 3772 907 3795 28.
923 3772 948 3795 in
966 3771 1088 3795 Additum.
1103 3772 1163 3796 ΟΜ.
1180 3781 1201 3796 2.

105 3790 149 3820 (η
164 3792 178 3821 >
196 3794 252 3826 Vrd.
267 3800 305 3818 ex.
321 3800 353 3822 gr.
374 3794 433 3818 sest.
451 3795 496 3819 hac
511 3804 547 3820 22.
564 3804 647 3822 omnes
666 3797 688 3827 §.
705 3799 764 3822 Obs.
783 3808 803 3828 ς.

107 3823 151 3857 (ρ
168 3827 178 3852 )
193 3823 251 3849 Hist.
267 3825 297 3848 de
312 3824 331 3847 l’
346 3825 423 3849 Acad.
440 3827 470 3850 R.
486 3826 527 3851 des
544 3829 584 3852 Sc.
600 3829 630 3852 A.
650 3835 719 3857 1700.
738 3829 798 3856 Obs.
815 3831 889 3856 Anat.
907 3839 929 3859 ι.

1103 295 1142 331 de
1167 295 1290 337 altero,
1312 296 1433 340 duplo,
1455 308 1558 339 eoque
1580 297 1717 340 amplius
1738 311 1834 341 quam
1857 299 1914 334 iste
1947 299 2104 337 ultimus..

1104 340 1253 383 graviore
1269 365 1278 380 ‚
1299 352 1396 383 quem
1417 352 1457 375 ex
1480 341 1684 383 Monginotii
1722 342 1962 376 Observatione
1995 343 2106 375 Praecl.

1105 385 1265 417 Pantonus
1290 388 1301 422 (
1324 383 1342 425 l<
1363 387 1377 424 )
1399 385 1690 419 commemoravit.
1717 387 1889 421 Contrac'ti
1912 385 2046 419 viciffirn
2069 396 2107 418 ex

1106 427 1248 466 morbo,
1271 425 1416 473 adeoque
1439 428 1597 461 attenuati
1620 436 1717 468 atque
1741 430 1926 472 absumpti,
1949 438 1986 464 ut
2009 440 2025 462 a
2042 430 2108 470 pri„

1107 469 1242 504 mordiis
1264 470 1396 504 defuisse
1421 471 1498 504 Viri
1520 470 1694 505 doc'tissimi
1717 472 1990 511 existimaverint,
2013 472 2049 504 in
2065 471 2106 503 il-

1105 514 1144 547 lis
1169 512 1250 547 mihi
1274 511 1413 556 suspicio
1436 516 1481 548 est
1504 515 1562 556 qui
1587 526 1698 549 renum
1721 516 1892 550 doloribus
1912 528 1931 550 a
1954 515 2108 555 calculis,

1105 557 1237 592 vitiisve
1261 556 1331 590 aliis
1353 557 1540 593 laborarunt
1556 582 1565 597 ,
1590 568 1628 592 ut
1650 569 1726 599 puta
1748 561 1780 591 in
1813 561 1944 595 muliere
1959 584 1968 600 ,
1999 560 2071 592 viro
2103 582 2114 600 ,

1104 604 1136 635 δε
1170 600 1276 642 puella
1296 625 1306 640 ‚
1341 612 1481 644 quorum
1505 600 1616 635 videfis
1647 601 1797 636 historias
1833 606 1865 636 in
1899 602 2110 646 Sepulchreto

1107 650 1117 684 (
1143 643 1155 677 l
1177 647 1208 682 ).
1233 644 1410 687 Namque3
1434 654 1469 678 ut
1493 645 1647 679 omittam
1682 647 1811 683 virum,
1835 646 1927 680 illum
1952 646 2104 680 videlicet

1105 688 1345 723 mercatorem,
1368 686 1459 729 cujus
1483 686 1682 721 Observatio
1705 690 1740 722 in
1764 689 1963 732 hacquoque
1989 689 2110 722 §efflo-

1106 743 1145 764 ne
1169 734 1179 769 (
1203 741 1234 763 m
1257 734 1267 770 )
1294 730 1390 764 semel
1414 739 1511 774 atque
1534 732 1654 764 iterum
1679 742 1735 773 per
1758 734 1918 767 incuriam
1951 732 1996 766 est
2016 732 2109 765 indi-

1107 783 1204 812 cata3
1227 774 1261 806 in
1285 774 1389 817 puella
1414 783 1450 808 ut
1474 775 1556 807 renis
1578 774 1686 808 dextri
1721 775 1830 809 locum
1869 787 1909 809 ne
1943 775 2108 809 filamenta

1106 817 1238 860 quidem
1261 840 1271 855 ‚
1306 827 1361 852 aut
1394 818 1590 852 membranae
1624 827 1802 857 tenerent3
1836 820 1964 853 tenebat
2001 828 2109 853 tamen

1109 871 1214 893 ureter
1237 861 1295 902 qui
1318 873 1357 894 ex
1380 872 1467 894 venre
1490 863 1588 896 Cavae·
1613 870 1731 895 trunco
1752 885 1763 901 ,
1797 862 1835 896 ad
1865 874 1963 905 quem
1985 884 1999 902 ,
2033 872 2106 894 rene

1107 902 1279 945 absumpto
1294 928 1303 944 ,
1327 904 1357 937 se
1381 905 1508 938 videtur
1531 904 1765 948 agglutinasse,
1791 908 1823 939 in
1849 905 1982 940 vesicam
2004 905 2109 938 adbuc

1105 946 1340 980 descendebat:
1364 949 1398 981 in
1423 948 1557 982 muliere
1591 959 1697 982 autem
1722 961 1780 991 pro
1804 950 1916 983 eodem
1940 960 2012 983 rene
2037 947 2112 990 spe-

1103 991 1166 1024 cies
1191 991 1325 1031 quaedam
1348 991 1502 1025 involucri
1525 992 1691 1034 conspecta
1716 993 1779 1030 est,
1813 994 1996 1027 membrana
2011 1013 2020 1029 ‚
2043 1002 2113 1024 crc-

1103 1036 1168 1073 do,
1190 1043 1262 1075 quae
1287 1034 1440 1076 marsupii
1464 1034 1583 1073 instar,
1618 1035 1784 1077 absumpta
1816 1035 1883 1080 jam
1917 1038 2000 1069 renis
2038 1035 2112 1068 sub-

1104 1077 1241 1114 stantia,
1267 1074 1419 1117 superstes
1444 1089 1461 1110 a
1485 1087 1535 1110 tot
1560 1078 1836 1113 observatoribus
1858 1083 1871 1119 (
1893 1090 1912 1112 n
1934 1084 1947 1119 )
1969 1090 2112 1113 comme-

1105 1129 1272 1154 moratur.
1297 1121 1335 1151 In
1360 1122 1399 1153 iis
1423 1131 1499 1153 vero
1521 1121 1711 1155 crediderim
1736 1135 1752 1156 a
1777 1124 1964 1165 primordiis
1987 1122 2110 1165 usque,

1105 1173 1140 1197 ut
1165 1163 1214 1196 vel
1237 1163 1320 1196 olim
1345 1162 1536 1198 Aristoteles
1562 1167 1573 1202 (
1595 1166 1645 1207 o)
1669 1165 1879 1204 observavit,
1913 1176 2020 1199 renem
2051 1165 2109 1198 de·

1107 1206 1223 1247 fuisse„
1247 1207 1281 1238 in
1305 1208 1422 1249 quibus
1446 1208 1533 1240 nulla
1556 1218 1668 1242 renum
1693 1210 1774 1242 vitia
1798 1208 2034 1250 praecesserint,
2059 1220 2115 1240 ne-

1105 1262 1169 1293 que
1192 1249 1296 1284 ullum
1319 1252 1449 1284 alterius
1473 1253 1577 1290 renis,
1601 1261 1656 1285 aut
1681 1252 1930 1294 Emulgentium
1954 1250 2020 1294 ejus
2055 1263 2114 1286 va·-

1105 1294 1235 1330 sorum‚
1260 1303 1313 1327 aut
1336 1296 1468 1328 ureteris
1485 1303 1573 1328 extet
1597 1296 1766 1338 vestigium
1792 1317 1800 1332 ,
1835 1306 1873 1329 ut
1895 1307 1960 1329 non
1983 1294 2113 1328 extabat

1105 1339 1140 1371 in
1165 1337 1305 1379 puellula
1329 1349 1345 1371 a
1369 1338 1551 1379 Poupartio
1571 1340 1585 1376 (
1603 1348 1627 1379 p
1647 1339 1685 1379 )‚
1709 1350 1810 1382 neque
1847 1341 1882 1372 in
1906 1337 2076 1372 Sacerdote
2098 1360 2109 1375 ‚

1107 1384 1140 1415 δέ
1163 1380 1328 1421 Muliere‚
1352 1393 1369 1415 a
1393 1381 1544 1416 Valsalva
1568 1381 1730 1421 dissectis,
1763 1393 1905 1425 quorum
1942 1380 2114 1423 utriusque

1105 1424 1276 1459 historiam
1301 1425 1365 1458 tibi
1388 1424 1465 1458 alias
1486 1428 1500 1466 (
1522 1424 1575 1468 q)
1601 1426 1775 1468 proposui,
1800 1436 1853 1460 aut
1886 1425 1991 1469 siquid
2027 1424 2115 1458 forte

1106 1469 1262 1506 extabat,
1286 1478 1372 1502 certa
1394 1473 1541 1509 quaedam
1572 1469 1634 1502 alia
1665 1480 1732 1503 non
1765 1469 1895 1503 deerant
1928 1480 2001 1511 quae
2033 1479 2116 1502 nun-

1105 1523 1205 1555 quam
1230 1522 1340 1545 renem
1363 1510 1478 1551 fuisse,
1504 1512 1708 1552 indicarent,
1732 1521 1766 1546 ut
1791 1514 1824 1545 in
1848 1524 1885 1545 ea
1910 1512 2050 1546 Muliere
2068 1512 2116 1545 al-

1107 1558 1208 1589 terius
1231 1555 1340 1589 lateris
1364 1566 1419 1591 ren
1451 1567 1515 1590 non
1540 1556 1638 1588 modo
1660 1577 1672 1594 ‚
1707 1563 1743 1589 ut
1776 1557 1809 1588 in
1843 1555 1988 1597 puellula
2020 1555 2075 1587 illa
2099 1575 2112 1594 ,

1107 1611 1203 1641 aequo
1223 1596 1353 1641 major,
1377 1597 1430 1632 sed
1441 1599 1541 1641 duplo
1565 1597 1690 1640 major,
1714 1601 1745 1631 δε
1771 1608 1922 1641 praeterea
1947 1599 2033 1640 pelvi
2055 1598 2116 1632 du—

1106 1642 1207 1685 plici,
1230 1641 1421 1684 duplicique
1443 1653 1564 1677 uretere
1595 1640 1775 1685 praeditu53
1809 1651 1846 1675 ut
1879 1643 1979 1675 initio
2013 1641 2116 1675 s'aRus

1105 1685 1292 1725 videretur,
1317 1695 1353 1719 ut
1379 1685 1426 1719 sui
1448 1697 1580 1729 quoque
1604 1684 1741 1719 absentis
1765 1688 1926 1728 comparis
1952 1687 2035 1719 vices
2059 1696 2118 1727 ge-

1104 1739 1208 1763 reret.
1234 1729 1309 1771 Ego
1332 1739 1409 1761 vero
1432 1730 1467 1762 in
1497 1729 1612 1764 catella
1645 1740 1742 1771 quam
1778 1729 1935 1763 Bononiae
1972 1728 2114 1773 persecui

1104 1773 1281 1809 Februario
1307 1770 1413 1806 mense
1437 1777 1480 1806 A.
1510 1783 1602 1815 1702.
1619 1772 1706 1805 aliud
1719 1773 1888 1815 quidpiam
1912 1773 2117 1807 animadver-

1101 1818 1153 1855 ti,
1176 1816 1281 1853 unde,
1305 1816 1364 1849 etsi
1388 1826 1491 1858 neque
1513 1825 1639 1854 urerer,
1663 1827 1765 1859 neque
1798 1816 2007 1860 Emulgenti-a
2044 1814 2116 1850 vasa

1104 1859 1266 1897 deessent,
1294 1869 1402 1892 renem
1425 1870 1533 1893 tamen
1560 1872 1576 1893 a
1600 1860 1791 1902 primordiis
1813 1859 1948 1895 defuisse
1964 1882 1974 1898 ‚
2009 1859 2116 1902 conji-

1102 1914 1212 1937 cerem
1238 1927 1245 1933 .
1280 1904 1367 1935 Cum
1391 1905 1477 1937 enim
1499 1903 1575 1937 loco
1598 1905 1681 1937 renis
1701 1902 1824 1937 dexteri
1849 1903 1931 1938 nihil
1956 1903 2013 1937 nisi
2042 1907 2115 1942 pin-

1103 1947 1280 1990 guedinem
1301 1945 1574 1988 deprehendissem
1596 1959 1670 1990 quae
1692 1948 1777 1980 mole
1801 1947 1929 1990 ipsum,
1954 1951 1984 1981 &
2008 1946 2113 1990 figura

1104 1991 1204 2023 etiam
1228 1988 1450 2032 quadantenus
1474 1989 1629 2029 referret,
1652 2001 1812 2027 ureterem
1833 2002 1941 2027 autem
1963 2003 2036 2025 cum
2060 2003 2115 2024 ve-

1104 2034 1167 2068 sica
1189 2033 1321 2076 quidem
1345 2033 1552 2068 commissum
1569 2061 1579 2076 ,
1603 2043 1636 2068 at
1668 2034 1805 2068 solidum
1840 2037 1873 2068 δε
1908 2035 2007 2078 paulo
2042 2046 2113 2069 ante

1104 2089 1204 2119 quam
1229 2076 1268 2111 ad
1302 2088 1370 2110 eam
1405 2078 1636 2121 pinguedinem
1668 2079 1850 2121 perveniret
1871 2101 1881 2117 ‚
1917 2088 2046 2121 repente
2078 2081 2112 2113 in

1106 2129 1218 2153 tenues
1240 2119 1447 2164 dispertitum
1480 2121 1690 2164 pinguedinis
1723 2123 1834 2163 strias,
1857 2133 1929 2166 quae
1952 2121 2115 2165 sanguise-

1103 2174 1138 2196 ra
1162 2163 1287 2198 vascula
1311 2166 1578 2203 comitabantur,
1602 2166 1817 2210 arteriamque
1841 2167 1962 2208 pariter
1996 2168 2112 2200 Emul-

1102 2215 1233 2248 gentem
1259 2206 1404 2242 vidissem
1428 2211 1462 2242 in
1487 2220 1525 2242 eo
1550 2209 1650 2243 latere
1674 2221 1739 2243 non
1773 2209 1894 2247 deesse,
1919 2219 1951 2243 at
1983 2212 2112 2244 tenuio-

1104 2260 1172 2283 rem
1195 2260 1312 2293 aequ0‚
1334 2254 1365 2284 δι
1386 2263 1461 2284 cum
1485 2262 1611 2286 ramum
1634 2252 1766 2295 quidem
1788 2264 1852 2286 non
1867 2253 2038 2297 parvulum
2061 2266 2111 2288 re-

1103 2303 1177 2326 nem
1200 2291 1306 2330 versus
1330 2295 1611 2333 Succenturiaturn
1635 2297 1838 2333 dimitteret,
1874 2306 1964 2339 parte
1986 2299 2111 2341 reliqua

1102 2337 1137 2368 in
1161 2335 1359 2379 ramusculos
1383 2338 1552 2372 abeuntem
1574 2340 1633 2381 qui
1656 2351 1713 2382 per
1735 2340 1904 2384 descriptae
1930 2343 2103 2384 pinguedi-

1101 2380 1151 2412 nis
1174 2379 1374 2422 superficiem
1398 2381 1567 2416 dumtaxat
1598 2383 1789 2425 reptabantt
1812 2395 1887 2418 cum
1912 2384 1980 2419 haec
2003 2386 2108 2428 igitur

1098 2425 1147 2456 ita
1169 2422 1410 2464 conspicerem;
1436 2425 1671 2466 animadverti,
1695 2438 1809 2461 venam
1834 2428 1974 2470 ejusdem
2000 2430 2107 2467 lateris

1099 2467 1353 2508 Emulgentem,
1377 2468 1433 2501 etsi
1456 2468 1661 2503 crassitudine
1693 2469 1876 2514 oppofitam
1900 2473 2104 2515 aliquantum

1097 2508 1288 2551 superabat,
1312 2512 1417 2545 nullos
1440 2520 1545 2545 tamen
1568 2514 1626 2554 qui
1638 2513 1695 2546 sub
1718 2514 1841 2549 sensum
1864 2515 2029 2556 caderent,
2057 2530 2104 2551 ra-

1098 2552 1262 2586 musculos
1285 2564 1300 2585 a
1324 2555 1519 2598 pinguedine
1551 2556 1626 2595 illa,
1649 2567 1747 2598 quam
1780 2567 1885 2593 totam
1918 2571 1995 2594 cum
2028 2573 2102 2595 cura

1097 2595 1259 2638 persecui,
1283 2600 1448 2632 venientes
1471 2598 1638 2640 accipere;
1662 2603 1804 2643 accipere
1837 2612 1942 2636 autem
1973 2614 2102 2640 ramum

1098 2650 1116 2671 a
1150 2641 1304 2681 proximo
1321 2641 1467 2689 ,hepatis
1499 2642 1577 2675 lobo
1618 2643 1752 2677 crassum
1797 2646 1878 2680 adeo
1901 2671 1910 2687 ,
1956 2659 1991 2682 ut
2035 2651 2100 2693 ipsa

1096 2683 1276 2725 Emulgens
1307 2684 1428 2719 sinistra
1458 2685 1518 2718 illo
1550 2687 1681 2721 tenuior
1715 2688 1878 2724 videretur
1902 2715 1910 2723 .
1950 2693 2024 2730 Qua
2060 2705 2099 2728 ex

1095 2736 1131 2758 re
1163 2728 1310 2769 proclive
1333 2738 1400 2762 erat
1423 2728 1607 2771 conjicere,
1633 2741 1746 2764 venam
1769 2733 1999 2776 Emulgentem
2020 2736 2099 2770 dex-

1095 2777 1197 2802 teram
1243 2781 1308 2804 non
1343 2774 1426 2806 renis
1470 2773 1504 2805 in
1539 2784 1574 2806 ea
1620 2775 1753 2814 quidem
1784 2779 1898 2811 catella
1921 2801 1934 2818 ‚
1969 2778 2020 2813 sed
2051 2779 2097 2823 je-

1094 2815 1216 2847 cinoris
1247 2814 1337 2849 causa
1381 2814 1474 2849 fuisse
1506 2825 1646 2849 creatam
1670 2842 1680 2858 ,
1726 2820 1902 2860 praesertim
1953 2834 2028 2857 cum
2061 2826 2096 2858 in

1096 2855 1255 2890 saniffima
1300 2860 1414 2893 catella
1456 2859 1628 2893 secundum
1673 2871 1796 2896 naturae
1830 2864 2095 2901 consuetudinem

1097 2899 1130 2933 se
1161 2900 1318 2947 haberent
1351 2903 1475 2945 reliqua
1507 2904 1617 2936 omnia
1639 2926 1649 2941 ‚
1695 2904 1752 2937 nisi
1798 2909 1886 2949 quod
1919 2920 1974 2943 ren
2019 2910 2096 2944 fini-

1096 2942 1156 2993 ster
1199 2955 1303 2986 major
1347 2954 1414 2978 erat
1443 2970 1453 2986 ,
1495 2957 1592 2987 quam
1639 2958 1698 2988 pro
1740 2954 1885 2992 corporis
1929 2956 2094 2996 magnitu-

1096 2987 1172 3020 dine
1192 3013 1202 3029 ,
1250 2997 1286 3022 ut
1326 2998 1404 3030 pote
1447 2990 1505 3031 qui
1551 2989 1712 3025 secernere
1754 3004 1835 3027 unus
1866 3007 1996 3031 omnem
2036 2999 2094 3031 de-

1094 3029 1192 3064 bebat
1222 3034 1348 3065 urinam
1371 3054 1381 3070 ‚
1413 3033 1624 3074 quamobrem
1655 3035 1824 3070 canaliculi
1863 3051 1993 3083 quoque
2027 3041 2094 3084 ejus

1095 3083 1183 3124 erant
1205 3097 1215 3112 ,
1252 3083 1289 3107 ut
1321 3076 1355 3108 in
1388 3076 1522 3110 muliere
1553 3076 1701 3121 descripsi
1724 3103 1734 3118 ‚
1768 3080 1949 3124 crassiores,
1972 3089 2002 3119 δε
2028 3089 2092 3119 evi—

1093 3117 1275 3152 dennores.

1121 3171 1190 3211 '‘15.
1215 3162 1264 3194 Ut
1288 3161 1392 3202 igitur
1415 3163 1455 3195 ab
1477 3175 1510 3197 ea
1532 3165 1759 3201 constitutione
1793 3180 1864 3211 quae
1895 3181 1911 3202 a
1947 3172 2090 3211 primor—

1095 3203 1180 3241 dus,
1204 3203 1242 3237 ad
1267 3216 1337 3237 eam
1360 3216 1433 3246 quae
1456 3219 1473 3240 a
1506 3209 1624 3242 morbo
1656 3210 1699 3243 est
1719 3234 1730 3250 ‚
1765 3214 1795 3244 ὃς
1829 3211 1867 3245 ad
1900 3213 2088 3249 institutum

1096 3247 1273 3297 sermonem
1309 3248 1433 3283 redeam
1457 3262 1470 3289 ‚⁰
1503 3253 1611 3294 augeri
1643 3253 1687 3286 ob
1719 3256 1803 3288 renis
1839 3259 1998 3298 comparis
2031 3260 2088 3291 ab..

1097 3290 1313 3333 sumpt1onem
1337 3314 1347 3330 ,
1382 3294 1509 3328 alterius
1539 3297 1596 3338 qui
1629 3296 1719 3330 sanus
1760 3298 1798 3330 fit
1835 3319 1844 3335 ,
1887 3302 2087 3342 magnitudi-

1097 3345 1170 3368 nem
1216 3345 1281 3367 non
1332 3336 1395 3370 alia
1439 3340 1563 3373 ratione
1585 3363 1595 3380 ,
1629 3340 1820 3374 crediderim
1843 3362 1853 3379 ‚
1883 3354 1979 3385 quam
2014 3357 2086 3386 quae

1947 3390 2045 3430 paulo

1255 3479 2083 3506 Q

1073 3568 1096 3589 ⁴·
1115 3561 1144 3594 ξ’.
1161 3567 1184 3584 2.
1202 3559 1223 3584 S.
1240 3568 1263 3585 2.
1278 3567 1301 3585 c.
1318 3563 1340 3585 6.
1357 3561 1382 3587 in
1397 3561 1467 3588 Thes.
1485 3564 1582 3590 Pathel.
1602 3566 1625 3596 §.
1640 3570 1668 3592 6-

1039 3596 1045 3617 ι
1060 3596 1072 3613 e
1092 3591 1105 3620 )
1120 3598 1145 3614 in
1162 3592 1233 3615 Praef.
1251 3591 1321 3620 paule
1336 3599 1392 3617 ante
1409 3595 1498 3618 Theor.
1514 3605 1538 3625 ⁴·

1445 3626 1448 3628 q
1494 3625 1499 3629 Ι
1601 3599 1615 3626 (
1631 3606 1647 3621 u
1663 3597 1677 3626 )
1693 3598 1754 3623 Dec.
1770 3603 1791 3629 3.
1806 3598 1837 3623 A.
1856 3606 1876 3629 ς.
1892 3597 1951 3624 ΟΜ.
1969 3605 2005 3630 33·

1321 3621 1334 3650 (
1350 3630 1368 3651 z
1383 3624 1396 3652 )
1413 3624 1475 3648 [bid.
1492 3633 1517 3650 in
1534 3628 1624 3656 Appen.
1642 3635 1665 3652 n.
1685 3635 1703 3652 ι.

1301 3652 1315 3680 (
1329 3660 1341 3676 c
1357 3657 1366 3681 2
1383 3656 1452 3678 Cent.
1469 3656 1490 3679 8.
1508 3657 1566 3681 Obs.
1586 3666 1637 3683 mo.
1654 3658 1677 3682 8<
1693 3659 1767 3683 Cent-
1785 3665 1808 3687 9·
1833 3659 1891 3684 ΟΜ.
1919 3663 1959 3690 64.
1981 3663 2004 3687 ει
2025 3662 2081 3688 Ast.

882 3680 899 3704 d
916 3682 926 3711 J
943 3681 1039 3706 Diffext.
1055 3682 1084 3704 de
1101 3682 1211 3706 Valvulis
1227 3682 1252 3706 in
1267 3682 1389 3707 Ureterib.
1409 3684 1430 3716 §.
1449 3694 1461 3715 5
1487 3686 1508 3709 δι
1524 3695 1539 3716 7

1433 3716 1450 3746 ζ
1465 3717 1479 3740 b
1494 3717 1508 3746 )
1525 3705 1616 3742 θ’ἰίῑετε,
1633 3719 1662 3743 de
1682 3717 1756 3748 saxis,
1772 3719 1840 3745 acub.
1858 3721 1880 3745 ἃ
1895 3727 1947 3747 taet.

1262 3774 1277 3803 (
1292 3780 1315 3796 m
1331 3774 1344 3802 3
1362 3774 1419 3799 obs.
1436 3783 1472 3806 23.
1491 3776 1511 3807 §,
1530 3784 1563 3802 η.
1580 3779 1603 3803 &
1619 3778 1674 3804 Obs.
1693 3786 1731 3809 ²7.
1749 3778 1773 3810 5-
1790 3783 1815 3806 6.

866 3802 880 3830 (
894 3810 906 3825 a
921 3806 933 3829 J
949 3803 984 3826 De
1000 3802 1115 3825 Generat.
1133 3804 1242 3827 Animal.
1260 3805 1275 3828 l.
1293 3812 1316 3832 4.
1332 3812 1351 3828 c.
1369 3812 1394 3833 4.
1411 3812 1457 3830 art.
1474 3816 1497 3831 2.

992 3832 1001 3862 (
1018 3839 1033 3861 q
1049 3831 1152 3863 >1⁶:125sp
1168 3841 1206 3865 ις.
1225 3841 1250 3859 η.
1268 3843 1292 3864 4.
1310 3834 1332 3858 ἂ
1348 3836 1420 3866 Epist.
1437 3845 1477 3867 31·
1494 3846 1521 3863 ιι.
1537 3846 1582 3868 asa
